None,ticker,dimension,calendardate,datekey,reportperiod,lastupdated,accoci,assets,assetsavg,assetsc,assetsnc,assetturnover,bvps,capex,cashneq,cashnequsd,cor,consolinc,currentratio,de,debt,debtc,debtnc,debtusd,deferredrev,depamor,deposits,divyield,dps,ebit,ebitda,ebitdamargin,ebitdausd,ebitusd,ebt,eps,epsdil,epsusd,equity,equityavg,equityusd,ev,evebit,evebitda,fcf,fcfps,fxusd,gp,grossmargin,intangibles,intexp,invcap,invcapavg,inventory,investments,investmentsc,investmentsnc,liabilities,liabilitiesc,liabilitiesnc,marketcap,ncf,ncfbus,ncfcommon,ncfdebt,ncfdiv,ncff,ncfi,ncfinv,ncfo,ncfx,netinc,netinccmn,netinccmnusd,netincdis,netincnci,netmargin,opex,opinc,payables,payoutratio,pb,pe,pe1,ppnenet,prefdivis,price,ps,ps1,receivables,retearn,revenue,revenueusd,rnd,roa,roe,roic,ros,sbcomp,sgna,sharefactor,sharesbas,shareswa,shareswadil,sps,tangibles,taxassets,taxexp,taxliabilities,tbvps,workingcapital
0,MLM,MRY,2020-12-31,2020-12-31,2020-12-31,2021-07-29,-158400000.0,10580800000.0,10436550000.0,1668300000.0,8912500000.0,0.453,94.554,-359700000.0,304400000.0,304400000.0,3477100000.0,721100000.0,3.341,0.796,3084800000.0,48600000.0,3036200000.0,3084800000.0,0.0,393500000.0,0.0,0.008,2.24,1007300000.0,1400800000.0,0.296,1400800000.0,1007300000.0,889200000.0,11.56,11.54,11.56,5890700000.0,5608775000.0,5890700000.0,20589705142.0,20.0,14.699,690400000.0,11.082,1.0,1252800000.0,0.265,2922000000.0,118100000.0,9939900000.0,9908650000.0,709000000.0,0.0,0.0,0.0,4687500000.0,499300000.0,4188200000.0,17684005142.0,283400000.0,77200000.0,-47700000.0,-154500000.0,-140300000.0,-357000000.0,-409700000.0,0.0,1050100000.0,0.0,721000000.0,721000000.0,721000000.0,0.0,100000.0,0.152,247400000.0,1005400000.0,207800000.0,0.194,3.002,24.527,24.565,5695300000.0,0.0,283.97,3.739,3.74,575100000.0,2607700000.0,4729900000.0,4729900000.0,0.0,0.069,0.129,0.102,0.213,30000000.0,305900000.0,1.0,62274202.0,62300000,62400000.0,75.921,7658800000.0,0.0,168200000.0,826900000.0,122.934,1169000000.0
1,MLM,MRY,2019-12-31,2019-12-31,2019-12-31,2021-07-29,-145800000.0,10131600000.0,10141787250.0,1426700000.0,8704900000.0,0.467,85.613,-393500000.0,21000000.0,21000000.0,3560100000.0,612000000.0,1.701,0.893,3260200000.0,392700000.0,2867500000.0,3260200000.0,0.0,371500000.0,0.0,0.007,2.06,877500000.0,1249000000.0,0.264,1249000000.0,877500000.0,748200000.0,9.77,9.74,9.77,5350800000.0,5180024750.0,5350800000.0,20839870048.0,24.0,16.685,572600000.0,9.162,1.0,1179000000.0,0.249,2883600000.0,129300000.0,9648700000.0,9919868750.0,690800000.0,0.0,0.0,0.0,4778300000.0,838500000.0,3939800000.0,17477649048.0,-23900000.0,8400000.0,-84500000.0,-361100000.0,-129800000.0,-604100000.0,-385900000.0,0.0,966100000.0,0.0,611900000.0,611900000.0,611900000.0,0.0,100000.0,0.129,294100000.0,884900000.0,229600000.0,0.211,3.266,28.563,28.622,5687900000.0,0.0,279.64,3.688,3.688,573700000.0,2077200000.0,4739100000.0,4739100000.0,0.0,0.06,0.118,0.088,0.185,34100000.0,302700000.0,1.0,62500533.0,62500000,62700000.0,75.826,7248000000.0,0.0,136300000.0,776600000.0,115.968,588200000.0
2,MLM,MRY,2018-12-31,2018-12-31,2018-12-31,2021-07-29,-143600000.0,9551400000.0,9421093250.0,1365800000.0,8185600000.0,0.451,78.639,-376000000.0,44900000.0,44900000.0,3277700000.0,470400000.0,1.736,0.93,3120400000.0,390000000.0,2730400000.0,3120400000.0,0.0,344000000.0,0.0,0.011,1.84,712800000.0,1056800000.0,0.249,1056800000.0,712800000.0,575700000.0,7.46,7.43,7.46,4946400000.0,4851468000.0,4946400000.0,13934060987.0,20.0,13.185,329100000.0,5.232,1.0,966600000.0,0.228,2900400000.0,137100000.0,8939800000.0,8600730750.0,663000000.0,0.0,0.0,0.0,4602000000.0,786700000.0,3815300000.0,10778323987.0,-1401500000.0,-1573000000.0,-93100000.0,82500000.0,-116400000.0,-158400000.0,-1948200000.0,0.0,705100000.0,0.0,470000000.0,470000000.0,470000000.0,0.0,400000.0,0.111,275900000.0,690700000.0,210800000.0,0.247,2.179,22.933,23.039,5157200000.0,0.0,171.87,2.539,2.547,523300000.0,1693300000.0,4244300000.0,4244300000.0,0.0,0.05,0.097,0.083,0.168,29300000.0,280600000.0,1.0,62712073.0,62900000,63100000.0,67.477,6651000000.0,0.0,105700000.0,705600000.0,105.739,579100000.0
3,MLM,MRY,2017-12-31,2017-12-31,2017-12-31,2021-07-29,-129104000.0,8992511000.0,7867236750.0,2631160000.0,6361351000.0,0.504,74.397,-410300000.0,1446364000.0,1446364000.0,2993700000.0,713400000.0,3.79,0.921,3027203000.0,299909000.0,2727294000.0,3027203000.0,0.0,297200000.0,0.0,0.008,1.72,710300000.0,1007500000.0,0.254,1007500000.0,710300000.0,618800000.0,11.3,11.25,11.3,4679600000.0,4320490000.0,4679600000.0,15582843153.0,22.0,15.467,247300000.0,3.932,1.0,971900000.0,0.245,2666639000.0,91500000.0,7212495000.0,6321942500.0,600591000.0,0.0,0.0,0.0,4310034000.0,694216000.0,3615818000.0,13894475153.0,1396400000.0,23900000.0,-89900000.0,1338100000.0,-108900000.0,1124900000.0,-386100000.0,0.0,657600000.0,0.0,713300000.0,713300000.0,713300000.0,0.0,100000.0,0.18,271500000.0,700400000.0,183638000.0,0.152,2.969,19.479,19.561,3592813000.0,0.0,221.04,3.504,3.506,487240000.0,1440069000.0,3965600000.0,3965600000.0,0.0,0.091,0.165,0.112,0.179,30500000.0,262100000.0,1.0,62859551.0,62900000,63200000.0,63.046,6325872000.0,0.0,-94500000.0,410723000.0,100.57,1936944000.0
4,MLM,MRY,2016-12-31,2016-12-31,2016-12-31,2021-07-29,-130687000.0,7300905000.0,7241424500.0,1086385000.0,6214520000.0,0.527,65.084,-387267000.0,50038000.0,50038000.0,2907011000.0,425444000.0,1.988,0.763,1686189000.0,180036000.0,1506153000.0,1686189000.0,0.0,285253000.0,0.0,0.007,1.64,688647000.0,973900000.0,0.255,973900000.0,688647000.0,606970000.0,6.66,6.63,6.66,4139978000.0,4062853250.0,4139978000.0,15763811640.0,23.0,16.186,301673000.0,4.743,1.0,911738000.0,0.239,2670649000.0,81677000.0,5719819000.0,5724893500.0,521624000.0,0.0,0.0,0.0,3158315000.0,546588000.0,2611727000.0,14059660640.0,-118371000.0,-168046000.0,-231971000.0,94795000.0,-105036000.0,-252291000.0,-555020000.0,0.0,688940000.0,0.0,425386000.0,425386000.0,425386000.0,0.0,58000.0,0.111,234472000.0,677266000.0,178598000.0,0.246,3.396,33.052,33.263,3423395000.0,0.0,221.53,3.682,3.69,457910000.0,935574000.0,3818749000.0,3818749000.0,0.0,0.059,0.105,0.12,0.18,20481000.0,241606000.0,1.0,63466170.0,63610000,63861000.0,60.034,4630256000.0,0.0,181584000.0,663019000.0,72.791,539797000.0
5,MLM,MRY,2015-12-31,2015-12-31,2015-12-31,2021-07-29,-105622000.0,6957611000.0,7175940250.0,1081635000.0,5875976000.0,0.493,60.765,-318232000.0,168409000.0,168409000.0,2812650000.0,288938000.0,2.95,0.714,1579009000.0,28948000.0,1550061000.0,1579009000.0,0.0,263587000.0,0.0,0.012,1.6,489942000.0,753529000.0,0.213,753529000.0,489942000.0,413655000.0,4.31,4.29,4.31,4057284000.0,4239376250.0,4057284000.0,10302200685.0,21.0,13.672,262368000.0,3.929,1.0,726920000.0,0.205,2578787000.0,76287000.0,5422766000.0,5614909000.0,469141000.0,0.0,0.0,0.0,2897434000.0,366658000.0,2530776000.0,9033477685.0,59758000.0,406778000.0,-482732000.0,-11268000.0,-107462000.0,-609388000.0,88546000.0,0.0,580600000.0,0.0,288792000.0,288792000.0,288792000.0,0.0,146000.0,0.082,232753000.0,494167000.0,164718000.0,0.371,2.226,31.28,31.689,3156000000.0,0.0,136.58,2.552,2.576,410921000.0,874436000.0,3539570000.0,3539570000.0,0.0,0.04,0.068,0.087,0.138,13589000.0,210754000.0,1.0,66140560.0,66770000,67020000.0,53.011,4378824000.0,0.0,124863000.0,583459000.0,65.581,714977000.0
6,MLM,MRY,2014-12-31,2014-12-31,2014-12-31,2021-07-29,-106159000.0,7219754000.0,5292478000.0,1044178000.0,6175576000.0,0.559,76.532,-232183000.0,108651000.0,108651000.0,2435591000.0,154294000.0,2.633,0.659,1585578000.0,14519000.0,1571059000.0,1585578000.0,0.0,222746000.0,0.0,0.015,1.6,316505000.0,539251000.0,0.182,539251000.0,316505000.0,250448000.0,2.73,2.73,2.73,4351166000.0,2949467500.0,4351166000.0,8965910468.0,28.0,16.627,149475000.0,2.629,1.0,522360000.0,0.177,2664004000.0,66057000.0,5636029000.0,4591894000.0,484919000.0,0.0,0.0,0.0,2867006000.0,396648000.0,2470358000.0,7421232468.0,66214000.0,182858000.0,39714000.0,-196757000.0,-91304000.0,-266119000.0,-49325000.0,0.0,381658000.0,0.0,155601000.0,155601000.0,155601000.0,37000.0,-1307000.0,0.053,207487000.0,314873000.0,202476000.0,0.586,1.706,47.694,40.41,3402770000.0,0.0,110.32,2.509,2.12,421001000.0,1213035000.0,2957951000.0,2957951000.0,0.0,0.029,0.053,0.069,0.107,6485000.0,169245000.0,1.0,67270055.0,56854000,57088000.0,52.027,4555750000.0,0.0,94847000.0,489945000.0,80.131,647530000.0
7,MLM,MRY,2013-12-31,2013-12-31,2013-12-31,2021-07-29,-44114000.0,3259826000.0,3245706250.0,755366000.0,2504460000.0,0.664,33.313,-155233000.0,42437000.0,42437000.0,1791594000.0,119432000.0,3.588,1.096,1033477000.0,14959000.0,1018518000.0,1033477000.0,0.0,173761000.0,0.0,0.016,1.6,218849000.0,392610000.0,0.182,392610000.0,218849000.0,165382000.0,2.62,2.62,2.62,1537877000.0,1442988750.0,1537877000.0,5688637986.0,26.0,14.489,153718000.0,3.33,1.0,363957000.0,0.169,665212000.0,53467000.0,3375105000.0,3417835500.0,347307000.0,0.0,0.0,0.0,1684907000.0,210549000.0,1474358000.0,4622080986.0,17043000.0,-59316000.0,11691000.0,-16345000.0,-74197000.0,-77359000.0,-214549000.0,0.0,308951000.0,0.0,121337000.0,121337000.0,121337000.0,0.0,-1905000.0,0.056,145969000.0,217988000.0,103600000.0,0.611,3.005,38.093,38.145,1799241000.0,0.0,99.94,2.144,2.14,245421000.0,1148738000.0,2155551000.0,2155551000.0,0.0,0.037,0.084,0.064,0.102,4640000.0,150091000.0,1.0,46248559.0,46164000,46285000.0,46.693,2594614000.0,74821000.0,44045000.0,279999000.0,56.204,544817000.0
8,MLM,MRY,2012-12-31,2012-12-31,2012-12-31,2021-07-29,-106169000.0,3160926000.0,3203195000.0,700401000.0,2460525000.0,0.634,30.779,-151023000.0,25394000.0,25394000.0,1704767000.0,85527000.0,4.041,1.213,1047859000.0,5676000.0,1042183000.0,1047859000.0,0.0,177211000.0,0.0,0.017,1.6,155244000.0,332455000.0,0.164,332455000.0,155244000.0,101905000.0,1.83,1.83,1.83,1410545000.0,1394641500.0,1410545000.0,5391804686.0,35.0,16.218,71666000.0,1.564,1.0,327134000.0,0.161,666637000.0,53339000.0,3343419000.0,3411713250.0,332311000.0,0.0,0.0,0.0,1710627000.0,173335000.0,1537292000.0,4328335686.0,-628000.0,7813000.0,6959000.0,-13276000.0,-73767000.0,-80107000.0,-143210000.0,0.0,222689000.0,0.0,84474000.0,84474000.0,84474000.0,0.0,1053000.0,0.042,170964000.0,156170000.0,83537000.0,0.874,3.069,51.239,51.519,1753241000.0,0.0,94.28,2.13,2.126,224050000.0,1101598000.0,2031901000.0,2031901000.0,0.0,0.026,0.061,0.046,0.076,7004000.0,138398000.0,1.0,45909373.0,45828000,45970000.0,44.338,2494289000.0,77716000.0,17431000.0,225592000.0,54.427,527066000.0
9,MLM,MRY,2011-12-31,2011-12-31,2011-12-31,2021-07-29,-83890000.0,3147822000.0,3165976250.0,657850000.0,2489972000.0,0.541,30.871,-155363000.0,26022000.0,26022000.0,1411614000.0,83573000.0,3.787,1.206,1060084000.0,7182000.0,1052902000.0,1060084000.0,0.0,173407000.0,0.0,0.021,1.6,161968000.0,335375000.0,0.196,335375000.0,161968000.0,103382000.0,1.79,1.79,1.79,1409321000.0,1415298500.0,1409321000.0,4434636163.0,27.0,13.223,103731000.0,2.272,1.0,302002000.0,0.176,670804000.0,58586000.0,3337368000.0,3328993000.0,322607000.0,0.0,0.0,0.0,1698958000.0,173712000.0,1525246000.0,3445991163.0,-44301000.0,-83561000.0,1473000.0,19098000.0,-73648000.0,-64471000.0,-238924000.0,0.0,259094000.0,0.0,82379000.0,82379000.0,82379000.0,0.0,1194000.0,0.048,140993000.0,161009000.0,92210000.0,0.894,2.445,41.831,42.128,1774291000.0,0.0,75.41,2.011,2.009,203748000.0,1090891000.0,1713616000.0,1713616000.0,0.0,0.026,0.058,0.049,0.095,11522000.0,142713000.0,1.0,45696740.0,45652000,45793000.0,37.536,2477018000.0,80674000.0,21003000.0,222064000.0,54.259,484138000.0
10,MLM,MRY,2010-12-31,2010-12-31,2010-12-31,2021-07-29,-53660000.0,3074743000.0,3132955000.0,696211000.0,2378532000.0,0.528,31.339,-135916000.0,70323000.0,70323000.0,1331155000.0,98664000.0,1.806,1.127,1032882000.0,250837000.0,782045000.0,1032882000.0,0.0,181537000.0,0.0,0.017,1.6,196365000.0,377902000.0,0.229,377902000.0,196365000.0,127925000.0,2.11,2.11,2.11,1425440000.0,1387046000.0,1425440000.0,5170184928.0,26.0,13.681,133892000.0,2.944,1.0,321651000.0,0.195,644075000.0,68440000.0,3007734000.0,3082254500.0,331894000.0,0.0,0.0,0.0,1606484000.0,385493000.0,1220991000.0,4199554928.0,-193268000.0,-38266000.0,3047000.0,-219682000.0,-73550000.0,-288894000.0,-174182000.0,0.0,269808000.0,0.0,97012000.0,97012000.0,97012000.0,0.0,1652000.0,0.059,123344000.0,198307000.0,60333000.0,0.758,2.946,43.289,43.716,1687830000.0,0.0,92.24,2.541,2.538,183361000.0,1082160000.0,1652806000.0,1652806000.0,0.0,0.031,0.07,0.064,0.119,13384000.0,131642000.0,1.0,45528566.0,45485000,45659000.0,36.337,2430668000.0,83380000.0,30913000.0,228698000.0,53.439,310718000.0
11,MLM,MRY,2009-12-31,2009-12-31,2009-12-31,2021-07-29,-75084000.0,3239283000.0,3233064000.0,856860000.0,2382423000.0,0.487,31.028,-139230000.0,263591000.0,263591000.0,1241749000.0,88164000.0,2.294,1.343,1251348000.0,227856000.0,1023492000.0,1251348000.0,0.0,179391000.0,0.0,0.018,1.6,184888000.0,364279000.0,0.232,364279000.0,184888000.0,111433000.0,1.92,1.92,1.92,1365240000.0,1294646500.0,1365240000.0,5062161501.0,27.0,13.896,179138000.0,4.071,1.0,331567000.0,0.211,636693000.0,73455000.0,3216794000.0,3299867000.0,332569000.0,0.0,0.0,0.0,1832872000.0,373553000.0,1459319000.0,3990936501.0,225797000.0,-45801000.0,294177000.0,-111472000.0,-71178000.0,92460000.0,-185031000.0,0.0,318368000.0,0.0,85459000.0,85459000.0,85459000.0,0.0,2705000.0,0.054,148655000.0,182912000.0,52107000.0,0.833,2.923,46.7,46.568,1692905000.0,0.0,89.41,2.537,2.5,162815000.0,1058698000.0,1573316000.0,1573316000.0,0.0,0.026,0.066,0.056,0.118,19997000.0,138080000.0,1.0,44636355.0,44000000,44190000.0,35.757,2602590000.0,60303000.0,25974000.0,195946000.0,59.15,483307000.0
12,MLM,MRY,2008-12-31,2008-12-31,2008-12-31,2021-07-29,-101672000.0,3032502000.0,2981956000.0,665031000.0,2367471000.0,0.71,24.697,-258246000.0,37794000.0,37794000.0,1645906000.0,179750000.0,1.908,1.923,1359621000.0,207207000.0,1152414000.0,1359621000.0,0.0,171129000.0,0.0,0.015,1.49,322643000.0,493772000.0,0.233,493772000.0,322643000.0,248344000.0,4.2,4.2,4.2,1021704000.0,1017220750.0,1021704000.0,5369579852.0,17.0,10.875,87388000.0,2.112,1.0,470515000.0,0.222,636187000.0,74299000.0,3369503000.0,3230666500.0,318018000.0,0.0,0.0,0.0,1965242000.0,348639000.0,1616603000.0,4021573852.0,17756000.0,-192516000.0,-20746000.0,217845000.0,-62511000.0,122884000.0,-450762000.0,0.0,345634000.0,0.0,176256000.0,176256000.0,176256000.0,0.0,3494000.0,0.083,147129000.0,323386000.0,62921000.0,0.355,3.936,22.817,23.114,1690529000.0,0.0,97.08,1.9,1.898,211596000.0,1044417000.0,2116421000.0,2116421000.0,596000.0,0.059,0.173,0.1,0.152,18495000.0,151348000.0,1.0,41425359.0,41370000,41617000.0,51.158,2396315000.0,57967000.0,72088000.0,174308000.0,57.924,316392000.0
13,MLM,MRY,2007-12-31,2007-12-31,2007-12-31,2021-07-29,-37032000.0,2683805000.0,2658502250.0,626010000.0,2057795000.0,0.823,22.179,-264923000.0,20038000.0,20038000.0,1621043000.0,263339000.0,1.236,1.837,1130673000.0,282487000.0,848186000.0,1130673000.0,0.0,150338000.0,0.0,0.009,1.24,439002000.0,589340000.0,0.269,589340000.0,439002000.0,378109000.0,6.09,6.09,6.09,945991000.0,959682000.0,945991000.0,6653070966.0,15.0,11.289,132627000.0,3.109,1.0,568205000.0,0.26,584093000.0,60893000.0,2703731000.0,2700763500.0,286885000.0,8457000.0,0.0,8457000.0,1737814000.0,506616000.0,1231198000.0,5550593966.0,-12244000.0,8896000.0,-536541000.0,415088000.0,-53610000.0,-153767000.0,-256027000.0,0.0,397550000.0,0.0,262749000.0,262749000.0,262749000.0,0.0,590000.0,0.12,137978000.0,430227000.0,86868000.0,0.204,5.867,21.125,21.773,1433553000.0,0.0,132.6,2.535,2.583,247916000.0,931656000.0,2189248000.0,2189248000.0,869000.0,0.099,0.274,0.163,0.201,-3591000.0,155186000.0,1.0,41859683.0,42653000,43021000.0,51.327,2099712000.0,44285000.0,115360000.0,160902000.0,49.228,119394000.0
14,MLM,MRY,2006-12-31,2006-12-31,2006-12-31,2021-07-29,-36051000.0,2506421000.0,2494023000.0,592354000.0,1914067000.0,0.879,27.588,-265976000.0,32282000.0,32282000.0,1665759000.0,245422000.0,1.88,0.999,713654000.0,134346000.0,579308000.0,713654000.0,0.0,141429000.0,0.0,0.01,1.01,393413000.0,534842000.0,0.244,534842000.0,393413000.0,353054000.0,5.4,5.4,5.4,1253972000.0,1230582500.0,1253972000.0,5395293477.0,14.0,10.088,72216000.0,1.589,1.0,525293000.0,0.24,581486000.0,40359000.0,2291235000.0,2320560750.0,256287000.0,12876000.0,2521000.0,10355000.0,1252449000.0,315072000.0,937377000.0,4690972477.0,-44463000.0,27553000.0,-141353000.0,1075000.0,-46421000.0,-169232000.0,-213423000.0,25000000.0,338192000.0,0.0,245422000.0,245422000.0,245422000.0,-45000.0,0.0,0.112,134744000.0,390549000.0,85237000.0,0.187,3.741,19.114,19.243,1295491000.0,0.0,103.91,2.141,2.156,242399000.0,1142084000.0,2191052000.0,2191052000.0,736000.0,0.098,0.199,0.17,0.18,-4029000.0,146665000.0,1.0,45144572.0,45453000,46367000.0,48.205,1924935000.0,25317000.0,107632000.0,159094000.0,42.35,277282000.0
15,MLM,MRY,2005-12-31,2005-12-31,2005-12-31,2021-07-29,-15325000.0,2433316000.0,2417198500.0,602041000.0,1831275000.0,0.817,25.219,-221401000.0,76745000.0,76745000.0,1546353000.0,192666000.0,3.008,1.073,717312000.0,8153000.0,709159000.0,717312000.0,0.0,138251000.0,0.0,0.011,0.86,309488000.0,447739000.0,0.227,447739000.0,309488000.0,266891000.0,4.14,4.14,4.14,1173685000.0,1158071250.0,1173685000.0,4169807723.0,13.0,9.313,96383000.0,2.071,1.0,428935000.0,0.217,588007000.0,42597000.0,2285754000.0,2238493250.0,222728000.0,57964000.0,30081000.0,27883000.0,1259631000.0,200122000.0,1059509000.0,3557006723.0,-84875000.0,32932000.0,-145521000.0,-2849000.0,-39953000.0,-188790000.0,-213869000.0,-25000000.0,317784000.0,0.0,192666000.0,192666000.0,192666000.0,5796000.0,0.0,0.098,115134000.0,313801000.0,93445000.0,0.208,3.031,18.462,18.531,1166351000.0,0.0,76.72,1.801,1.808,225012000.0,948012000.0,1975288000.0,1975288000.0,662000.0,0.08,0.166,0.138,0.157,19039000.0,130703000.0,1.0,46363487.0,46540000,47279000.0,42.443,1845309000.0,14989000.0,74225000.0,151308000.0,39.65,401919000.0
16,MLM,MRY,2004-12-31,2004-12-31,2004-12-31,2021-07-29,-8970000.0,2355852000.0,2330686750.0,624253000.0,1731599000.0,0.738,23.959,-163445000.0,161620000.0,161620000.0,1373782000.0,129163000.0,3.063,1.042,724158000.0,10497000.0,713661000.0,724158000.0,0.0,132859000.0,0.0,0.014,0.76,229636000.0,362495000.0,0.211,362495000.0,229636000.0,186902000.0,2.68,2.68,2.68,1153427000.0,1134946500.0,1153427000.0,3163147893.0,14.0,8.726,103396000.0,2.148,1.0,346587000.0,0.201,586137000.0,42734000.0,2128440000.0,2139717750.0,209309000.0,31156000.0,4655000.0,26501000.0,1202425000.0,203813000.0,998612000.0,2576956893.0,36487000.0,40120000.0,-67720000.0,-2802000.0,-36507000.0,-107029000.0,-123325000.0,0.0,266841000.0,0.0,129163000.0,129163000.0,129163000.0,1052000.0,0.0,0.075,116505000.0,230082000.0,89949000.0,0.284,2.234,19.951,20.022,1065215000.0,0.0,53.66,1.498,1.502,219589000.0,795299000.0,1720369000.0,1720369000.0,891000.0,0.055,0.114,0.107,0.133,3333000.0,127337000.0,1.0,48023796.0,48142000,48534000.0,35.735,1769715000.0,5750000.0,57739000.0,149876000.0,36.76,420440000.0
17,MLM,MRY,2003-12-31,2003-12-31,2003-12-31,2021-07-29,-8694000.0,2319225000.0,2306563750.0,610651000.0,1708574000.0,0.706,23.103,-120638000.0,125133000.0,125133000.0,1314049000.0,93623000.0,2.741,1.053,729405000.0,12332000.0,717073000.0,729405000.0,0.0,139606000.0,0.0,0.015,0.69,183113000.0,322719000.0,0.198,322719000.0,183113000.0,140526000.0,1.91,1.91,1.91,1129847000.0,1096248500.0,1129847000.0,2965684508.0,16.0,9.19,156531000.0,3.201,1.0,313437000.0,0.193,602728000.0,42587000.0,2098018000.0,2185185500.0,213843000.0,20732000.0,3064000.0,17668000.0,1189378000.0,222751000.0,966627000.0,2298250508.0,110635000.0,20860000.0,-12216000.0,-33407000.0,-33714000.0,-66756000.0,-99778000.0,0.0,277169000.0,0.0,93623000.0,93623000.0,93623000.0,8890000.0,0.0,0.058,114131000.0,199306000.0,76576000.0,0.361,2.034,24.548,24.592,1042432000.0,0.0,46.97,1.412,1.411,231514000.0,702643000.0,1627486000.0,1627486000.0,612000.0,0.041,0.085,0.084,0.113,323000.0,120360000.0,1.0,48930179.0,48905000,49136000.0,33.279,1716497000.0,21603000.0,46903000.0,119480000.0,35.099,387900000.0
18,MLM,MRY,2002-12-31,2002-12-31,2002-12-31,2021-07-29,-7365000.0,2273028000.0,2283226500.0,540647000.0,1732381000.0,0.696,22.692,-152680000.0,14498000.0,14498000.0,1301102000.0,86305000.0,2.546,1.099,759662000.0,26191000.0,733471000.0,759662000.0,0.0,138696000.0,0.0,0.019,0.58,162494000.0,301190000.0,0.19,301190000.0,162494000.0,118466000.0,1.77,1.77,1.77,1083010000.0,1059653500.0,1083010000.0,2273960758.0,14.0,7.55,50880000.0,1.066,1.0,287451000.0,0.181,609421000.0,44028000.0,2196446000.0,2244598750.0,239726000.0,0.0,0.0,0.0,1190018000.0,212325000.0,977693000.0,1496858758.0,-9099000.0,49761000.0,640000.0,-82102000.0,-28278000.0,-109740000.0,-102919000.0,0.0,203560000.0,0.0,86305000.0,86305000.0,86305000.0,-6989000.0,0.0,0.054,108960000.0,178491000.0,73186000.0,0.328,1.382,17.344,17.322,1067576000.0,0.0,30.66,0.942,0.921,232884000.0,642734000.0,1588553000.0,1588553000.0,369000.0,0.038,0.081,0.072,0.102,0.0,113300000.0,1.0,48821225.0,47727000,48858000.0,33.284,1663607000.0,21387000.0,32161000.0,110803000.0,34.857,328322000.0
19,MLM,MRY,2001-12-31,2001-12-31,2001-12-31,2021-07-29,0.0,2224580000.0,2218673250.0,496232000.0,1728348000.0,0.719,21.353,-194386000.0,1379000.0,1379000.0,1299068000.0,105362000.0,2.584,1.176,801875000.0,4490000.0,797385000.0,801875000.0,0.0,154635000.0,0.0,0.012,0.56,203700000.0,358335000.0,0.225,358335000.0,203700000.0,156908000.0,2.2,2.2,2.2,1022212000.0,960034750.0,1022212000.0,3095793443.0,15.0,8.639,58557000.0,1.223,1.0,295293000.0,0.185,606968000.0,46792000.0,2226071000.0,2231241500.0,231003000.0,0.0,0.0,0.0,1202368000.0,192037000.0,1010331000.0,2261155443.0,13178000.0,-172312000.0,2621000.0,154726000.0,-26927000.0,130420000.0,-370185000.0,0.0,252943000.0,0.0,105362000.0,105362000.0,105362000.0,-4359000.0,0.0,0.066,92175000.0,203118000.0,79572000.0,0.255,2.212,21.461,21.182,1082189000.0,0.0,46.6,1.418,1.399,215184000.0,584707000.0,1594361000.0,1594361000.0,556000.0,0.047,0.11,0.091,0.128,0.0,103918000.0,1.0,48522649.0,47873000,48066000.0,33.304,1617612000.0,19696000.0,51546000.0,105755000.0,33.79,304195000.0
20,MLM,MRY,2000-12-31,2000-12-31,2000-12-31,2021-07-29,0.0,1841439000.0,1825062500.0,425001000.0,1416438000.0,0.831,18.465,-170805000.0,0.0,0.0,1213946000.0,112027000.0,2.247,1.133,651513000.0,49933000.0,601580000.0,651513000.0,0.0,136373000.0,0.0,0.013,0.54,210716000.0,347089000.0,0.229,347089000.0,210716000.0,168821000.0,2.4,2.4,2.4,863286000.0,825182500.0,863286000.0,2574155697.0,12.0,7.416,42075000.0,0.9,1.0,303571000.0,0.2,409456000.0,41895000.0,1894383000.0,1840846000.0,207534000.0,0.0,0.0,0.0,978153000.0,189113000.0,789040000.0,1978197697.0,-8181000.0,-31001000.0,2039000.0,3954000.0,-25248000.0,-19255000.0,-201806000.0,0.0,212880000.0,0.0,112027000.0,112027000.0,112027000.0,0.0,0.0,0.074,92855000.0,210716000.0,59029000.0,0.225,2.291,17.658,17.625,914072000.0,0.0,42.3,1.304,1.303,180915000.0,506272000.0,1517517000.0,1517517000.0,2326000.0,0.061,0.136,0.114,0.139,0.0,98768000.0,1.0,46765903.0,46753000,46948000.0,32.458,1431983000.0,16750000.0,56794000.0,89061000.0,30.629,235888000.0
21,MLM,MRY,1999-12-31,1999-12-31,1999-12-31,2021-07-29,0.0,1742574000.0,1685453500.0,403365000.0,1339209000.0,0.851,16.585,-137820000.0,3403000.0,3403000.0,1123420000.0,125781000.0,2.208,1.251,641733000.0,39722000.0,602011000.0,641733000.0,0.0,124754000.0,0.0,0.013,0.52,233724000.0,358478000.0,0.25,358478000.0,233724000.0,194313000.0,2.7,2.68,2.7,774006000.0,722860000.0,774006000.0,2517790914.0,11.0,7.024,85856000.0,1.84,1.0,310699000.0,0.217,406824000.0,39411000.0,1791384000.0,1739172500.0,172865000.0,0.0,0.0,0.0,968568000.0,182696000.0,785872000.0,1915099914.0,-11183000.0,-77080000.0,-10684000.0,14662000.0,-24276000.0,-20298000.0,-214561000.0,0.0,223676000.0,0.0,125781000.0,125781000.0,125781000.0,0.0,0.0,0.088,76975000.0,233724000.0,55872000.0,0.193,2.474,15.226,15.185,846993000.0,0.0,41.0,1.335,1.334,197554000.0,419493000.0,1434119000.0,1434119000.0,2789000.0,0.075,0.174,0.134,0.163,0.0,92621000.0,1.0,46709754.0,46668000,46947000.0,30.73,1335750000.0,21899000.0,68532000.0,86150000.0,28.622,220669000.0
22,MLM,MRY,1998-12-31,1998-12-31,1998-12-31,2021-07-29,0.0,1588589000.0,1286728250.0,369388000.0,1219201000.0,0.934,14.373,-123926000.0,14586000.0,14586000.0,919848000.0,115613000.0,2.426,1.379,617770000.0,15657000.0,602113000.0,617770000.0,0.0,98765000.0,0.0,0.008,0.5,197901000.0,296666000.0,0.247,296666000.0,197901000.0,174142000.0,2.49,2.48,2.49,667699000.0,617270250.0,667699000.0,3218683827.0,16.0,10.85,98647000.0,2.124,1.0,281648000.0,0.234,375978000.0,23759000.0,1663562000.0,1302199250.0,157104000.0,0.0,0.0,0.0,920890000.0,152233000.0,768657000.0,2896508827.0,-4075000.0,-347882000.0,1862000.0,300545000.0,-23233000.0,279174000.0,-505822000.0,0.0,222573000.0,0.0,115613000.0,115613000.0,115613000.0,0.0,0.0,0.096,83747000.0,197901000.0,57720000.0,0.201,4.338,25.053,24.976,777528000.0,0.0,62.19,2.411,2.404,171511000.0,317988000.0,1201496000.0,1201496000.0,3053000.0,0.09,0.187,0.152,0.165,0.0,82041000.0,1.0,46575154.0,46454000,46708000.0,25.864,1212611000.0,18978000.0,58529000.0,82824000.0,26.103,217155000.0
23,MLM,MRY,1997-12-31,1997-12-31,1997-12-31,2021-07-29,0.0,1105713000.0,1033856750.0,322012000.0,783701000.0,0.871,12.182,-86440000.0,18661000.0,18661000.0,665594000.0,98529000.0,2.975,0.968,312106000.0,1431000.0,310675000.0,312106000.0,0.0,79720000.0,0.0,0.013,0.48,168111000.0,247831000.0,0.275,247831000.0,168111000.0,151212000.0,2.14,2.13,2.14,561836000.0,524934250.0,561836000.0,2027575666.0,12.0,8.181,109178000.0,2.367,1.0,235269000.0,0.261,174896000.0,16899000.0,1116027000.0,1038076750.0,132583000.0,0.0,0.0,0.0,543877000.0,108235000.0,435642000.0,1689429666.0,22921000.0,-255288000.0,164000.0,182642000.0,-22134000.0,160672000.0,-333369000.0,0.0,195618000.0,0.0,98529000.0,98529000.0,98529000.0,0.0,0.0,0.109,67158000.0,168111000.0,49599000.0,0.224,3.007,17.147,17.084,591420000.0,0.0,36.56,1.875,1.872,147432000.0,225608000.0,900863000.0,900863000.0,3406000.0,0.095,0.188,0.162,0.187,0.0,69093000.0,1.0,46209783.0,46122000,46238000.0,19.532,930817000.0,16873000.0,52683000.0,54699000.0,20.182,213777000.0
24,MLM,MRY,1996-12-31,1996-12-31,1996-12-31,2021-07-29,0.0,768918000.0,743161250.0,271166000.0,497752000.0,0.971,10.438,-79503000.0,0.0,0.0,539437000.0,78628000.0,3.076,0.599,131423000.0,5533000.0,125890000.0,131423000.0,0.0,61210000.0,0.0,0.02,0.46,129074000.0,190284000.0,0.264,190284000.0,129074000.0,118953000.0,1.71,1.71,1.71,480977000.0,453713500.0,480977000.0,1193976725.0,9.0,6.275,55442000.0,1.203,1.0,182510000.0,0.253,63168000.0,10121000.0,749029000.0,717846500.0,113774000.0,0.0,0.0,0.0,287941000.0,88144000.0,199797000.0,1071343725.0,-1333000.0,59955000.0,0.0,-103729000.0,-21196000.0,-124925000.0,-11353000.0,0.0,134945000.0,0.0,78628000.0,78628000.0,78628000.0,0.0,0.0,0.109,53436000.0,129074000.0,36420000.0,0.269,2.227,13.625,13.596,408820000.0,0.0,23.25,1.484,1.484,136583000.0,149213000.0,721947000.0,721947000.0,1897000.0,0.106,0.173,0.18,0.179,0.0,59937000.0,1.0,46079300.0,46079300,,15.667,705750000.0,15547000.0,40325000.0,26980000.0,15.316,183022000.0
25,MLM,MRY,1995-12-31,1995-12-31,1995-12-31,2021-07-29,0.0,789371000.0,,314355000.0,475016000.0,,9.192,-71637000.0,0.0,0.0,497242000.0,67551000.0,1.814,0.864,231653000.0,106667000.0,124986000.0,231653000.0,0.0,55674000.0,0.0,0.021,0.44,113524000.0,169198000.0,0.255,169198000.0,113524000.0,103791000.0,1.47,1.47,1.47,423545000.0,,423545000.0,,,,56954000.0,1.236,1.0,167164000.0,0.252,61212000.0,9733000.0,786476000.0,,113402000.0,0.0,0.0,0.0,365826000.0,173336000.0,192490000.0,,-709000.0,-161589000.0,0.0,118998000.0,-20275000.0,98723000.0,-228023000.0,0.0,128591000.0,0.0,67551000.0,67551000.0,67551000.0,0.0,0.0,0.102,53640000.0,113524000.0,33033000.0,0.299,,,14.034,392223000.0,0.0,20.63,,1.431,187804000.0,91781000.0,664406000.0,664406000.0,1861000.0,,,,0.171,0.0,57738000.0,1.0,,46079300,,14.419,728159000.0,12622000.0,36240000.0,12798000.0,15.802,141019000.0
26,MLM,MRY,1994-12-31,1994-12-31,1994-12-31,2021-07-29,,,,,,,,-47032000.0,,,362517000.0,53704000.0,,,,,,,,42828000.0,,0.012,0.22,92644000.0,135472000.0,0.27,135472000.0,92644000.0,85779000.0,,,,,,,,,,32439000.0,0.721,1.0,139143000.0,0.277,,6865000.0,,,,,,,,,,,-991000.0,-82445000.0,187268000.0,-132846000.0,-10150000.0,44272000.0,-124734000.0,0.0,79471000.0,0.0,53704000.0,53704000.0,53704000.0,0.0,0.0,0.107,41858000.0,97285000.0,,,,,,,0.0,17.75,,1.592,,,501660000.0,501660000.0,1974000.0,,,,0.185,0.0,45282000.0,1.0,,45007501,,11.146,,,32075000.0,,,
0,MLM,MRQ,2021-06-30,2021-06-30,2021-06-30,2021-07-29,-153000000.0,11223100000.0,,1616300000.0,9606800000.0,,98.171,-102700000.0,70300000.0,70300000.0,992800000.0,225800000.0,2.132,0.832,3306100000.0,287200000.0,3018900000.0,3306100000.0,0.0,107900000.0,0.0,0.006,0.57,316200000.0,424100000.0,0.308,424100000.0,316200000.0,288100000.0,3.62,3.61,3.62,6125900000.0,,6125900000.0,24660003764.0,23.0,16.746,146600000.0,2.349,1.0,385100000.0,0.279,3324600000.0,28100000.0,10376300000.0,,729100000.0,0.0,0.0,0.0,5094900000.0,758000000.0,4336900000.0,21942003764.0,-284500000.0,-633500000.0,200000.0,237600000.0,-35700000.0,201000000.0,-734800000.0,0.0,249300000.0,0.0,225800000.0,225800000.0,225800000.0,0.0,0.0,0.164,77600000.0,307500000.0,243600000.0,0.157,3.582,28.552,28.556,5983300000.0,0.0,351.81,4.514,4.516,722000000.0,2827200000.0,1377900000.0,1377900000.0,0.0,,,,,9900000.0,82400000.0,1.0,62368903.0,62400000,62500000.0,22.082,7898500000.0,0.0,62300000.0,841200000.0,126.579,858300000.0
1,MLM,MRQ,2021-03-31,2021-03-31,2021-03-31,2021-07-29,-155600000.0,10659300000.0,,1675700000.0,8983600000.0,,95.087,-110300000.0,354800000.0,354800000.0,807700000.0,65500000.0,3.734,0.799,3072800000.0,47200000.0,3025600000.0,3072800000.0,0.0,98600000.0,0.0,0.007,0.57,108600000.0,207200000.0,0.211,207200000.0,108600000.0,81200000.0,1.05,1.04,1.05,5923900000.0,,5923900000.0,23697544780.0,22.0,16.263,81600000.0,1.31,1.0,174700000.0,0.178,2918400000.0,27400000.0,10010100000.0,,690000000.0,0.0,0.0,0.0,4732600000.0,448800000.0,4283800000.0,20917144780.0,50400000.0,12200000.0,600000.0,-2200000.0,-36100000.0,-53200000.0,-88300000.0,0.0,191900000.0,0.0,65300000.0,65300000.0,65300000.0,0.0,200000.0,0.066,75400000.0,99300000.0,200000000.0,0.543,3.531,27.512,27.549,5776300000.0,0.0,335.82,4.4,4.401,563600000.0,2637200000.0,982400000.0,982400000.0,0.0,,,,,10900000.0,79800000.0,1.0,62286775.0,62300000,62500000.0,15.769,7740900000.0,0.0,15900000.0,819700000.0,124.252,1226900000.0
2,MLM,MRQ,2020-12-31,2020-12-31,2020-12-31,2021-07-29,-158400000.0,10580800000.0,,1668300000.0,8912500000.0,,94.554,-108900000.0,304400000.0,304400000.0,854200000.0,183100000.0,3.341,0.796,3084800000.0,48600000.0,3036200000.0,3084800000.0,0.0,101300000.0,0.0,0.008,0.57,236600000.0,337900000.0,0.286,337900000.0,236600000.0,208200000.0,2.93,2.93,2.93,5890700000.0,,5890700000.0,20589705142.0,20.0,14.699,257200000.0,4.128,1.0,325400000.0,0.276,2922000000.0,28400000.0,9939900000.0,,709000000.0,0.0,0.0,0.0,4687500000.0,499300000.0,4188200000.0,17684005142.0,110700000.0,0.0,900000.0,-1300000.0,-35500000.0,-37400000.0,-218000000.0,0.0,366100000.0,0.0,183000000.0,183000000.0,183000000.0,0.0,100000.0,0.155,84800000.0,240600000.0,207800000.0,0.195,3.002,24.527,24.565,5695300000.0,0.0,283.97,3.739,3.74,575100000.0,2607700000.0,1179600000.0,1179600000.0,0.0,,,,,7600000.0,84900000.0,1.0,62274202.0,62300000,62400000.0,18.934,7658800000.0,0.0,25200000.0,826900000.0,122.934,1169000000.0
3,MLM,MRQ,2020-09-30,2020-09-30,2020-09-30,2021-07-29,-138600000.0,10435400000.0,,1652800000.0,8782600000.0,,92.398,-75100000.0,193700000.0,193700000.0,916900000.0,294400000.0,3.265,0.812,3099400000.0,51900000.0,3047500000.0,3099400000.0,0.0,98800000.0,0.0,0.009,0.57,404600000.0,503400000.0,0.381,503400000.0,404600000.0,375900000.0,4.72,4.71,4.72,5756400000.0,,5756400000.0,17812097713.0,19.0,13.252,235700000.0,3.783,1.0,404500000.0,0.306,2918800000.0,28700000.0,9916100000.0,,714500000.0,0.0,0.0,0.0,4676500000.0,506200000.0,4170300000.0,14655597713.0,123600000.0,61600000.0,100000.0,-130900000.0,-35400000.0,-166300000.0,-20900000.0,0.0,310800000.0,0.0,294400000.0,294400000.0,294400000.0,0.0,0.0,0.223,3900000.0,400600000.0,210700000.0,0.121,2.546,21.91,21.935,5649700000.0,0.0,235.36,3.151,3.153,686300000.0,2460500000.0,1321400000.0,1321400000.0,0.0,,,,,2700000.0,71100000.0,1.0,62268855.0,62300000,62400000.0,21.21,7516600000.0,0.0,81500000.0,760400000.0,120.652,1146600000.0
4,MLM,MRQ,2020-06-30,2020-06-30,2020-06-30,2021-07-29,-142200000.0,10226600000.0,,1587100000.0,8639500000.0,,88.14,-71600000.0,70100000.0,70100000.0,890100000.0,217600000.0,2.666,0.862,3226600000.0,181400000.0,3045200000.0,3226600000.0,0.0,98400000.0,0.0,0.011,0.55,310200000.0,408600000.0,0.322,408600000.0,310200000.0,279000000.0,3.49,3.49,3.49,5491100000.0,,5491100000.0,16179098975.0,18.0,12.611,194900000.0,3.128,1.0,380500000.0,0.299,2878500000.0,31200000.0,9909300000.0,,712900000.0,0.0,0.0,0.0,4733000000.0,595300000.0,4137700000.0,12857198975.0,-353900000.0,-300000.0,1100000.0,-511400000.0,-34600000.0,-545100000.0,-75300000.0,0.0,266500000.0,0.0,217600000.0,217600000.0,217600000.0,0.0,0.0,0.171,74100000.0,306400000.0,197200000.0,0.158,2.341,20.634,20.698,5628500000.0,0.0,206.57,2.707,2.71,690400000.0,2201700000.0,1270600000.0,1270600000.0,0.0,,,,,7200000.0,71200000.0,1.0,62241366.0,62300000,62300000.0,20.395,7348100000.0,0.0,61400000.0,741200000.0,117.947,991800000.0
5,MLM,MRQ,2020-03-31,2020-03-31,2020-03-31,2021-07-29,-145400000.0,10503400000.0,,1833000000.0,8670400000.0,,85.022,-104100000.0,424000000.0,424000000.0,815800000.0,25900000.0,1.704,0.982,3745900000.0,692800000.0,3053100000.0,3745900000.0,0.0,95000000.0,0.0,0.011,0.55,55800000.0,150800000.0,0.157,150800000.0,55800000.0,26000000.0,0.42,0.41,0.42,5296900000.0,,5296900000.0,15009091602.0,17.0,12.106,2600000.0,0.042,1.0,142400000.0,0.149,2880400000.0,29800000.0,9869300000.0,,700500000.0,0.0,0.0,0.0,5204000000.0,1075600000.0,4128400000.0,11769891602.0,403000000.0,15900000.0,-49800000.0,489100000.0,-34800000.0,391800000.0,-95500000.0,0.0,106700000.0,0.0,25900000.0,25900000.0,25900000.0,0.0,0.0,0.027,84600000.0,57800000.0,202000000.0,1.31,2.222,19.781,19.898,5663300000.0,0.0,189.23,2.474,2.478,562800000.0,2018600000.0,958200000.0,958200000.0,0.0,,,,,12500000.0,78700000.0,1.0,62198867.0,62300000,62500000.0,15.38,7623000000.0,0.0,100000.0,737000000.0,122.36,757400000.0
6,MLM,MRQ,2019-12-31,2019-12-31,2019-12-31,2021-07-29,-145800000.0,10131600000.0,,1426700000.0,8704900000.0,,86.026,-110500000.0,21000000.0,21000000.0,841800000.0,131100000.0,1.701,0.893,3260200000.0,392700000.0,2867500000.0,3260200000.0,0.0,94500000.0,0.0,0.007,0.55,186800000.0,281300000.0,0.256,281300000.0,186800000.0,156200000.0,2.1,2.09,2.1,5350800000.0,,5350800000.0,20839870048.0,24.0,16.685,205800000.0,3.309,1.0,258600000.0,0.235,2883600000.0,30600000.0,9648700000.0,,690800000.0,0.0,0.0,0.0,4778300000.0,838500000.0,3939800000.0,17477649048.0,-28100000.0,1400000.0,-39500000.0,-158400000.0,-34600000.0,-235200000.0,-109200000.0,0.0,316300000.0,0.0,131000000.0,131000000.0,131000000.0,0.0,100000.0,0.119,74100000.0,184500000.0,229600000.0,0.262,3.266,28.563,28.622,5687900000.0,0.0,279.64,3.688,3.688,573700000.0,2077200000.0,1100400000.0,1100400000.0,0.0,,,,,5700000.0,73800000.0,1.0,62500533.0,62200000,62700000.0,17.691,7248000000.0,0.0,25200000.0,776600000.0,116.527,588200000.0
7,MLM,MRQ,2019-09-30,2019-09-30,2019-09-30,2021-07-29,-134765000.0,10223485000.0,,1578398000.0,8645087000.0,,84.832,-75600000.0,49087000.0,49087000.0,999600000.0,248600000.0,2.291,0.928,3411308000.0,241795000.0,3169513000.0,3411308000.0,0.0,95000000.0,0.0,0.007,0.55,347200000.0,442200000.0,0.311,442200000.0,347200000.0,314800000.0,3.97,3.96,3.97,5301972000.0,,5301972000.0,20668081980.0,25.0,17.109,240500000.0,3.848,1.0,420600000.0,0.296,2888578000.0,32400000.0,10008146000.0,,649716000.0,0.0,0.0,0.0,4919047000.0,688982000.0,4230065000.0,17114672980.0,-4500000.0,1000000.0,-2100000.0,-195900000.0,-34600000.0,-245800000.0,-74800000.0,0.0,316100000.0,0.0,248600000.0,248600000.0,248600000.0,0.0,0.0,0.175,75300000.0,345300000.0,238559000.0,0.139,3.228,29.745,29.858,5617000000.0,0.0,274.1,3.674,3.677,763878000.0,2021647000.0,1420200000.0,1420200000.0,0.0,,,,,6100000.0,78200000.0,1.0,62439522.0,62500000,62700000.0,22.723,7334907000.0,0.0,66200000.0,725096000.0,117.359,889416000.0
8,MLM,MRQ,2019-06-30,2019-06-30,2019-06-30,2021-07-29,-137334000.0,10163657000.0,,1533121000.0,8630536000.0,,81.387,-77300000.0,53595000.0,53595000.0,922600000.0,189500000.0,1.865,0.994,3607004000.0,436054000.0,3170950000.0,3607004000.0,0.0,92800000.0,0.0,0.008,0.48,272700000.0,365500000.0,0.286,365500000.0,272700000.0,239400000.0,3.02,3.01,3.02,5094853000.0,,5094853000.0,18024356360.0,24.0,16.382,138500000.0,2.212,1.0,356900000.0,0.279,2888144000.0,33300000.0,10006706000.0,,646342000.0,0.0,0.0,0.0,5066387000.0,822216000.0,4244171000.0,14403525360.0,16200000.0,3000000.0,-43500000.0,-45800000.0,-30200000.0,-125200000.0,-74400000.0,0.0,215800000.0,0.0,189500000.0,189500000.0,189500000.0,0.0,0.0,0.148,71000000.0,285900000.0,199181000.0,0.159,2.827,28.409,28.514,5620042000.0,0.0,230.11,3.231,3.231,710605000.0,1814974000.0,1279500000.0,1279500000.0,0.0,,,,,8800000.0,72400000.0,1.0,62594087.0,62600000,62700000.0,20.439,7275513000.0,0.0,49900000.0,699455000.0,116.222,710905000.0
9,MLM,MRQ,2019-03-31,2019-03-31,2019-03-31,2021-07-29,-140324000.0,10048407000.0,,1370111000.0,8678296000.0,,79.432,-130100000.0,37357000.0,37357000.0,796100000.0,42900000.0,1.808,1.02,3658188000.0,410832000.0,3247356000.0,3658188000.0,0.0,89200000.0,0.0,0.009,0.48,70800000.0,160000000.0,0.17,160000000.0,70800000.0,37900000.0,0.68,0.68,0.68,4972474000.0,,4972474000.0,15635366647.0,21.0,14.313,-12200000.0,-0.195,1.0,142900000.0,0.152,2895678000.0,32900000.0,10015923000.0,,646176000.0,0.0,0.0,0.0,5072911000.0,757637000.0,4315274000.0,12559777647.0,-7500000.0,3000000.0,600000.0,39000000.0,-30400000.0,2100000.0,-127500000.0,0.0,117900000.0,0.0,42900000.0,42900000.0,42900000.0,0.0,0.0,0.046,73700000.0,69200000.0,184844000.0,0.706,2.526,24.976,25.179,5644915000.0,0.0,201.18,2.867,2.874,550607000.0,1705717000.0,939000000.0,939000000.0,0.0,,,,,13500000.0,78300000.0,1.0,62430548.0,62600000,62800000.0,15.0,7152729000.0,0.0,-5000000.0,695771000.0,114.261,612474000.0
10,MLM,MRQ,2018-12-31,2018-12-31,2018-12-31,2021-07-29,-143600000.0,9551400000.0,,1365800000.0,8185600000.0,,78.903,-113845000.0,44900000.0,44900000.0,792946000.0,94504000.0,1.736,0.93,3120400000.0,390000000.0,2730400000.0,3120400000.0,0.0,90800000.0,0.0,0.011,0.48,149506000.0,240306000.0,0.236,240306000.0,149506000.0,115932000.0,1.51,1.5,1.51,4946400000.0,,4946400000.0,13934060987.0,20.0,13.185,149717000.0,2.388,1.0,227307000.0,0.223,2900400000.0,33574000.0,8939800000.0,,663000000.0,0.0,0.0,0.0,4602000000.0,786700000.0,3815300000.0,10778323987.0,-9097000.0,4238000.0,-39716000.0,-91678000.0,-30210000.0,-163081000.0,-109578000.0,0.0,263562000.0,0.0,94379000.0,94379000.0,94379000.0,0.0,125000.0,0.093,80303000.0,147004000.0,210800000.0,0.318,2.179,22.933,23.039,5157200000.0,0.0,171.87,2.539,2.547,523300000.0,1693300000.0,1020253000.0,1020253000.0,0.0,,,,,6216000.0,70968000.0,1.0,62712073.0,62690000,62728000.0,16.275,6651000000.0,0.0,21553000.0,705600000.0,106.093,579100000.0
11,MLM,MRQ,2018-09-30,2018-09-30,2018-09-30,2021-07-29,-121491000.0,9588171000.0,,1454808000.0,8133363000.0,,78.488,-73885000.0,53961000.0,53961000.0,906656000.0,180353000.0,1.883,0.941,3209698000.0,380041000.0,2829657000.0,3209698000.0,0.0,89655000.0,0.0,0.01,0.48,244778000.0,334433000.0,0.274,334433000.0,244778000.0,209310000.0,2.86,2.85,2.86,4939394000.0,,4939394000.0,14650171305.0,20.0,13.576,129620000.0,2.06,1.0,312984000.0,0.257,2908410000.0,35468000.0,9062812000.0,,651295000.0,0.0,0.0,0.0,4645843000.0,772686000.0,3873157000.0,11465028305.0,20182000.0,10247000.0,-60327000.0,-10878000.0,-30395000.0,-120032000.0,-63291000.0,0.0,203505000.0,0.0,180221000.0,180221000.0,180221000.0,0.0,132000.0,0.148,72322000.0,240662000.0,191381000.0,0.168,2.321,15.231,15.251,5103395000.0,0.0,181.95,2.733,2.73,644835000.0,1669126000.0,1219640000.0,1219640000.0,0.0,,,,,5986000.0,68441000.0,1.0,63011972.0,62932000,63167000.0,19.38,6679761000.0,0.0,29089000.0,692881000.0,106.143,682122000.0
12,MLM,MRQ,2018-06-30,2018-06-30,2018-06-30,2021-07-29,-125883000.0,9596752000.0,,1457153000.0,8139599000.0,,76.855,-92011000.0,33779000.0,33779000.0,886486000.0,185503000.0,2.055,0.979,3218922000.0,320046000.0,2898876000.0,3218922000.0,0.0,86724000.0,0.0,0.008,0.44,270949000.0,357673000.0,0.297,357673000.0,270949000.0,237978000.0,2.94,2.92,2.94,4843448000.0,,4843448000.0,15664682998.0,21.0,14.955,41010000.0,0.651,1.0,315917000.0,0.263,2916191000.0,32971000.0,9156571000.0,,650917000.0,0.0,0.0,0.0,4741282000.0,709133000.0,4032149000.0,14058947998.0,-1388594000.0,-1590013000.0,4142000.0,189092000.0,-27910000.0,160084000.0,-1681699000.0,0.0,133021000.0,0.0,185377000.0,185377000.0,185377000.0,0.0,126000.0,0.154,51964000.0,263953000.0,188761000.0,0.15,2.903,19.416,19.471,5113426000.0,0.0,223.33,3.461,3.464,675570000.0,1579674000.0,1202403000.0,1202403000.0,0.0,,,,,7338000.0,71070000.0,1.0,62951453.0,63021000,63285000.0,19.079,6680561000.0,0.0,52601000.0,644469000.0,106.005,748020000.0
13,MLM,MRQ,2018-03-31,2018-03-31,2018-03-31,2021-07-29,-127485000.0,8948050000.0,,2601930000.0,6346120000.0,,74.283,-96259000.0,1422373000.0,1422373000.0,691612000.0,10040000.0,3.997,0.913,3028108000.0,300006000.0,2728102000.0,3028108000.0,0.0,76821000.0,0.0,0.008,0.44,47567000.0,124388000.0,0.155,124388000.0,47567000.0,12480000.0,0.16,0.16,0.16,4676630000.0,,4676630000.0,14599901315.0,21.0,14.84,8753000.0,0.139,1.0,110392000.0,0.138,2659066000.0,35087000.0,7243740000.0,,606794000.0,0.0,0.0,0.0,4268220000.0,650979000.0,3617241000.0,13019062315.0,-23991000.0,2528000.0,2801000.0,-4036000.0,-27885000.0,-35371000.0,-93632000.0,0.0,105012000.0,0.0,10023000.0,10023000.0,10023000.0,0.0,17000.0,0.012,71311000.0,39081000.0,162328000.0,2.75,2.784,19.118,19.212,3582494000.0,0.0,207.3,3.318,3.326,466465000.0,1422207000.0,802004000.0,802004000.0,0.0,,,,,9760000.0,70121000.0,1.0,62803002.0,62957000,63222000.0,12.739,6288984000.0,0.0,2457000.0,413570000.0,99.893,1950951000.0
14,MLM,MRQ,2017-12-31,2017-12-31,2017-12-31,2021-07-29,-129104000.0,8992511000.0,,2631160000.0,6361351000.0,,74.54,-99531000.0,1446364000.0,1446364000.0,711422000.0,377313000.0,3.79,0.921,3027203000.0,299909000.0,2727294000.0,3027203000.0,0.0,75782000.0,0.0,0.008,0.44,186827000.0,262609000.0,0.271,262609000.0,186827000.0,163364000.0,5.97,5.95,5.97,4679600000.0,,4679600000.0,15582843153.0,22.0,15.467,139947000.0,2.229,1.0,259062000.0,0.267,2666639000.0,23463000.0,7212495000.0,,600591000.0,0.0,0.0,0.0,4310034000.0,694216000.0,3615818000.0,13894475153.0,1411219000.0,-2038000.0,82000.0,1305541000.0,-27939000.0,1273286000.0,-101545000.0,0.0,239478000.0,0.0,377141000.0,377141000.0,377141000.0,0.0,172000.0,0.389,75629000.0,183433000.0,183638000.0,0.074,2.969,19.479,19.561,3592813000.0,0.0,221.04,3.504,3.506,487240000.0,1440069000.0,970484000.0,970484000.0,0.0,,,,,6802000.0,66973000.0,1.0,62859551.0,62780000,63146000.0,15.458,6325872000.0,0.0,-213777000.0,410723000.0,100.763,1936944000.0
15,MLM,MRQ,2017-09-30,2017-09-30,2017-09-30,2021-07-29,-122928000.0,7566785000.0,,1277989000.0,6288796000.0,,68.863,-94680000.0,35219000.0,35219000.0,796054000.0,151539000.0,2.728,0.746,1723587000.0,81085000.0,1642502000.0,1723587000.0,0.0,75316000.0,0.0,0.008,0.44,227450000.0,302766000.0,0.278,302766000.0,227450000.0,204309000.0,2.4,2.39,2.4,4331221000.0,,4331221000.0,14708483094.0,22.0,15.08,94119000.0,1.496,1.0,291678000.0,0.268,2664646000.0,23141000.0,6122004000.0,,576429000.0,0.0,0.0,0.0,3232803000.0,468503000.0,2764300000.0,12959430094.0,-1503000.0,-3951000.0,2080000.0,-64650000.0,-27826000.0,-91671000.0,-98631000.0,0.0,188799000.0,0.0,151546000.0,151546000.0,151546000.0,0.0,-7000.0,0.139,64714000.0,226964000.0,163597000.0,0.183,2.992,29.79,29.932,3521577000.0,0.0,206.23,3.286,3.289,582532000.0,1090778000.0,1087732000.0,1087732000.0,0.0,,,,,5971000.0,57219000.0,1.0,62839694.0,62896000,63158000.0,17.294,4902139000.0,0.0,52763000.0,662982000.0,77.94,809486000.0
16,MLM,MRQ,2017-06-30,2017-06-30,2017-06-30,2021-07-29,-125906000.0,7515860000.0,,1244297000.0,6271563000.0,,66.782,-113994000.0,36722000.0,36722000.0,789430000.0,142241000.0,2.329,0.79,1785775000.0,143831000.0,1641944000.0,1785775000.0,0.0,75726000.0,0.0,0.008,0.42,218310000.0,294036000.0,0.276,294036000.0,218310000.0,194265000.0,2.26,2.25,2.26,4197771000.0,,4197771000.0,15764802970.0,22.0,15.83,41464000.0,0.66,1.0,274094000.0,0.258,2663299000.0,24045000.0,6067289000.0,,549865000.0,0.0,0.0,0.0,3315329000.0,534325000.0,2781004000.0,13973926970.0,-18696000.0,29350000.0,4020000.0,-62018000.0,-26575000.0,-89605000.0,-84549000.0,0.0,155458000.0,0.0,142279000.0,142279000.0,142279000.0,0.0,-38000.0,0.134,61242000.0,212852000.0,187227000.0,0.186,3.329,31.547,31.843,3505260000.0,0.0,222.58,3.529,3.533,570618000.0,967058000.0,1063524000.0,1063524000.0,0.0,,,,,7452000.0,68373000.0,1.0,62781593.0,62858000,63141000.0,16.919,4852561000.0,0.0,51986000.0,663414000.0,77.199,709972000.0
17,MLM,MRQ,2017-03-31,2017-03-31,2017-03-31,2021-07-29,-128425000.0,7393791000.0,,1123242000.0,6270549000.0,,64.632,-102095000.0,55418000.0,55418000.0,696792000.0,42307000.0,1.779,0.815,1846294000.0,290048000.0,1556246000.0,1846294000.0,0.0,70376000.0,0.0,0.008,0.42,77713000.0,148089000.0,0.175,148089000.0,77713000.0,56862000.0,0.67,0.67,0.67,4073368000.0,,4073368000.0,15400557797.0,23.0,15.896,-28230000.0,-0.448,1.0,147067000.0,0.174,2667127000.0,20851000.0,5885982000.0,,537000000.0,0.0,0.0,0.0,3317837000.0,631558000.0,2686279000.0,13764406797.0,5380000.0,539000.0,-96082000.0,159227000.0,-26560000.0,32890000.0,-101375000.0,0.0,73865000.0,0.0,42334000.0,42334000.0,42334000.0,0.0,-27000.0,0.05,69917000.0,77150000.0,188399000.0,0.627,3.379,32.561,32.869,3467645000.0,0.0,218.25,3.553,3.551,479215000.0,851354000.0,843859000.0,843859000.0,0.0,,,,,10275000.0,69535000.0,1.0,63067156.0,63024000,63319000.0,13.389,4726664000.0,0.0,14528000.0,667160000.0,74.998,491684000.0
18,MLM,MRQ,2016-12-31,2016-12-31,2016-12-31,2021-07-29,-130687000.0,7300905000.0,,1086385000.0,6214520000.0,,65.401,-101786000.0,50038000.0,50038000.0,723065000.0,98797000.0,1.988,0.763,1686189000.0,180036000.0,1506153000.0,1686189000.0,0.0,73256000.0,0.0,0.007,0.42,157211000.0,230467000.0,0.243,230467000.0,157211000.0,136430000.0,1.56,1.55,1.56,4139978000.0,,4139978000.0,15763811640.0,23.0,16.186,165441000.0,2.614,1.0,225750000.0,0.238,2670649000.0,20781000.0,5719819000.0,,521624000.0,0.0,0.0,0.0,3158315000.0,546588000.0,2611727000.0,14059660640.0,-10646000.0,1181000.0,-63847000.0,-84027000.0,-26741000.0,-177561000.0,-100312000.0,0.0,267227000.0,0.0,98860000.0,98860000.0,98860000.0,0.0,-63000.0,0.104,68025000.0,157725000.0,178598000.0,0.269,3.396,33.052,33.263,3423395000.0,0.0,221.53,3.682,3.69,457910000.0,935574000.0,948815000.0,948815000.0,0.0,,,,,3314000.0,68703000.0,1.0,63466170.0,63301000,63543000.0,14.989,4630256000.0,0.0,37570000.0,663019000.0,73.147,539797000.0
19,MLM,MRQ,2016-09-30,2016-09-30,2016-09-30,2021-07-29,-104511000.0,7373201000.0,,1191525000.0,6181676000.0,,65.488,-74922000.0,60684000.0,60684000.0,810594000.0,159478000.0,1.97,0.774,1764835000.0,228025000.0,1536810000.0,1764835000.0,0.0,72380000.0,0.0,0.009,0.42,250916000.0,323296000.0,0.293,323296000.0,250916000.0,230348000.0,2.5,2.49,2.5,4155332000.0,,4155332000.0,13120061789.0,19.0,13.833,136947000.0,2.158,1.0,293307000.0,0.266,2675655000.0,20568000.0,5796788000.0,,508199000.0,0.0,0.0,0.0,3214803000.0,604909000.0,2609894000.0,11362297789.0,32088000.0,-54147000.0,3806000.0,-26103000.0,-26828000.0,-50712000.0,-129069000.0,0.0,211869000.0,0.0,159479000.0,159479000.0,159479000.0,0.0,-1000.0,0.144,50638000.0,242669000.0,192738000.0,0.168,2.734,27.733,28.118,3379613000.0,0.0,179.11,3.059,3.06,566425000.0,932679000.0,1103901000.0,1103901000.0,0.0,,,,,4366000.0,54773000.0,1.0,63437540.0,63452000,63723000.0,17.397,4697546000.0,0.0,70869000.0,676144000.0,74.033,586616000.0
20,MLM,MRQ,2016-06-30,2016-06-30,2016-06-30,2021-07-29,-106068000.0,7233305000.0,,1121929000.0,6111376000.0,,63.172,-116331000.0,28596000.0,28596000.0,729867000.0,122113000.0,1.865,0.802,1786360000.0,245298000.0,1541062000.0,1786360000.0,0.0,71207000.0,0.0,0.008,0.4,195781000.0,266988000.0,0.273,266988000.0,195781000.0,175487000.0,1.91,1.9,1.91,4013452000.0,,4013452000.0,13922730872.0,23.0,15.928,25201000.0,0.397,1.0,247431000.0,0.253,2643459000.0,20294000.0,5746006000.0,,504877000.0,0.0,0.0,0.0,3216805000.0,601604000.0,2615201000.0,12197215872.0,1354000.0,1059000.0,-26650000.0,32330000.0,-25620000.0,-24906000.0,-115272000.0,0.0,141532000.0,0.0,122052000.0,122052000.0,122052000.0,0.0,61000.0,0.125,56583000.0,190848000.0,197733000.0,0.209,3.039,33.165,34.164,3322205000.0,0.0,192.0,3.303,3.303,534459000.0,800028000.0,977298000.0,977298000.0,0.0,,,,,5573000.0,59781000.0,1.0,63527166.0,63532000,63802000.0,15.383,4589846000.0,0.0,53435000.0,639776000.0,72.245,520325000.0
21,MLM,MRQ,2016-03-31,2016-03-31,2016-03-31,2021-07-29,-103833000.0,7058287000.0,,998315000.0,6059972000.0,,61.452,-94228000.0,27242000.0,27242000.0,643484000.0,45055000.0,2.029,0.789,1752757000.0,177430000.0,1575327000.0,1752757000.0,0.0,68410000.0,0.0,0.01,0.4,84738000.0,153148000.0,0.194,153148000.0,84738000.0,64704000.0,0.7,0.69,0.7,3942651000.0,,3942651000.0,11676228356.0,21.0,14.331,-25916000.0,-0.404,1.0,145250000.0,0.184,2654710000.0,20034000.0,5636961000.0,,485367000.0,0.0,0.0,0.0,3112651000.0,492131000.0,2620520000.0,10261507356.0,-141167000.0,-116139000.0,-145280000.0,172595000.0,-25847000.0,888000.0,-210367000.0,0.0,68312000.0,0.0,44994000.0,44994000.0,44994000.0,0.0,61000.0,0.057,59227000.0,86023000.0,174398000.0,0.571,2.603,31.317,32.289,3262981000.0,0.0,159.51,2.821,2.814,448048000.0,743593000.0,788734000.0,788734000.0,0.0,,,,,7228000.0,58349000.0,1.0,64331436.0,64158000,64350000.0,12.294,4403577000.0,0.0,19710000.0,620569000.0,68.636,506184000.0
22,MLM,MRQ,2015-12-31,2015-12-31,2015-12-31,2021-07-29,-105622000.0,6957611000.0,,1081635000.0,5875976000.0,,61.971,-105678000.0,168409000.0,168409000.0,654554000.0,83223000.0,2.95,0.714,1579009000.0,28948000.0,1550061000.0,1579009000.0,0.0,63652000.0,0.0,0.012,0.4,141391000.0,205043000.0,0.243,205043000.0,141391000.0,122448000.0,1.26,1.26,1.26,4057284000.0,,4057284000.0,10302200685.0,21.0,13.672,155343000.0,2.373,1.0,190002000.0,0.225,2578787000.0,18943000.0,5422766000.0,,469141000.0,0.0,0.0,0.0,2897434000.0,366658000.0,2530776000.0,9033477685.0,-268020000.0,-6327000.0,-258950000.0,-123917000.0,-26243000.0,-417036000.0,-112005000.0,0.0,261021000.0,0.0,83185000.0,83185000.0,83185000.0,0.0,38000.0,0.098,37887000.0,152115000.0,164718000.0,0.317,2.226,31.28,31.689,3156000000.0,0.0,136.58,2.552,2.576,410921000.0,874436000.0,844556000.0,844556000.0,0.0,,,,,2867000.0,49634000.0,1.0,66140560.0,65471000,65670000.0,12.9,4378824000.0,0.0,39263000.0,583459000.0,66.882,714977000.0
23,MLM,MRQ,2015-09-30,2015-09-30,2015-09-30,2021-07-29,-112742000.0,7308434000.0,,1515805000.0,5792629000.0,,63.607,-84564000.0,436429000.0,436429000.0,819744000.0,117578000.0,2.637,0.719,1700771000.0,147003000.0,1553768000.0,1700771000.0,0.0,64977000.0,0.0,0.011,0.4,183953000.0,248930000.0,0.23,248930000.0,183953000.0,165027000.0,1.75,1.74,1.75,4250882000.0,,4250882000.0,11794672697.0,25.0,15.993,107946000.0,1.615,1.0,262505000.0,0.243,2577055000.0,18926000.0,5420862000.0,,464525000.0,0.0,0.0,0.0,3055854000.0,574859000.0,2480995000.0,10180840697.0,392260000.0,420038000.0,-151542000.0,42807000.0,-26934000.0,-135724000.0,335474000.0,0.0,192510000.0,0.0,117544000.0,117544000.0,117544000.0,0.0,34000.0,0.109,83007000.0,179498000.0,226837000.0,0.229,2.395,37.768,37.334,3073534000.0,0.0,151.95,2.867,2.859,577424000.0,1079764000.0,1082249000.0,1082249000.0,0.0,,,,,3253000.0,54887000.0,1.0,67001255.0,66830000,67108000.0,16.194,4731379000.0,0.0,47483000.0,540079000.0,70.797,940946000.0
24,MLM,MRQ,2015-06-30,2015-06-30,2015-06-30,2021-07-29,-112814000.0,7260397000.0,,1530122000.0,5730275000.0,,63.954,-71905000.0,44169000.0,44169000.0,721266000.0,81979000.0,4.212,0.685,1653338000.0,15433000.0,1637905000.0,1653338000.0,0.0,67690000.0,0.0,0.011,0.4,139954000.0,207644000.0,0.225,207644000.0,139954000.0,120867000.0,1.23,1.22,1.23,4308773000.0,,4308773000.0,11073925999.0,28.0,16.427,20039000.0,0.297,1.0,200153000.0,0.217,2580826000.0,19087000.0,5925439000.0,,479856000.0,0.0,0.0,0.0,2949964000.0,363301000.0,2586663000.0,9549268999.0,-12197000.0,373000.0,-82182000.0,75558000.0,-25931000.0,-32609000.0,-71532000.0,0.0,91944000.0,0.0,81938000.0,81938000.0,81938000.0,0.0,41000.0,0.089,63169000.0,136984000.0,201235000.0,0.325,2.216,46.409,45.356,3049523000.0,0.0,141.51,2.75,2.745,497468000.0,1146821000.0,921419000.0,921419000.0,0.0,,,,,4671000.0,56783000.0,1.0,67481231.0,67373000,67633000.0,13.676,4679571000.0,0.0,38929000.0,521932000.0,69.458,1166821000.0
25,MLM,MRQ,2015-03-31,2015-03-31,2015-03-31,2021-07-29,-106723000.0,7177319000.0,,1045829000.0,6131490000.0,,64.39,-56085000.0,56366000.0,56366000.0,617086000.0,6159000.0,3.049,0.653,1576063000.0,13873000.0,1562190000.0,1576063000.0,0.0,67268000.0,0.0,0.011,0.4,24645000.0,91913000.0,0.133,91913000.0,24645000.0,5314000.0,0.07,0.07,0.07,4340566000.0,,4340566000.0,10871752900.0,30.0,17.924,-20960000.0,-0.311,1.0,74261000.0,0.107,2663425000.0,19331000.0,5690569000.0,,505047000.0,0.0,0.0,0.0,2835136000.0,343022000.0,2492114000.0,9394825900.0,-52285000.0,-7306000.0,9942000.0,-5716000.0,-28354000.0,-24019000.0,-63391000.0,0.0,35125000.0,0.0,6126000.0,6126000.0,6126000.0,0.0,33000.0,0.009,48690000.0,25571000.0,184066000.0,5.714,2.164,51.241,44.101,3365106000.0,0.0,139.8,2.917,2.926,381389000.0,1190807000.0,691347000.0,691347000.0,0.0,,,,,2798000.0,49450000.0,1.0,67201902.0,67411000,67676000.0,10.256,4513894000.0,0.0,-812000.0,518360000.0,66.961,702807000.0
26,MLM,MRQ,2014-12-31,2014-12-31,2014-12-31,2021-07-29,-106159000.0,7219754000.0,,1044178000.0,6175576000.0,,64.567,-93613000.0,108651000.0,108651000.0,691043000.0,63989000.0,2.633,0.659,1585578000.0,14519000.0,1571059000.0,1585578000.0,0.0,68667000.0,0.0,0.015,0.4,120334000.0,189001000.0,0.221,189001000.0,120334000.0,99231000.0,1.02,1.02,1.02,4351166000.0,,4351166000.0,8965910468.0,28.0,16.627,86417000.0,1.282,1.0,165330000.0,0.193,2664004000.0,21103000.0,5636029000.0,,484919000.0,0.0,0.0,0.0,2867006000.0,396648000.0,2470358000.0,7421232468.0,35054000.0,9137000.0,1519000.0,-34332000.0,-27041000.0,-60500000.0,-84476000.0,0.0,180030000.0,0.0,63955000.0,63955000.0,63955000.0,-103000.0,34000.0,0.075,46757000.0,118573000.0,202476000.0,0.392,1.706,47.694,40.41,3402770000.0,0.0,110.32,2.509,2.12,421001000.0,1213035000.0,856373000.0,856373000.0,0.0,,,,,2458000.0,50006000.0,1.0,67270055.0,67390000,67675000.0,12.708,4555750000.0,0.0,35276000.0,489945000.0,67.603,647530000.0
27,MLM,MRQ,2014-09-30,2014-09-30,2014-09-30,2021-07-29,-43281000.0,7338858000.0,,1212798000.0,6126060000.0,,65.188,-53833000.0,73597000.0,73597000.0,808130000.0,53834000.0,2.775,0.678,1618275000.0,14331000.0,1603944000.0,1618275000.0,0.0,67932000.0,0.0,0.012,0.4,117637000.0,185569000.0,0.185,185569000.0,117637000.0,97832000.0,0.8,0.8,0.8,4373220000.0,,4373220000.0,9678972273.0,37.0,21.17,77432000.0,1.154,1.0,195593000.0,0.195,2642542000.0,19805000.0,5803996000.0,,475293000.0,0.0,0.0,0.0,2963245000.0,436998000.0,2526247000.0,8628500273.0,39268000.0,171155000.0,28653000.0,-211519000.0,-27009000.0,-209319000.0,117322000.0,0.0,131265000.0,0.0,53743000.0,53743000.0,53743000.0,69000.0,91000.0,0.054,79637000.0,115956000.0,230206000.0,0.5,1.973,67.58,53.95,3377951000.0,0.0,128.94,3.26,3.268,523928000.0,1176121000.0,1003723000.0,1003723000.0,0.0,,,,,1579000.0,48427000.0,1.0,66918724.0,67086000,67495000.0,14.962,4696316000.0,90136000.0,44089000.0,633951000.0,70.004,775800000.0
28,MLM,MRQ,2014-06-30,2014-06-30,2014-06-30,2021-07-29,-42141000.0,3356043000.0,,876701000.0,2479342000.0,,33.726,-47824000.0,34329000.0,34329000.0,533623000.0,59624000.0,3.582,1.143,1084801000.0,12404000.0,1072397000.0,1084801000.0,0.0,43681000.0,0.0,0.012,0.4,96374000.0,140055000.0,0.209,140055000.0,96374000.0,83427000.0,1.28,1.28,1.28,1564699000.0,,1564699000.0,7153764042.0,29.0,16.871,15927000.0,0.343,1.0,135602000.0,0.203,663517000.0,12947000.0,3498273000.0,,348168000.0,0.0,0.0,0.0,1789044000.0,244725000.0,1544319000.0,6121621042.0,-1472000.0,1215000.0,3054000.0,15300000.0,-18650000.0,-18614000.0,-46609000.0,0.0,63751000.0,0.0,59521000.0,59521000.0,59521000.0,56000.0,103000.0,0.089,39361000.0,96241000.0,139442000.0,0.312,3.912,41.994,42.054,1775374000.0,0.0,132.05,2.652,2.654,343784000.0,1149388000.0,669225000.0,669225000.0,0.0,,,,,1675000.0,36566000.0,1.0,46358357.0,46395000,46529000.0,14.425,2692526000.0,72413000.0,23906000.0,275279000.0,58.035,631976000.0
29,MLM,MRQ,2014-03-31,2014-03-31,2014-03-31,2021-07-29,-42744000.0,3255257000.0,,758214000.0,2497043000.0,,32.577,-36913000.0,35801000.0,35801000.0,402794000.0,-23153000.0,3.913,1.134,1067944000.0,12403000.0,1055541000.0,1067944000.0,0.0,42466000.0,0.0,0.012,0.4,-17841000.0,24625000.0,0.057,24625000.0,-17841000.0,-30042000.0,-0.47,-0.47,-0.47,1508785000.0,,1508785000.0,6915523392.0,31.0,17.422,-30301000.0,-0.654,1.0,25835000.0,0.06,664364000.0,12201000.0,3429278000.0,,354718000.0,0.0,0.0,0.0,1710964000.0,193758000.0,1517206000.0,5924483392.0,-6636000.0,1351000.0,6488000.0,33794000.0,-18604000.0,22314000.0,-35562000.0,0.0,6612000.0,0.0,-21618000.0,-21618000.0,-21618000.0,0.0,-1535000.0,-0.05,41733000.0,-15898000.0,98775000.0,-0.851,3.927,46.445,46.673,1793536000.0,0.0,128.35,2.693,2.702,242587000.0,1108516000.0,428629000.0,428629000.0,0.0,,,,,773000.0,34247000.0,1.0,46158811.0,46315000,46315000.0,9.255,2590893000.0,73320000.0,-8424000.0,272346000.0,55.941,564456000.0
30,MLM,MRQ,2013-12-31,2013-12-31,2013-12-31,2021-07-29,-44114000.0,3259826000.0,,755366000.0,2504460000.0,,33.249,-52891000.0,42437000.0,42437000.0,443964000.0,35156000.0,3.588,1.096,1033477000.0,14959000.0,1018518000.0,1033477000.0,0.0,43664000.0,0.0,0.016,0.4,63297000.0,106961000.0,0.196,106961000.0,63297000.0,50463000.0,0.78,0.78,0.78,1537877000.0,,1537877000.0,5688637986.0,26.0,14.489,90415000.0,1.955,1.0,101032000.0,0.185,665212000.0,12834000.0,3375105000.0,,347307000.0,0.0,0.0,0.0,1684907000.0,210549000.0,1474358000.0,4622080986.0,-14804000.0,5310000.0,120000.0,-91580000.0,-18571000.0,-110529000.0,-47581000.0,0.0,143306000.0,0.0,36033000.0,36033000.0,36033000.0,0.0,-877000.0,0.066,38201000.0,62831000.0,103600000.0,0.513,3.005,38.093,38.145,1799241000.0,0.0,99.94,2.144,2.14,245421000.0,1148738000.0,544996000.0,544996000.0,0.0,,,,,1222000.0,37459000.0,1.0,46248559.0,46254000,46357000.0,11.783,2594614000.0,74821000.0,14430000.0,279999000.0,56.095,544817000.0
31,MLM,MRQ,2013-09-30,2013-09-30,2013-09-30,2021-07-29,-102710000.0,3337105000.0,,845669000.0,2491436000.0,,31.575,-52340000.0,57241000.0,57241000.0,522212000.0,72038000.0,3.735,1.259,1123798000.0,16606000.0,1107192000.0,1123798000.0,0.0,44105000.0,0.0,0.016,0.4,108269000.0,152374000.0,0.229,152374000.0,108269000.0,94751000.0,1.55,1.55,1.55,1460149000.0,,1460149000.0,5589044935.0,29.0,15.117,64833000.0,1.402,1.0,143108000.0,0.215,665669000.0,13518000.0,3511561000.0,,350438000.0,0.0,0.0,0.0,1838222000.0,226432000.0,1611790000.0,4539437935.0,13529000.0,-63254000.0,359000.0,30412000.0,-18558000.0,11950000.0,-115594000.0,0.0,117173000.0,0.0,71836000.0,71836000.0,71836000.0,0.0,202000.0,0.108,34265000.0,108843000.0,111266000.0,0.258,3.109,42.489,42.869,1782618000.0,0.0,98.17,2.149,2.149,331030000.0,1131276000.0,665320000.0,665320000.0,0.0,,,,,1690000.0,37140000.0,1.0,46240582.0,46244000,46349000.0,14.387,2671436000.0,77005000.0,22915000.0,243858000.0,57.768,619237000.0
32,MLM,MRQ,2013-06-30,2013-06-30,2013-06-30,2021-07-29,-106257000.0,3231119000.0,,806485000.0,2424634000.0,,30.396,-28122000.0,43712000.0,43712000.0,454330000.0,41567000.0,4.189,1.277,1093319000.0,6169000.0,1087150000.0,1093319000.0,0.0,42949000.0,0.0,0.016,0.4,70025000.0,112974000.0,0.201,112974000.0,70025000.0,56406000.0,0.89,0.89,0.89,1402138000.0,,1402138000.0,5574627331.0,31.0,15.862,1775000.0,0.038,1.0,106996000.0,0.191,664971000.0,13619000.0,3423222000.0,,348873000.0,0.0,0.0,0.0,1790452000.0,192533000.0,1597919000.0,4533360331.0,6452000.0,-323000.0,7718000.0,14223000.0,-18565000.0,5000000.0,-28445000.0,0.0,29897000.0,0.0,41308000.0,41308000.0,41308000.0,0.0,259000.0,0.074,37361000.0,69635000.0,99960000.0,0.449,3.233,46.294,46.867,1717386000.0,0.0,98.42,2.222,2.226,287521000.0,1077998000.0,561326000.0,561326000.0,0.0,,,,,1112000.0,38118000.0,1.0,46061373.0,46129000,46260000.0,12.169,2566148000.0,79104000.0,15098000.0,235505000.0,55.63,613952000.0
33,MLM,MRQ,2013-03-31,2013-03-31,2013-03-31,2021-07-29,-104948000.0,3154775000.0,,715733000.0,2439042000.0,,29.803,-21880000.0,37260000.0,37260000.0,371088000.0,-29329000.0,4.243,1.272,1078527000.0,5677000.0,1072850000.0,1078527000.0,0.0,43043000.0,0.0,0.016,0.4,-22741000.0,20302000.0,0.053,20302000.0,-22741000.0,-36237000.0,-0.61,-0.61,-0.61,1371791000.0,,1371791000.0,5703403669.0,34.0,16.707,-3305000.0,-0.072,1.0,12821000.0,0.033,665898000.0,13496000.0,3361454000.0,,347641000.0,0.0,0.0,0.0,1744718000.0,168690000.0,1576028000.0,4680938669.0,11866000.0,-1049000.0,3494000.0,30600000.0,-18503000.0,16220000.0,-22929000.0,0.0,18575000.0,0.0,-27839000.0,-27839000.0,-27839000.0,0.0,-1490000.0,-0.073,36141000.0,-23320000.0,77080000.0,-0.656,3.412,50.134,50.756,1732087000.0,0.0,102.02,2.313,2.32,202150000.0,1055256000.0,383909000.0,383909000.0,0.0,,,,,616000.0,37955000.0,1.0,45882559.0,46028000,46028000.0,8.341,2488877000.0,79485000.0,-8398000.0,230109000.0,54.073,547043000.0
34,MLM,MRQ,2012-12-31,2012-12-31,2012-12-31,2021-07-29,-106169000.0,3160926000.0,,700401000.0,2460525000.0,,30.707,-45082000.0,25394000.0,25394000.0,425536000.0,21724000.0,4.041,1.213,1047859000.0,5676000.0,1042183000.0,1047859000.0,0.0,44226000.0,0.0,0.017,0.4,39853000.0,84079000.0,0.167,84079000.0,39853000.0,26481000.0,0.46,0.46,0.46,1410545000.0,,1410545000.0,5391804686.0,35.0,16.218,55563000.0,1.21,1.0,76722000.0,0.153,666637000.0,13372000.0,3343419000.0,,332311000.0,0.0,0.0,0.0,1710627000.0,173335000.0,1537292000.0,4328335686.0,-10027000.0,74000.0,3451000.0,-51427000.0,-18465000.0,-65664000.0,-45008000.0,0.0,100645000.0,0.0,21534000.0,21534000.0,21534000.0,0.0,190000.0,0.043,36496000.0,40226000.0,83537000.0,0.87,3.069,51.239,51.519,1753241000.0,0.0,94.28,2.13,2.126,224050000.0,1101598000.0,502258000.0,502258000.0,0.0,,,,,1057000.0,2860000.0,1.0,45909373.0,45936000,46093000.0,10.934,2494289000.0,77716000.0,4947000.0,225592000.0,54.299,527066000.0
35,MLM,MRQ,2012-09-30,2012-09-30,2012-09-30,2021-07-29,-77480000.0,3243204000.0,,785107000.0,2458097000.0,,31.191,-39690000.0,35421000.0,35421000.0,468246000.0,63669000.0,3.616,1.24,1098890000.0,6773000.0,1092117000.0,1098890000.0,0.0,44250000.0,0.0,0.019,0.4,89847000.0,134097000.0,0.226,134097000.0,89847000.0,76623000.0,1.36,1.36,1.36,1430405000.0,,1430405000.0,4905350985.0,34.0,15.363,54685000.0,1.192,1.0,124022000.0,0.209,667316000.0,13224000.0,3422248000.0,,335092000.0,0.0,0.0,0.0,1773183000.0,217109000.0,1556074000.0,3799144985.0,-5972000.0,3879000.0,2672000.0,-48767000.0,-18441000.0,-64536000.0,-35811000.0,0.0,94375000.0,0.0,62922000.0,62922000.0,62922000.0,0.0,747000.0,0.106,32489000.0,91533000.0,99628000.0,0.294,2.656,48.845,49.623,1750941000.0,0.0,82.87,1.945,1.946,296947000.0,1098529000.0,592268000.0,592268000.0,0.0,,,,,1370000.0,32095000.0,1.0,45844636.0,45860000,45992000.0,12.915,2575888000.0,79758000.0,13701000.0,257050000.0,56.169,567998000.0
36,MLM,MRQ,2012-06-30,2012-06-30,2012-06-30,2021-07-29,-80640000.0,3226533000.0,,760331000.0,2466202000.0,,30.098,-28733000.0,41393000.0,41393000.0,443622000.0,37808000.0,3.819,1.313,1147599000.0,10523000.0,1137076000.0,1147599000.0,0.0,44337000.0,0.0,0.02,0.4,58560000.0,102897000.0,0.189,102897000.0,58560000.0,45304000.0,0.8,0.8,0.8,1377939000.0,,1377939000.0,4697666409.0,36.0,15.397,3255000.0,0.071,1.0,102066000.0,0.187,671087000.0,13256000.0,3462586000.0,,331984000.0,0.0,0.0,0.0,1809729000.0,199066000.0,1610663000.0,3605859409.0,-3557000.0,1730000.0,218000.0,10769000.0,-18441000.0,-8542000.0,-27003000.0,0.0,31988000.0,0.0,36751000.0,36751000.0,36751000.0,0.0,1057000.0,0.067,42825000.0,59241000.0,113308000.0,0.5,2.617,56.33,57.116,1753778000.0,0.0,78.82,1.936,1.937,275416000.0,1054048000.0,545688000.0,545688000.0,0.0,,,,,2987000.0,44515000.0,1.0,45748026.0,45781000,45905000.0,11.92,2555446000.0,75000000.0,8553000.0,229972000.0,55.819,561265000.0
37,MLM,MRQ,2012-03-31,2012-03-31,2012-03-31,2021-07-29,-81991000.0,3182117000.0,,701944000.0,2480173000.0,,29.73,-37518000.0,44950000.0,44950000.0,370148000.0,-37673000.0,3.787,1.312,1136757000.0,9579000.0,1127178000.0,1136757000.0,0.0,44398000.0,0.0,0.019,0.4,-33120000.0,11278000.0,0.029,11278000.0,-33120000.0,-46607000.0,-0.81,-0.81,-0.81,1359677000.0,,1359677000.0,4940912340.0,37.0,16.005,-41837000.0,-0.915,1.0,23826000.0,0.06,669953000.0,13487000.0,3418600000.0,,333487000.0,0.0,0.0,0.0,1783835000.0,185371000.0,1598464000.0,3906850340.0,18928000.0,2130000.0,618000.0,76149000.0,-18420000.0,58635000.0,-35388000.0,0.0,-4319000.0,0.0,-36732000.0,-36732000.0,-36732000.0,0.0,-941000.0,-0.093,59153000.0,-35327000.0,100082000.0,-0.494,2.873,61.954,62.963,1768928000.0,0.0,85.63,2.195,2.201,212052000.0,1035739000.0,393974000.0,393974000.0,0.0,,,,,1590000.0,58930000.0,1.0,45624785.0,45734000,45734000.0,8.614,2512164000.0,79002000.0,-9875000.0,225554000.0,54.93,516573000.0
38,MLM,MRQ,2011-12-31,2011-12-31,2011-12-31,2021-07-29,-83890000.0,3147822000.0,,657850000.0,2489972000.0,,30.834,-61845000.0,26022000.0,26022000.0,350986000.0,15083000.0,3.787,1.206,1060084000.0,7182000.0,1052902000.0,1060084000.0,0.0,43734000.0,0.0,0.021,0.4,27286000.0,71020000.0,0.169,71020000.0,27286000.0,13988000.0,0.32,0.32,0.32,1409321000.0,,1409321000.0,4434636163.0,27.0,13.223,17379000.0,0.38,1.0,69910000.0,0.166,670804000.0,13298000.0,3337368000.0,,322607000.0,0.0,0.0,0.0,1698958000.0,173712000.0,1525246000.0,3445991163.0,-30818000.0,-39809000.0,8000.0,10020000.0,-18416000.0,-8388000.0,-101654000.0,0.0,79224000.0,0.0,14838000.0,14838000.0,14838000.0,0.0,245000.0,0.035,49165000.0,20745000.0,92210000.0,1.25,2.445,41.831,42.128,1774291000.0,0.0,75.41,2.011,2.009,203748000.0,1090891000.0,420896000.0,420896000.0,0.0,,,,,2205000.0,46857000.0,1.0,45696740.0,45706000,45823000.0,9.209,2477018000.0,80674000.0,-850000.0,222064000.0,54.195,484138000.0
39,MLM,MRQ,2011-09-30,2011-09-30,2011-09-30,2021-07-29,-49560000.0,3158558000.0,,767416000.0,2391142000.0,,31.653,-34790000.0,56840000.0,56840000.0,390493000.0,50332000.0,3.881,1.157,1045485000.0,7150000.0,1038335000.0,1045485000.0,0.0,43220000.0,0.0,0.025,0.4,76684000.0,119904000.0,0.239,119904000.0,76684000.0,63286000.0,1.07,1.07,1.07,1446220000.0,,1446220000.0,3947915301.0,23.0,11.412,88404000.0,1.935,1.0,111893000.0,0.223,657250000.0,13398000.0,3292207000.0,,337730000.0,0.0,0.0,0.0,1673007000.0,197746000.0,1475261000.0,2888099301.0,30741000.0,945000.0,305000.0,-40494000.0,-18419000.0,-58608000.0,-33845000.0,0.0,123194000.0,0.0,49156000.0,49156000.0,49156000.0,0.0,1176000.0,0.098,31882000.0,80011000.0,86322000.0,0.374,1.997,35.074,35.517,1686641000.0,0.0,63.22,1.816,1.816,260740000.0,1094469000.0,502386000.0,502386000.0,0.0,,,,,2966000.0,33507000.0,1.0,45683317.0,45690000,45799000.0,10.996,2501308000.0,92959000.0,14130000.0,265828000.0,54.745,569670000.0
40,MLM,MRQ,2011-06-30,2011-06-30,2011-06-30,2021-07-29,-49319000.0,3148919000.0,,745568000.0,2403351000.0,,30.956,-28054000.0,26099000.0,26099000.0,364848000.0,35854000.0,2.836,1.202,1085915000.0,106959000.0,978956000.0,1085915000.0,0.0,43159000.0,0.0,0.02,0.4,63358000.0,106517000.0,0.23,106517000.0,63358000.0,49633000.0,0.78,0.78,0.78,1412444000.0,,1412444000.0,4637521938.0,26.0,13.077,7296000.0,0.16,1.0,97543000.0,0.211,657381000.0,13725000.0,3288456000.0,,336365000.0,0.0,0.0,0.0,1698320000.0,262898000.0,1435422000.0,3645731938.0,-150730000.0,-46830000.0,857000.0,-82978000.0,-18413000.0,-111196000.0,-74884000.0,0.0,35350000.0,0.0,35799000.0,35799000.0,35799000.0,0.0,55000.0,0.077,32842000.0,64701000.0,85415000.0,0.513,2.581,42.801,43.462,1697778000.0,0.0,79.97,2.282,2.284,270709000.0,1063732000.0,462391000.0,462391000.0,0.0,,,,,3842000.0,32736000.0,1.0,45588745.0,45628000,45794000.0,10.134,2491538000.0,91041000.0,13834000.0,248330000.0,54.605,482670000.0
41,MLM,MRQ,2011-03-31,2011-03-31,2011-03-31,2021-07-29,-54564000.0,3208606000.0,,840361000.0,2368245000.0,,30.564,-30674000.0,176829000.0,176829000.0,305288000.0,-17697000.0,5.293,1.273,1168619000.0,7101000.0,1161518000.0,1168619000.0,0.0,43294000.0,0.0,0.018,0.4,-5360000.0,37934000.0,0.116,37934000.0,-5360000.0,-23525000.0,-0.39,-0.39,-0.39,1393209000.0,,1393209000.0,5042239660.0,25.0,13.185,-9348000.0,-0.205,1.0,22655000.0,0.069,643693000.0,18165000.0,3397941000.0,,331679000.0,0.0,0.0,0.0,1773860000.0,158762000.0,1615098000.0,4079680660.0,106506000.0,2133000.0,303000.0,132550000.0,-18400000.0,113721000.0,-28541000.0,0.0,21326000.0,0.0,-17414000.0,-17414000.0,-17414000.0,0.0,-283000.0,-0.053,27103000.0,-4448000.0,74914000.0,-1.026,2.928,39.312,40.031,1676321000.0,0.0,89.67,2.488,2.493,203242000.0,1046346000.0,327943000.0,327943000.0,0.0,,,,,2509000.0,29612000.0,1.0,45496606.0,45584000,45584000.0,7.194,2564913000.0,88805000.0,-6111000.0,240586000.0,56.268,681599000.0
42,MLM,MRQ,2010-12-31,2010-12-31,2010-12-31,2021-07-29,-53660000.0,3074743000.0,,696211000.0,2378532000.0,,31.293,-25892000.0,70323000.0,70323000.0,227329000.0,15209000.0,1.806,1.127,1032882000.0,250837000.0,782045000.0,1032882000.0,0.0,45591000.0,0.0,0.017,0.4,36001000.0,81592000.0,0.274,81592000.0,36001000.0,19101000.0,0.32,0.32,0.32,1425440000.0,,1425440000.0,5170184928.0,26.0,13.681,41305000.0,0.907,1.0,70503000.0,0.237,644075000.0,16900000.0,3007734000.0,,331894000.0,0.0,0.0,0.0,1606484000.0,385493000.0,1220991000.0,4199554928.0,9824000.0,-14683000.0,275000.0,1672000.0,-18393000.0,-16798000.0,-40575000.0,0.0,67197000.0,0.0,14803000.0,14803000.0,14803000.0,0.0,406000.0,0.05,33860000.0,36643000.0,60333000.0,1.25,2.946,43.289,43.716,1687830000.0,0.0,92.24,2.541,2.538,183361000.0,1082160000.0,297832000.0,297832000.0,-149000.0,,,,,3343000.0,33277000.0,1.0,45528566.0,45551000,45719000.0,6.538,2430668000.0,83380000.0,4298000.0,228698000.0,53.361,310718000.0
43,MLM,MRQ,2010-09-30,2010-09-30,2010-09-30,2021-07-29,-67249000.0,3115783000.0,,732116000.0,2383667000.0,,31.077,-41470000.0,60499000.0,60499000.0,395592000.0,53256000.0,1.715,1.172,1031129000.0,245423000.0,785706000.0,1031129000.0,0.0,45446000.0,0.0,0.021,0.4,83155000.0,128601000.0,0.252,128601000.0,83155000.0,66051000.0,1.13,1.13,1.13,1414808000.0,,1414808000.0,4531331561.0,26.0,12.776,74866000.0,1.644,1.0,113809000.0,0.223,641787000.0,17104000.0,3017791000.0,,323820000.0,0.0,0.0,0.0,1658555000.0,426835000.0,1231720000.0,3503938561.0,28404000.0,657000.0,149000.0,-29022000.0,-18398000.0,-47119000.0,-40813000.0,0.0,116336000.0,0.0,51990000.0,51990000.0,51990000.0,0.0,1266000.0,0.102,29955000.0,83854000.0,76993000.0,0.354,2.477,44.322,45.544,1693206000.0,0.0,76.97,2.189,2.19,249613000.0,1085750000.0,509401000.0,509401000.0,114000.0,,,,,3089000.0,31235000.0,1.0,45523432.0,45526000,45678000.0,11.189,2473996000.0,71593000.0,14061000.0,216844000.0,54.342,305281000.0
44,MLM,MRQ,2010-06-30,2010-06-30,2010-06-30,2021-07-29,-69488000.0,3096392000.0,,708466000.0,2387926000.0,,30.259,-43533000.0,32095000.0,32095000.0,386930000.0,54948000.0,1.709,1.221,1059488000.0,247550000.0,811938000.0,1059488000.0,0.0,45532000.0,0.0,0.019,0.4,88754000.0,134286000.0,0.266,134286000.0,88754000.0,71934000.0,1.18,1.18,1.18,1375644000.0,,1375644000.0,4883643516.0,27.0,13.529,15621000.0,0.344,1.0,117700000.0,0.233,642508000.0,16820000.0,3066651000.0,,319842000.0,0.0,0.0,0.0,1679595000.0,414626000.0,1264969000.0,3853270516.0,-188948000.0,2198000.0,2437000.0,-192153000.0,-18397000.0,-206767000.0,-41335000.0,0.0,59154000.0,0.0,54399000.0,54399000.0,54399000.0,0.0,549000.0,0.108,27050000.0,90650000.0,80238000.0,0.339,2.801,46.661,47.38,1694417000.0,0.0,84.81,2.44,2.442,257761000.0,1052159000.0,504630000.0,504630000.0,22000.0,,,,,3203000.0,33559000.0,1.0,45434153.0,45463000,45657000.0,11.1,2453884000.0,72750000.0,17535000.0,198758000.0,53.975,293840000.0
45,MLM,MRQ,2010-03-31,2010-03-31,2010-03-31,2021-07-29,-70528000.0,3244902000.0,,854711000.0,2390191000.0,,29.346,-25021000.0,221043000.0,221043000.0,321331000.0,-24748000.0,2.162,1.405,1251416000.0,221810000.0,1029606000.0,1251416000.0,0.0,44968000.0,0.0,0.019,0.4,-11548000.0,33420000.0,0.098,33420000.0,-11548000.0,-29164000.0,-0.54,-0.54,-0.54,1332292000.0,,1332292000.0,4774732519.0,29.0,13.86,2100000.0,0.046,1.0,19613000.0,0.058,643087000.0,17616000.0,3236842000.0,,322027000.0,0.0,0.0,0.0,1872007000.0,395346000.0,1476661000.0,3786975519.0,-42548000.0,-26438000.0,186000.0,-179000.0,-18362000.0,-18210000.0,-51459000.0,0.0,27121000.0,0.0,-24180000.0,-24180000.0,-24180000.0,0.0,-568000.0,-0.071,32477000.0,-12864000.0,67281000.0,-0.741,2.842,56.486,56.837,1695045000.0,0.0,83.55,2.46,2.464,202101000.0,1016156000.0,340944000.0,340944000.0,13000.0,,,,,3749000.0,33571000.0,1.0,45325859.0,45400000,45400000.0,7.51,2601815000.0,72921000.0,-4984000.0,192299000.0,57.309,459365000.0
46,MLM,MRQ,2009-12-31,2009-12-31,2009-12-31,2021-07-29,-75084000.0,3239283000.0,,856860000.0,2382423000.0,,30.386,-38737000.0,263591000.0,263591000.0,191838000.0,-2915000.0,2.294,1.343,1251348000.0,227856000.0,1023492000.0,1251348000.0,0.0,46115000.0,0.0,0.018,0.4,12247000.0,58362000.0,0.238,58362000.0,12247000.0,-5850000.0,-0.08,-0.08,-0.08,1365240000.0,,1365240000.0,5062161501.0,27.0,13.896,45033000.0,1.002,1.0,53566000.0,0.218,636693000.0,18097000.0,3216794000.0,,332569000.0,0.0,0.0,0.0,1832872000.0,373553000.0,1459319000.0,3990936501.0,69756000.0,398000.0,60945000.0,-16985000.0,-18233000.0,24325000.0,-38339000.0,0.0,83770000.0,0.0,-3153000.0,-3153000.0,-3153000.0,0.0,238000.0,-0.013,43760000.0,9806000.0,52107000.0,-5.0,2.923,46.7,46.568,1692905000.0,0.0,89.41,2.537,2.5,162815000.0,1058698000.0,245404000.0,245404000.0,-350000.0,,,,,4869000.0,31225000.0,1.0,44636355.0,44930000,45123000.0,5.462,2602590000.0,60303000.0,-2697000.0,195946000.0,57.925,483307000.0
47,MLM,MRQ,2009-09-30,2009-09-30,2009-09-30,2021-07-29,-89267000.0,3232681000.0,,844966000.0,2387715000.0,,29.381,-25743000.0,193835000.0,193835000.0,370219000.0,56868000.0,2.14,1.435,1265060000.0,226187000.0,1038873000.0,1265060000.0,0.0,45901000.0,0.0,0.017,0.4,89003000.0,134904000.0,0.276,134904000.0,89003000.0,70822000.0,1.23,1.23,1.23,1311040000.0,,1311040000.0,5250886238.0,23.0,12.841,92197000.0,2.066,1.0,117748000.0,0.241,637111000.0,18181000.0,3272010000.0,,329781000.0,0.0,0.0,0.0,1880705000.0,394785000.0,1485920000.0,4100616238.0,60455000.0,1547000.0,152000.0,-15879000.0,-18011000.0,-33289000.0,-24196000.0,0.0,117940000.0,0.0,55514000.0,55514000.0,55514000.0,0.0,1354000.0,0.114,28535000.0,89213000.0,61741000.0,0.325,3.128,36.01,36.106,1698139000.0,0.0,92.07,2.282,2.286,241520000.0,1080084000.0,487967000.0,487967000.0,51000.0,,,,,3366000.0,32932000.0,1.0,44538028.0,44622000,44813000.0,10.936,2595570000.0,58272000.0,15308000.0,177724000.0,58.168,450181000.0
48,MLM,MRQ,2009-06-30,2009-06-30,2009-06-30,2021-07-29,-96495000.0,3207193000.0,,802123000.0,2405070000.0,,28.327,-34434000.0,133380000.0,133380000.0,353668000.0,40585000.0,2.062,1.51,1283650000.0,234921000.0,1048729000.0,1283650000.0,0.0,44756000.0,0.0,0.02,0.4,73049000.0,117805000.0,0.253,117805000.0,73049000.0,54398000.0,0.86,0.86,0.86,1262065000.0,,1262065000.0,4628089985.0,18.0,10.764,17470000.0,0.392,1.0,111717000.0,0.24,642391000.0,18651000.0,3326008000.0,,333887000.0,0.0,0.0,0.0,1905650000.0,389064000.0,1516586000.0,3511625985.0,-88623000.0,-51304000.0,37801000.0,-57268000.0,-18113000.0,-54789000.0,-85738000.0,0.0,51904000.0,0.0,38862000.0,38862000.0,38862000.0,0.0,1723000.0,0.084,38772000.0,72945000.0,75203000.0,0.465,2.782,28.164,27.2,1712724000.0,0.0,78.88,1.841,1.842,250340000.0,1042581000.0,465385000.0,465385000.0,163000.0,,,,,6771000.0,36766000.0,1.0,44518585.0,44554000,44753000.0,10.445,2564802000.0,56105000.0,15536000.0,175446000.0,57.566,413059000.0
49,MLM,MRQ,2009-03-31,2009-03-31,2009-03-31,2021-07-29,-99753000.0,3253099000.0,,891939000.0,2361160000.0,,29.626,-40316000.0,222003000.0,222003000.0,326026000.0,-6373000.0,2.566,1.588,1338467000.0,186360000.0,1152107000.0,1338467000.0,0.0,42619000.0,0.0,0.019,0.4,10587000.0,53206000.0,0.142,53206000.0,10587000.0,-7938000.0,-0.14,-0.14,-0.14,1240241000.0,,1240241000.0,4633036969.0,16.0,9.977,24438000.0,0.584,1.0,48535000.0,0.13,637255000.0,18525000.0,3384656000.0,,324949000.0,0.0,0.0,0.0,1968912000.0,347652000.0,1621260000.0,3285030969.0,184209000.0,3558000.0,195279000.0,-21340000.0,-16821000.0,156213000.0,-36758000.0,0.0,64754000.0,0.0,-5764000.0,-5764000.0,-5764000.0,0.0,-609000.0,-0.015,37587000.0,10948000.0,77029000.0,-2.857,2.649,21.955,22.275,1683683000.0,0.0,79.3,1.61,1.627,244397000.0,1021832000.0,374561000.0,374561000.0,136000.0,,,,,4991000.0,37157000.0,1.0,41425359.0,41863000,41863000.0,8.947,2615844000.0,56177000.0,-2174000.0,175806000.0,62.486,544287000.0
50,MLM,MRQ,2008-12-31,2008-12-31,2008-12-31,2021-07-29,-101672000.0,3032502000.0,,665031000.0,2367471000.0,,24.656,-34469000.0,37794000.0,37794000.0,364955000.0,26316000.0,1.908,1.923,1359621000.0,207207000.0,1152414000.0,1359621000.0,0.0,45470000.0,0.0,0.015,0.4,57531000.0,103001000.0,0.22,103001000.0,57531000.0,37868000.0,0.6,0.6,0.6,1021704000.0,,1021704000.0,5369579852.0,17.0,10.875,36722000.0,0.886,1.0,104137000.0,0.222,636187000.0,19663000.0,3369503000.0,,318018000.0,0.0,0.0,0.0,1965242000.0,348639000.0,1616603000.0,4021573852.0,23898000.0,6569000.0,389000.0,-2081000.0,-16804000.0,-19393000.0,-27900000.0,0.0,71191000.0,0.0,25261000.0,25261000.0,25261000.0,0.0,1055000.0,0.054,43589000.0,60548000.0,62921000.0,0.667,3.936,22.817,23.114,1690529000.0,0.0,97.08,1.9,1.898,211596000.0,1044417000.0,469092000.0,469092000.0,139000.0,,,,,4636000.0,33878000.0,1.0,41425359.0,41439000,41623000.0,11.32,2396315000.0,57967000.0,12607000.0,174308000.0,57.828,316392000.0
51,MLM,MRQ,2008-09-30,2008-09-30,2008-09-30,2021-07-29,-36952000.0,3063632000.0,,673661000.0,2389971000.0,,25.981,-64369000.0,13896000.0,13896000.0,447137000.0,68307000.0,1.587,1.807,1361902000.0,209187000.0,1152715000.0,1361902000.0,0.0,43962000.0,0.0,0.013,0.4,111997000.0,155959000.0,0.26,155959000.0,111997000.0,92499000.0,1.58,1.58,1.58,1075215000.0,,1075215000.0,6064935896.0,17.0,11.411,83538000.0,2.019,1.0,151574000.0,0.253,627973000.0,19498000.0,3359109000.0,,305550000.0,7594000.0,0.0,7594000.0,1943426000.0,424556000.0,1518870000.0,4633194896.0,740000.0,13871000.0,2037000.0,-82602000.0,-16786000.0,-96669000.0,-50498000.0,0.0,147907000.0,0.0,66326000.0,66326000.0,66326000.0,0.0,1981000.0,0.111,36663000.0,114911000.0,97247000.0,0.253,4.309,22.325,22.9,1718446000.0,0.0,111.98,2.13,2.131,301770000.0,1036944000.0,598711000.0,598711000.0,145000.0,,,,,1839000.0,37734000.0,1.0,41375200.0,41385000,41630000.0,14.467,2435659000.0,29347000.0,26173000.0,200655000.0,58.854,249105000.0
52,MLM,MRQ,2008-06-30,2008-06-30,2008-06-30,2021-07-29,-38932000.0,3071582000.0,,690847000.0,2380735000.0,,24.6,-73995000.0,13156000.0,13156000.0,458355000.0,65076000.0,1.403,1.977,1444897000.0,291865000.0,1153032000.0,1444897000.0,0.0,42775000.0,0.0,0.013,0.345,109427000.0,152202000.0,0.255,152202000.0,109427000.0,90126000.0,1.52,1.52,1.52,1016777000.0,,1016777000.0,5468841491.0,14.0,9.911,-24169000.0,-0.585,1.0,139469000.0,0.233,629221000.0,19301000.0,3381584000.0,,297371000.0,8656000.0,1047000.0,7609000.0,2009831000.0,492518000.0,1517313000.0,4281423491.0,-421000.0,-195159000.0,475000.0,243188000.0,-14486000.0,218907000.0,-269154000.0,0.0,49826000.0,0.0,63804000.0,63804000.0,63804000.0,0.0,1272000.0,0.107,34586000.0,104883000.0,101037000.0,0.227,4.211,18.496,18.938,1704677000.0,0.0,103.59,1.953,1.954,321985000.0,987403000.0,597824000.0,597824000.0,134000.0,,,,,8130000.0,42039000.0,1.0,41330471.0,41333000,41596000.0,14.464,2442361000.0,33342000.0,26322000.0,174481000.0,59.09,198329000.0
53,MLM,MRQ,2008-03-31,2008-03-31,2008-03-31,2021-07-29,-40852000.0,2760108000.0,,620880000.0,2139228000.0,,23.116,-85413000.0,13577000.0,13577000.0,376411000.0,20051000.0,1.14,1.844,1200995000.0,345340000.0,855655000.0,1200995000.0,0.0,38922000.0,0.0,0.012,0.345,43576000.0,82498000.0,0.183,82498000.0,43576000.0,27738000.0,0.5,0.5,0.5,955187000.0,,955187000.0,5490577064.0,13.0,9.549,-8703000.0,-0.211,1.0,75148000.0,0.166,590548000.0,15838000.0,2812470000.0,,296466000.0,9458000.0,2020000.0,7438000.0,1761207000.0,544508000.0,1216699000.0,4379942064.0,-6461000.0,-17797000.0,-23647000.0,59340000.0,-14435000.0,20039000.0,-103210000.0,0.0,76710000.0,0.0,20864000.0,20864000.0,20864000.0,0.0,-813000.0,0.046,32288000.0,42860000.0,92623000.0,0.69,4.585,17.476,17.995,1505184000.0,0.0,106.17,2.005,2.009,239009000.0,938085000.0,451559000.0,451559000.0,178000.0,,,,,3890000.0,37696000.0,1.0,41254046.0,41322000,41924000.0,10.928,2169560000.0,43411000.0,6874000.0,165804000.0,52.504,76372000.0
54,MLM,MRQ,2007-12-31,2007-12-31,2007-12-31,2021-07-29,-37032000.0,2683805000.0,,626010000.0,2057795000.0,,22.621,-67984000.0,20038000.0,20038000.0,397825000.0,57131000.0,1.236,1.837,1130673000.0,282487000.0,848186000.0,1130673000.0,0.0,39251000.0,0.0,0.009,0.345,101590000.0,140841000.0,0.267,140841000.0,101590000.0,85839000.0,1.29,1.29,1.29,945991000.0,,945991000.0,6653070966.0,15.0,11.289,56793000.0,1.358,1.0,129114000.0,0.245,584093000.0,15751000.0,2703731000.0,,286885000.0,8457000.0,0.0,8457000.0,1737814000.0,506616000.0,1231198000.0,5550593966.0,-6379000.0,4065000.0,-55943000.0,2201000.0,-14638000.0,-67237000.0,-63919000.0,0.0,124777000.0,0.0,56541000.0,56541000.0,56541000.0,1325000.0,590000.0,0.107,29892000.0,99222000.0,86868000.0,0.267,5.867,21.125,21.773,1433553000.0,0.0,132.6,2.535,2.583,247916000.0,931656000.0,526939000.0,526939000.0,310000.0,,,,,199000.0,36165000.0,1.0,41859683.0,41819000,41185000.0,12.6,2099712000.0,44285000.0,29298000.0,160902000.0,50.21,119394000.0
55,MLM,MRQ,2007-09-30,2007-09-30,2007-09-30,2021-07-29,-30071000.0,2721950000.0,,690860000.0,2031090000.0,,23.61,-81955000.0,26417000.0,26417000.0,448068000.0,90266000.0,2.182,1.757,1128894000.0,78189000.0,1050705000.0,1128894000.0,0.0,37680000.0,0.0,0.009,0.345,138554000.0,176234000.0,0.286,176234000.0,138554000.0,121314000.0,2.16,2.16,2.16,987283000.0,,987283000.0,6733676673.0,15.0,11.406,50812000.0,1.215,1.0,167314000.0,0.272,584517000.0,17240000.0,2923279000.0,,285252000.0,8801000.0,0.0,8801000.0,1734667000.0,316631000.0,1418036000.0,5581900673.0,-4473000.0,9797000.0,41000.0,-52988000.0,-14629000.0,-65082000.0,-72158000.0,0.0,132767000.0,0.0,90266000.0,90266000.0,90266000.0,-425000.0,0.0,0.147,30433000.0,136881000.0,92151000.0,0.16,5.654,20.776,21.437,1405716000.0,0.0,133.55,2.554,2.555,314177000.0,963622000.0,615382000.0,615382000.0,170000.0,,,,,856000.0,36439000.0,1.0,41796336.0,41817000,42475000.0,14.716,2137433000.0,42118000.0,31048000.0,166623000.0,51.114,374229000.0
56,MLM,MRQ,2007-06-30,2007-06-30,2007-06-30,2021-07-29,-29574000.0,2667727000.0,,691283000.0,1976444000.0,,21.3,-65120000.0,30890000.0,30890000.0,412391000.0,82952000.0,1.956,1.95,1182666000.0,131139000.0,1051527000.0,1182666000.0,0.0,37424000.0,0.0,0.007,0.275,137974000.0,175398000.0,0.297,175398000.0,137974000.0,121272000.0,1.95,1.95,1.95,904337000.0,,904337000.0,7854135182.0,19.0,13.886,25834000.0,0.608,1.0,177922000.0,0.301,584974000.0,16702000.0,2881158000.0,,297800000.0,8812000.0,0.0,8812000.0,1763390000.0,353371000.0,1410019000.0,6905602182.0,12782000.0,4055000.0,-223512000.0,212401000.0,-11866000.0,-17107000.0,-61065000.0,0.0,90954000.0,0.0,82952000.0,82952000.0,82952000.0,-565000.0,0.0,0.141,41667000.0,136255000.0,92351000.0,0.141,7.636,27.127,28.177,1347440000.0,0.0,162.02,3.179,3.167,298462000.0,861299000.0,590313000.0,590313000.0,186000.0,,,,,3269000.0,44309000.0,1.0,42621912.0,42458000,43141000.0,13.903,2082753000.0,38942000.0,38320000.0,164819000.0,49.054,337912000.0
57,MLM,MRQ,2007-03-31,2007-03-31,2007-03-31,2021-07-29,-35223000.0,2560527000.0,,621208000.0,1939319000.0,,22.473,-49864000.0,18108000.0,18108000.0,365479000.0,32990000.0,0.99,1.558,966641000.0,387958000.0,578683000.0,966641000.0,0.0,35983000.0,0.0,0.008,0.275,60976000.0,96959000.0,0.211,96959000.0,60976000.0,49776000.0,0.74,0.74,0.74,1001117000.0,,1001117000.0,6772713901.0,17.0,12.454,-812000.0,-0.018,1.0,94196000.0,0.205,586500000.0,11200000.0,2294886000.0,,281467000.0,9493000.0,0.0,9493000.0,1559410000.0,627674000.0,931736000.0,6091341901.0,-14174000.0,-9021000.0,-257127000.0,253474000.0,-12477000.0,-4341000.0,-58885000.0,0.0,49052000.0,0.0,32990000.0,32990000.0,32990000.0,-85000.0,0.0,0.072,35985000.0,58211000.0,90933000.0,0.372,6.085,24.621,24.762,1314583000.0,0.0,135.2,2.809,2.777,252805000.0,974106000.0,459675000.0,459675000.0,203000.0,,,,,-7915000.0,38273000.0,1.0,45054304.0,44548000,45313000.0,10.319,1974027000.0,38823000.0,16786000.0,179050000.0,44.312,-6466000.0
58,MLM,MRQ,2006-12-31,2006-12-31,2006-12-31,2021-07-29,-36051000.0,2506421000.0,,592354000.0,1914067000.0,,27.786,-53389000.0,32282000.0,32282000.0,383189000.0,62466000.0,1.88,0.999,713654000.0,134346000.0,579308000.0,713654000.0,0.0,38735000.0,0.0,0.01,0.275,103030000.0,141765000.0,0.272,141765000.0,103030000.0,92425000.0,1.38,1.38,1.38,1253972000.0,,1253972000.0,5395293477.0,14.0,10.088,75081000.0,1.664,1.0,137172000.0,0.264,581486000.0,10605000.0,2291235000.0,,256287000.0,12876000.0,2521000.0,10355000.0,1252449000.0,315072000.0,937377000.0,4690972477.0,9453000.0,3629000.0,-49810000.0,-12993000.0,-12578000.0,-69257000.0,-49760000.0,0.0,128470000.0,0.0,62466000.0,62466000.0,62466000.0,-262000.0,0.0,0.12,35060000.0,102112000.0,85237000.0,0.199,3.741,19.114,19.243,1295491000.0,0.0,103.91,2.141,2.156,242399000.0,1142084000.0,520361000.0,520361000.0,257000.0,,,,,-2365000.0,38102000.0,1.0,45144572.0,45129000,45944000.0,11.531,1924935000.0,25317000.0,29959000.0,159094000.0,42.654,277282000.0
59,MLM,MRQ,2006-09-30,2006-09-30,2006-09-30,2021-07-29,-17187000.0,2532696000.0,,608289000.0,1924407000.0,,27.876,-54888000.0,22829000.0,22829000.0,452366000.0,76160000.0,1.691,1.007,727150000.0,147326000.0,579824000.0,727150000.0,0.0,36072000.0,0.0,0.011,0.275,115429000.0,151501000.0,0.252,151501000.0,115429000.0,105359000.0,1.68,1.68,1.68,1262070000.0,,1262070000.0,4550432071.0,12.0,8.9,40955000.0,0.905,1.0,149287000.0,0.248,582960000.0,10070000.0,2294362000.0,,244537000.0,10713000.0,0.0,10713000.0,1270626000.0,359695000.0,910931000.0,3836146071.0,2443000.0,4250000.0,-25117000.0,-7021000.0,-12592000.0,-42762000.0,-50638000.0,0.0,95843000.0,0.0,76160000.0,76160000.0,76160000.0,344000.0,0.0,0.127,33275000.0,116012000.0,89650000.0,0.164,3.04,16.627,16.756,1279366000.0,0.0,84.62,1.784,1.781,296001000.0,1092196000.0,601653000.0,601653000.0,175000.0,,,,,1646000.0,35254000.0,1.0,45333799.0,45275000,46121000.0,13.289,1949736000.0,16022000.0,29199000.0,154793000.0,43.064,248594000.0
60,MLM,MRQ,2006-06-30,2006-06-30,2006-06-30,2021-07-29,-15325000.0,2502016000.0,,607767000.0,1894249000.0,,26.702,-65738000.0,20386000.0,20386000.0,433893000.0,75790000.0,2.425,1.052,734672000.0,29313000.0,705359000.0,734672000.0,0.0,33941000.0,0.0,0.01,0.23,119653000.0,153594000.0,0.262,153594000.0,119653000.0,109945000.0,1.66,1.66,1.66,1219285000.0,,1219285000.0,4854759607.0,13.0,9.644,15640000.0,0.343,1.0,153140000.0,0.261,587182000.0,9708000.0,2378544000.0,,243714000.0,10836000.0,0.0,10836000.0,1282731000.0,250576000.0,1032155000.0,4168123607.0,-10767000.0,4288000.0,-39602000.0,17361000.0,-10632000.0,-30695000.0,-61450000.0,0.0,81378000.0,0.0,75790000.0,75790000.0,75790000.0,97000.0,0.0,0.129,33696000.0,119444000.0,99526000.0,0.139,3.418,18.051,18.157,1256000000.0,0.0,91.15,1.973,1.97,295053000.0,1028628000.0,587033000.0,587033000.0,140000.0,,,,,1667000.0,37148000.0,1.0,45728180.0,45663000,46623000.0,12.856,1914834000.0,16906000.0,34155000.0,167766000.0,41.934,357191000.0
61,MLM,MRQ,2006-03-31,2006-03-31,2006-03-31,2021-07-29,-15325000.0,2434959000.0,,584881000.0,1850078000.0,,25.945,-91961000.0,31153000.0,31153000.0,398603000.0,31006000.0,2.714,1.051,717789000.0,11927000.0,705862000.0,717789000.0,0.0,32681000.0,0.0,0.008,0.23,54829000.0,87510000.0,0.181,87510000.0,54829000.0,44853000.0,0.68,0.68,0.68,1187003000.0,,1187003000.0,5539498244.0,16.0,11.497,-59460000.0,-1.3,1.0,84316000.0,0.175,587959000.0,9976000.0,2318102000.0,,241445000.0,18959000.0,3641000.0,15318000.0,1247956000.0,215534000.0,1032422000.0,4898931244.0,-45592000.0,15386000.0,-26824000.0,3728000.0,-10619000.0,-26518000.0,-51575000.0,25000000.0,32501000.0,0.0,31006000.0,31006000.0,31006000.0,-1104000.0,0.0,0.064,32685000.0,51631000.0,93347000.0,0.338,4.127,22.618,22.87,1205505000.0,0.0,107.03,2.367,2.366,241587000.0,963471000.0,482919000.0,482919000.0,164000.0,,,,,-4977000.0,36161000.0,1.0,45771571.0,45750000,46785000.0,10.556,1847000000.0,16519000.0,13847000.0,157840000.0,40.372,369347000.0
62,MLM,MRQ,2005-12-31,2005-12-31,2005-12-31,2021-07-29,-15325000.0,2433316000.0,,602041000.0,1831275000.0,,25.412,-65291000.0,76745000.0,76745000.0,364340000.0,47757000.0,3.008,1.073,717312000.0,8153000.0,709159000.0,717312000.0,0.0,34861000.0,0.0,0.011,0.23,83812000.0,118673000.0,0.248,118673000.0,83812000.0,73439000.0,1.03,1.03,1.03,1173685000.0,,1173685000.0,4169807723.0,13.0,9.313,44465000.0,0.963,1.0,114761000.0,0.24,588007000.0,10373000.0,2285754000.0,,222728000.0,57964000.0,30081000.0,27883000.0,1259631000.0,200122000.0,1059509000.0,3557006723.0,-34838000.0,4391000.0,-66597000.0,-6489000.0,-10608000.0,-83694000.0,-60900000.0,0.0,109756000.0,0.0,47757000.0,47757000.0,47757000.0,3274000.0,0.0,0.1,28076000.0,86685000.0,93445000.0,0.223,3.031,18.462,18.531,1166351000.0,0.0,76.72,1.801,1.808,225012000.0,948012000.0,479101000.0,479101000.0,132000.0,,,,,8467000.0,33548000.0,1.0,46363487.0,46186000,47039000.0,10.373,1845309000.0,14989000.0,25682000.0,151308000.0,39.954,401919000.0
63,MLM,MRQ,2005-09-30,2005-09-30,2005-09-30,2021-07-29,-8970000.0,2475083000.0,,666173000.0,1808910000.0,,25.924,-54826000.0,111583000.0,111583000.0,429025000.0,76360000.0,2.831,1.06,724384000.0,14604000.0,709780000.0,724384000.0,0.0,35660000.0,0.0,0.011,0.23,107942000.0,143602000.0,0.255,143602000.0,107942000.0,97170000.0,1.65,1.65,1.65,1201549000.0,,1201549000.0,4269126634.0,14.0,9.87,44552000.0,0.961,1.0,134889000.0,0.239,588825000.0,10772000.0,2263741000.0,,209451000.0,53352000.0,28787000.0,24565000.0,1273534000.0,235318000.0,1038216000.0,3632930634.0,30173000.0,11757000.0,-8025000.0,8404000.0,-10648000.0,-10736000.0,-58469000.0,-15000000.0,99378000.0,0.0,76360000.0,76360000.0,76360000.0,-313000.0,0.0,0.135,27071000.0,107818000.0,94754000.0,0.139,3.024,19.972,20.17,1141765000.0,0.0,78.46,1.892,1.894,288422000.0,910863000.0,563914000.0,563914000.0,189000.0,,,,,6332000.0,33526000.0,1.0,46302965.0,46349000,47173000.0,12.167,1886258000.0,6088000.0,20810000.0,153728000.0,40.697,430855000.0
64,MLM,MRQ,2005-06-30,2005-06-30,2005-06-30,2021-07-29,-8970000.0,2406267000.0,,624265000.0,1782002000.0,,24.447,-54096000.0,81410000.0,81410000.0,414216000.0,61472000.0,2.721,1.114,717606000.0,6115000.0,711491000.0,717606000.0,0.0,34440000.0,0.0,0.012,0.2,97583000.0,132023000.0,0.243,132023000.0,97583000.0,86921000.0,1.32,1.32,1.32,1138480000.0,,1138480000.0,3837666121.0,14.0,9.486,24539000.0,0.527,1.0,129625000.0,0.238,589663000.0,10662000.0,2223344000.0,,217003000.0,38761000.0,13844000.0,24917000.0,1267787000.0,229456000.0,1038331000.0,3221694121.0,-21687000.0,9026000.0,-33350000.0,-2614000.0,-9288000.0,-45252000.0,-55070000.0,-10000000.0,78635000.0,0.0,61472000.0,61472000.0,61472000.0,1309000.0,0.0,0.113,29769000.0,99856000.0,103566000.0,0.152,2.83,20.193,20.571,1123507000.0,0.0,69.12,1.74,1.738,282844000.0,845152000.0,543841000.0,543841000.0,193000.0,,,,,1667000.0,31801000.0,1.0,46610158.0,46569000,47174000.0,11.678,1816604000.0,6112000.0,25449000.0,162254000.0,39.009,394809000.0
65,MLM,MRQ,2005-03-31,2005-03-31,2005-03-31,2021-07-29,-8970000.0,2354128000.0,,585543000.0,1768585000.0,,23.768,-47188000.0,103097000.0,103097000.0,340058000.0,7077000.0,2.947,1.105,719069000.0,8723000.0,710346000.0,719069000.0,0.0,33290000.0,0.0,0.014,0.2,20153000.0,53443000.0,0.137,53443000.0,20153000.0,9363000.0,0.15,0.15,0.15,1118571000.0,,1118571000.0,3200076825.0,13.0,8.417,-17173000.0,-0.365,1.0,49669000.0,0.127,590245000.0,10790000.0,2181134000.0,,224919000.0,29623000.0,3900000.0,25723000.0,1235557000.0,198721000.0,1036836000.0,2637538825.0,-58523000.0,7758000.0,-37549000.0,-2150000.0,-9409000.0,-49108000.0,-39430000.0,0.0,30015000.0,0.0,7077000.0,7077000.0,7077000.0,1533000.0,0.0,0.018,30218000.0,19451000.0,89596000.0,1.333,2.358,18.472,18.828,1106657000.0,0.0,55.92,1.49,1.487,220442000.0,792967000.0,389727000.0,389727000.0,148000.0,,,,,2573000.0,31828000.0,1.0,47166288.0,47061842,47737996.0,8.281,1763883000.0,5831000.0,2286000.0,149625000.0,37.48,386822000.0
66,MLM,MRQ,2004-12-31,2004-12-31,2004-12-31,2021-07-29,-8970000.0,2355852000.0,,624253000.0,1731599000.0,,24.126,-54695000.0,161620000.0,161620000.0,328907000.0,36990000.0,3.063,1.042,724158000.0,10497000.0,713661000.0,724158000.0,0.0,32963000.0,0.0,0.014,0.2,70526000.0,103489000.0,0.245,103489000.0,70526000.0,59574000.0,0.77,0.77,0.77,1153427000.0,,1153427000.0,3163147893.0,14.0,8.726,62933000.0,1.316,1.0,93356000.0,0.221,586137000.0,10952000.0,2128440000.0,,209309000.0,31156000.0,4655000.0,26501000.0,1202425000.0,203813000.0,998612000.0,2576956893.0,26143000.0,8693000.0,-39574000.0,3627000.0,-9536000.0,-45483000.0,-46002000.0,0.0,117628000.0,0.0,36990000.0,36990000.0,36990000.0,1052000.0,0.0,0.088,24762000.0,68594000.0,89949000.0,0.26,2.234,19.951,20.022,1065215000.0,0.0,53.66,1.498,1.502,219589000.0,795299000.0,422263000.0,422263000.0,355000.0,,,,,2839000.0,32302000.0,1.0,48023796.0,47808538,48205464.0,8.832,1769715000.0,5750000.0,22584000.0,149876000.0,37.017,420440000.0
67,MLM,MRQ,2004-09-30,2004-09-30,2004-09-30,2021-07-29,-8694000.0,2388217000.0,,679980000.0,1708237000.0,,24.214,-38413000.0,135477000.0,135477000.0,384287000.0,54003000.0,3.08,1.046,721668000.0,6713000.0,714955000.0,721668000.0,0.0,33094000.0,0.0,0.016,0.2,82526000.0,115620000.0,0.233,115620000.0,82526000.0,71775000.0,1.12,1.12,1.12,1167526000.0,,1167526000.0,2822533132.0,13.0,8.053,58904000.0,1.222,1.0,111405000.0,0.225,596779000.0,10751000.0,2156880000.0,,208690000.0,0.0,0.0,0.0,1220691000.0,220749000.0,999942000.0,2183130132.0,49675000.0,10888000.0,-5017000.0,-5464000.0,-9636000.0,-20117000.0,-27525000.0,0.0,97317000.0,0.0,54003000.0,54003000.0,54003000.0,0.0,0.0,0.109,28829000.0,82576000.0,89940000.0,0.179,1.87,17.965,18.036,1044890000.0,0.0,45.27,1.322,1.322,286024000.0,767846000.0,495692000.0,495692000.0,201000.0,,,,,494000.0,30827000.0,1.0,48224655.0,48216947,48572510.0,10.28,1791438000.0,28742000.0,17772000.0,151205000.0,37.154,459231000.0
68,MLM,MRQ,2004-06-30,2004-06-30,2004-06-30,2021-07-29,-8694000.0,2312960000.0,,616875000.0,1696085000.0,,23.399,-40559000.0,85802000.0,85802000.0,356311000.0,44715000.0,3.099,1.05,725205000.0,11967000.0,713238000.0,725205000.0,0.0,33188000.0,0.0,0.016,0.18,74440000.0,107628000.0,0.233,107628000.0,74440000.0,63697000.0,0.93,0.93,0.93,1128088000.0,,1128088000.0,2815948368.0,14.0,8.137,27922000.0,0.579,1.0,105957000.0,0.229,598910000.0,10743000.0,2154419000.0,,228724000.0,0.0,0.0,0.0,1184872000.0,199034000.0,985838000.0,2137114368.0,33022000.0,14181000.0,775000.0,-1189000.0,-8667000.0,-9081000.0,-26378000.0,0.0,68481000.0,0.0,44715000.0,44715000.0,44715000.0,268000.0,0.0,0.097,31527000.0,74430000.0,77482000.0,0.194,1.894,18.907,19.108,1041057000.0,0.0,44.33,1.288,1.288,259889000.0,723479000.0,462268000.0,462268000.0,181000.0,,,,,0.0,32775000.0,1.0,48209212.0,48210140,48570644.0,9.589,1714050000.0,21664000.0,18982000.0,137762000.0,35.554,417841000.0
69,MLM,MRQ,2004-03-31,2004-03-31,2004-03-31,2021-07-29,-8694000.0,2265718000.0,,563070000.0,1702648000.0,,22.567,-29778000.0,52780000.0,52780000.0,304278000.0,-6545000.0,2.542,1.077,731614000.0,13036000.0,718578000.0,731614000.0,0.0,33614000.0,0.0,0.016,0.18,2078000.0,35692000.0,0.105,35692000.0,2078000.0,-8210000.0,-0.14,-0.14,-0.14,1090745000.0,,1090745000.0,2825917118.0,14.0,8.268,-46363000.0,-0.959,1.0,35869000.0,0.105,603948000.0,10288000.0,2119132000.0,,229663000.0,0.0,0.0,0.0,1174973000.0,221472000.0,953501000.0,2221645118.0,-72353000.0,6358000.0,-23904000.0,224000.0,-8668000.0,-32348000.0,-23420000.0,0.0,-16585000.0,0.0,-6545000.0,-6545000.0,-6545000.0,2652000.0,0.0,-0.019,31547000.0,4322000.0,71411000.0,-1.286,2.037,20.577,20.982,1038686000.0,0.0,46.16,1.345,1.35,226059000.0,687432000.0,340147000.0,340147000.0,154000.0,,,,,0.0,31593000.0,1.0,48129227.0,48332774,48332774.0,7.038,1661770000.0,21633000.0,-1665000.0,133636000.0,34.382,341598000.0
70,MLM,MRQ,2003-12-31,2003-12-31,2003-12-31,2021-07-29,-8694000.0,2319225000.0,,610651000.0,1708574000.0,,23.105,-38204000.0,125133000.0,125133000.0,262747000.0,29345000.0,2.741,1.053,729405000.0,12332000.0,717073000.0,729405000.0,0.0,35792000.0,0.0,0.015,0.18,55772000.0,91564000.0,0.259,91564000.0,55772000.0,45094000.0,0.6,0.6,0.6,1129847000.0,,1129847000.0,2965684508.0,16.0,9.19,67558000.0,1.382,1.0,90829000.0,0.257,602728000.0,10678000.0,2098018000.0,,213843000.0,20732000.0,3064000.0,17668000.0,1189378000.0,222751000.0,966627000.0,2298250508.0,60645000.0,14463000.0,-12602000.0,24000.0,-8798000.0,-21376000.0,-23741000.0,0.0,105762000.0,0.0,29345000.0,29345000.0,29345000.0,8139000.0,0.0,0.083,26233000.0,64596000.0,76576000.0,0.3,2.034,24.548,24.592,1042432000.0,0.0,46.97,1.412,1.411,231514000.0,702643000.0,353576000.0,353576000.0,197000.0,,,,,323000.0,30534000.0,1.0,48930179.0,48900206,49184144.0,7.231,1716497000.0,21603000.0,15749000.0,119480000.0,35.102,387900000.0
71,MLM,MRQ,2003-09-30,2003-09-30,2003-09-30,2021-07-29,-7365000.0,2331182000.0,,612372000.0,1718810000.0,,22.954,-25784000.0,53574000.0,53574000.0,401105000.0,45520000.0,2.959,1.076,721008000.0,1249000.0,719759000.0,721008000.0,0.0,35764000.0,0.0,0.018,0.18,75434000.0,111198000.0,0.221,111198000.0,75434000.0,64529000.0,0.93,0.93,0.93,1122954000.0,,1122954000.0,2532381507.0,17.0,8.679,84607000.0,1.729,1.0,102506000.0,0.204,607422000.0,10905000.0,2184207000.0,,212681000.0,0.0,0.0,0.0,1208228000.0,206987000.0,1001241000.0,1783148507.0,47311000.0,8817000.0,201000.0,-37519000.0,-8795000.0,-46113000.0,-16967000.0,0.0,110391000.0,0.0,45520000.0,45520000.0,45520000.0,95000.0,0.0,0.09,28365000.0,74141000.0,82702000.0,0.194,1.588,22.191,22.362,1046334000.0,0.0,36.45,1.105,1.105,312843000.0,682096000.0,503611000.0,503611000.0,245000.0,,,,,0.0,29969000.0,1.0,48920398.0,48922858,49189728.0,10.294,1723760000.0,23800000.0,19009000.0,124938000.0,35.234,405385000.0
72,MLM,MRQ,2003-06-30,2003-06-30,2003-06-30,2021-07-29,-7365000.0,2306973000.0,,586764000.0,1720209000.0,,22.207,-28641000.0,6907000.0,6907000.0,356290000.0,39650000.0,2.828,1.124,756140000.0,9439000.0,746701000.0,756140000.0,0.0,34607000.0,0.0,0.019,0.18,68731000.0,103338000.0,0.227,103338000.0,68731000.0,57848000.0,0.81,0.81,0.81,1086023000.0,,1086023000.0,2407233602.0,17.0,8.496,12766000.0,0.261,1.0,98567000.0,0.217,608147000.0,10883000.0,2240594000.0,,237802000.0,0.0,0.0,0.0,1220950000.0,207465000.0,1013485000.0,1643561602.0,627000.0,327000.0,185000.0,-16438000.0,-8794000.0,-12466000.0,-28314000.0,0.0,41407000.0,0.0,39650000.0,39650000.0,39650000.0,0.0,0.0,0.087,29713000.0,68854000.0,74893000.0,0.222,1.513,22.283,22.407,1058537000.0,0.0,33.61,1.038,1.038,296525000.0,645371000.0,454857000.0,454857000.0,112000.0,,,,,0.0,28852000.0,1.0,48900970.0,48905591,49111046.0,9.301,1698826000.0,24320000.0,18198000.0,116881000.0,34.737,379299000.0
73,MLM,MRQ,2003-03-31,2003-03-31,2003-03-31,2021-07-29,-7365000.0,2268875000.0,,533260000.0,1735615000.0,,21.398,-28009000.0,4226000.0,4226000.0,293262000.0,-20892000.0,2.618,1.169,767898000.0,8960000.0,758938000.0,767898000.0,0.0,33443000.0,0.0,0.021,0.15,-18019000.0,15424000.0,0.049,15424000.0,-18019000.0,-28140000.0,-0.43,-0.43,-0.43,1046170000.0,,1046170000.0,2093856590.0,13.0,7.043,-8400000.0,-0.172,1.0,21042000.0,0.067,610900000.0,10121000.0,2217923000.0,,247868000.0,0.0,0.0,0.0,1222705000.0,203724000.0,1018981000.0,1348692590.0,2052000.0,-2747000.0,0.0,20526000.0,-7327000.0,13199000.0,-30756000.0,0.0,19609000.0,0.0,-20892000.0,-20892000.0,-20892000.0,2059000.0,0.0,-0.066,29821000.0,-8779000.0,63901000.0,-0.349,1.289,15.419,15.425,1067292000.0,0.0,27.61,0.847,0.848,222286000.0,605722000.0,314304000.0,314304000.0,58000.0,,,,,0.0,31005000.0,1.0,48847975.0,48890996,48890996.0,6.429,1657975000.0,23052000.0,-7248000.0,111119000.0,33.912,329536000.0
74,MLM,MRQ,2002-12-31,2002-12-31,2002-12-31,2021-07-29,-7365000.0,2273028000.0,,540647000.0,1732381000.0,,24.158,-43407000.0,14498000.0,14498000.0,286418000.0,16077000.0,2.546,1.099,759662000.0,26191000.0,733471000.0,759662000.0,0.0,35721000.0,0.0,0.019,0.15,26105000.0,61826000.0,0.182,61826000.0,26105000.0,15602000.0,0.32,0.32,0.32,1083010000.0,,1083010000.0,2273960758.0,14.0,7.55,27825000.0,0.621,1.0,54175000.0,0.159,609421000.0,10503000.0,2196446000.0,,239726000.0,0.0,0.0,0.0,1190018000.0,212325000.0,977693000.0,1496858758.0,-13797000.0,11651000.0,-35000.0,-45915000.0,-7323000.0,-53273000.0,-31756000.0,0.0,71232000.0,0.0,16077000.0,16077000.0,16077000.0,1420000.0,0.0,0.047,24143000.0,30032000.0,73186000.0,0.469,1.382,17.344,17.322,1067576000.0,0.0,30.66,0.942,0.921,232884000.0,642734000.0,340593000.0,340593000.0,137000.0,,,,,0.0,28095000.0,1.0,48821225.0,44830038,48904323.0,7.597,1663607000.0,21387000.0,-475000.0,110803000.0,37.109,328322000.0
75,MLM,MRQ,2002-09-30,2002-09-30,2002-09-30,2021-07-29,0.0,2321994000.0,,577800000.0,1744194000.0,,22.363,-41420000.0,6077000.0,6077000.0,375721000.0,38925000.0,2.582,1.127,783179000.0,9699000.0,773480000.0,783179000.0,0.0,34646000.0,0.0,0.018,0.15,68099000.0,102745000.0,0.217,102745000.0,68099000.0,56920000.0,0.8,0.8,0.8,1091772000.0,,1091772000.0,2395256233.0,13.0,7.239,43253000.0,0.886,1.0,97323000.0,0.206,627055000.0,11179000.0,2248304000.0,,241695000.0,0.0,0.0,0.0,1230222000.0,223737000.0,1006485000.0,1590043233.0,1321000.0,5324000.0,65000.0,-39998000.0,-7323000.0,-47256000.0,-36096000.0,0.0,84673000.0,0.0,38925000.0,38925000.0,38925000.0,-114000.0,0.0,0.082,28780000.0,68543000.0,81653000.0,0.188,1.456,16.681,16.533,1062538000.0,0.0,32.57,1.008,1.008,281044000.0,645490000.0,473044000.0,473044000.0,12000.0,,,,,0.0,28833000.0,1.0,48819258.0,48820079,48955259.0,9.69,1694939000.0,24167000.0,17995000.0,112010000.0,34.718,354063000.0
76,MLM,MRQ,2002-06-30,2002-06-30,2002-06-30,2021-07-29,0.0,2301541000.0,,573715000.0,1727826000.0,,21.769,-39747000.0,4756000.0,4756000.0,355274000.0,53362000.0,2.725,1.171,809969000.0,8618000.0,801351000.0,809969000.0,0.0,34390000.0,0.0,0.014,0.14,82926000.0,117316000.0,0.253,117316000.0,82926000.0,71713000.0,1.1,1.1,1.1,1060160000.0,,1060160000.0,2710655485.0,14.0,7.849,-11502000.0,-0.236,1.0,109080000.0,0.235,614534000.0,11213000.0,2281684000.0,,252715000.0,0.0,0.0,0.0,1241381000.0,210536000.0,1030845000.0,1894585485.0,-6381000.0,32983000.0,460000.0,-21488000.0,-6834000.0,-27862000.0,-6764000.0,0.0,28245000.0,0.0,53362000.0,53362000.0,53362000.0,-10535000.0,0.0,0.115,28169000.0,80911000.0,80288000.0,0.127,1.787,18.517,18.396,1053714000.0,0.0,39.0,1.181,1.184,281778000.0,613888000.0,464354000.0,464354000.0,136000.0,,,,,0.0,28488000.0,1.0,48579115.0,48700333,48851807.0,9.535,1687007000.0,23317000.0,18351000.0,107443000.0,34.641,363179000.0
77,MLM,MRQ,2002-03-31,2002-03-31,2002-03-31,2021-07-29,0.0,2236343000.0,,515312000.0,1721031000.0,,20.671,-28106000.0,11137000.0,11137000.0,296174000.0,-22059000.0,2.716,1.228,827207000.0,6119000.0,821088000.0,827207000.0,0.0,33939000.0,0.0,0.013,0.14,-14356000.0,19583000.0,0.06,19583000.0,-14356000.0,-25489000.0,-0.45,-0.45,-0.45,1003672000.0,,1003672000.0,2850688265.0,15.0,8.383,-8696000.0,-0.179,1.0,28001000.0,0.086,610735000.0,11133000.0,2251961000.0,,253515000.0,0.0,0.0,0.0,1232671000.0,189717000.0,1042954000.0,2050192265.0,9758000.0,-197000.0,150000.0,25299000.0,-6798000.0,18651000.0,-28303000.0,0.0,19410000.0,0.0,-22059000.0,-22059000.0,-22059000.0,2826000.0,0.0,-0.068,28267000.0,-266000.0,74530000.0,-0.311,2.043,23.31,22.946,1074943000.0,0.0,42.22,1.267,1.267,200592000.0,567360000.0,324175000.0,324175000.0,84000.0,,,,,0.0,28183000.0,1.0,48559741.0,48554631,48717691.0,6.677,1625608000.0,28548000.0,-3430000.0,109468000.0,33.48,325595000.0
78,MLM,MRQ,2001-12-31,2001-12-31,2001-12-31,2021-07-29,0.0,2224580000.0,,496232000.0,1728348000.0,,21.073,-44733000.0,1379000.0,1379000.0,247638000.0,25095000.0,2.584,1.176,801875000.0,4490000.0,797385000.0,801875000.0,0.0,42250000.0,0.0,0.012,0.14,48968000.0,91218000.0,0.288,91218000.0,48968000.0,38100000.0,0.52,0.52,0.52,1022212000.0,,1022212000.0,3095793443.0,15.0,8.639,49150000.0,1.013,1.0,68786000.0,0.217,606968000.0,10868000.0,2226071000.0,,231003000.0,0.0,0.0,0.0,1202368000.0,192037000.0,1010331000.0,2261155443.0,12072000.0,1008000.0,1134000.0,-28938000.0,-6795000.0,-34599000.0,-47212000.0,0.0,93883000.0,0.0,25095000.0,25095000.0,25095000.0,-4359000.0,0.0,0.079,20400000.0,48386000.0,79572000.0,0.269,2.212,21.461,21.182,1082189000.0,0.0,46.6,1.418,1.399,215184000.0,584707000.0,316424000.0,316424000.0,66000.0,,,,,0.0,24375000.0,1.0,48522649.0,48507521,48597747.0,6.523,1617612000.0,19696000.0,13005000.0,105755000.0,33.348,304195000.0
79,MLM,MRQ,2001-09-30,2001-09-30,2001-09-30,2021-07-29,0.0,2258410000.0,,539222000.0,1719188000.0,,20.669,-47520000.0,0.0,0.0,393815000.0,45917000.0,2.525,1.261,834638000.0,0.0,834638000.0,834638000.0,0.0,38410000.0,0.0,0.014,0.14,78842000.0,117252000.0,0.235,117252000.0,78842000.0,66723000.0,0.95,0.95,0.95,999074000.0,,999074000.0,2743517421.0,14.0,6.168,67276000.0,1.392,1.0,105882000.0,0.212,579394000.0,12119000.0,2300078000.0,,232013000.0,0.0,0.0,0.0,1259336000.0,213576000.0,1045760000.0,1888806421.0,-2809000.0,35396000.0,909000.0,-61923000.0,-6779000.0,-67793000.0,-49812000.0,0.0,114796000.0,0.0,45917000.0,45917000.0,45917000.0,0.0,0.0,0.092,27040000.0,78842000.0,0.0,0.147,1.891,18.74,18.536,1066399000.0,0.0,39.11,1.154,1.155,277469000.0,566407000.0,499697000.0,499697000.0,-178000.0,,,,,0.0,26254000.0,1.0,48294718.0,48337678,48570981.0,10.338,1679016000.0,0.0,20806000.0,0.0,34.735,325646000.0
80,MLM,MRQ,2001-06-30,2001-06-30,2001-06-30,2021-07-29,0.0,2234584000.0,,541251000.0,1693333000.0,,19.85,-50968000.0,0.0,0.0,383948000.0,39002000.0,2.302,1.367,854711000.0,0.0,854711000.0,854711000.0,0.0,39593000.0,0.0,0.011,0.14,72407000.0,112000000.0,0.235,112000000.0,72407000.0,59096000.0,0.82,0.82,0.82,944081000.0,,944081000.0,2958519801.0,16.0,7.395,-3298000.0,-0.069,1.0,93461000.0,0.196,590417000.0,13311000.0,2263714000.0,,240341000.0,0.0,0.0,0.0,1290503000.0,235164000.0,1055339000.0,2341012801.0,-235397000.0,-195421000.0,143000.0,-69503000.0,-6731000.0,-76091000.0,-206976000.0,0.0,47670000.0,0.0,39002000.0,39002000.0,39002000.0,0.0,0.0,0.082,21054000.0,72407000.0,0.0,0.171,2.48,24.153,24.024,1029682000.0,0.0,49.49,1.493,1.501,274559000.0,527269000.0,477409000.0,477409000.0,259000.0,,,,,0.0,28734000.0,1.0,47302744.0,47559897,47803974.0,10.038,1644167000.0,0.0,20094000.0,0.0,34.57,306087000.0
81,MLM,MRQ,2001-03-31,2001-03-31,2001-03-31,2021-07-29,0.0,2157119000.0,,687362000.0,1469757000.0,,18.583,-51165000.0,234534000.0,234534000.0,273667000.0,-4652000.0,2.802,1.466,852041000.0,0.0,852041000.0,852041000.0,0.0,34382000.0,0.0,0.013,0.14,3483000.0,37865000.0,0.126,37865000.0,3483000.0,-7011000.0,-0.1,-0.1,-0.1,874772000.0,,874772000.0,2671327914.0,14.0,7.35,-54571000.0,-1.159,1.0,27164000.0,0.09,394178000.0,10494000.0,2135103000.0,,226522000.0,0.0,0.0,0.0,1282347000.0,245345000.0,1037002000.0,2019814914.0,239312000.0,-13295000.0,435000.0,315090000.0,-6622000.0,308903000.0,-66185000.0,0.0,-3406000.0,0.0,-4652000.0,-4652000.0,-4652000.0,0.0,0.0,-0.015,23681000.0,3483000.0,0.0,-1.4,2.309,20.189,19.953,945652000.0,0.0,42.7,1.345,1.338,185810000.0,494998000.0,300831000.0,300831000.0,409000.0,,,,,0.0,24555000.0,1.0,47302457.0,47073007,47227401.0,6.391,1762941000.0,0.0,-2359000.0,0.0,37.451,442017000.0
82,MLM,MRQ,2000-12-31,2000-12-31,2000-12-31,2021-07-29,0.0,1841439000.0,,425001000.0,1416438000.0,,18.457,-52918000.0,0.0,0.0,292315000.0,20524000.0,2.247,1.133,651513000.0,49933000.0,601580000.0,651513000.0,0.0,136373000.0,0.0,0.013,0.14,41307000.0,177680000.0,0.495,177680000.0,41307000.0,30912000.0,0.44,0.45,0.44,863286000.0,,863286000.0,2574155697.0,12.0,7.416,4547000.0,0.097,1.0,66955000.0,0.186,409456000.0,10395000.0,1894383000.0,,207534000.0,0.0,0.0,0.0,978153000.0,189113000.0,789040000.0,1978197697.0,-10133000.0,5670000.0,670000.0,-7542000.0,-6548000.0,-13420000.0,-54178000.0,0.0,57465000.0,0.0,20524000.0,20524000.0,20524000.0,0.0,0.0,0.057,25648000.0,41307000.0,59029000.0,0.318,2.291,17.658,17.625,914072000.0,0.0,42.3,1.304,1.303,180915000.0,506272000.0,359270000.0,359270000.0,543000.0,,,,,0.0,26500000.0,1.0,46765903.0,46772206,46899157.0,7.681,1431983000.0,16750000.0,10388000.0,89061000.0,30.616,235888000.0
83,MLM,MRQ,2000-09-30,2000-09-30,2000-09-30,2021-07-29,0.0,1854288000.0,,463511000.0,1390777000.0,,18.147,-44580000.0,5355000.0,5355000.0,335037000.0,42051000.0,2.14,1.185,601313000.0,0.0,601313000.0,601313000.0,0.0,0.0,0.0,0.014,0.14,72532000.0,72532000.0,0.168,72532000.0,72532000.0,61852000.0,0.9,0.9,0.9,848600000.0,,848600000.0,2388503379.0,10.0,6.726,38563000.0,0.825,1.0,95426000.0,0.222,375399000.0,10680000.0,1858270000.0,,192381000.0,0.0,0.0,0.0,1005688000.0,216577000.0,789111000.0,1790118379.0,1992000.0,0.0,133000.0,-32912000.0,-6547000.0,-39326000.0,-41825000.0,0.0,83143000.0,0.0,42051000.0,42051000.0,42051000.0,0.0,0.0,0.098,22894000.0,72532000.0,0.0,0.156,2.109,14.422,14.391,891294000.0,0.0,38.28,1.073,1.073,231143000.0,492296000.0,430463000.0,430463000.0,570000.0,,,,,0.0,24012000.0,1.0,46763803.0,46763155,46962201.0,9.205,1478889000.0,0.0,19801000.0,0.0,31.625,246934000.0
84,MLM,MRQ,2000-06-30,2000-06-30,2000-06-30,2021-07-29,0.0,1838118000.0,,457261000.0,1380857000.0,,17.389,-39305000.0,3363000.0,3363000.0,314827000.0,42122000.0,1.933,1.261,601748000.0,0.0,601748000.0,601748000.0,0.0,0.0,0.0,0.013,0.13,75385000.0,75385000.0,0.183,75385000.0,75385000.0,64734000.0,0.9,0.9,0.9,812953000.0,,812953000.0,2493022462.0,11.0,6.916,6226000.0,0.133,1.0,96832000.0,0.235,378970000.0,10651000.0,1821015000.0,,192787000.0,0.0,0.0,0.0,1025165000.0,236518000.0,788647000.0,1891368462.0,4025000.0,-22453000.0,605000.0,23755000.0,-6078000.0,18282000.0,-59788000.0,0.0,45531000.0,0.0,42122000.0,42122000.0,42122000.0,0.0,0.0,0.102,21447000.0,75385000.0,0.0,0.144,2.327,15.008,14.981,877374000.0,0.0,40.45,1.188,1.188,233394000.0,456792000.0,411659000.0,411659000.0,593000.0,,,,,0.0,24664000.0,1.0,46758182.0,46751001,47045402.0,8.805,1459148000.0,0.0,22612000.0,0.0,31.211,220743000.0
85,MLM,MRQ,2000-03-31,2000-03-31,2000-03-31,2021-07-29,0.0,1766405000.0,,411841000.0,1354564000.0,,16.605,-34002000.0,0.0,0.0,271767000.0,7330000.0,2.011,1.277,601654000.0,0.0,601654000.0,601654000.0,0.0,0.0,0.0,0.011,0.13,21492000.0,21492000.0,0.068,21492000.0,21492000.0,11323000.0,0.16,0.16,0.16,775891000.0,,775891000.0,2857874802.0,12.0,7.971,-7261000.0,-0.155,1.0,44358000.0,0.14,373509000.0,10169000.0,1789716000.0,,186924000.0,0.0,0.0,0.0,990514000.0,204834000.0,785680000.0,2219544802.0,-4065000.0,-14218000.0,631000.0,20653000.0,-6075000.0,15209000.0,-46015000.0,0.0,26741000.0,0.0,7330000.0,7330000.0,7330000.0,0.0,0.0,0.023,22866000.0,21492000.0,0.0,0.812,2.861,17.732,17.724,858853000.0,0.0,47.5,1.471,1.471,194152000.0,420748000.0,316125000.0,316125000.0,620000.0,,,,,0.0,23592000.0,1.0,46727259.0,46725456,46885058.0,6.766,1392896000.0,0.0,3993000.0,0.0,29.81,207007000.0
86,MLM,MRQ,1999-12-31,1999-12-31,1999-12-31,2021-07-29,0.0,1742574000.0,,403365000.0,1339209000.0,,16.583,-35126000.0,3403000.0,3403000.0,429332000.0,32617000.0,2.208,1.251,641733000.0,39722000.0,602011000.0,641733000.0,0.0,124754000.0,0.0,0.013,0.13,60976000.0,185730000.0,0.364,185730000.0,60976000.0,50321000.0,0.7,0.7,0.7,774006000.0,,774006000.0,2517790914.0,11.0,7.024,41956000.0,0.899,1.0,81069000.0,0.159,406824000.0,10655000.0,1791384000.0,,172865000.0,0.0,0.0,0.0,968568000.0,182696000.0,785872000.0,1915099914.0,2804000.0,-18574000.0,-6385000.0,-10461000.0,-6071000.0,-22917000.0,-51361000.0,0.0,77082000.0,0.0,32617000.0,32617000.0,32617000.0,0.0,0.0,0.064,20093000.0,60976000.0,55872000.0,0.186,2.474,15.226,15.185,846993000.0,0.0,41.0,1.335,1.334,197554000.0,419493000.0,510401000.0,510401000.0,675000.0,,,,,0.0,21592000.0,1.0,46709754.0,46674747,46864449.0,10.935,1335750000.0,21899000.0,17704000.0,86150000.0,28.618,220669000.0
87,MLM,MRQ,1999-09-30,1999-09-30,1999-09-30,2021-07-29,0.0,1733474000.0,,429749000.0,1303725000.0,,15.848,-42850000.0,599000.0,599000.0,254131000.0,43951000.0,1.959,1.343,603290000.0,0.0,603290000.0,603290000.0,0.0,0.0,0.0,0.013,0.13,77841000.0,77841000.0,0.22,77841000.0,77841000.0,68044000.0,0.94,0.94,0.94,739729000.0,,739729000.0,2467321359.0,11.0,7.635,46404000.0,0.994,1.0,99661000.0,0.282,374113000.0,9797000.0,1742662000.0,,172246000.0,0.0,0.0,0.0,993745000.0,219390000.0,774355000.0,1865145359.0,801000.0,-55639000.0,-5706000.0,15988000.0,-6071000.0,4211000.0,-92664000.0,0.0,89254000.0,0.0,43951000.0,43951000.0,43951000.0,0.0,0.0,0.124,21820000.0,77841000.0,0.0,0.138,2.521,15.056,15.072,809664000.0,0.0,39.94,1.383,1.382,231142000.0,392947000.0,353792000.0,353792000.0,685000.0,,,,,0.0,23364000.0,1.0,46698682.0,46677260,46990461.0,7.58,1359361000.0,0.0,24093000.0,0.0,29.123,210359000.0
88,MLM,MRQ,1999-06-30,1999-06-30,1999-06-30,2021-07-29,0.0,1668962000.0,,427287000.0,1241675000.0,,15.154,-30842000.0,0.0,0.0,238638000.0,41273000.0,2.26,1.359,602176000.0,0.0,602176000.0,602176000.0,0.0,0.0,0.0,0.009,0.13,73465000.0,73465000.0,0.223,73465000.0,73465000.0,63752000.0,0.88,0.88,0.88,707437000.0,,707437000.0,3347750255.0,15.0,10.429,-2722000.0,-0.058,1.0,90227000.0,0.274,345308000.0,9713000.0,1736750000.0,,175417000.0,0.0,0.0,0.0,961525000.0,189080000.0,772445000.0,2754854255.0,-9189000.0,-3051000.0,715000.0,10495000.0,-6071000.0,5139000.0,-42448000.0,0.0,28120000.0,0.0,41273000.0,41273000.0,41273000.0,0.0,0.0,0.126,16762000.0,73465000.0,0.0,0.148,3.894,21.893,21.852,779873000.0,0.0,59.0,2.108,2.107,224780000.0,355068000.0,328865000.0,328865000.0,497000.0,,,,,0.0,24919000.0,1.0,46692445.0,46684229,47030911.0,7.044,1323654000.0,0.0,22479000.0,0.0,28.353,238207000.0
89,MLM,MRQ,1999-03-31,1999-03-31,1999-03-31,2021-07-29,0.0,1596804000.0,,375607000.0,1221197000.0,,14.373,-29002000.0,8987000.0,8987000.0,201319000.0,7940000.0,2.401,1.382,601883000.0,0.0,601883000.0,601883000.0,0.0,0.0,0.0,0.009,0.13,21442000.0,21442000.0,0.089,21442000.0,21442000.0,12196000.0,0.17,0.17,0.17,670268000.0,,670268000.0,3264550786.0,16.0,10.573,218000.0,0.005,1.0,39742000.0,0.165,347347000.0,9246000.0,1685894000.0,,172316000.0,0.0,0.0,0.0,926536000.0,156459000.0,770077000.0,2661366786.0,-5599000.0,184000.0,692000.0,-1360000.0,-6063000.0,-6731000.0,-28088000.0,0.0,29220000.0,0.0,7940000.0,7940000.0,7940000.0,0.0,0.0,0.033,18300000.0,21442000.0,0.0,0.765,3.971,22.01,21.946,780828000.0,0.0,57.06,2.119,2.119,166214000.0,319865000.0,241061000.0,241061000.0,932000.0,,,,,0.0,22746000.0,1.0,46641549.0,46635302,46901716.0,5.169,1249457000.0,0.0,4256000.0,0.0,26.792,219148000.0
90,MLM,MRQ,1998-12-31,1998-12-31,1998-12-31,2021-07-29,0.0,1588589000.0,,369388000.0,1219201000.0,,14.333,-46453000.0,14586000.0,14586000.0,351675000.0,30714000.0,2.426,1.379,617770000.0,15657000.0,602113000.0,617770000.0,0.0,98765000.0,0.0,0.008,0.13,51653000.0,150418000.0,0.354,150418000.0,51653000.0,44979000.0,0.66,0.66,0.66,667699000.0,,667699000.0,3218683827.0,16.0,10.85,46085000.0,0.989,1.0,73104000.0,0.172,375978000.0,6674000.0,1663562000.0,,157104000.0,0.0,0.0,0.0,920890000.0,152233000.0,768657000.0,2896508827.0,2391000.0,-282591000.0,140000.0,281553000.0,-6056000.0,275637000.0,-365784000.0,0.0,92538000.0,0.0,30714000.0,30714000.0,30714000.0,0.0,0.0,0.072,21451000.0,51653000.0,57720000.0,0.197,4.338,25.053,24.976,777528000.0,0.0,62.19,2.411,2.404,171511000.0,317988000.0,424779000.0,424779000.0,561000.0,,,,,0.0,22162000.0,1.0,46575154.0,46585844,46744918.0,9.118,1212611000.0,18978000.0,14265000.0,82824000.0,26.03,217155000.0
91,MLM,MRQ,1998-09-30,1998-09-30,1998-09-30,2021-07-29,0.0,1236388000.0,,373781000.0,862607000.0,,13.791,-31318000.0,12195000.0,12195000.0,216615000.0,45907000.0,2.521,0.926,334370000.0,20650000.0,313720000.0,334370000.0,0.0,0.0,0.0,0.011,0.13,75677000.0,75677000.0,0.242,75677000.0,75677000.0,69854000.0,0.99,0.98,0.99,641794000.0,,641794000.0,2344819774.0,13.0,11.189,48946000.0,1.052,1.0,95830000.0,0.307,209849000.0,5823000.0,1200457000.0,,145947000.0,0.0,0.0,0.0,594594000.0,148257000.0,446337000.0,2007417774.0,-3678000.0,-25907000.0,1457000.0,-20677000.0,-6054000.0,-25274000.0,-58668000.0,0.0,80264000.0,0.0,45907000.0,45907000.0,45907000.0,0.0,0.0,0.147,20153000.0,75677000.0,46913000.0,0.131,3.128,18.608,18.536,634241000.0,0.0,43.19,1.977,1.979,193936000.0,293518000.0,312445000.0,312445000.0,873000.0,,,,,0.0,19702000.0,1.0,46478763.0,46536116,46841671.0,6.714,1026539000.0,17539000.0,23947000.0,66722000.0,22.059,225524000.0
92,MLM,MRQ,1998-06-30,1998-06-30,1998-06-30,2021-07-29,0.0,1200217000.0,,372063000.0,828154000.0,,12.921,-29415000.0,15873000.0,15873000.0,194502000.0,36356000.0,2.357,0.999,353275000.0,41536000.0,311739000.0,353275000.0,0.0,0.0,0.0,0.011,0.12,61221000.0,61221000.0,0.22,61221000.0,61221000.0,55269000.0,0.78,0.78,0.78,600484000.0,,600484000.0,2430180315.0,14.0,11.188,7470000.0,0.161,1.0,83235000.0,0.3,197213000.0,5952000.0,1182567000.0,,154659000.0,0.0,0.0,0.0,599733000.0,157839000.0,441894000.0,2091330315.0,11843000.0,-1669000.0,87000.0,9896000.0,-5577000.0,4406000.0,-29448000.0,0.0,36885000.0,0.0,36356000.0,36356000.0,36356000.0,0.0,0.0,0.131,22014000.0,61221000.0,50070000.0,0.154,3.483,21.287,21.127,611770000.0,0.0,45.0,2.145,2.145,178244000.0,253477000.0,277737000.0,277737000.0,873000.0,,,,,0.0,20876000.0,1.0,46474007.0,46475007,46832368.0,5.976,1003004000.0,17315000.0,18913000.0,56174000.0,21.582,214224000.0
93,MLM,MRQ,1998-03-31,1998-03-31,1998-03-31,2021-07-29,0.0,1121719000.0,,306797000.0,814922000.0,,12.098,-16740000.0,4030000.0,4030000.0,157056000.0,2636000.0,2.492,1.006,342880000.0,31538000.0,311342000.0,342880000.0,0.0,0.0,0.0,0.011,0.12,9350000.0,9350000.0,0.05,9350000.0,9350000.0,4040000.0,0.06,0.06,0.06,559104000.0,,559104000.0,2289590875.0,14.0,10.175,-3854000.0,-0.083,1.0,29479000.0,0.158,175241000.0,5310000.0,1162211000.0,,148425000.0,0.0,0.0,0.0,562615000.0,123117000.0,439498000.0,1996145875.0,-14631000.0,-37715000.0,178000.0,29773000.0,-5546000.0,24405000.0,-51922000.0,0.0,12886000.0,0.0,2636000.0,2636000.0,2636000.0,0.0,0.0,0.014,20129000.0,9350000.0,38936000.0,2.0,3.57,21.637,21.488,619611000.0,0.0,43.19,2.148,2.148,130038000.0,222698000.0,186535000.0,186535000.0,746000.0,,,,,0.0,19301000.0,1.0,46217779.0,46215439,46409450.0,4.036,946478000.0,17098000.0,1404000.0,50707000.0,20.48,183680000.0
94,MLM,MRQ,1997-12-31,1997-12-31,1997-12-31,2021-07-29,0.0,1105713000.0,,322012000.0,783701000.0,,12.158,-26128000.0,18661000.0,18661000.0,179091000.0,22979000.0,2.975,0.968,312106000.0,1431000.0,310675000.0,312106000.0,0.0,23200000.0,0.0,0.013,0.12,40123000.0,63323000.0,0.265,63323000.0,40123000.0,34604000.0,0.5,0.5,0.5,561836000.0,,561836000.0,2027575666.0,12.0,8.181,48000000.0,1.039,1.0,59702000.0,0.25,174896000.0,5519000.0,1116027000.0,,132583000.0,0.0,0.0,0.0,543877000.0,108235000.0,435642000.0,1689429666.0,3616000.0,-411000.0,164000.0,-41159000.0,-5545000.0,-46540000.0,-23972000.0,0.0,74128000.0,0.0,22979000.0,22979000.0,22979000.0,0.0,0.0,0.096,19579000.0,40123000.0,49599000.0,0.24,3.007,17.147,17.084,591420000.0,0.0,36.56,1.875,1.872,147432000.0,225608000.0,238793000.0,238793000.0,1083000.0,,,,,0.0,18607000.0,1.0,46209783.0,46211766,46382774.0,5.167,930817000.0,16873000.0,11625000.0,54699000.0,20.142,213777000.0
95,MLM,MRQ,1997-09-30,1997-09-30,1997-09-30,2021-07-29,0.0,1145797000.0,,339882000.0,805915000.0,,11.804,-27238000.0,15045000.0,15045000.0,191781000.0,36274000.0,2.962,1.105,353191000.0,1431000.0,351760000.0,353191000.0,0.0,21720000.0,0.0,0.013,0.12,61603000.0,83323000.0,0.307,83323000.0,61603000.0,55988000.0,0.79,0.78,0.79,544340000.0,,544340000.0,2027660488.0,13.0,8.711,37972000.0,0.823,1.0,79936000.0,0.294,184306000.0,5615000.0,1184905000.0,,128747000.0,0.0,0.0,0.0,601457000.0,114732000.0,486725000.0,1658896488.0,6561000.0,-3477000.0,0.0,-26084000.0,-5530000.0,-31614000.0,-27035000.0,0.0,65210000.0,0.0,36274000.0,36274000.0,36274000.0,0.0,0.0,0.133,18333000.0,61603000.0,47415000.0,0.152,3.048,17.363,17.308,603323000.0,0.0,36.0,1.962,1.964,176864000.0,208174000.0,271717000.0,271717000.0,1042000.0,,,,,0.0,18874000.0,1.0,46080458.0,46116693,46270345.0,5.892,961491000.0,16165000.0,19714000.0,64881000.0,20.849,225150000.0
96,MLM,MRQ,1997-06-30,1997-06-30,1997-06-30,2021-07-29,0.0,1121176000.0,,326945000.0,794231000.0,,11.05,-18225000.0,8484000.0,8484000.0,166703000.0,30369000.0,1.6,1.202,377248000.0,101313000.0,275935000.0,377248000.0,0.0,18466000.0,0.0,0.015,0.12,50563000.0,69029000.0,0.297,69029000.0,50563000.0,46999000.0,0.66,0.66,0.66,509200000.0,,509200000.0,1610682578.0,11.0,7.719,20703000.0,0.449,1.0,65487000.0,0.282,176923000.0,3564000.0,1108670000.0,,132850000.0,0.0,0.0,0.0,611976000.0,204347000.0,407629000.0,1492057578.0,60000.0,-266009000.0,0.0,249999000.0,-5529000.0,244470000.0,-283338000.0,0.0,38928000.0,0.0,30369000.0,30369000.0,30369000.0,0.0,0.0,0.131,14924000.0,50563000.0,45763000.0,0.182,2.93,17.198,17.132,589298000.0,0.0,32.38,1.924,1.924,164012000.0,177430000.0,232190000.0,232190000.0,789000.0,,,,,0.0,16313000.0,1.0,46079604.0,46079604,46143970.0,5.039,944253000.0,15959000.0,16630000.0,66914000.0,20.492,122598000.0
97,MLM,MRQ,1997-03-31,1997-03-31,1997-03-31,2021-07-29,0.0,762741000.0,,257482000.0,505259000.0,,10.511,-14849000.0,8424000.0,8424000.0,128019000.0,8907000.0,3.465,0.575,127049000.0,1213000.0,125836000.0,127049000.0,0.0,16334000.0,0.0,0.018,0.12,15822000.0,32156000.0,0.203,32156000.0,15822000.0,13621000.0,0.19,0.19,0.19,484361000.0,,484361000.0,1317972803.0,10.0,6.664,2503000.0,0.054,1.0,30144000.0,0.191,64343000.0,2201000.0,742705000.0,,118281000.0,0.0,0.0,0.0,278380000.0,74318000.0,204062000.0,1186549803.0,12684000.0,14609000.0,0.0,-114000.0,-5530000.0,-5644000.0,976000.0,0.0,17352000.0,0.0,8907000.0,8907000.0,8907000.0,0.0,0.0,0.056,14322000.0,15822000.0,29678000.0,0.632,2.45,14.262,14.227,413045000.0,0.0,25.75,1.596,1.596,108458000.0,152591000.0,158163000.0,158163000.0,492000.0,,,,,0.0,15299000.0,1.0,46079604.0,46079530,46154503.0,3.432,698398000.0,15627000.0,4714000.0,24219000.0,15.156,183164000.0
98,MLM,MRQ,1996-12-31,1996-12-31,1996-12-31,2021-07-29,0.0,768918000.0,,271166000.0,497752000.0,,10.438,-27685000.0,0.0,0.0,138630000.0,19994000.0,3.076,0.599,131423000.0,5533000.0,125890000.0,131423000.0,0.0,15864000.0,0.0,0.02,0.12,32405000.0,48269000.0,0.263,48269000.0,32405000.0,30248000.0,0.44,,0.44,480977000.0,,480977000.0,1193976725.0,9.0,6.275,35406000.0,0.768,1.0,44828000.0,0.244,63168000.0,2157000.0,749029000.0,,113774000.0,0.0,0.0,0.0,287941000.0,88144000.0,199797000.0,1071343725.0,-6624000.0,-27428000.0,0.0,-10759000.0,-5529000.0,-16288000.0,-53427000.0,0.0,63091000.0,0.0,19994000.0,19994000.0,19994000.0,0.0,0.0,0.109,12423000.0,32405000.0,36420000.0,0.273,2.227,13.625,13.596,408820000.0,0.0,23.25,1.484,1.484,136583000.0,149213000.0,183458000.0,183458000.0,479000.0,,,,,0.0,15174000.0,1.0,46079300.0,46079300,,3.981,705750000.0,15547000.0,10254000.0,26980000.0,15.316,183022000.0
99,MLM,MRQ,1996-09-30,1996-09-30,1996-09-30,2021-07-29,0.0,750600000.0,,269141000.0,481459000.0,,10.124,-18386000.0,2364000.0,2364000.0,142957000.0,27490000.0,3.121,0.609,124997000.0,190000.0,124807000.0,124997000.0,0.0,15346000.0,0.0,0.021,0.12,43857000.0,59203000.0,0.294,59203000.0,43857000.0,41589000.0,0.6,,0.6,466512000.0,,466512000.0,1115390434.0,9.0,6.097,26669000.0,0.579,1.0,58547000.0,0.291,61992000.0,2268000.0,725019000.0,,113082000.0,0.0,0.0,0.0,284088000.0,86222000.0,197866000.0,985175434.0,6916000.0,0.0,0.0,-14386000.0,-5530000.0,-19916000.0,-18223000.0,0.0,45055000.0,0.0,27490000.0,27490000.0,27490000.0,0.0,0.0,0.136,14690000.0,43857000.0,42908000.0,0.2,2.112,13.211,13.198,396541000.0,0.0,21.38,1.396,1.396,139639000.0,134748000.0,201504000.0,201504000.0,466000.0,,,,,0.0,15030000.0,1.0,46079300.0,46079300,,4.373,688608000.0,12567000.0,14099000.0,20030000.0,14.944,182919000.0
100,MLM,MRQ,1996-06-30,1996-06-30,1996-06-30,2021-07-29,0.0,746368000.0,,271060000.0,475308000.0,,9.648,-22168000.0,0.0,0.0,145108000.0,26807000.0,2.561,0.679,130215000.0,5344000.0,124871000.0,130215000.0,0.0,15088000.0,0.0,0.019,0.11,43048000.0,58136000.0,0.29,58136000.0,43048000.0,40526000.0,0.58,,0.58,444552000.0,,444552000.0,1220204462.0,10.0,6.902,-1633000.0,-0.035,1.0,55330000.0,0.276,60212000.0,2522000.0,710550000.0,,114785000.0,0.0,0.0,0.0,301816000.0,105821000.0,195995000.0,1088623462.0,-650000.0,14000.0,0.0,3687000.0,-5069000.0,-1382000.0,-19803000.0,0.0,20535000.0,0.0,26807000.0,26807000.0,26807000.0,0.0,0.0,0.134,12282000.0,43048000.0,58024000.0,0.19,2.449,15.439,15.441,393708000.0,0.0,23.625,1.565,1.565,139854000.0,112788000.0,200438000.0,200438000.0,477000.0,,,,,0.0,14997000.0,1.0,46079300.0,46079300,,4.35,686156000.0,12586000.0,13719000.0,22866000.0,14.891,165239000.0
101,MLM,MRQ,1996-03-31,1996-03-31,1996-03-31,2021-07-29,0.0,706759000.0,,239721000.0,467038000.0,,9.176,-11264000.0,0.0,0.0,112742000.0,4337000.0,2.662,0.672,131581000.0,6710000.0,124871000.0,131581000.0,0.0,14912000.0,0.0,0.019,0.11,9764000.0,24676000.0,0.181,24676000.0,9764000.0,6590000.0,0.09,,0.09,422813000.0,,422813000.0,,,,-5000000.0,-0.109,1.0,23805000.0,0.174,61490000.0,3174000.0,686788000.0,,119842000.0,0.0,0.0,0.0,283946000.0,90062000.0,193884000.0,1054063988.0,-975000.0,87369000.0,0.0,-82271000.0,-5068000.0,-87339000.0,80100000.0,0.0,6264000.0,0.0,4337000.0,4337000.0,4337000.0,0.0,0.0,0.032,14041000.0,9764000.0,49598000.0,1.222,2.493,16.558,16.576,386065000.0,0.0,22.875,1.571,1.571,104047000.0,91049000.0,136547000.0,136547000.0,475000.0,,,,,0.0,14736000.0,1.0,46079300.0,46079300,,2.963,645269000.0,12604000.0,2253000.0,13223000.0,14.003,149659000.0
102,MLM,MRQ,1995-12-31,1995-12-31,1995-12-31,2021-07-29,0.0,789371000.0,,314355000.0,475016000.0,,9.192,124491000.0,0.0,0.0,127375000.0,15940000.0,1.814,0.864,231653000.0,106667000.0,124986000.0,231653000.0,0.0,14388000.0,0.0,0.021,0.11,26533000.0,40921000.0,0.244,40921000.0,26533000.0,23751000.0,0.35,,0.35,423545000.0,,423545000.0,,,,167544000.0,3.636,1.0,40081000.0,0.239,61212000.0,2782000.0,786476000.0,,113402000.0,0.0,0.0,0.0,365826000.0,173336000.0,192490000.0,,-521000.0,-217102000.0,0.0,52118000.0,-5069000.0,47049000.0,-90623000.0,0.0,43053000.0,0.0,15940000.0,15940000.0,15940000.0,0.0,0.0,0.095,13548000.0,26533000.0,33033000.0,0.314,,,14.034,392223000.0,0.0,20.63,,1.431,187804000.0,91781000.0,167456000.0,167456000.0,503000.0,,,,,0.0,14654000.0,1.0,,46079300,,3.634,728159000.0,12622000.0,7811000.0,12798000.0,15.802,141019000.0
103,MLM,MRQ,1995-09-30,1995-09-30,1995-09-30,2021-07-29,,,,,,,,-162075000.0,,,139334000.0,23425000.0,,,,,,,,14249000.0,,0.022,0.11,38800000.0,53049000.0,0.278,53049000.0,38800000.0,36343000.0,0.51,,0.51,,,,,,,-114114000.0,-2.476,1.0,51760000.0,0.271,,2457000.0,,,,,,,,,,,793000.0,113561000.0,0.0,5763000.0,-5069000.0,694000.0,-47862000.0,0.0,47961000.0,0.0,23425000.0,23425000.0,23425000.0,0.0,0.0,0.123,12960000.0,38800000.0,,0.216,,,,,0.0,19.63,,,,,191094000.0,191094000.0,465000.0,,,,,0.0,14270000.0,1.0,,46079300,,4.147,,,12918000.0,,,
104,MLM,MRQ,1995-06-30,1995-06-30,1995-06-30,2021-07-29,,,,,,,,-18587000.0,,,129664000.0,19957000.0,,,,,,,,13865000.0,,0.022,0.11,33404000.0,47269000.0,0.269,47269000.0,33404000.0,31022000.0,0.43,,0.43,,,,,,,1732000.0,0.038,1.0,46250000.0,0.263,,2382000.0,,,,,,,,,,,5113000.0,-7323000.0,0.0,13600000.0,-5069000.0,8531000.0,-23737000.0,0.0,20319000.0,0.0,19957000.0,19957000.0,19957000.0,0.0,0.0,0.113,12846000.0,33404000.0,,0.256,,,,,0.0,20.0,,,,,175914000.0,175914000.0,448000.0,,,,,0.0,14710000.0,1.0,,46079300,,3.818,,,11065000.0,,,
105,MLM,MRQ,1995-03-31,1995-03-31,1995-03-31,2021-07-29,,,,,,,,-15466000.0,,,100869000.0,8229000.0,,,,,,,,13172000.0,,0.017,0.11,14787000.0,27959000.0,0.215,27959000.0,14787000.0,12675000.0,0.18,,0.18,,,,,,,1792000.0,0.039,1.0,29073000.0,0.224,,2112000.0,,,,,,,,,,,-6094000.0,-50725000.0,0.0,47517000.0,-5068000.0,42449000.0,-65801000.0,0.0,17258000.0,0.0,8229000.0,8229000.0,8229000.0,0.0,0.0,0.063,14286000.0,14787000.0,,0.611,,,,,0.0,19.13,,,,,129942000.0,129942000.0,445000.0,,,,,0.0,14104000.0,1.0,,46079300,,2.82,,,4446000.0,,,
0,MLM,MRT,2021-06-30,2021-06-30,2021-06-30,2021-07-29,-153000000.0,11223100000.0,10724650000.0,1616300000.0,9606800000.0,0.453,98.171,-397000000.0,70300000.0,70300000.0,3571600000.0,768800000.0,2.132,0.832,3306100000.0,287200000.0,3018900000.0,3306100000.0,0.0,406600000.0,0.0,0.006,2.28,1066000000.0,1472600000.0,0.303,1472600000.0,1066000000.0,953400000.0,12.32,12.29,12.32,6125900000.0,5924225000.0,6125900000.0,24660003764.0,23.0,16.746,721100000.0,11.556,1.0,1289700000.0,0.265,3324600000.0,112600000.0,10376300000.0,10060600000.0,729100000.0,0.0,0.0,0.0,5094900000.0,758000000.0,4336900000.0,21942003764.0,200000.0,-559700000.0,1800000.0,103200000.0,-142700000.0,-55900000.0,-1062000000.0,0.0,1118100000.0,0.0,768500000.0,768500000.0,768500000.0,0.0,300000.0,0.158,241700000.0,1048000000.0,243600000.0,0.185,3.582,28.552,28.556,5983300000.0,0.0,351.81,4.514,4.516,722000000.0,2827200000.0,4861300000.0,4861300000.0,0.0,0.072,0.13,0.106,0.219,31100000.0,318200000.0,1.0,62368903.0,62400000,62500000.0,77.905,7898500000.0,0.0,184900000.0,841200000.0,126.579,858300000.0
1,MLM,MRT,2021-03-31,2021-03-31,2021-03-31,2021-07-29,-155600000.0,10659300000.0,10475525000.0,1675700000.0,8983600000.0,0.454,95.087,-365900000.0,354800000.0,354800000.0,3468900000.0,760600000.0,3.734,0.799,3072800000.0,47200000.0,3025600000.0,3072800000.0,0.0,397100000.0,0.0,0.007,2.26,1060000000.0,1457100000.0,0.306,1457100000.0,1060000000.0,944300000.0,12.19,12.17,12.19,5923900000.0,5765525000.0,5923900000.0,23697544780.0,22.0,16.263,769400000.0,12.35,1.0,1285100000.0,0.27,2918400000.0,115700000.0,10010100000.0,9943850000.0,690000000.0,0.0,0.0,0.0,4732600000.0,448800000.0,4283800000.0,20917144780.0,-69200000.0,73500000.0,2700000.0,-645800000.0,-141600000.0,-802000000.0,-402500000.0,0.0,1135300000.0,0.0,760300000.0,760300000.0,760300000.0,0.0,300000.0,0.16,238200000.0,1046900000.0,200000000.0,0.185,3.531,27.512,27.549,5776300000.0,0.0,335.82,4.4,4.401,563600000.0,2637200000.0,4754000000.0,4754000000.0,0.0,0.073,0.132,0.107,0.223,28400000.0,307000000.0,1.0,62286775.0,62300000,62500000.0,76.308,7740900000.0,0.0,184000000.0,819700000.0,124.252,1226900000.0
2,MLM,MRT,2020-12-31,2020-12-31,2020-12-31,2021-07-29,-158400000.0,10580800000.0,10436550000.0,1668300000.0,8912500000.0,0.453,94.554,-359700000.0,304400000.0,304400000.0,3477100000.0,721100000.0,3.341,0.796,3084800000.0,48600000.0,3036200000.0,3084800000.0,0.0,393500000.0,0.0,0.008,2.24,1007300000.0,1400800000.0,0.296,1400800000.0,1007300000.0,889200000.0,11.56,11.54,11.56,5890700000.0,5608775000.0,5890700000.0,20589705142.0,20.0,14.699,690400000.0,11.082,1.0,1252800000.0,0.265,2922000000.0,118100000.0,9939900000.0,9908650000.0,709000000.0,0.0,0.0,0.0,4687500000.0,499300000.0,4188200000.0,17684005142.0,283400000.0,77200000.0,-47700000.0,-154500000.0,-140300000.0,-357000000.0,-409700000.0,0.0,1050100000.0,0.0,721000000.0,721000000.0,721000000.0,0.0,100000.0,0.152,247400000.0,1005400000.0,207800000.0,0.194,3.002,24.527,24.565,5695300000.0,0.0,283.97,3.739,3.74,575100000.0,2607700000.0,4729900000.0,4729900000.0,0.0,0.069,0.129,0.102,0.213,30000000.0,305900000.0,1.0,62274202.0,62300000,62400000.0,75.921,7658800000.0,0.0,168200000.0,826900000.0,122.934,1169000000.0
3,MLM,MRT,2020-09-30,2020-09-30,2020-09-30,2021-07-29,-138600000.0,10435400000.0,10324250000.0,1652800000.0,8782600000.0,0.45,92.398,-361300000.0,193700000.0,193700000.0,3464600000.0,669000000.0,3.265,0.812,3099400000.0,51900000.0,3047500000.0,3099400000.0,0.0,386700000.0,0.0,0.009,2.22,957400000.0,1344100000.0,0.289,1344100000.0,957400000.0,837100000.0,10.73,10.7,10.73,5756400000.0,5473800000.0,5756400000.0,17812097713.0,19.0,13.252,639000000.0,10.257,1.0,1186000000.0,0.255,2918800000.0,120300000.0,9916100000.0,9835850000.0,714500000.0,0.0,0.0,0.0,4676500000.0,506200000.0,4170300000.0,14655597713.0,144600000.0,78600000.0,-88100000.0,-311600000.0,-139400000.0,-554800000.0,-300900000.0,0.0,1000300000.0,0.0,668900000.0,668900000.0,668900000.0,0.0,100000.0,0.144,236700000.0,949300000.0,210700000.0,0.207,2.546,21.91,21.935,5649700000.0,0.0,235.36,3.151,3.153,686300000.0,2460500000.0,4650600000.0,4650600000.0,0.0,0.065,0.122,0.097,0.206,28100000.0,294800000.0,1.0,62268855.0,62300000,62400000.0,74.648,7516600000.0,0.0,168200000.0,760400000.0,120.652,1146600000.0
4,MLM,MRT,2020-06-30,2020-06-30,2020-06-30,2021-07-29,-142200000.0,10226600000.0,10271271250.0,1587100000.0,8639500000.0,0.462,88.14,-361800000.0,70100000.0,70100000.0,3547300000.0,623200000.0,2.666,0.862,3226600000.0,181400000.0,3045200000.0,3226600000.0,0.0,382900000.0,0.0,0.011,2.2,900000000.0,1282900000.0,0.27,1282900000.0,900000000.0,776000000.0,9.98,9.95,9.98,5491100000.0,5360193000.0,5491100000.0,16179098975.0,18.0,12.611,643800000.0,10.334,1.0,1202100000.0,0.253,2878500000.0,124000000.0,9909300000.0,9858861500.0,712900000.0,0.0,0.0,0.0,4733000000.0,595300000.0,4137700000.0,12857198975.0,16500000.0,18000000.0,-90300000.0,-376600000.0,-138600000.0,-634300000.0,-354800000.0,0.0,1005600000.0,0.0,623100000.0,623100000.0,623100000.0,0.0,100000.0,0.131,308100000.0,894000000.0,197200000.0,0.22,2.341,20.634,20.698,5628500000.0,0.0,206.57,2.707,2.71,690400000.0,2201700000.0,4749400000.0,4749400000.0,0.0,0.061,0.116,0.091,0.189,31500000.0,301900000.0,1.0,62241366.0,62300000,62300000.0,76.234,7348100000.0,0.0,152900000.0,741200000.0,117.947,991800000.0
5,MLM,MRT,2020-03-31,2020-03-31,2020-03-31,2021-07-29,-145400000.0,10503400000.0,10255535500.0,1833000000.0,8670400000.0,0.464,85.022,-367500000.0,424000000.0,424000000.0,3579800000.0,595100000.0,1.704,0.982,3745900000.0,692800000.0,3053100000.0,3745900000.0,0.0,377300000.0,0.0,0.011,2.13,862500000.0,1239800000.0,0.261,1239800000.0,862500000.0,736400000.0,9.51,9.47,9.51,5296900000.0,5261131250.0,5296900000.0,15009091602.0,17.0,12.106,587400000.0,9.429,1.0,1178500000.0,0.248,2880400000.0,126100000.0,9869300000.0,9883213000.0,700500000.0,0.0,0.0,0.0,5204000000.0,1075600000.0,4128400000.0,11769891602.0,386600000.0,21300000.0,-134900000.0,89000000.0,-134200000.0,-214400000.0,-353900000.0,0.0,954900000.0,0.0,595000000.0,595000000.0,595000000.0,0.0,100000.0,0.125,305000000.0,873500000.0,202000000.0,0.224,2.222,19.781,19.898,5663300000.0,0.0,189.23,2.474,2.478,562800000.0,2018600000.0,4758300000.0,4758300000.0,0.0,0.058,0.113,0.087,0.181,33100000.0,303100000.0,1.0,62198867.0,62300000,62500000.0,76.377,7623000000.0,0.0,141400000.0,737000000.0,122.36,757400000.0
6,MLM,MRT,2019-12-31,2019-12-31,2019-12-31,2021-07-29,-145800000.0,10131600000.0,10141787250.0,1426700000.0,8704900000.0,0.467,85.613,-393500000.0,21000000.0,21000000.0,3560100000.0,612000000.0,1.701,0.893,3260200000.0,392700000.0,2867500000.0,3260200000.0,0.0,371500000.0,0.0,0.007,2.06,877500000.0,1249000000.0,0.264,1249000000.0,877500000.0,748200000.0,9.77,9.74,9.77,5350800000.0,5180024750.0,5350800000.0,20839870048.0,24.0,16.685,572600000.0,9.162,1.0,1179000000.0,0.249,2883600000.0,129300000.0,9648700000.0,9919868750.0,690800000.0,0.0,0.0,0.0,4778300000.0,838500000.0,3939800000.0,17477649048.0,-23900000.0,8400000.0,-84500000.0,-361100000.0,-129800000.0,-604100000.0,-385900000.0,0.0,966100000.0,0.0,611900000.0,611900000.0,611900000.0,0.0,100000.0,0.129,294100000.0,884900000.0,229600000.0,0.211,3.266,28.563,28.622,5687900000.0,0.0,279.64,3.688,3.688,573700000.0,2077200000.0,4739100000.0,4739100000.0,0.0,0.06,0.118,0.088,0.185,34100000.0,302700000.0,1.0,62500533.0,62500000,62700000.0,75.826,7248000000.0,0.0,136300000.0,776600000.0,115.968,588200000.0
7,MLM,MRT,2019-09-30,2019-09-30,2019-09-30,2021-07-29,-134765000.0,10223485000.0,9996737250.0,1578398000.0,8645087000.0,0.466,84.832,-396845000.0,49087000.0,49087000.0,3511246000.0,575504000.0,2.291,0.928,3411308000.0,241795000.0,3169513000.0,3411308000.0,0.0,367800000.0,0.0,0.007,1.99,840206000.0,1208006000.0,0.259,1208006000.0,840206000.0,708032000.0,9.18,9.15,9.18,5301972000.0,5078924750.0,5301972000.0,20668081980.0,25.0,17.109,516517000.0,8.264,1.0,1147707000.0,0.246,2888578000.0,132174000.0,10008146000.0,9742643750.0,649716000.0,0.0,0.0,0.0,4919047000.0,688982000.0,4230065000.0,17114672980.0,-4897000.0,11238000.0,-84716000.0,-294378000.0,-125410000.0,-531981000.0,-386278000.0,0.0,913362000.0,0.0,575379000.0,575379000.0,575379000.0,0.0,125000.0,0.123,300303000.0,847404000.0,238559000.0,0.217,3.228,29.745,29.858,5617000000.0,0.0,274.1,3.674,3.677,763878000.0,2021647000.0,4658953000.0,4658953000.0,0.0,0.058,0.113,0.086,0.18,34616000.0,299868000.0,1.0,62439522.0,62500000,62700000.0,74.543,7334907000.0,0.0,132653000.0,725096000.0,117.359,889416000.0
8,MLM,MRT,2019-06-30,2019-06-30,2019-06-30,2021-07-29,-137334000.0,10163657000.0,9837908750.0,1533121000.0,8630536000.0,0.453,81.387,-395130000.0,53595000.0,53595000.0,3418302000.0,507257000.0,1.865,0.994,3607004000.0,436054000.0,3170950000.0,3607004000.0,0.0,362455000.0,0.0,0.008,1.92,737784000.0,1100239000.0,0.247,1100239000.0,737784000.0,602542000.0,8.07,8.04,8.07,5094853000.0,4988280250.0,5094853000.0,18024356360.0,24.0,16.382,405637000.0,6.48,1.0,1040091000.0,0.233,2888144000.0,135242000.0,10006706000.0,9506310250.0,646342000.0,0.0,0.0,0.0,5066387000.0,822216000.0,4244171000.0,14403525360.0,19785000.0,20485000.0,-142943000.0,-109356000.0,-121205000.0,-406213000.0,-374769000.0,0.0,800767000.0,0.0,507000000.0,507000000.0,507000000.0,0.0,257000.0,0.114,297325000.0,742766000.0,199181000.0,0.238,2.827,28.409,28.514,5620042000.0,0.0,230.11,3.231,3.231,710605000.0,1814974000.0,4458393000.0,4458393000.0,0.0,0.052,0.102,0.078,0.165,34502000.0,290109000.0,1.0,62594087.0,62600000,62700000.0,71.22,7275513000.0,0.0,95542000.0,699455000.0,116.222,710905000.0
9,MLM,MRT,2019-03-31,2019-03-31,2019-03-31,2021-07-29,-140324000.0,10048407000.0,9696182500.0,1370111000.0,8678296000.0,0.452,79.432,-409841000.0,37357000.0,37357000.0,3382188000.0,503260000.0,1.808,1.02,3658188000.0,410832000.0,3247356000.0,3658188000.0,0.0,356379000.0,0.0,0.009,1.88,736033000.0,1092412000.0,0.249,1092412000.0,736033000.0,601120000.0,7.99,7.95,7.99,4972474000.0,4925429000.0,4972474000.0,15635366647.0,21.0,14.313,308147000.0,4.922,1.0,999108000.0,0.228,2895678000.0,134913000.0,10015923000.0,9293776500.0,646176000.0,0.0,0.0,0.0,5072911000.0,757637000.0,4315274000.0,12559777647.0,-1385009000.0,-1572528000.0,-95301000.0,125536000.0,-118915000.0,-120929000.0,-1982068000.0,0.0,717988000.0,0.0,502877000.0,502877000.0,502877000.0,0.0,383000.0,0.115,278289000.0,720819000.0,184844000.0,0.235,2.526,24.976,25.179,5644915000.0,0.0,201.18,2.867,2.874,550607000.0,1705717000.0,4381296000.0,4381296000.0,0.0,0.052,0.102,0.079,0.168,33040000.0,288779000.0,1.0,62430548.0,62600000,62800000.0,69.989,7152729000.0,0.0,98243000.0,695771000.0,114.261,612474000.0
10,MLM,MRT,2018-12-31,2018-12-31,2018-12-31,2021-07-29,-143600000.0,9551400000.0,9421093250.0,1365800000.0,8185600000.0,0.451,78.639,-376000000.0,44900000.0,44900000.0,3277700000.0,470400000.0,1.736,0.93,3120400000.0,390000000.0,2730400000.0,3120400000.0,0.0,344000000.0,0.0,0.011,1.84,712800000.0,1056800000.0,0.249,1056800000.0,712800000.0,575700000.0,7.46,7.43,7.46,4946400000.0,4851468000.0,4946400000.0,13934060987.0,20.0,13.185,329100000.0,5.232,1.0,966600000.0,0.228,2900400000.0,137100000.0,8939800000.0,8600730750.0,663000000.0,0.0,0.0,0.0,4602000000.0,786700000.0,3815300000.0,10778323987.0,-1401500000.0,-1573000000.0,-93100000.0,82500000.0,-116400000.0,-158400000.0,-1948200000.0,0.0,705100000.0,0.0,470000000.0,470000000.0,470000000.0,0.0,400000.0,0.111,275900000.0,690700000.0,210800000.0,0.247,2.179,22.933,23.039,5157200000.0,0.0,171.87,2.539,2.547,523300000.0,1693300000.0,4244300000.0,4244300000.0,0.0,0.05,0.097,0.083,0.168,29300000.0,280600000.0,1.0,62712073.0,62900000,63100000.0,67.477,6651000000.0,0.0,105700000.0,705600000.0,105.739,579100000.0
11,MLM,MRT,2018-09-30,2018-09-30,2018-09-30,2021-07-29,-121491000.0,9588171000.0,9281371000.0,1454808000.0,8133363000.0,0.452,78.488,-361686000.0,53961000.0,53961000.0,3196176000.0,753209000.0,1.883,0.941,3209698000.0,380041000.0,2829657000.0,3209698000.0,0.0,328982000.0,0.0,0.01,1.8,750121000.0,1079103000.0,0.257,1079103000.0,750121000.0,623132000.0,11.93,11.88,11.93,4939394000.0,4784768000.0,4939394000.0,14650171305.0,20.0,13.576,319330000.0,5.074,1.0,998355000.0,0.238,2908410000.0,126989000.0,9062812000.0,8168904500.0,651295000.0,0.0,0.0,0.0,4645843000.0,772686000.0,3873157000.0,11465028305.0,18816000.0,-1579276000.0,-53302000.0,1479719000.0,-114129000.0,1277967000.0,-1940167000.0,0.0,681016000.0,0.0,752762000.0,752762000.0,752762000.0,0.0,447000.0,0.179,271226000.0,727129000.0,191381000.0,0.151,2.321,15.231,15.251,5103395000.0,0.0,181.95,2.733,2.73,644835000.0,1669126000.0,4194531000.0,4194531000.0,0.0,0.081,0.157,0.092,0.179,29886000.0,276605000.0,1.0,63011972.0,62932000,63167000.0,66.652,6679761000.0,0.0,-129630000.0,692881000.0,106.143,682122000.0
12,MLM,MRT,2018-06-30,2018-06-30,2018-06-30,2021-07-29,-125883000.0,9596752000.0,8776024500.0,1457153000.0,8139599000.0,0.463,76.855,-382481000.0,33779000.0,33779000.0,3085574000.0,724395000.0,2.055,0.979,3218922000.0,320046000.0,2898876000.0,3218922000.0,0.0,314643000.0,0.0,0.008,1.76,732793000.0,1047436000.0,0.258,1047436000.0,732793000.0,618131000.0,11.47,11.42,11.47,4843448000.0,4632724750.0,4843448000.0,15664682998.0,21.0,14.955,283829000.0,4.504,1.0,977049000.0,0.24,2916191000.0,114662000.0,9156571000.0,7433702500.0,650917000.0,0.0,0.0,0.0,4741282000.0,709133000.0,4032149000.0,14058947998.0,-2869000.0,-1593474000.0,9105000.0,1425947000.0,-111560000.0,1306328000.0,-1975507000.0,0.0,666310000.0,0.0,724087000.0,724087000.0,724087000.0,0.0,308000.0,0.178,263618000.0,713431000.0,188761000.0,0.153,2.903,19.416,19.471,5113426000.0,0.0,223.33,3.461,3.464,675570000.0,1579674000.0,4062623000.0,4062623000.0,0.0,0.083,0.156,0.099,0.18,29871000.0,265383000.0,1.0,62951453.0,63021000,63285000.0,64.465,6680561000.0,0.0,-105956000.0,644469000.0,106.005,748020000.0
13,MLM,MRT,2018-03-31,2018-03-31,2018-03-31,2021-07-29,-127485000.0,8948050000.0,8255801500.0,2601930000.0,6346120000.0,0.475,74.283,-404464000.0,1422373000.0,1422373000.0,2988518000.0,681133000.0,3.997,0.913,3028108000.0,300006000.0,2728102000.0,3028108000.0,0.0,303645000.0,0.0,0.008,1.74,680154000.0,983799000.0,0.251,983799000.0,680154000.0,574418000.0,10.79,10.75,10.79,4676630000.0,4471305500.0,4676630000.0,14599901315.0,21.0,14.84,284283000.0,4.516,1.0,935226000.0,0.238,2659066000.0,105736000.0,7243740000.0,6661382000.0,606794000.0,0.0,0.0,0.0,4268220000.0,650979000.0,3617241000.0,13019062315.0,1367029000.0,25889000.0,8983000.0,1174837000.0,-110225000.0,1056639000.0,-378357000.0,0.0,688747000.0,0.0,680989000.0,680989000.0,680989000.0,0.0,144000.0,0.174,272896000.0,662330000.0,162328000.0,0.161,2.784,19.118,19.212,3582494000.0,0.0,207.3,3.318,3.326,466465000.0,1422207000.0,3923744000.0,3923744000.0,0.0,0.082,0.152,0.102,0.173,29985000.0,262686000.0,1.0,62803002.0,62957000,63222000.0,62.324,6288984000.0,0.0,-106571000.0,413570000.0,99.893,1950951000.0
14,MLM,MRT,2017-12-31,2017-12-31,2017-12-31,2021-07-29,-129104000.0,8992511000.0,7867236750.0,2631160000.0,6361351000.0,0.504,74.397,-410300000.0,1446364000.0,1446364000.0,2993700000.0,713400000.0,3.79,0.921,3027203000.0,299909000.0,2727294000.0,3027203000.0,0.0,297200000.0,0.0,0.008,1.72,710300000.0,1007500000.0,0.254,1007500000.0,710300000.0,618800000.0,11.3,11.25,11.3,4679600000.0,4320490000.0,4679600000.0,15582843153.0,22.0,15.467,247300000.0,3.932,1.0,971900000.0,0.245,2666639000.0,91500000.0,7212495000.0,6321942500.0,600591000.0,0.0,0.0,0.0,4310034000.0,694216000.0,3615818000.0,13894475153.0,1396400000.0,23900000.0,-89900000.0,1338100000.0,-108900000.0,1124900000.0,-386100000.0,0.0,657600000.0,0.0,713300000.0,713300000.0,713300000.0,0.0,100000.0,0.18,271500000.0,700400000.0,183638000.0,0.152,2.969,19.479,19.561,3592813000.0,0.0,221.04,3.504,3.506,487240000.0,1440069000.0,3965600000.0,3965600000.0,0.0,0.091,0.165,0.112,0.179,30500000.0,262100000.0,1.0,62859551.0,62900000,63200000.0,63.046,6325872000.0,0.0,-94500000.0,410723000.0,100.57,1936944000.0
15,MLM,MRT,2017-09-30,2017-09-30,2017-09-30,2021-07-29,-122928000.0,7566785000.0,7444335250.0,1277989000.0,6288796000.0,0.53,68.863,-412555000.0,35219000.0,35219000.0,3005341000.0,434884000.0,2.728,0.746,1723587000.0,81085000.0,1642502000.0,1723587000.0,0.0,294674000.0,0.0,0.008,1.7,680684000.0,975358000.0,0.247,975358000.0,680684000.0,591866000.0,6.89,6.86,6.89,4331221000.0,4185584500.0,4331221000.0,14708483094.0,22.0,15.08,272794000.0,4.337,1.0,938589000.0,0.238,2664646000.0,88818000.0,6122004000.0,5948773500.0,576429000.0,0.0,0.0,0.0,3232803000.0,468503000.0,2764300000.0,12959430094.0,-25465000.0,27119000.0,-153829000.0,-51468000.0,-107702000.0,-325947000.0,-384867000.0,0.0,685349000.0,0.0,435019000.0,435019000.0,435019000.0,0.0,-135000.0,0.11,263898000.0,674691000.0,163597000.0,0.247,2.992,29.79,29.932,3521577000.0,0.0,206.23,3.286,3.289,582532000.0,1090778000.0,3943930000.0,3943930000.0,0.0,0.058,0.104,0.114,0.173,27012000.0,263830000.0,1.0,62839694.0,62896000,63158000.0,62.706,4902139000.0,0.0,156847000.0,662982000.0,77.94,809486000.0
16,MLM,MRT,2017-06-30,2017-06-30,2017-06-30,2021-07-29,-125906000.0,7515860000.0,7395939250.0,1244297000.0,6271563000.0,0.535,66.782,-392797000.0,36722000.0,36722000.0,3019881000.0,442823000.0,2.329,0.79,1785775000.0,143831000.0,1641944000.0,1785775000.0,0.0,291738000.0,0.0,0.008,1.68,704150000.0,995888000.0,0.251,995888000.0,704150000.0,617905000.0,6.99,6.96,6.99,4197771000.0,4141612250.0,4197771000.0,15764802970.0,22.0,15.83,315622000.0,5.021,1.0,940218000.0,0.237,2663299000.0,86245000.0,6067289000.0,5867469500.0,549865000.0,0.0,0.0,0.0,3315329000.0,534325000.0,2781004000.0,13973926970.0,8126000.0,-23077000.0,-152103000.0,-12921000.0,-106704000.0,-284988000.0,-415305000.0,0.0,708419000.0,0.0,442952000.0,442952000.0,442952000.0,0.0,-129000.0,0.112,249822000.0,690396000.0,187227000.0,0.24,3.329,31.547,31.843,3505260000.0,0.0,222.58,3.529,3.533,570618000.0,967058000.0,3960099000.0,3960099000.0,0.0,0.06,0.107,0.12,0.178,25407000.0,261384000.0,1.0,62781593.0,62858000,63141000.0,63.001,4852561000.0,0.0,174953000.0,663414000.0,77.199,709972000.0
17,MLM,MRT,2017-03-31,2017-03-31,2017-03-31,2021-07-29,-128425000.0,7393791000.0,7325300500.0,1123242000.0,6270549000.0,0.529,64.632,-395134000.0,55418000.0,55418000.0,2960318000.0,422695000.0,1.779,0.815,1846294000.0,290048000.0,1556246000.0,1846294000.0,0.0,287219000.0,0.0,0.008,1.66,681621000.0,968840000.0,0.25,968840000.0,681621000.0,599127000.0,6.64,6.61,6.64,4073368000.0,4095532500.0,4073368000.0,15400557797.0,23.0,15.896,299359000.0,4.75,1.0,913555000.0,0.236,2667127000.0,82494000.0,5885982000.0,5787148750.0,537000000.0,0.0,0.0,0.0,3317837000.0,631558000.0,2686279000.0,13764406797.0,28176000.0,-51368000.0,-182773000.0,81427000.0,-105749000.0,-220289000.0,-446028000.0,0.0,694493000.0,0.0,422725000.0,422725000.0,422725000.0,0.0,-30000.0,0.109,245163000.0,668392000.0,188399000.0,0.25,3.379,32.561,32.869,3467645000.0,0.0,218.25,3.553,3.551,479215000.0,851354000.0,3873873000.0,3873873000.0,0.0,0.058,0.103,0.118,0.176,23528000.0,252792000.0,1.0,63067156.0,63024000,63319000.0,61.467,4726664000.0,0.0,176402000.0,667160000.0,74.998,491684000.0
18,MLM,MRT,2016-12-31,2016-12-31,2016-12-31,2021-07-29,-130687000.0,7300905000.0,7241424500.0,1086385000.0,6214520000.0,0.527,65.084,-387267000.0,50038000.0,50038000.0,2907011000.0,425444000.0,1.988,0.763,1686189000.0,180036000.0,1506153000.0,1686189000.0,0.0,285253000.0,0.0,0.007,1.64,688647000.0,973900000.0,0.255,973900000.0,688647000.0,606970000.0,6.66,6.63,6.66,4139978000.0,4062853250.0,4139978000.0,15763811640.0,23.0,16.186,301673000.0,4.743,1.0,911738000.0,0.239,2670649000.0,81677000.0,5719819000.0,5724893500.0,521624000.0,0.0,0.0,0.0,3158315000.0,546588000.0,2611727000.0,14059660640.0,-118371000.0,-168046000.0,-231971000.0,94795000.0,-105036000.0,-252291000.0,-555020000.0,0.0,688940000.0,0.0,425386000.0,425386000.0,425386000.0,0.0,58000.0,0.111,234472000.0,677266000.0,178598000.0,0.246,3.396,33.052,33.263,3423395000.0,0.0,221.53,3.682,3.69,457910000.0,935574000.0,3818749000.0,3818749000.0,0.0,0.059,0.105,0.12,0.18,20481000.0,241606000.0,1.0,63466170.0,63610000,63861000.0,60.034,4630256000.0,0.0,181584000.0,663019000.0,72.791,539797000.0
19,MLM,MRT,2016-09-30,2016-09-30,2016-09-30,2021-07-29,-104511000.0,7373201000.0,7155601000.0,1191525000.0,6181676000.0,0.519,65.488,-391159000.0,60684000.0,60684000.0,2838499000.0,409869000.0,1.97,0.774,1764835000.0,228025000.0,1536810000.0,1764835000.0,0.0,275649000.0,0.0,0.009,1.62,672826000.0,948475000.0,0.255,948475000.0,672826000.0,592987000.0,6.37,6.34,6.37,4155332000.0,4042179750.0,4155332000.0,13120061789.0,19.0,13.833,291575000.0,4.595,1.0,875990000.0,0.236,2675655000.0,79839000.0,5796788000.0,5650630250.0,508199000.0,0.0,0.0,0.0,3214803000.0,604909000.0,2609894000.0,11362297789.0,-375745000.0,-175554000.0,-427074000.0,54905000.0,-104538000.0,-491766000.0,-566713000.0,0.0,682734000.0,0.0,409710000.0,409710000.0,409710000.0,0.0,159000.0,0.11,204335000.0,671655000.0,192738000.0,0.254,2.734,27.733,28.118,3379613000.0,0.0,179.11,3.059,3.06,566425000.0,932679000.0,3714489000.0,3714489000.0,0.0,0.057,0.101,0.119,0.181,20034000.0,222537000.0,1.0,63437540.0,63452000,63723000.0,58.54,4697546000.0,0.0,183277000.0,676144000.0,74.033,586616000.0
20,MLM,MRT,2016-06-30,2016-06-30,2016-06-30,2021-07-29,-106068000.0,7233305000.0,7139409250.0,1121929000.0,6111376000.0,0.517,63.172,-400801000.0,28596000.0,28596000.0,2847649000.0,367969000.0,1.865,0.802,1786360000.0,245298000.0,1541062000.0,1786360000.0,0.0,268246000.0,0.0,0.008,1.6,605863000.0,874109000.0,0.237,874109000.0,605863000.0,527666000.0,5.62,5.59,5.62,4013452000.0,4066067250.0,4013452000.0,13922730872.0,23.0,15.928,262574000.0,4.133,1.0,845188000.0,0.229,2643459000.0,78197000.0,5746006000.0,5556648750.0,504877000.0,0.0,0.0,0.0,3216805000.0,601604000.0,2615201000.0,12197215872.0,-15573000.0,298631000.0,-582422000.0,123815000.0,-104644000.0,-576778000.0,-102170000.0,0.0,663375000.0,0.0,367775000.0,367775000.0,367775000.0,0.0,194000.0,0.1,236704000.0,608484000.0,197733000.0,0.285,3.039,33.165,34.164,3322205000.0,0.0,192.0,3.303,3.303,534459000.0,800028000.0,3692837000.0,3692837000.0,0.0,0.052,0.09,0.109,0.164,18921000.0,222651000.0,1.0,63527166.0,63532000,63802000.0,58.126,4589846000.0,0.0,159891000.0,639776000.0,72.245,520325000.0
21,MLM,MRT,2016-03-31,2016-03-31,2016-03-31,2021-07-29,-103833000.0,7058287000.0,7146182250.0,998315000.0,6059972000.0,0.509,61.452,-356375000.0,27242000.0,27242000.0,2839048000.0,327835000.0,2.029,0.789,1752757000.0,177430000.0,1575327000.0,1752757000.0,0.0,264729000.0,0.0,0.01,1.6,550036000.0,814765000.0,0.224,814765000.0,550036000.0,473046000.0,4.94,4.91,4.94,3942651000.0,4139897500.0,3942651000.0,11676228356.0,21.0,14.331,257412000.0,4.012,1.0,797910000.0,0.219,2654710000.0,76990000.0,5636961000.0,5601507000.0,485367000.0,0.0,0.0,0.0,3112651000.0,492131000.0,2620520000.0,10261507356.0,-29124000.0,297945000.0,-637954000.0,167043000.0,-104955000.0,-584481000.0,-58430000.0,0.0,613787000.0,0.0,327661000.0,327661000.0,327661000.0,0.0,174000.0,0.09,243290000.0,554620000.0,174398000.0,0.324,2.603,31.317,32.289,3262981000.0,0.0,159.51,2.821,2.814,448048000.0,743593000.0,3636958000.0,3636958000.0,0.0,0.046,0.079,0.098,0.151,18019000.0,219653000.0,1.0,64331436.0,64158000,64350000.0,56.688,4403577000.0,0.0,145385000.0,620569000.0,68.636,506184000.0
22,MLM,MRT,2015-12-31,2015-12-31,2015-12-31,2021-07-29,-105622000.0,6957611000.0,7175940250.0,1081635000.0,5875976000.0,0.493,60.765,-318232000.0,168409000.0,168409000.0,2812650000.0,288938000.0,2.95,0.714,1579009000.0,28948000.0,1550061000.0,1579009000.0,0.0,263587000.0,0.0,0.012,1.6,489942000.0,753529000.0,0.213,753529000.0,489942000.0,413655000.0,4.31,4.29,4.31,4057284000.0,4239376250.0,4057284000.0,10302200685.0,21.0,13.672,262368000.0,3.929,1.0,726920000.0,0.205,2578787000.0,76287000.0,5422766000.0,5614909000.0,469141000.0,0.0,0.0,0.0,2897434000.0,366658000.0,2530776000.0,9033477685.0,59758000.0,406778000.0,-482732000.0,-11268000.0,-107462000.0,-609388000.0,88546000.0,0.0,580600000.0,0.0,288792000.0,288792000.0,288792000.0,0.0,146000.0,0.082,232753000.0,494167000.0,164718000.0,0.371,2.226,31.28,31.689,3156000000.0,0.0,136.58,2.552,2.576,410921000.0,874436000.0,3539570000.0,3539570000.0,0.0,0.04,0.068,0.087,0.138,13589000.0,210754000.0,1.0,66140560.0,66770000,67020000.0,53.011,4378824000.0,0.0,124863000.0,583459000.0,65.581,714977000.0
23,MLM,MRT,2015-09-30,2015-09-30,2015-09-30,2021-07-29,-112742000.0,7308434000.0,7241476000.0,1515805000.0,5792629000.0,0.49,63.607,-306167000.0,436429000.0,436429000.0,2849139000.0,269705000.0,2.637,0.719,1700771000.0,147003000.0,1553768000.0,1700771000.0,0.0,268602000.0,0.0,0.011,1.6,468886000.0,737488000.0,0.208,737488000.0,468886000.0,390439000.0,4.07,4.05,4.07,4250882000.0,4312846750.0,4250882000.0,11794672697.0,25.0,15.993,193442000.0,2.895,1.0,702249000.0,0.198,2577055000.0,78447000.0,5420862000.0,5668224750.0,464525000.0,0.0,0.0,0.0,3055854000.0,574859000.0,2480995000.0,10180840697.0,362832000.0,422242000.0,-222263000.0,78317000.0,-108260000.0,-252852000.0,116075000.0,0.0,499609000.0,0.0,269563000.0,269563000.0,269563000.0,-103000.0,142000.0,0.076,241623000.0,460626000.0,226837000.0,0.393,2.395,37.768,37.334,3073534000.0,0.0,151.95,2.867,2.859,577424000.0,1079764000.0,3551388000.0,3551388000.0,0.0,0.037,0.063,0.083,0.132,13180000.0,211126000.0,1.0,67001255.0,66830000,67108000.0,53.141,4731379000.0,0.0,120876000.0,540079000.0,70.797,940946000.0
24,MLM,MRT,2015-06-30,2015-06-30,2015-06-30,2021-07-29,-112814000.0,7260397000.0,7249082000.0,1530122000.0,5730275000.0,0.479,63.954,-275436000.0,44169000.0,44169000.0,2837525000.0,205961000.0,4.212,0.685,1653338000.0,15433000.0,1637905000.0,1653338000.0,0.0,271557000.0,0.0,0.011,1.6,402570000.0,674127000.0,0.194,674127000.0,402570000.0,323244000.0,3.12,3.11,3.12,4308773000.0,4343431250.0,4308773000.0,11073925999.0,28.0,16.427,162928000.0,2.418,1.0,635337000.0,0.183,2580826000.0,79326000.0,5925439000.0,5764008250.0,479856000.0,0.0,0.0,0.0,2949964000.0,363301000.0,2586663000.0,9549268999.0,9840000.0,173359000.0,-42068000.0,-176009000.0,-108335000.0,-326447000.0,-102077000.0,0.0,438364000.0,0.0,205762000.0,205762000.0,205762000.0,-34000.0,199000.0,0.059,238253000.0,397084000.0,201235000.0,0.513,2.216,46.409,45.356,3049523000.0,0.0,141.51,2.75,2.745,497468000.0,1146821000.0,3472862000.0,3472862000.0,0.0,0.028,0.047,0.07,0.116,11506000.0,204666000.0,1.0,67481231.0,67373000,67633000.0,51.547,4679571000.0,0.0,117482000.0,521932000.0,69.458,1166821000.0
25,MLM,MRT,2015-03-31,2015-03-31,2015-03-31,2021-07-29,-106723000.0,7177319000.0,6272993500.0,1045829000.0,6131490000.0,0.513,64.39,-251355000.0,56366000.0,56366000.0,2649882000.0,183606000.0,3.049,0.653,1576063000.0,13873000.0,1562190000.0,1576063000.0,0.0,247548000.0,0.0,0.011,1.6,358990000.0,606538000.0,0.188,606538000.0,358990000.0,285804000.0,3.17,3.17,3.17,4340566000.0,3657412750.0,4340566000.0,10871752900.0,30.0,17.924,158816000.0,2.356,1.0,570786000.0,0.177,2663425000.0,73186000.0,5690569000.0,5157216750.0,505047000.0,0.0,0.0,0.0,2835136000.0,343022000.0,2492114000.0,9394825900.0,20565000.0,174201000.0,43168000.0,-236267000.0,-101054000.0,-312452000.0,-77154000.0,0.0,410171000.0,0.0,183345000.0,183345000.0,183345000.0,22000.0,261000.0,0.057,214445000.0,356341000.0,184066000.0,0.505,2.164,51.241,44.101,3365106000.0,0.0,139.8,2.917,2.926,381389000.0,1190807000.0,3220668000.0,3220668000.0,0.0,0.029,0.05,0.07,0.111,8510000.0,184449000.0,1.0,67201902.0,67411000,67676000.0,47.777,4513894000.0,0.0,102459000.0,518360000.0,66.961,702807000.0
26,MLM,MRT,2014-12-31,2014-12-31,2014-12-31,2021-07-29,-106159000.0,7219754000.0,5292478000.0,1044178000.0,6175576000.0,0.559,76.532,-232183000.0,108651000.0,108651000.0,2435591000.0,154294000.0,2.633,0.659,1585578000.0,14519000.0,1571059000.0,1585578000.0,0.0,222746000.0,0.0,0.015,1.6,316505000.0,539251000.0,0.182,539251000.0,316505000.0,250448000.0,2.73,2.73,2.73,4351166000.0,2949467500.0,4351166000.0,8965910468.0,28.0,16.627,149475000.0,2.629,1.0,522360000.0,0.177,2664004000.0,66057000.0,5636029000.0,4591894000.0,484919000.0,0.0,0.0,0.0,2867006000.0,396648000.0,2470358000.0,7421232468.0,66214000.0,182858000.0,39714000.0,-196757000.0,-91304000.0,-266119000.0,-49325000.0,0.0,381658000.0,0.0,155601000.0,155601000.0,155601000.0,37000.0,-1307000.0,0.053,207487000.0,314873000.0,202476000.0,0.586,1.706,47.694,40.41,3402770000.0,0.0,110.32,2.509,2.12,421001000.0,1213035000.0,2957951000.0,2957951000.0,0.0,0.029,0.053,0.069,0.107,6485000.0,169245000.0,1.0,67270055.0,56854000,57088000.0,52.027,4555750000.0,0.0,94847000.0,489945000.0,80.131,647530000.0
27,MLM,MRT,2014-09-30,2014-09-30,2014-09-30,2021-07-29,-43281000.0,7338858000.0,4302496000.0,1212798000.0,6126060000.0,0.615,65.188,-191461000.0,73597000.0,73597000.0,2188511000.0,125461000.0,2.775,0.678,1618275000.0,14331000.0,1603944000.0,1618275000.0,0.0,197743000.0,0.0,0.012,1.6,259467000.0,457210000.0,0.173,457210000.0,259467000.0,201680000.0,2.39,2.39,2.39,4373220000.0,2246145250.0,4373220000.0,9678972273.0,37.0,21.17,153473000.0,2.288,1.0,458062000.0,0.173,2642542000.0,57787000.0,5803996000.0,4026663000.0,475293000.0,0.0,0.0,0.0,2963245000.0,436998000.0,2526247000.0,8628500273.0,16356000.0,179031000.0,38315000.0,-254005000.0,-82834000.0,-316148000.0,-12430000.0,0.0,344934000.0,0.0,127679000.0,127679000.0,127679000.0,125000.0,-2218000.0,0.048,198932000.0,259130000.0,230206000.0,0.669,1.973,67.58,53.95,3377951000.0,0.0,128.94,3.26,3.268,523928000.0,1176121000.0,2646573000.0,2646573000.0,0.0,0.03,0.057,0.064,0.098,5249000.0,156699000.0,1.0,66918724.0,67086000,67495000.0,39.45,4696316000.0,90136000.0,74001000.0,633951000.0,70.004,775800000.0
28,MLM,MRT,2014-06-30,2014-06-30,2014-06-30,2021-07-29,-42141000.0,3356043000.0,3302057750.0,876701000.0,2479342000.0,0.699,33.726,-189968000.0,34329000.0,34329000.0,1902593000.0,143665000.0,3.582,1.143,1084801000.0,12404000.0,1072397000.0,1084801000.0,0.0,173916000.0,0.0,0.012,1.6,250099000.0,424015000.0,0.184,424015000.0,250099000.0,198599000.0,3.14,3.14,3.14,1564699000.0,1517877500.0,1564699000.0,7153764042.0,29.0,16.871,140874000.0,3.036,1.0,405577000.0,0.176,663517000.0,51500000.0,3498273000.0,3453554250.0,348168000.0,0.0,0.0,0.0,1789044000.0,244725000.0,1544319000.0,6121621042.0,-9383000.0,-55378000.0,10021000.0,-12074000.0,-74383000.0,-94879000.0,-245346000.0,0.0,330842000.0,0.0,145772000.0,145772000.0,145772000.0,56000.0,-2107000.0,0.063,153560000.0,252017000.0,139442000.0,0.51,3.912,41.994,42.054,1775374000.0,0.0,132.05,2.652,2.654,343784000.0,1149388000.0,2308170000.0,2308170000.0,0.0,0.044,0.096,0.072,0.108,5360000.0,145412000.0,1.0,46358357.0,46395000,46529000.0,49.75,2692526000.0,72413000.0,52827000.0,275279000.0,58.035,631976000.0
29,MLM,MRT,2014-03-31,2014-03-31,2014-03-31,2021-07-29,-42744000.0,3255257000.0,3270826750.0,758214000.0,2497043000.0,0.673,32.577,-170266000.0,35801000.0,35801000.0,1823300000.0,125608000.0,3.913,1.134,1067944000.0,12403000.0,1055541000.0,1067944000.0,0.0,173184000.0,0.0,0.012,1.6,223750000.0,396934000.0,0.18,396934000.0,223750000.0,171578000.0,2.75,2.75,2.75,1508785000.0,1477237250.0,1508785000.0,6915523392.0,31.0,17.422,126722000.0,2.736,1.0,376971000.0,0.171,664364000.0,52172000.0,3429278000.0,3434791500.0,354718000.0,0.0,0.0,0.0,1710964000.0,193758000.0,1517206000.0,5924483392.0,-1459000.0,-56916000.0,14685000.0,-13151000.0,-74298000.0,-71265000.0,-227182000.0,0.0,296988000.0,0.0,127559000.0,127559000.0,127559000.0,0.0,-1951000.0,0.058,151560000.0,225411000.0,98775000.0,0.582,3.927,46.445,46.673,1793536000.0,0.0,128.35,2.693,2.702,242587000.0,1108516000.0,2200271000.0,2200271000.0,0.0,0.039,0.086,0.065,0.102,4797000.0,146964000.0,1.0,46158811.0,46315000,46315000.0,47.507,2590893000.0,73320000.0,44019000.0,272346000.0,55.941,564456000.0
30,MLM,MRT,2013-12-31,2013-12-31,2013-12-31,2021-07-29,-44114000.0,3259826000.0,3245706250.0,755366000.0,2504460000.0,0.664,33.313,-155233000.0,42437000.0,42437000.0,1791594000.0,119432000.0,3.588,1.096,1033477000.0,14959000.0,1018518000.0,1033477000.0,0.0,173761000.0,0.0,0.016,1.6,218849000.0,392610000.0,0.182,392610000.0,218849000.0,165382000.0,2.62,2.62,2.62,1537877000.0,1442988750.0,1537877000.0,5688637986.0,26.0,14.489,153718000.0,3.33,1.0,363957000.0,0.169,665212000.0,53467000.0,3375105000.0,3417835500.0,347307000.0,0.0,0.0,0.0,1684907000.0,210549000.0,1474358000.0,4622080986.0,17043000.0,-59316000.0,11691000.0,-16345000.0,-74197000.0,-77359000.0,-214549000.0,0.0,308951000.0,0.0,121337000.0,121337000.0,121337000.0,0.0,-1905000.0,0.056,145969000.0,217988000.0,103600000.0,0.611,3.005,38.093,38.145,1799241000.0,0.0,99.94,2.144,2.14,245421000.0,1148738000.0,2155551000.0,2155551000.0,0.0,0.037,0.084,0.064,0.102,4640000.0,150091000.0,1.0,46248559.0,46164000,46285000.0,46.693,2594614000.0,74821000.0,44045000.0,279999000.0,56.204,544817000.0
31,MLM,MRT,2013-09-30,2013-09-30,2013-09-30,2021-07-29,-102710000.0,3337105000.0,3220981250.0,845669000.0,2491436000.0,0.656,31.575,-147424000.0,57241000.0,57241000.0,1773166000.0,106000000.0,3.735,1.259,1123798000.0,16606000.0,1107192000.0,1123798000.0,0.0,174323000.0,0.0,0.016,1.6,195406000.0,369729000.0,0.175,369729000.0,195406000.0,141401000.0,2.29,2.29,2.29,1460149000.0,1411155750.0,1460149000.0,5589044935.0,29.0,15.117,118866000.0,2.57,1.0,339647000.0,0.161,665669000.0,54005000.0,3511561000.0,3409914000.0,350438000.0,0.0,0.0,0.0,1838222000.0,226432000.0,1611790000.0,4539437935.0,21820000.0,-64552000.0,15022000.0,23808000.0,-74091000.0,-32494000.0,-211976000.0,0.0,266290000.0,0.0,106839000.0,106839000.0,106839000.0,0.0,-839000.0,0.051,144263000.0,195384000.0,111266000.0,0.699,3.109,42.489,42.869,1782618000.0,0.0,98.17,2.149,2.149,331030000.0,1131276000.0,2112813000.0,2112813000.0,0.0,0.033,0.076,0.057,0.092,4475000.0,116073000.0,1.0,46240582.0,46244000,46349000.0,45.688,2671436000.0,77005000.0,34562000.0,243858000.0,57.768,619237000.0
32,MLM,MRT,2013-06-30,2013-06-30,2013-06-30,2021-07-29,-106257000.0,3231119000.0,3197506000.0,806485000.0,2424634000.0,0.638,30.396,-134774000.0,43712000.0,43712000.0,1719200000.0,97631000.0,4.189,1.277,1093319000.0,6169000.0,1087150000.0,1093319000.0,0.0,174468000.0,0.0,0.016,1.6,176984000.0,351452000.0,0.172,351452000.0,176984000.0,123273000.0,2.1,2.1,2.1,1402138000.0,1403719750.0,1402138000.0,5574627331.0,31.0,15.862,108718000.0,2.357,1.0,320561000.0,0.157,664971000.0,53711000.0,3423222000.0,3387585750.0,348873000.0,0.0,0.0,0.0,1790452000.0,192533000.0,1597919000.0,4533360331.0,2319000.0,2581000.0,17335000.0,-55371000.0,-73974000.0,-108980000.0,-132193000.0,0.0,243492000.0,0.0,97925000.0,97925000.0,97925000.0,0.0,-294000.0,0.048,142487000.0,178074000.0,99960000.0,0.762,3.233,46.294,46.867,1717386000.0,0.0,98.42,2.222,2.226,287521000.0,1077998000.0,2039761000.0,2039761000.0,0.0,0.031,0.07,0.052,0.087,4155000.0,111028000.0,1.0,46061373.0,46129000,46260000.0,44.219,2566148000.0,79104000.0,25348000.0,235505000.0,55.63,613952000.0
33,MLM,MRT,2013-03-31,2013-03-31,2013-03-31,2021-07-29,-104948000.0,3154775000.0,3196359500.0,715733000.0,2439042000.0,0.633,29.803,-135385000.0,37260000.0,37260000.0,1708492000.0,93872000.0,4.243,1.272,1078527000.0,5677000.0,1072850000.0,1078527000.0,0.0,175856000.0,0.0,0.016,1.6,165519000.0,341375000.0,0.169,341375000.0,165519000.0,112171000.0,2.01,2.01,2.01,1371791000.0,1397670000.0,1371791000.0,5703403669.0,34.0,16.707,110198000.0,2.394,1.0,315631000.0,0.156,665898000.0,53348000.0,3361454000.0,3397426750.0,347641000.0,0.0,0.0,0.0,1744718000.0,168690000.0,1576028000.0,4680938669.0,-7690000.0,4634000.0,9835000.0,-58825000.0,-73850000.0,-122522000.0,-130751000.0,0.0,245583000.0,0.0,93368000.0,93368000.0,93368000.0,0.0,504000.0,0.046,147951000.0,167680000.0,77080000.0,0.796,3.412,50.134,50.756,1732087000.0,0.0,102.02,2.313,2.32,202150000.0,1055256000.0,2024123000.0,2024123000.0,0.0,0.029,0.067,0.049,0.082,6030000.0,117425000.0,1.0,45882559.0,46028000,46028000.0,43.976,2488877000.0,79485000.0,18803000.0,230109000.0,54.073,547043000.0
34,MLM,MRT,2012-12-31,2012-12-31,2012-12-31,2021-07-29,-106169000.0,3160926000.0,3203195000.0,700401000.0,2460525000.0,0.634,30.779,-151023000.0,25394000.0,25394000.0,1704767000.0,85527000.0,4.041,1.213,1047859000.0,5676000.0,1042183000.0,1047859000.0,0.0,177211000.0,0.0,0.017,1.6,155244000.0,332455000.0,0.164,332455000.0,155244000.0,101905000.0,1.83,1.83,1.83,1410545000.0,1394641500.0,1410545000.0,5391804686.0,35.0,16.218,71666000.0,1.564,1.0,327134000.0,0.161,666637000.0,53339000.0,3343419000.0,3411713250.0,332311000.0,0.0,0.0,0.0,1710627000.0,173335000.0,1537292000.0,4328335686.0,-628000.0,7813000.0,6959000.0,-13276000.0,-73767000.0,-80107000.0,-143210000.0,0.0,222689000.0,0.0,84474000.0,84474000.0,84474000.0,0.0,1053000.0,0.042,170964000.0,156170000.0,83537000.0,0.874,3.069,51.239,51.519,1753241000.0,0.0,94.28,2.13,2.126,224050000.0,1101598000.0,2031901000.0,2031901000.0,0.0,0.026,0.061,0.046,0.076,7004000.0,138398000.0,1.0,45909373.0,45828000,45970000.0,44.338,2494289000.0,77716000.0,17431000.0,225592000.0,54.427,527066000.0
35,MLM,MRT,2012-09-30,2012-09-30,2012-09-30,2021-07-29,-77480000.0,3243204000.0,3199919000.0,785107000.0,2458097000.0,0.61,31.191,-167786000.0,35421000.0,35421000.0,1633002000.0,78887000.0,3.616,1.24,1098890000.0,6773000.0,1092117000.0,1098890000.0,0.0,176719000.0,0.0,0.019,1.6,142573000.0,319292000.0,0.164,319292000.0,142573000.0,89308000.0,1.67,1.67,1.67,1430405000.0,1394335500.0,1430405000.0,4905350985.0,34.0,15.363,33482000.0,0.73,1.0,319824000.0,0.164,667316000.0,53265000.0,3422248000.0,3410200500.0,335092000.0,0.0,0.0,0.0,1773183000.0,217109000.0,1556074000.0,3799144985.0,-21419000.0,-32070000.0,3516000.0,48171000.0,-73718000.0,-22831000.0,-199856000.0,0.0,201268000.0,0.0,77779000.0,77779000.0,77779000.0,0.0,1108000.0,0.04,183632000.0,136192000.0,99628000.0,0.958,2.656,48.845,49.623,1750941000.0,0.0,82.87,1.945,1.946,296947000.0,1098529000.0,1952826000.0,1952826000.0,0.0,0.024,0.056,0.042,0.073,8152000.0,182397000.0,1.0,45844636.0,45860000,45992000.0,42.582,2575888000.0,79758000.0,11529000.0,257050000.0,56.169,567998000.0
36,MLM,MRT,2012-06-30,2012-06-30,2012-06-30,2021-07-29,-80640000.0,3226533000.0,3178757500.0,760331000.0,2466202000.0,0.586,30.098,-162886000.0,41393000.0,41393000.0,1555249000.0,65550000.0,3.819,1.313,1147599000.0,10523000.0,1137076000.0,1147599000.0,0.0,175689000.0,0.0,0.02,1.6,129410000.0,305099000.0,0.164,305099000.0,129410000.0,75971000.0,1.38,1.38,1.38,1377939000.0,1398289250.0,1377939000.0,4697666409.0,36.0,15.397,67201000.0,1.468,1.0,307695000.0,0.165,671087000.0,53439000.0,3462586000.0,3377690250.0,331984000.0,0.0,0.0,0.0,1809729000.0,199066000.0,1610663000.0,3605859409.0,15294000.0,-35004000.0,1149000.0,56444000.0,-73696000.0,-16903000.0,-197890000.0,0.0,230087000.0,0.0,64013000.0,64013000.0,64013000.0,0.0,1537000.0,0.034,183025000.0,124670000.0,113308000.0,1.159,2.617,56.33,57.116,1753778000.0,0.0,78.82,1.936,1.937,275416000.0,1054048000.0,1862944000.0,1862944000.0,0.0,0.02,0.046,0.038,0.069,9748000.0,183809000.0,1.0,45748026.0,45781000,45905000.0,40.693,2555446000.0,75000000.0,11958000.0,229972000.0,55.819,561265000.0
37,MLM,MRT,2012-03-31,2012-03-31,2012-03-31,2021-07-29,-81991000.0,3182117000.0,3159354000.0,701944000.0,2480173000.0,0.563,29.73,-162207000.0,44950000.0,44950000.0,1476475000.0,63596000.0,3.787,1.312,1136757000.0,9579000.0,1127178000.0,1136757000.0,0.0,174511000.0,0.0,0.019,1.6,134208000.0,308719000.0,0.173,308719000.0,134208000.0,80300000.0,1.36,1.36,1.36,1359677000.0,1406915500.0,1359677000.0,4940912340.0,37.0,16.005,71242000.0,1.558,1.0,303172000.0,0.17,669953000.0,53908000.0,3418600000.0,3334157750.0,333487000.0,0.0,0.0,0.0,1783835000.0,185371000.0,1598464000.0,3906850340.0,-131879000.0,-83564000.0,1788000.0,-37303000.0,-73668000.0,-119557000.0,-245771000.0,0.0,233449000.0,0.0,63061000.0,63061000.0,63061000.0,0.0,535000.0,0.035,173042000.0,130130000.0,100082000.0,1.176,2.873,61.954,62.963,1768928000.0,0.0,85.63,2.195,2.201,212052000.0,1035739000.0,1779647000.0,1779647000.0,0.0,0.02,0.045,0.04,0.075,10603000.0,172030000.0,1.0,45624785.0,45734000,45734000.0,38.913,2512164000.0,79002000.0,17239000.0,225554000.0,54.93,516573000.0
38,MLM,MRT,2011-12-31,2011-12-31,2011-12-31,2021-07-29,-83890000.0,3147822000.0,3165976250.0,657850000.0,2489972000.0,0.541,30.871,-155363000.0,26022000.0,26022000.0,1411614000.0,83573000.0,3.787,1.206,1060084000.0,7182000.0,1052902000.0,1060084000.0,0.0,173407000.0,0.0,0.021,1.6,161968000.0,335375000.0,0.196,335375000.0,161968000.0,103382000.0,1.79,1.79,1.79,1409321000.0,1415298500.0,1409321000.0,4434636163.0,27.0,13.223,103731000.0,2.272,1.0,302002000.0,0.176,670804000.0,58586000.0,3337368000.0,3328993000.0,322607000.0,0.0,0.0,0.0,1698958000.0,173712000.0,1525246000.0,3445991163.0,-44301000.0,-83561000.0,1473000.0,19098000.0,-73648000.0,-64471000.0,-238924000.0,0.0,259094000.0,0.0,82379000.0,82379000.0,82379000.0,0.0,1194000.0,0.048,140993000.0,161009000.0,92210000.0,0.894,2.445,41.831,42.128,1774291000.0,0.0,75.41,2.011,2.009,203748000.0,1090891000.0,1713616000.0,1713616000.0,0.0,0.026,0.058,0.049,0.095,11522000.0,142713000.0,1.0,45696740.0,45652000,45793000.0,37.536,2477018000.0,80674000.0,21003000.0,222064000.0,54.259,484138000.0
39,MLM,MRT,2011-09-30,2011-09-30,2011-09-30,2021-07-29,-49560000.0,3158558000.0,3147706500.0,767416000.0,2391142000.0,0.505,31.653,-119410000.0,56840000.0,56840000.0,1287958000.0,83698000.0,3.881,1.157,1045485000.0,7150000.0,1038335000.0,1045485000.0,0.0,175264000.0,0.0,0.025,1.6,170683000.0,345947000.0,0.218,345947000.0,170683000.0,108495000.0,1.78,1.78,1.78,1446220000.0,1419328250.0,1446220000.0,3947915301.0,23.0,11.412,127657000.0,2.794,1.0,302594000.0,0.19,657250000.0,62188000.0,3292207000.0,3246584500.0,337730000.0,0.0,0.0,0.0,1673007000.0,197746000.0,1475261000.0,2888099301.0,-3659000.0,-58435000.0,1740000.0,10750000.0,-73625000.0,-72881000.0,-177845000.0,0.0,247067000.0,0.0,82344000.0,82344000.0,82344000.0,0.0,1354000.0,0.052,125687000.0,176907000.0,86322000.0,0.899,1.997,35.074,35.517,1686641000.0,0.0,63.22,1.816,1.816,260740000.0,1094469000.0,1590552000.0,1590552000.0,-149000.0,0.026,0.058,0.053,0.107,12660000.0,129132000.0,1.0,45683317.0,45690000,45799000.0,34.812,2501308000.0,92959000.0,26151000.0,265828000.0,54.745,569670000.0
40,MLM,MRT,2011-06-30,2011-06-30,2011-06-30,2021-07-29,-49319000.0,3148919000.0,3137012750.0,745568000.0,2403351000.0,0.509,30.956,-126090000.0,26099000.0,26099000.0,1293057000.0,86622000.0,2.836,1.202,1085915000.0,106959000.0,978956000.0,1085915000.0,0.0,177490000.0,0.0,0.02,1.6,177154000.0,354644000.0,0.222,354644000.0,177154000.0,111260000.0,1.84,1.84,1.84,1412444000.0,1411475250.0,1412444000.0,4637521938.0,26.0,13.077,114119000.0,2.501,1.0,304510000.0,0.191,657381000.0,65894000.0,3288456000.0,3177980500.0,336365000.0,0.0,0.0,0.0,1698320000.0,262898000.0,1435422000.0,3645731938.0,-5996000.0,-58723000.0,1584000.0,22222000.0,-73604000.0,-61392000.0,-184813000.0,0.0,240209000.0,0.0,85178000.0,85178000.0,85178000.0,0.0,1444000.0,0.053,123760000.0,180750000.0,85415000.0,0.87,2.581,42.801,43.462,1697778000.0,0.0,79.97,2.282,2.284,270709000.0,1063732000.0,1597567000.0,1597567000.0,-35000.0,0.027,0.06,0.056,0.111,12783000.0,126860000.0,1.0,45588745.0,45628000,45794000.0,35.013,2491538000.0,91041000.0,26082000.0,248330000.0,54.605,482670000.0
41,MLM,MRT,2011-03-31,2011-03-31,2011-03-31,2021-07-29,-54564000.0,3208606000.0,3123881000.0,840361000.0,2368245000.0,0.525,30.564,-141569000.0,176829000.0,176829000.0,1315139000.0,105716000.0,5.293,1.273,1168619000.0,7101000.0,1161518000.0,1168619000.0,0.0,179863000.0,0.0,0.018,1.6,202550000.0,382413000.0,0.233,382413000.0,202550000.0,133561000.0,2.24,2.24,2.24,1393209000.0,1402275250.0,1393209000.0,5042239660.0,25.0,13.185,122444000.0,2.686,1.0,324667000.0,0.198,643693000.0,68989000.0,3397941000.0,3122529250.0,331679000.0,0.0,0.0,0.0,1773860000.0,158762000.0,1615098000.0,4079680660.0,-44214000.0,-9695000.0,3164000.0,-86953000.0,-73588000.0,-156963000.0,-151264000.0,0.0,264013000.0,0.0,103778000.0,103778000.0,103778000.0,0.0,1938000.0,0.063,117968000.0,206699000.0,74914000.0,0.714,2.928,39.312,40.031,1676321000.0,0.0,89.67,2.488,2.493,203242000.0,1046346000.0,1639806000.0,1639806000.0,-13000.0,0.033,0.074,0.065,0.124,12144000.0,127683000.0,1.0,45496606.0,45584000,45584000.0,35.973,2564913000.0,88805000.0,29783000.0,240586000.0,56.268,681599000.0
42,MLM,MRT,2010-12-31,2010-12-31,2010-12-31,2021-07-29,-53660000.0,3074743000.0,3132955000.0,696211000.0,2378532000.0,0.528,31.339,-135916000.0,70323000.0,70323000.0,1331155000.0,98664000.0,1.806,1.127,1032882000.0,250837000.0,782045000.0,1032882000.0,0.0,181537000.0,0.0,0.017,1.6,196365000.0,377902000.0,0.229,377902000.0,196365000.0,127925000.0,2.11,2.11,2.11,1425440000.0,1387046000.0,1425440000.0,5170184928.0,26.0,13.681,133892000.0,2.944,1.0,321651000.0,0.195,644075000.0,68440000.0,3007734000.0,3082254500.0,331894000.0,0.0,0.0,0.0,1606484000.0,385493000.0,1220991000.0,4199554928.0,-193268000.0,-38266000.0,3047000.0,-219682000.0,-73550000.0,-288894000.0,-174182000.0,0.0,269808000.0,0.0,97012000.0,97012000.0,97012000.0,0.0,1652000.0,0.059,123344000.0,198307000.0,60333000.0,0.758,2.946,43.289,43.716,1687830000.0,0.0,92.24,2.541,2.538,183361000.0,1082160000.0,1652806000.0,1652806000.0,0.0,0.031,0.07,0.064,0.119,13384000.0,131642000.0,1.0,45528566.0,45485000,45659000.0,36.337,2430668000.0,83380000.0,30913000.0,228698000.0,53.439,310718000.0
43,MLM,MRT,2010-09-30,2010-09-30,2010-09-30,2021-07-29,-67249000.0,3115783000.0,3174090000.0,732116000.0,2383667000.0,0.504,31.077,-148761000.0,60499000.0,60499000.0,1295691000.0,80541000.0,1.715,1.172,1031129000.0,245423000.0,785706000.0,1031129000.0,0.0,182061000.0,0.0,0.021,1.6,172608000.0,354669000.0,0.222,354669000.0,172608000.0,102971000.0,1.69,1.69,1.69,1414808000.0,1371996000.0,1414808000.0,4531331561.0,26.0,12.776,137620000.0,3.023,1.0,304688000.0,0.19,641787000.0,69637000.0,3017791000.0,3134519500.0,323820000.0,0.0,0.0,0.0,1658555000.0,426835000.0,1231720000.0,3503938561.0,-133336000.0,-23185000.0,63717000.0,-238339000.0,-73390000.0,-247771000.0,-171946000.0,0.0,286381000.0,0.0,79056000.0,79056000.0,79056000.0,0.0,1485000.0,0.049,133242000.0,171446000.0,76993000.0,0.947,2.477,44.322,45.544,1693206000.0,0.0,76.97,2.189,2.19,249613000.0,1085750000.0,1600379000.0,1600379000.0,-201000.0,0.025,0.058,0.055,0.108,14910000.0,129590000.0,1.0,45523432.0,45526000,45678000.0,35.153,2473996000.0,71593000.0,23915000.0,216844000.0,54.342,305281000.0
44,MLM,MRT,2010-06-30,2010-06-30,2010-06-30,2021-07-29,-69488000.0,3096392000.0,3203314500.0,708466000.0,2387926000.0,0.493,30.259,-133034000.0,32095000.0,32095000.0,1270318000.0,84153000.0,1.709,1.221,1059488000.0,247550000.0,811938000.0,1059488000.0,0.0,182516000.0,0.0,0.019,1.6,178456000.0,360972000.0,0.229,360972000.0,178456000.0,107742000.0,1.79,1.79,1.79,1375644000.0,1346054000.0,1375644000.0,4883643516.0,27.0,13.529,154951000.0,3.408,1.0,308627000.0,0.195,642508000.0,70714000.0,3066651000.0,3198074250.0,319842000.0,0.0,0.0,0.0,1679595000.0,414626000.0,1264969000.0,3853270516.0,-101285000.0,-22295000.0,63720000.0,-225196000.0,-73003000.0,-233941000.0,-155329000.0,0.0,287985000.0,0.0,82580000.0,82580000.0,82580000.0,0.0,1573000.0,0.052,131822000.0,176805000.0,80238000.0,0.894,2.801,46.661,47.38,1694417000.0,0.0,84.81,2.44,2.442,257761000.0,1052159000.0,1578945000.0,1578945000.0,-264000.0,0.026,0.061,0.056,0.113,15187000.0,131287000.0,1.0,45434153.0,45463000,45657000.0,34.73,2453884000.0,72750000.0,25162000.0,198758000.0,53.975,293840000.0
45,MLM,MRT,2010-03-31,2010-03-31,2010-03-31,2021-07-29,-70528000.0,3244902000.0,3231014750.0,854711000.0,2390191000.0,0.477,29.346,-123935000.0,221043000.0,221043000.0,1237056000.0,69790000.0,2.162,1.405,1251416000.0,221810000.0,1029606000.0,1251416000.0,0.0,181740000.0,0.0,0.019,1.6,162751000.0,344491000.0,0.224,344491000.0,162751000.0,90206000.0,1.47,1.47,1.47,1332292000.0,1317659250.0,1332292000.0,4774732519.0,29.0,13.86,156800000.0,3.454,1.0,302644000.0,0.197,643087000.0,72545000.0,3236842000.0,3262913500.0,322027000.0,0.0,0.0,0.0,1872007000.0,395346000.0,1476661000.0,3786975519.0,-960000.0,-75797000.0,99084000.0,-90311000.0,-72719000.0,-81963000.0,-199732000.0,0.0,280735000.0,0.0,67043000.0,67043000.0,67043000.0,0.0,2747000.0,0.044,143544000.0,159100000.0,67281000.0,1.088,2.842,56.486,56.837,1695045000.0,0.0,83.55,2.46,2.464,202101000.0,1016156000.0,1539700000.0,1539700000.0,-123000.0,0.021,0.051,0.05,0.106,18755000.0,134494000.0,1.0,45325859.0,45400000,45400000.0,33.914,2601815000.0,72921000.0,23163000.0,192299000.0,57.309,459365000.0
46,MLM,MRT,2009-12-31,2009-12-31,2009-12-31,2021-07-29,-75084000.0,3239283000.0,3233064000.0,856860000.0,2382423000.0,0.487,31.028,-139230000.0,263591000.0,263591000.0,1241749000.0,88164000.0,2.294,1.343,1251348000.0,227856000.0,1023492000.0,1251348000.0,0.0,179391000.0,0.0,0.018,1.6,184888000.0,364279000.0,0.232,364279000.0,184888000.0,111433000.0,1.92,1.92,1.92,1365240000.0,1294646500.0,1365240000.0,5062161501.0,27.0,13.896,179138000.0,4.071,1.0,331567000.0,0.211,636693000.0,73455000.0,3216794000.0,3299867000.0,332569000.0,0.0,0.0,0.0,1832872000.0,373553000.0,1459319000.0,3990936501.0,225797000.0,-45801000.0,294177000.0,-111472000.0,-71178000.0,92460000.0,-185031000.0,0.0,318368000.0,0.0,85459000.0,85459000.0,85459000.0,0.0,2705000.0,0.054,148655000.0,182912000.0,52107000.0,0.833,2.923,46.7,46.568,1692905000.0,0.0,89.41,2.537,2.5,162815000.0,1058698000.0,1573316000.0,1573316000.0,0.0,0.026,0.066,0.056,0.118,19997000.0,138080000.0,1.0,44636355.0,44000000,44190000.0,35.757,2602590000.0,60303000.0,25974000.0,195946000.0,59.15,483307000.0
47,MLM,MRT,2009-09-30,2009-09-30,2009-09-30,2021-07-29,-89267000.0,3232681000.0,3181368750.0,844966000.0,2387715000.0,0.565,29.381,-134962000.0,193835000.0,193835000.0,1414868000.0,117396000.0,2.14,1.435,1265060000.0,226187000.0,1038873000.0,1265060000.0,0.0,178746000.0,0.0,0.017,1.6,230170000.0,408916000.0,0.228,408916000.0,230170000.0,155150000.0,2.55,2.55,2.55,1311040000.0,1208762500.0,1311040000.0,5250886238.0,23.0,12.841,170827000.0,3.828,1.0,382137000.0,0.213,637111000.0,75020000.0,3272010000.0,3338044250.0,329781000.0,0.0,0.0,0.0,1880705000.0,394785000.0,1485920000.0,4100616238.0,179939000.0,-39630000.0,233621000.0,-96568000.0,-69749000.0,48742000.0,-174592000.0,0.0,305789000.0,0.0,113873000.0,113873000.0,113873000.0,0.0,3523000.0,0.063,148483000.0,233654000.0,61741000.0,0.627,3.128,36.01,36.106,1698139000.0,0.0,92.07,2.282,2.286,241520000.0,1080084000.0,1797005000.0,1797005000.0,489000.0,0.036,0.094,0.069,0.128,19764000.0,140733000.0,1.0,44538028.0,44622000,44813000.0,40.272,2595570000.0,58272000.0,41277000.0,177724000.0,58.168,450181000.0
48,MLM,MRT,2009-06-30,2009-06-30,2009-06-30,2021-07-29,-96495000.0,3207193000.0,3139106500.0,802123000.0,2405070000.0,0.608,28.327,-173588000.0,133380000.0,133380000.0,1491786000.0,128835000.0,2.062,1.51,1283650000.0,234921000.0,1048729000.0,1283650000.0,0.0,176807000.0,0.0,0.02,1.6,253164000.0,429971000.0,0.225,429971000.0,253164000.0,176827000.0,2.9,2.9,2.9,1262065000.0,1149806250.0,1262065000.0,4628089985.0,18.0,10.764,162168000.0,3.64,1.0,415963000.0,0.218,642391000.0,76337000.0,3326008000.0,3359819000.0,333887000.0,0.0,0.0,0.0,1905650000.0,389064000.0,1516586000.0,3511625985.0,120224000.0,-27306000.0,235506000.0,-163291000.0,-68524000.0,-14638000.0,-200894000.0,0.0,335756000.0,0.0,124685000.0,124685000.0,124685000.0,0.0,4150000.0,0.065,156611000.0,259352000.0,75203000.0,0.552,2.782,28.164,27.2,1712724000.0,0.0,78.88,1.841,1.842,250340000.0,1042581000.0,1907749000.0,1907749000.0,583000.0,0.04,0.108,0.075,0.133,18237000.0,145535000.0,1.0,44518585.0,44554000,44753000.0,42.819,2564802000.0,56105000.0,52142000.0,175446000.0,57.566,413059000.0
49,MLM,MRT,2009-03-31,2009-03-31,2009-03-31,2021-07-29,-99753000.0,3253099000.0,3105203750.0,891939000.0,2361160000.0,0.657,29.626,-213149000.0,222003000.0,222003000.0,1596473000.0,153326000.0,2.566,1.588,1338467000.0,186360000.0,1152107000.0,1338467000.0,0.0,174826000.0,0.0,0.019,1.545,289542000.0,464368000.0,0.228,464368000.0,289542000.0,212555000.0,3.56,3.56,3.56,1240241000.0,1088484250.0,1240241000.0,4633036969.0,16.0,9.977,120529000.0,2.879,1.0,443715000.0,0.217,637255000.0,76987000.0,3384656000.0,3373713000.0,324949000.0,0.0,0.0,0.0,1968912000.0,347652000.0,1621260000.0,3285030969.0,208426000.0,-171161000.0,198180000.0,137165000.0,-64897000.0,259058000.0,-384310000.0,0.0,333678000.0,0.0,149627000.0,149627000.0,149627000.0,0.0,3699000.0,0.073,152425000.0,291290000.0,77029000.0,0.434,2.649,21.955,22.275,1683683000.0,0.0,79.3,1.61,1.627,244397000.0,1021832000.0,2040188000.0,2040188000.0,554000.0,0.048,0.137,0.086,0.142,19596000.0,150808000.0,1.0,41425359.0,41863000,41863000.0,48.735,2615844000.0,56177000.0,62928000.0,175806000.0,62.486,544287000.0
50,MLM,MRT,2008-12-31,2008-12-31,2008-12-31,2021-07-29,-101672000.0,3032502000.0,2981956000.0,665031000.0,2367471000.0,0.71,24.697,-258246000.0,37794000.0,37794000.0,1645906000.0,179750000.0,1.908,1.923,1359621000.0,207207000.0,1152414000.0,1359621000.0,0.0,171129000.0,0.0,0.015,1.49,322643000.0,493772000.0,0.233,493772000.0,322643000.0,248344000.0,4.2,4.2,4.2,1021704000.0,1017220750.0,1021704000.0,5369579852.0,17.0,10.875,87388000.0,2.112,1.0,470515000.0,0.222,636187000.0,74299000.0,3369503000.0,3230666500.0,318018000.0,0.0,0.0,0.0,1965242000.0,348639000.0,1616603000.0,4021573852.0,17756000.0,-192516000.0,-20746000.0,217845000.0,-62511000.0,122884000.0,-450762000.0,0.0,345634000.0,0.0,176256000.0,176256000.0,176256000.0,0.0,3494000.0,0.083,147129000.0,323386000.0,62921000.0,0.355,3.936,22.817,23.114,1690529000.0,0.0,97.08,1.9,1.898,211596000.0,1044417000.0,2116421000.0,2116421000.0,596000.0,0.059,0.173,0.1,0.152,18495000.0,151348000.0,1.0,41425359.0,41370000,41617000.0,51.158,2396315000.0,57967000.0,72088000.0,174308000.0,57.924,316392000.0
51,MLM,MRT,2008-09-30,2008-09-30,2008-09-30,2021-07-29,-36952000.0,3063632000.0,2894781750.0,673661000.0,2389971000.0,0.751,25.981,-291761000.0,13896000.0,13896000.0,1679728000.0,210565000.0,1.587,1.807,1361902000.0,209187000.0,1152715000.0,1361902000.0,0.0,164910000.0,0.0,0.013,1.435,366590000.0,531500000.0,0.244,531500000.0,366590000.0,296202000.0,4.89,4.89,4.89,1075215000.0,998292500.0,1075215000.0,6064935896.0,17.0,11.411,107459000.0,2.597,1.0,495305000.0,0.228,627973000.0,70388000.0,3359109000.0,3064223500.0,305550000.0,7594000.0,0.0,7594000.0,1943426000.0,424556000.0,1518870000.0,4633194896.0,-12521000.0,-195020000.0,-77078000.0,222127000.0,-60345000.0,75040000.0,-486781000.0,0.0,399220000.0,0.0,207535000.0,207535000.0,207535000.0,1325000.0,3030000.0,0.095,133429000.0,361876000.0,97247000.0,0.293,4.309,22.325,22.9,1718446000.0,0.0,111.98,2.13,2.131,301770000.0,1036944000.0,2175033000.0,2175033000.0,767000.0,0.072,0.208,0.12,0.169,14058000.0,153634000.0,1.0,41375200.0,41385000,41630000.0,52.556,2435659000.0,29347000.0,88667000.0,200655000.0,58.854,249105000.0
52,MLM,MRT,2008-06-30,2008-06-30,2008-06-30,2021-07-29,-38932000.0,3071582000.0,2809361250.0,690847000.0,2380735000.0,0.78,24.6,-309347000.0,13156000.0,13156000.0,1680659000.0,232524000.0,1.403,1.977,1444897000.0,291865000.0,1153032000.0,1444897000.0,0.0,158628000.0,0.0,0.013,1.38,393147000.0,551775000.0,0.252,551775000.0,393147000.0,325017000.0,5.47,5.47,5.47,1016777000.0,976309500.0,1016777000.0,5468841491.0,14.0,9.911,74733000.0,1.808,1.0,511045000.0,0.233,629221000.0,68130000.0,3381584000.0,2955266000.0,297371000.0,8656000.0,1047000.0,7609000.0,2009831000.0,492518000.0,1517313000.0,4281423491.0,-17734000.0,-199094000.0,-79074000.0,251741000.0,-58188000.0,106627000.0,-508441000.0,0.0,384080000.0,0.0,231475000.0,231475000.0,231475000.0,900000.0,1049000.0,0.106,127199000.0,383846000.0,101037000.0,0.252,4.211,18.496,18.938,1704677000.0,0.0,103.59,1.953,1.954,321985000.0,987403000.0,2191704000.0,2191704000.0,792000.0,0.082,0.237,0.133,0.179,13075000.0,152339000.0,1.0,41330471.0,41333000,41596000.0,53.026,2442361000.0,33342000.0,93542000.0,174481000.0,59.09,198329000.0
53,MLM,MRT,2008-03-31,2008-03-31,2008-03-31,2021-07-29,-40852000.0,2760108000.0,2708397500.0,620880000.0,2139228000.0,0.806,23.116,-300472000.0,13577000.0,13577000.0,1634695000.0,250400000.0,1.14,1.844,1200995000.0,345340000.0,855655000.0,1200995000.0,0.0,153277000.0,0.0,0.012,1.31,421694000.0,574971000.0,0.263,574971000.0,421694000.0,356163000.0,5.9,5.9,5.9,955187000.0,948199500.0,955187000.0,5490577064.0,13.0,9.549,124736000.0,3.019,1.0,549498000.0,0.252,590548000.0,65531000.0,2812470000.0,2830159500.0,296466000.0,9458000.0,2020000.0,7438000.0,1761207000.0,544508000.0,1216699000.0,4379942064.0,-4531000.0,120000.0,-303061000.0,220954000.0,-55568000.0,-129387000.0,-300352000.0,0.0,425208000.0,0.0,250623000.0,250623000.0,250623000.0,335000.0,-223000.0,0.115,134280000.0,415218000.0,92623000.0,0.222,4.585,17.476,17.995,1505184000.0,0.0,106.17,2.005,2.009,239009000.0,938085000.0,2184193000.0,2184193000.0,844000.0,0.093,0.264,0.149,0.193,8214000.0,154609000.0,1.0,41254046.0,41322000,41924000.0,52.858,2169560000.0,43411000.0,105540000.0,165804000.0,52.504,76372000.0
54,MLM,MRT,2007-12-31,2007-12-31,2007-12-31,2021-07-29,-37032000.0,2683805000.0,2658502250.0,626010000.0,2057795000.0,0.823,22.179,-264923000.0,20038000.0,20038000.0,1621043000.0,263339000.0,1.236,1.837,1130673000.0,282487000.0,848186000.0,1130673000.0,0.0,150338000.0,0.0,0.009,1.24,439002000.0,589340000.0,0.269,589340000.0,439002000.0,378109000.0,6.09,6.09,6.09,945991000.0,959682000.0,945991000.0,6653070966.0,15.0,11.289,132627000.0,3.109,1.0,568205000.0,0.26,584093000.0,60893000.0,2703731000.0,2700763500.0,286885000.0,8457000.0,0.0,8457000.0,1737814000.0,506616000.0,1231198000.0,5550593966.0,-12244000.0,8896000.0,-536541000.0,415088000.0,-53610000.0,-153767000.0,-256027000.0,0.0,397550000.0,0.0,262749000.0,262749000.0,262749000.0,0.0,590000.0,0.12,137978000.0,430227000.0,86868000.0,0.204,5.867,21.125,21.773,1433553000.0,0.0,132.6,2.535,2.583,247916000.0,931656000.0,2189248000.0,2189248000.0,869000.0,0.099,0.274,0.163,0.201,-3591000.0,155186000.0,1.0,41859683.0,42653000,43021000.0,51.327,2099712000.0,44285000.0,115360000.0,160902000.0,49.228,119394000.0
55,MLM,MRT,2007-09-30,2007-09-30,2007-09-30,2021-07-29,-30071000.0,2721950000.0,2614156250.0,690860000.0,2031090000.0,0.836,23.61,-250328000.0,26417000.0,26417000.0,1609127000.0,268674000.0,2.182,1.757,1128894000.0,78189000.0,1050705000.0,1128894000.0,0.0,149822000.0,0.0,0.009,1.17,440534000.0,590356000.0,0.27,590356000.0,440534000.0,384787000.0,6.23,6.23,6.23,987283000.0,1036677250.0,987283000.0,6733676673.0,15.0,11.406,150915000.0,3.609,1.0,576604000.0,0.264,584517000.0,55747000.0,2923279000.0,2597639500.0,285252000.0,8801000.0,0.0,8801000.0,1734667000.0,316631000.0,1418036000.0,5581900673.0,3588000.0,8460000.0,-530408000.0,399894000.0,-51550000.0,-155787000.0,-241868000.0,0.0,401243000.0,0.0,268674000.0,268674000.0,268674000.0,-1337000.0,0.0,0.123,143145000.0,433459000.0,92151000.0,0.188,5.654,20.776,21.437,1405716000.0,0.0,133.55,2.554,2.555,314177000.0,963622000.0,2185731000.0,2185731000.0,816000.0,0.103,0.259,0.17,0.202,-6155000.0,157123000.0,1.0,41796336.0,41817000,42475000.0,52.269,2137433000.0,42118000.0,116113000.0,166623000.0,51.114,374229000.0
56,MLM,MRT,2007-06-30,2007-06-30,2007-06-30,2021-07-29,-29574000.0,2667727000.0,2566842750.0,691283000.0,1976444000.0,0.846,21.3,-223261000.0,30890000.0,30890000.0,1613425000.0,254568000.0,1.956,1.95,1182666000.0,131139000.0,1051527000.0,1182666000.0,0.0,148214000.0,0.0,0.007,1.1,417409000.0,565623000.0,0.26,565623000.0,417409000.0,368832000.0,5.75,5.75,5.75,904337000.0,1105374000.0,904337000.0,7854135182.0,19.0,13.886,141058000.0,3.322,1.0,558577000.0,0.257,584974000.0,48577000.0,2881158000.0,2440410250.0,297800000.0,8812000.0,0.0,8812000.0,1763390000.0,353371000.0,1410019000.0,6905602182.0,10504000.0,2913000.0,-555566000.0,445861000.0,-49513000.0,-133467000.0,-220348000.0,0.0,364319000.0,0.0,254568000.0,254568000.0,254568000.0,-568000.0,0.0,0.117,145987000.0,412590000.0,92351000.0,0.191,7.636,27.127,28.177,1347440000.0,0.0,162.02,3.179,3.167,298462000.0,861299000.0,2172002000.0,2172002000.0,821000.0,0.099,0.23,0.171,0.192,-5365000.0,155938000.0,1.0,42621912.0,42458000,43141000.0,51.156,2082753000.0,38942000.0,114264000.0,164819000.0,49.054,337912000.0
57,MLM,MRT,2007-03-31,2007-03-31,2007-03-31,2021-07-29,-35223000.0,2560527000.0,2525415000.0,621208000.0,1939319000.0,0.859,22.473,-223879000.0,18108000.0,18108000.0,1634927000.0,247406000.0,0.99,1.558,966641000.0,387958000.0,578683000.0,966641000.0,0.0,144731000.0,0.0,0.008,1.055,399088000.0,543819000.0,0.251,543819000.0,399088000.0,357505000.0,5.46,5.46,5.46,1001117000.0,1184111000.0,1001117000.0,6772713901.0,17.0,12.454,130864000.0,2.938,1.0,533795000.0,0.246,586500000.0,41583000.0,2294886000.0,2314756750.0,281467000.0,9493000.0,0.0,9493000.0,1559410000.0,627674000.0,931736000.0,6091341901.0,-13045000.0,3146000.0,-371656000.0,250821000.0,-48279000.0,-147055000.0,-220733000.0,0.0,354743000.0,0.0,247406000.0,247406000.0,247406000.0,94000.0,0.0,0.114,138016000.0,395779000.0,90933000.0,0.193,6.085,24.621,24.762,1314583000.0,0.0,135.2,2.809,2.777,252805000.0,974106000.0,2168722000.0,2168722000.0,775000.0,0.098,0.209,0.172,0.184,-6967000.0,148777000.0,1.0,45054304.0,44548000,45313000.0,48.683,1974027000.0,38823000.0,110099000.0,179050000.0,44.312,-6466000.0
58,MLM,MRT,2006-12-31,2006-12-31,2006-12-31,2021-07-29,-36051000.0,2506421000.0,2494023000.0,592354000.0,1914067000.0,0.879,27.588,-265976000.0,32282000.0,32282000.0,1665759000.0,245422000.0,1.88,0.999,713654000.0,134346000.0,579308000.0,713654000.0,0.0,141429000.0,0.0,0.01,1.01,393413000.0,534842000.0,0.244,534842000.0,393413000.0,353054000.0,5.4,5.4,5.4,1253972000.0,1230582500.0,1253972000.0,5395293477.0,14.0,10.088,72216000.0,1.589,1.0,525293000.0,0.24,581486000.0,40359000.0,2291235000.0,2320560750.0,256287000.0,12876000.0,2521000.0,10355000.0,1252449000.0,315072000.0,937377000.0,4690972477.0,-44463000.0,27553000.0,-141353000.0,1075000.0,-46421000.0,-169232000.0,-213423000.0,25000000.0,338192000.0,0.0,245422000.0,245422000.0,245422000.0,-45000.0,0.0,0.112,134744000.0,390549000.0,85237000.0,0.187,3.741,19.114,19.243,1295491000.0,0.0,103.91,2.141,2.156,242399000.0,1142084000.0,2191052000.0,2191052000.0,736000.0,0.098,0.199,0.17,0.18,-4029000.0,146665000.0,1.0,45144572.0,45453000,46367000.0,48.205,1924935000.0,25317000.0,107632000.0,159094000.0,42.35,277282000.0
59,MLM,MRT,2006-09-30,2006-09-30,2006-09-30,2021-07-29,-17187000.0,2532696000.0,2475746750.0,608289000.0,1924407000.0,0.869,27.876,-277878000.0,22829000.0,22829000.0,1649202000.0,230713000.0,1.691,1.007,727150000.0,147326000.0,579824000.0,727150000.0,0.0,137555000.0,0.0,0.011,0.965,373723000.0,511278000.0,0.238,511278000.0,373723000.0,333596000.0,5.05,5.05,5.05,1262070000.0,1210510750.0,1262070000.0,4550432071.0,12.0,8.9,41600000.0,0.919,1.0,501504000.0,0.233,582960000.0,40127000.0,2294362000.0,2319190500.0,244537000.0,10713000.0,0.0,10713000.0,1270626000.0,359695000.0,910931000.0,3836146071.0,-88754000.0,28315000.0,-158140000.0,7579000.0,-44451000.0,-183669000.0,-224563000.0,25000000.0,319478000.0,0.0,230713000.0,230713000.0,230713000.0,2611000.0,0.0,0.107,127732000.0,373772000.0,89650000.0,0.191,3.04,16.627,16.756,1279366000.0,0.0,84.62,1.784,1.781,296001000.0,1092196000.0,2150706000.0,2150706000.0,611000.0,0.093,0.191,0.161,0.174,6803000.0,142111000.0,1.0,45333799.0,45275000,46121000.0,47.503,1949736000.0,16022000.0,102883000.0,154793000.0,43.064,248594000.0
60,MLM,MRT,2006-06-30,2006-06-30,2006-06-30,2021-07-29,-15325000.0,2502016000.0,2461343500.0,607767000.0,1894249000.0,0.858,26.702,-277816000.0,20386000.0,20386000.0,1625861000.0,230913000.0,2.425,1.052,734672000.0,29313000.0,705359000.0,734672000.0,0.0,137143000.0,0.0,0.01,0.92,366236000.0,503379000.0,0.238,503379000.0,366236000.0,325407000.0,5.02,5.02,5.02,1219285000.0,1195380500.0,1219285000.0,4854759607.0,13.0,9.644,45197000.0,0.99,1.0,487106000.0,0.231,587182000.0,40829000.0,2378544000.0,2311535250.0,243714000.0,10836000.0,0.0,10836000.0,1282731000.0,250576000.0,1032155000.0,4168123607.0,-61024000.0,35822000.0,-141048000.0,23004000.0,-42507000.0,-151643000.0,-232394000.0,10000000.0,323013000.0,0.0,230913000.0,230913000.0,230913000.0,1954000.0,0.0,0.109,121528000.0,365578000.0,99526000.0,0.183,3.418,18.051,18.157,1256000000.0,0.0,91.15,1.973,1.97,295053000.0,1028628000.0,2112967000.0,2112967000.0,625000.0,0.094,0.193,0.158,0.173,11489000.0,140383000.0,1.0,45728180.0,45663000,46623000.0,46.273,1914834000.0,16906000.0,94494000.0,167766000.0,41.934,357191000.0
61,MLM,MRT,2006-03-31,2006-03-31,2006-03-31,2021-07-29,-15325000.0,2434959000.0,2437406250.0,584881000.0,1850078000.0,0.849,25.945,-266174000.0,31153000.0,31153000.0,1606184000.0,216595000.0,2.714,1.051,717789000.0,11927000.0,705862000.0,717789000.0,0.0,137642000.0,0.0,0.008,0.89,344166000.0,481808000.0,0.233,481808000.0,344166000.0,302383000.0,4.68,4.68,4.68,1187003000.0,1175179250.0,1187003000.0,5539498244.0,16.0,11.497,54096000.0,1.182,1.0,463591000.0,0.224,587959000.0,41783000.0,2318102000.0,2272735250.0,241445000.0,18959000.0,3641000.0,15318000.0,1247956000.0,215534000.0,1032422000.0,4898931244.0,-71944000.0,40560000.0,-134796000.0,3029000.0,-41163000.0,-166200000.0,-226014000.0,0.0,320270000.0,0.0,216595000.0,216595000.0,216595000.0,3166000.0,0.0,0.105,117601000.0,345990000.0,93347000.0,0.19,4.127,22.618,22.87,1205505000.0,0.0,107.03,2.367,2.366,241587000.0,963471000.0,2069775000.0,2069775000.0,678000.0,0.089,0.184,0.151,0.166,11489000.0,135036000.0,1.0,45771571.0,45750000,46785000.0,45.241,1847000000.0,16519000.0,85788000.0,157840000.0,40.372,369347000.0
62,MLM,MRT,2005-12-31,2005-12-31,2005-12-31,2021-07-29,-15325000.0,2433316000.0,2417198500.0,602041000.0,1831275000.0,0.817,25.219,-221401000.0,76745000.0,76745000.0,1546353000.0,192666000.0,3.008,1.073,717312000.0,8153000.0,709159000.0,717312000.0,0.0,138251000.0,0.0,0.011,0.86,309488000.0,447739000.0,0.227,447739000.0,309488000.0,266891000.0,4.14,4.14,4.14,1173685000.0,1158071250.0,1173685000.0,4169807723.0,13.0,9.313,96383000.0,2.071,1.0,428935000.0,0.217,588007000.0,42597000.0,2285754000.0,2238493250.0,222728000.0,57964000.0,30081000.0,27883000.0,1259631000.0,200122000.0,1059509000.0,3557006723.0,-84875000.0,32932000.0,-145521000.0,-2849000.0,-39953000.0,-188790000.0,-213869000.0,-25000000.0,317784000.0,0.0,192666000.0,192666000.0,192666000.0,5796000.0,0.0,0.098,115134000.0,313801000.0,93445000.0,0.208,3.031,18.462,18.531,1166351000.0,0.0,76.72,1.801,1.808,225012000.0,948012000.0,1975288000.0,1975288000.0,662000.0,0.08,0.166,0.138,0.157,19039000.0,130703000.0,1.0,46363487.0,46540000,47279000.0,42.443,1845309000.0,14989000.0,74225000.0,151308000.0,39.65,401919000.0
63,MLM,MRT,2005-09-30,2005-09-30,2005-09-30,2021-07-29,-8970000.0,2475083000.0,2397832500.0,666173000.0,1808910000.0,0.801,25.924,-210805000.0,111583000.0,111583000.0,1512206000.0,181899000.0,2.831,1.06,724384000.0,14604000.0,709780000.0,724384000.0,0.0,136353000.0,0.0,0.011,0.83,296204000.0,432557000.0,0.225,432557000.0,296204000.0,253028000.0,3.89,3.89,3.89,1201549000.0,1153006750.0,1201549000.0,4269126634.0,14.0,9.87,114851000.0,2.478,1.0,407539000.0,0.212,588825000.0,43176000.0,2263741000.0,2199164750.0,209451000.0,53352000.0,28787000.0,24565000.0,1273534000.0,235318000.0,1038216000.0,3632930634.0,-23894000.0,37234000.0,-118498000.0,7267000.0,-38881000.0,-150579000.0,-198971000.0,-25000000.0,325656000.0,0.0,181899000.0,181899000.0,181899000.0,3581000.0,0.0,0.095,111820000.0,295719000.0,94754000.0,0.213,3.024,19.972,20.17,1141765000.0,0.0,78.46,1.892,1.894,288422000.0,910863000.0,1919745000.0,1919745000.0,885000.0,0.076,0.158,0.135,0.154,13411000.0,129457000.0,1.0,46302965.0,46349000,47173000.0,41.419,1886258000.0,6088000.0,71129000.0,153728000.0,40.697,430855000.0
64,MLM,MRT,2005-06-30,2005-06-30,2005-06-30,2021-07-29,-8970000.0,2406267000.0,2376116000.0,624265000.0,1782002000.0,0.779,24.447,-194392000.0,81410000.0,81410000.0,1467468000.0,159542000.0,2.721,1.114,717606000.0,6115000.0,711491000.0,717606000.0,0.0,133787000.0,0.0,0.012,0.8,270788000.0,404575000.0,0.219,404575000.0,270788000.0,227633000.0,3.36,3.36,3.36,1138480000.0,1144501000.0,1138480000.0,3837666121.0,14.0,9.486,129203000.0,2.774,1.0,384055000.0,0.207,589663000.0,43155000.0,2223344000.0,2172449500.0,217003000.0,38761000.0,13844000.0,24917000.0,1267787000.0,229456000.0,1038331000.0,3221694121.0,-4392000.0,36365000.0,-115490000.0,-6601000.0,-37869000.0,-159960000.0,-168027000.0,-10000000.0,323595000.0,0.0,159542000.0,159542000.0,159542000.0,3894000.0,0.0,0.086,113578000.0,270477000.0,103566000.0,0.238,2.83,20.193,20.571,1123507000.0,0.0,69.12,1.74,1.738,282844000.0,845152000.0,1851523000.0,1851523000.0,897000.0,0.067,0.139,0.125,0.146,7573000.0,126758000.0,1.0,46610158.0,46569000,47174000.0,39.759,1816604000.0,6112000.0,68091000.0,162254000.0,39.009,394809000.0
65,MLM,MRT,2005-03-31,2005-03-31,2005-03-31,2021-07-29,-8970000.0,2354128000.0,2352789250.0,585543000.0,1768585000.0,0.752,23.768,-180855000.0,103097000.0,103097000.0,1409563000.0,142785000.0,2.947,1.105,719069000.0,8723000.0,710346000.0,719069000.0,0.0,132535000.0,0.0,0.014,0.78,247645000.0,380180000.0,0.215,380180000.0,247645000.0,204409000.0,2.97,2.97,2.97,1118571000.0,1141903000.0,1118571000.0,3200076825.0,13.0,8.417,132586000.0,2.817,1.0,360387000.0,0.204,590245000.0,43236000.0,2181134000.0,2155218250.0,224919000.0,29623000.0,3900000.0,25723000.0,1235557000.0,198721000.0,1036836000.0,2637538825.0,50317000.0,41520000.0,-81365000.0,-5176000.0,-37248000.0,-123789000.0,-139335000.0,0.0,313441000.0,0.0,142785000.0,142785000.0,142785000.0,2853000.0,0.0,0.081,115336000.0,245051000.0,89596000.0,0.263,2.358,18.472,18.828,1106657000.0,0.0,55.92,1.49,1.487,220442000.0,792967000.0,1769950000.0,1769950000.0,885000.0,0.061,0.125,0.115,0.14,5906000.0,127732000.0,1.0,47166288.0,47061842,47737996.0,37.609,1763883000.0,5831000.0,61624000.0,149625000.0,37.48,386822000.0
66,MLM,MRT,2004-12-31,2004-12-31,2004-12-31,2021-07-29,-8970000.0,2355852000.0,2330686750.0,624253000.0,1731599000.0,0.738,23.959,-163445000.0,161620000.0,161620000.0,1373782000.0,129163000.0,3.063,1.042,724158000.0,10497000.0,713661000.0,724158000.0,0.0,132859000.0,0.0,0.014,0.76,229636000.0,362495000.0,0.211,362495000.0,229636000.0,186902000.0,2.68,2.68,2.68,1153427000.0,1134946500.0,1153427000.0,3163147893.0,14.0,8.726,103396000.0,2.148,1.0,346587000.0,0.201,586137000.0,42734000.0,2128440000.0,2139717750.0,209309000.0,31156000.0,4655000.0,26501000.0,1202425000.0,203813000.0,998612000.0,2576956893.0,36487000.0,40120000.0,-67720000.0,-2802000.0,-36507000.0,-107029000.0,-123325000.0,0.0,266841000.0,0.0,129163000.0,129163000.0,129163000.0,1052000.0,0.0,0.075,116505000.0,230082000.0,89949000.0,0.284,2.234,19.951,20.022,1065215000.0,0.0,53.66,1.498,1.502,219589000.0,795299000.0,1720369000.0,1720369000.0,891000.0,0.055,0.114,0.107,0.133,3333000.0,127337000.0,1.0,48023796.0,48142000,48534000.0,35.735,1769715000.0,5750000.0,57739000.0,149876000.0,36.76,420440000.0
67,MLM,MRT,2004-09-30,2004-09-30,2004-09-30,2021-07-29,-8694000.0,2388217000.0,2321530000.0,679980000.0,1708237000.0,0.711,24.214,-146954000.0,135477000.0,135477000.0,1307623000.0,121518000.0,3.08,1.046,721668000.0,6713000.0,714955000.0,721668000.0,0.0,135688000.0,0.0,0.016,0.74,214816000.0,350504000.0,0.212,350504000.0,214816000.0,172356000.0,2.51,2.51,2.51,1167526000.0,1129051500.0,1167526000.0,2822533132.0,13.0,8.053,108021000.0,2.24,1.0,344060000.0,0.208,596779000.0,42460000.0,2156880000.0,2132112250.0,208690000.0,0.0,0.0,0.0,1220691000.0,220749000.0,999942000.0,2183130132.0,70989000.0,45890000.0,-40748000.0,-6405000.0,-35769000.0,-82922000.0,-101064000.0,0.0,254975000.0,0.0,121518000.0,121518000.0,121518000.0,11059000.0,0.0,0.074,118136000.0,225924000.0,89940000.0,0.295,1.87,17.965,18.036,1044890000.0,0.0,45.27,1.322,1.322,286024000.0,767846000.0,1651683000.0,1651683000.0,733000.0,0.052,0.108,0.101,0.13,817000.0,125729000.0,1.0,48224655.0,48216947,48572510.0,34.255,1791438000.0,28742000.0,50838000.0,151205000.0,37.154,459231000.0
68,MLM,MRT,2004-06-30,2004-06-30,2004-06-30,2021-07-29,-8694000.0,2312960000.0,2307271250.0,616875000.0,1696085000.0,0.719,23.399,-134325000.0,85802000.0,85802000.0,1324441000.0,113035000.0,3.099,1.05,725205000.0,11967000.0,713238000.0,725205000.0,0.0,138358000.0,0.0,0.016,0.72,207724000.0,346082000.0,0.209,346082000.0,207724000.0,165110000.0,2.32,2.32,2.32,1128088000.0,1117908500.0,1128088000.0,2815948368.0,14.0,8.137,133724000.0,2.774,1.0,335161000.0,0.202,598910000.0,42614000.0,2154419000.0,2138944000.0,228724000.0,0.0,0.0,0.0,1184872000.0,199034000.0,985838000.0,2137114368.0,68625000.0,43819000.0,-35530000.0,-38460000.0,-34928000.0,-108918000.0,-90506000.0,0.0,268049000.0,0.0,113035000.0,113035000.0,113035000.0,11154000.0,0.0,0.068,117672000.0,217489000.0,77482000.0,0.31,1.894,18.907,19.108,1041057000.0,0.0,44.33,1.288,1.288,259889000.0,723479000.0,1659602000.0,1659602000.0,777000.0,0.049,0.101,0.097,0.125,323000.0,124871000.0,1.0,48209212.0,48210140,48570644.0,34.424,1714050000.0,21664000.0,52075000.0,137762000.0,35.554,417841000.0
69,MLM,MRT,2004-03-31,2004-03-31,2004-03-31,2021-07-29,-8694000.0,2265718000.0,2305774500.0,563070000.0,1702648000.0,0.717,22.567,-122407000.0,52780000.0,52780000.0,1324420000.0,107970000.0,2.542,1.077,731614000.0,13036000.0,718578000.0,731614000.0,0.0,139777000.0,0.0,0.016,0.72,202015000.0,341792000.0,0.207,341792000.0,202015000.0,159261000.0,2.2,2.2,2.2,1090745000.0,1107392250.0,1090745000.0,2825917118.0,14.0,8.268,118568000.0,2.453,1.0,327771000.0,0.198,603948000.0,42754000.0,2119132000.0,2160487750.0,229663000.0,0.0,0.0,0.0,1174973000.0,221472000.0,953501000.0,2221645118.0,36230000.0,29965000.0,-36120000.0,-53709000.0,-35055000.0,-112303000.0,-92442000.0,0.0,240975000.0,0.0,107970000.0,107970000.0,107970000.0,10886000.0,0.0,0.065,115858000.0,211913000.0,71411000.0,0.327,2.037,20.577,20.982,1038686000.0,0.0,46.16,1.345,1.35,226059000.0,687432000.0,1652191000.0,1652191000.0,708000.0,0.047,0.097,0.094,0.122,323000.0,120948000.0,1.0,48129227.0,48332774,48332774.0,34.184,1661770000.0,21633000.0,51291000.0,133636000.0,34.382,341598000.0
70,MLM,MRT,2003-12-31,2003-12-31,2003-12-31,2021-07-29,-8694000.0,2319225000.0,2306563750.0,610651000.0,1708574000.0,0.706,23.103,-120638000.0,125133000.0,125133000.0,1314049000.0,93623000.0,2.741,1.053,729405000.0,12332000.0,717073000.0,729405000.0,0.0,139606000.0,0.0,0.015,0.69,183113000.0,322719000.0,0.198,322719000.0,183113000.0,140526000.0,1.91,1.91,1.91,1129847000.0,1096248500.0,1129847000.0,2965684508.0,16.0,9.19,156531000.0,3.201,1.0,313437000.0,0.193,602728000.0,42587000.0,2098018000.0,2185185500.0,213843000.0,20732000.0,3064000.0,17668000.0,1189378000.0,222751000.0,966627000.0,2298250508.0,110635000.0,20860000.0,-12216000.0,-33407000.0,-33714000.0,-66756000.0,-99778000.0,0.0,277169000.0,0.0,93623000.0,93623000.0,93623000.0,8890000.0,0.0,0.058,114131000.0,199306000.0,76576000.0,0.361,2.034,24.548,24.592,1042432000.0,0.0,46.97,1.412,1.411,231514000.0,702643000.0,1627486000.0,1627486000.0,612000.0,0.041,0.085,0.084,0.113,323000.0,120360000.0,1.0,48930179.0,48905000,49136000.0,33.279,1716497000.0,21603000.0,46903000.0,119480000.0,35.099,387900000.0
71,MLM,MRT,2003-09-30,2003-09-30,2003-09-30,2021-07-29,-7365000.0,2331182000.0,2295014500.0,612372000.0,1718810000.0,0.703,22.954,-125841000.0,53574000.0,53574000.0,1337075000.0,80355000.0,2.959,1.076,721008000.0,1249000.0,719759000.0,721008000.0,0.0,139535000.0,0.0,0.018,0.66,152251000.0,291786000.0,0.181,291786000.0,152251000.0,109839000.0,1.63,1.63,1.63,1122954000.0,1084539250.0,1122954000.0,2532381507.0,17.0,8.679,116798000.0,2.387,1.0,276290000.0,0.171,607422000.0,42412000.0,2184207000.0,2209792500.0,212681000.0,0.0,0.0,0.0,1208228000.0,206987000.0,1001241000.0,1783148507.0,36193000.0,18048000.0,351000.0,-79346000.0,-32239000.0,-98653000.0,-107793000.0,0.0,242639000.0,0.0,80355000.0,80355000.0,80355000.0,3574000.0,0.0,0.05,112042000.0,164248000.0,82702000.0,0.405,1.588,22.191,22.362,1046334000.0,0.0,36.45,1.105,1.105,312843000.0,682096000.0,1613365000.0,1613365000.0,552000.0,0.035,0.074,0.069,0.094,0.0,117921000.0,1.0,48920398.0,48922858,49189728.0,32.978,1723760000.0,23800000.0,29484000.0,124938000.0,35.234,405385000.0
72,MLM,MRT,2003-06-30,2003-06-30,2003-06-30,2021-07-29,-7365000.0,2306973000.0,2292717500.0,586764000.0,1720209000.0,0.69,22.207,-141477000.0,6907000.0,6907000.0,1311691000.0,73760000.0,2.828,1.124,756140000.0,9439000.0,746701000.0,756140000.0,0.0,138417000.0,0.0,0.019,0.63,144916000.0,283333000.0,0.179,283333000.0,144916000.0,102230000.0,1.5,1.5,1.5,1086023000.0,1076743750.0,1086023000.0,2407233602.0,17.0,8.496,75444000.0,1.543,1.0,271107000.0,0.171,608147000.0,42686000.0,2240594000.0,2225816750.0,237802000.0,0.0,0.0,0.0,1220950000.0,207465000.0,1013485000.0,1643561602.0,-9797000.0,14555000.0,215000.0,-81825000.0,-30767000.0,-99796000.0,-126922000.0,0.0,216921000.0,0.0,73760000.0,73760000.0,73760000.0,3365000.0,0.0,0.047,112457000.0,158650000.0,74893000.0,0.42,1.513,22.283,22.407,1058537000.0,0.0,33.61,1.038,1.038,296525000.0,645371000.0,1582798000.0,1582798000.0,319000.0,0.032,0.069,0.065,0.092,0.0,116785000.0,1.0,48900970.0,48905591,49111046.0,32.364,1698826000.0,24320000.0,28470000.0,116881000.0,34.737,379299000.0
73,MLM,MRT,2003-03-31,2003-03-31,2003-03-31,2021-07-29,-7365000.0,2268875000.0,2291359500.0,533260000.0,1735615000.0,0.695,21.398,-152583000.0,4226000.0,4226000.0,1310675000.0,87472000.0,2.618,1.169,767898000.0,8960000.0,758938000.0,767898000.0,0.0,138200000.0,0.0,0.021,0.59,159111000.0,297311000.0,0.187,297311000.0,159111000.0,116095000.0,1.79,1.79,1.79,1046170000.0,1070278000.0,1046170000.0,2093856590.0,13.0,7.043,51176000.0,1.047,1.0,281620000.0,0.177,610900000.0,43016000.0,2217923000.0,2236089250.0,247868000.0,0.0,0.0,0.0,1222705000.0,203724000.0,1018981000.0,1348692590.0,-16805000.0,47211000.0,490000.0,-86875000.0,-28807000.0,-115192000.0,-105372000.0,0.0,203759000.0,0.0,87472000.0,87472000.0,87472000.0,-7170000.0,0.0,0.055,110913000.0,170707000.0,63901000.0,0.33,1.289,15.419,15.425,1067292000.0,0.0,27.61,0.847,0.848,222286000.0,605722000.0,1592295000.0,1592295000.0,343000.0,0.038,0.082,0.071,0.1,0.0,116421000.0,1.0,48847975.0,48890996,48890996.0,32.568,1657975000.0,23052000.0,28623000.0,111119000.0,33.912,329536000.0
74,MLM,MRT,2002-12-31,2002-12-31,2002-12-31,2021-07-29,-7365000.0,2273028000.0,2283226500.0,540647000.0,1732381000.0,0.696,22.692,-152680000.0,14498000.0,14498000.0,1301102000.0,86305000.0,2.546,1.099,759662000.0,26191000.0,733471000.0,759662000.0,0.0,138696000.0,0.0,0.019,0.58,162494000.0,301190000.0,0.19,301190000.0,162494000.0,118466000.0,1.77,1.77,1.77,1083010000.0,1059653500.0,1083010000.0,2273960758.0,14.0,7.55,50880000.0,1.066,1.0,287451000.0,0.181,609421000.0,44028000.0,2196446000.0,2244598750.0,239726000.0,0.0,0.0,0.0,1190018000.0,212325000.0,977693000.0,1496858758.0,-9099000.0,49761000.0,640000.0,-82102000.0,-28278000.0,-109740000.0,-102919000.0,0.0,203560000.0,0.0,86305000.0,86305000.0,86305000.0,-6989000.0,0.0,0.054,108960000.0,178491000.0,73186000.0,0.328,1.382,17.344,17.322,1067576000.0,0.0,30.66,0.942,0.921,232884000.0,642734000.0,1588553000.0,1588553000.0,369000.0,0.038,0.081,0.072,0.102,0.0,113300000.0,1.0,48821225.0,47727000,48858000.0,33.284,1663607000.0,21387000.0,32161000.0,110803000.0,34.857,328322000.0
75,MLM,MRT,2002-09-30,2002-09-30,2002-09-30,2021-07-29,0.0,2321994000.0,2271114500.0,577800000.0,1744194000.0,0.695,22.363,-154006000.0,6077000.0,6077000.0,1274807000.0,95323000.0,2.582,1.127,783179000.0,9699000.0,773480000.0,783179000.0,0.0,145225000.0,0.0,0.018,0.57,185637000.0,330862000.0,0.21,330862000.0,185637000.0,141244000.0,1.97,1.97,1.97,1091772000.0,1044454000.0,1091772000.0,2395256233.0,13.0,7.239,72205000.0,1.479,1.0,303190000.0,0.192,627055000.0,44393000.0,2248304000.0,2252005000.0,241695000.0,0.0,0.0,0.0,1230222000.0,223737000.0,1006485000.0,1590043233.0,16770000.0,39118000.0,1809000.0,-65125000.0,-27750000.0,-91066000.0,-118375000.0,0.0,226211000.0,0.0,95323000.0,95323000.0,95323000.0,-12182000.0,0.0,0.06,105616000.0,197574000.0,81653000.0,0.289,1.456,16.681,16.533,1062538000.0,0.0,32.57,1.008,1.008,281044000.0,645490000.0,1577997000.0,1577997000.0,298000.0,0.042,0.091,0.082,0.118,0.0,109879000.0,1.0,48819258.0,48820079,48955259.0,32.323,1694939000.0,24167000.0,45921000.0,112010000.0,34.718,354063000.0
76,MLM,MRT,2002-06-30,2002-06-30,2002-06-30,2021-07-29,0.0,2301541000.0,2255218500.0,573715000.0,1727826000.0,0.712,21.769,-160106000.0,4756000.0,4756000.0,1292901000.0,102315000.0,2.725,1.171,809969000.0,8618000.0,801351000.0,809969000.0,0.0,148989000.0,0.0,0.014,0.56,196380000.0,345369000.0,0.215,345369000.0,196380000.0,151047000.0,2.12,2.12,2.12,1060160000.0,1021279500.0,1060160000.0,2710655485.0,14.0,7.849,96228000.0,1.976,1.0,311749000.0,0.194,614534000.0,45333000.0,2281684000.0,2264948500.0,252715000.0,0.0,0.0,0.0,1241381000.0,210536000.0,1030845000.0,1894585485.0,12640000.0,69190000.0,2653000.0,-87050000.0,-27206000.0,-111603000.0,-132091000.0,0.0,256334000.0,0.0,102315000.0,102315000.0,102315000.0,-12068000.0,0.0,0.064,103876000.0,207873000.0,80288000.0,0.264,1.787,18.517,18.396,1053714000.0,0.0,39.0,1.181,1.184,281778000.0,613888000.0,1604650000.0,1604650000.0,108000.0,0.045,0.1,0.087,0.122,0.0,107300000.0,1.0,48579115.0,48700333,48851807.0,32.949,1687007000.0,23317000.0,48732000.0,107443000.0,34.641,363179000.0
77,MLM,MRT,2002-03-31,2002-03-31,2002-03-31,2021-07-29,0.0,2236343000.0,2238479250.0,515312000.0,1721031000.0,0.723,20.671,-171327000.0,11137000.0,11137000.0,1321575000.0,87955000.0,2.716,1.228,827207000.0,6119000.0,821088000.0,827207000.0,0.0,154192000.0,0.0,0.013,0.56,185861000.0,340053000.0,0.21,340053000.0,185861000.0,138430000.0,1.84,1.84,1.84,1003672000.0,992259750.0,1003672000.0,2850688265.0,15.0,8.383,104432000.0,2.151,1.0,296130000.0,0.183,610735000.0,47431000.0,2251961000.0,2260456000.0,253515000.0,0.0,0.0,0.0,1232671000.0,189717000.0,1042954000.0,2050192265.0,-216376000.0,-159214000.0,2336000.0,-135065000.0,-27103000.0,-159832000.0,-332303000.0,0.0,275759000.0,0.0,87955000.0,87955000.0,87955000.0,-1533000.0,0.0,0.054,96761000.0,199369000.0,74530000.0,0.304,2.043,23.31,22.946,1074943000.0,0.0,42.22,1.267,1.267,200592000.0,567360000.0,1617705000.0,1617705000.0,231000.0,0.039,0.089,0.082,0.115,0.0,107546000.0,1.0,48559741.0,48554631,48717691.0,33.317,1625608000.0,28548000.0,50475000.0,109468000.0,33.48,325595000.0
78,MLM,MRT,2001-12-31,2001-12-31,2001-12-31,2021-07-29,0.0,2224580000.0,2218673250.0,496232000.0,1728348000.0,0.719,21.353,-194386000.0,1379000.0,1379000.0,1299068000.0,105362000.0,2.584,1.176,801875000.0,4490000.0,797385000.0,801875000.0,0.0,154635000.0,0.0,0.012,0.56,203700000.0,358335000.0,0.225,358335000.0,203700000.0,156908000.0,2.2,2.2,2.2,1022212000.0,960034750.0,1022212000.0,3095793443.0,15.0,8.639,58557000.0,1.223,1.0,295293000.0,0.185,606968000.0,46792000.0,2226071000.0,2231241500.0,231003000.0,0.0,0.0,0.0,1202368000.0,192037000.0,1010331000.0,2261155443.0,13178000.0,-172312000.0,2621000.0,154726000.0,-26927000.0,130420000.0,-370185000.0,0.0,252943000.0,0.0,105362000.0,105362000.0,105362000.0,-4359000.0,0.0,0.066,92175000.0,203118000.0,79572000.0,0.255,2.212,21.461,21.182,1082189000.0,0.0,46.6,1.418,1.399,215184000.0,584707000.0,1594361000.0,1594361000.0,556000.0,0.047,0.11,0.091,0.128,0.0,103918000.0,1.0,48522649.0,47873000,48066000.0,33.304,1617612000.0,19696000.0,51546000.0,105755000.0,33.79,304195000.0
79,MLM,MRT,2001-09-30,2001-09-30,2001-09-30,2021-07-29,0.0,2258410000.0,2122888000.0,539222000.0,1719188000.0,0.771,20.669,-202571000.0,0.0,0.0,1343745000.0,100791000.0,2.525,1.261,834638000.0,0.0,834638000.0,834638000.0,0.0,248758000.0,0.0,0.014,0.56,196039000.0,444797000.0,0.272,444797000.0,196039000.0,149720000.0,2.11,2.12,2.11,999074000.0,920303250.0,999074000.0,2743517421.0,14.0,6.168,13954000.0,0.289,1.0,293462000.0,0.179,579394000.0,46319000.0,2300078000.0,2148319500.0,232013000.0,0.0,0.0,0.0,1259336000.0,213576000.0,1045760000.0,1888806421.0,-9027000.0,-167650000.0,2157000.0,176122000.0,-26680000.0,151599000.0,-377151000.0,0.0,216525000.0,0.0,100791000.0,100791000.0,100791000.0,0.0,0.0,0.062,97423000.0,196039000.0,0.0,0.265,1.891,18.74,18.536,1066399000.0,0.0,39.11,1.154,1.155,277469000.0,566407000.0,1637207000.0,1637207000.0,1033000.0,0.047,0.11,0.091,0.12,0.0,106043000.0,1.0,48294718.0,48337678,48570981.0,33.87,1679016000.0,0.0,48929000.0,0.0,34.735,325646000.0
80,MLM,MRT,2001-06-30,2001-06-30,2001-06-30,2021-07-29,0.0,2234584000.0,2021857500.0,541251000.0,1693333000.0,0.776,19.85,-199631000.0,0.0,0.0,1284967000.0,96925000.0,2.302,1.367,854711000.0,0.0,854711000.0,854711000.0,0.0,210348000.0,0.0,0.011,0.56,189729000.0,400077000.0,0.255,400077000.0,189729000.0,144849000.0,2.06,2.07,2.06,944081000.0,882684750.0,944081000.0,2958519801.0,16.0,7.395,-14759000.0,-0.31,1.0,283006000.0,0.18,590417000.0,44880000.0,2263714000.0,2037867500.0,240341000.0,0.0,0.0,0.0,1290503000.0,235164000.0,1055339000.0,2341012801.0,-4226000.0,-203046000.0,1381000.0,205133000.0,-26448000.0,180066000.0,-369164000.0,0.0,184872000.0,0.0,96925000.0,96925000.0,96925000.0,0.0,0.0,0.062,93277000.0,189729000.0,0.0,0.272,2.48,24.153,24.024,1029682000.0,0.0,49.49,1.493,1.501,274559000.0,527269000.0,1567973000.0,1567973000.0,1781000.0,0.048,0.11,0.093,0.121,0.0,103801000.0,1.0,47302744.0,47559897,47803974.0,32.968,1644167000.0,0.0,47924000.0,0.0,34.57,306087000.0
81,MLM,MRT,2001-03-31,2001-03-31,2001-03-31,2021-07-29,0.0,2157119000.0,1922741000.0,687362000.0,1469757000.0,0.781,18.583,-187968000.0,234534000.0,234534000.0,1215846000.0,100045000.0,2.802,1.466,852041000.0,0.0,852041000.0,852041000.0,0.0,170755000.0,0.0,0.013,0.55,192707000.0,363462000.0,0.242,363462000.0,192707000.0,150487000.0,2.14,2.15,2.14,874772000.0,849902750.0,874772000.0,2671327914.0,14.0,7.35,-5235000.0,-0.111,1.0,286377000.0,0.191,394178000.0,42220000.0,2135103000.0,1927192750.0,226522000.0,0.0,0.0,0.0,1282347000.0,245345000.0,1037002000.0,2019814914.0,235196000.0,-30078000.0,1843000.0,298391000.0,-25795000.0,274439000.0,-221976000.0,0.0,182733000.0,0.0,100045000.0,100045000.0,100045000.0,0.0,0.0,0.067,93670000.0,192707000.0,0.0,0.257,2.309,20.189,19.953,945652000.0,0.0,42.7,1.345,1.338,185810000.0,494998000.0,1502223000.0,1502223000.0,2115000.0,0.052,0.118,0.1,0.128,0.0,99731000.0,1.0,47302457.0,47073007,47227401.0,31.913,1762941000.0,0.0,50442000.0,0.0,37.451,442017000.0
82,MLM,MRT,2000-12-31,2000-12-31,2000-12-31,2021-07-29,0.0,1841439000.0,1825062500.0,425001000.0,1416438000.0,0.831,18.465,-170805000.0,0.0,0.0,1213946000.0,112027000.0,2.247,1.133,651513000.0,49933000.0,601580000.0,651513000.0,0.0,136373000.0,0.0,0.013,0.54,210716000.0,347089000.0,0.229,347089000.0,210716000.0,168821000.0,2.4,2.4,2.4,863286000.0,825182500.0,863286000.0,2574155697.0,12.0,7.416,42075000.0,0.9,1.0,303571000.0,0.2,409456000.0,41895000.0,1894383000.0,1840846000.0,207534000.0,0.0,0.0,0.0,978153000.0,189113000.0,789040000.0,1978197697.0,-8181000.0,-31001000.0,2039000.0,3954000.0,-25248000.0,-19255000.0,-201806000.0,0.0,212880000.0,0.0,112027000.0,112027000.0,112027000.0,0.0,0.0,0.074,92855000.0,210716000.0,59029000.0,0.225,2.291,17.658,17.625,914072000.0,0.0,42.3,1.304,1.303,180915000.0,506272000.0,1517517000.0,1517517000.0,2326000.0,0.061,0.136,0.114,0.139,0.0,98768000.0,1.0,46765903.0,46753000,46948000.0,32.458,1431983000.0,16750000.0,56794000.0,89061000.0,30.629,235888000.0
83,MLM,MRT,2000-09-30,2000-09-30,2000-09-30,2021-07-29,0.0,1854288000.0,1800346250.0,463511000.0,1390777000.0,0.927,18.147,-153013000.0,5355000.0,5355000.0,1350963000.0,124120000.0,2.14,1.185,601313000.0,0.0,601313000.0,601313000.0,0.0,124754000.0,0.0,0.014,0.53,230385000.0,355139000.0,0.213,355139000.0,230385000.0,188230000.0,2.66,2.66,2.66,848600000.0,802862500.0,848600000.0,2388503379.0,10.0,6.726,79484000.0,1.7,1.0,317685000.0,0.19,375399000.0,42155000.0,1858270000.0,1815096250.0,192381000.0,0.0,0.0,0.0,1005688000.0,216577000.0,789111000.0,1790118379.0,4756000.0,-55245000.0,-5016000.0,1035000.0,-24771000.0,-28752000.0,-198989000.0,0.0,232497000.0,0.0,124120000.0,124120000.0,124120000.0,0.0,0.0,0.074,87300000.0,230385000.0,0.0,0.199,2.109,14.422,14.391,891294000.0,0.0,38.28,1.073,1.073,231143000.0,492296000.0,1668648000.0,1668648000.0,2458000.0,0.069,0.155,0.127,0.138,0.0,93860000.0,1.0,46763803.0,46763155,46962201.0,35.683,1478889000.0,0.0,64110000.0,0.0,31.625,246934000.0
84,MLM,MRT,2000-06-30,2000-06-30,2000-06-30,2021-07-29,0.0,1838118000.0,1770142750.0,457261000.0,1380857000.0,0.899,17.389,-151283000.0,3363000.0,3363000.0,1270057000.0,126020000.0,1.933,1.261,601748000.0,0.0,601748000.0,601748000.0,0.0,124754000.0,0.0,0.013,0.52,235694000.0,360448000.0,0.226,360448000.0,235694000.0,194422000.0,2.7,2.7,2.7,812953000.0,775644750.0,812953000.0,2493022462.0,11.0,6.916,87325000.0,1.868,1.0,321920000.0,0.202,378970000.0,41272000.0,1821015000.0,1786194250.0,192787000.0,0.0,0.0,0.0,1025165000.0,236518000.0,788647000.0,1891368462.0,3565000.0,-110884000.0,-10855000.0,49935000.0,-24295000.0,14785000.0,-249828000.0,0.0,238608000.0,0.0,126020000.0,126020000.0,126020000.0,0.0,0.0,0.079,86226000.0,235694000.0,0.0,0.193,2.327,15.008,14.981,877374000.0,0.0,40.45,1.188,1.188,233394000.0,456792000.0,1591977000.0,1591977000.0,2573000.0,0.071,0.162,0.132,0.148,0.0,93212000.0,1.0,46758182.0,46751001,47045402.0,34.052,1459148000.0,0.0,68402000.0,0.0,31.211,220743000.0
85,MLM,MRT,2000-03-31,2000-03-31,2000-03-31,2021-07-29,0.0,1766405000.0,1727853750.0,411841000.0,1354564000.0,0.873,16.605,-142820000.0,0.0,0.0,1193868000.0,125171000.0,2.011,1.277,601654000.0,0.0,601654000.0,601654000.0,0.0,124754000.0,0.0,0.011,0.52,233774000.0,358528000.0,0.238,358528000.0,233774000.0,193440000.0,2.68,2.68,2.68,775891000.0,749265750.0,775891000.0,2857874802.0,12.0,7.971,78377000.0,1.677,1.0,315315000.0,0.209,373509000.0,40334000.0,1789716000.0,1765128000.0,186924000.0,0.0,0.0,0.0,990514000.0,204834000.0,785680000.0,2219544802.0,-9649000.0,-91482000.0,-10745000.0,36675000.0,-24288000.0,1642000.0,-232488000.0,0.0,221197000.0,0.0,125171000.0,125171000.0,125171000.0,0.0,0.0,0.083,81541000.0,233774000.0,0.0,0.194,2.861,17.732,17.724,858853000.0,0.0,47.5,1.471,1.471,194152000.0,420748000.0,1509183000.0,1509183000.0,2477000.0,0.072,0.167,0.132,0.155,0.0,93467000.0,1.0,46727259.0,46725456,46885058.0,32.299,1392896000.0,0.0,68269000.0,0.0,29.81,207007000.0
86,MLM,MRT,1999-12-31,1999-12-31,1999-12-31,2021-07-29,0.0,1742574000.0,1685453500.0,403365000.0,1339209000.0,0.851,16.585,-137820000.0,3403000.0,3403000.0,1123420000.0,125781000.0,2.208,1.251,641733000.0,39722000.0,602011000.0,641733000.0,0.0,124754000.0,0.0,0.013,0.52,233724000.0,358478000.0,0.25,358478000.0,233724000.0,194313000.0,2.7,2.68,2.7,774006000.0,722860000.0,774006000.0,2517790914.0,11.0,7.024,85856000.0,1.84,1.0,310699000.0,0.217,406824000.0,39411000.0,1791384000.0,1739172500.0,172865000.0,0.0,0.0,0.0,968568000.0,182696000.0,785872000.0,1915099914.0,-11183000.0,-77080000.0,-10684000.0,14662000.0,-24276000.0,-20298000.0,-214561000.0,0.0,223676000.0,0.0,125781000.0,125781000.0,125781000.0,0.0,0.0,0.088,76975000.0,233724000.0,55872000.0,0.193,2.474,15.226,15.185,846993000.0,0.0,41.0,1.335,1.334,197554000.0,419493000.0,1434119000.0,1434119000.0,2789000.0,0.075,0.174,0.134,0.163,0.0,92621000.0,1.0,46709754.0,46668000,46947000.0,30.73,1335750000.0,21899000.0,68532000.0,86150000.0,28.622,220669000.0
87,MLM,MRT,1999-09-30,1999-09-30,1999-09-30,2021-07-29,0.0,1733474000.0,1646957250.0,429749000.0,1303725000.0,0.819,15.848,-149147000.0,599000.0,599000.0,1045763000.0,123878000.0,1.959,1.343,603290000.0,0.0,603290000.0,603290000.0,0.0,98765000.0,0.0,0.013,0.52,224401000.0,323166000.0,0.24,323166000.0,224401000.0,188971000.0,2.65,2.65,2.65,739729000.0,696283250.0,739729000.0,2467321359.0,11.0,7.635,89985000.0,1.928,1.0,302734000.0,0.224,374113000.0,35430000.0,1742662000.0,1707217000.0,172246000.0,0.0,0.0,0.0,993745000.0,219390000.0,774355000.0,1865145359.0,-11596000.0,-341097000.0,-4159000.0,306676000.0,-24261000.0,278256000.0,-528984000.0,0.0,239132000.0,0.0,123878000.0,123878000.0,123878000.0,0.0,0.0,0.092,78333000.0,224401000.0,0.0,0.196,2.521,15.056,15.072,809664000.0,0.0,39.94,1.383,1.382,231142000.0,392947000.0,1348497000.0,1348497000.0,2675000.0,0.075,0.178,0.131,0.166,0.0,93191000.0,1.0,46698682.0,46677260,46990461.0,28.89,1359361000.0,0.0,65093000.0,0.0,29.123,210359000.0
88,MLM,MRT,1999-06-30,1999-06-30,1999-06-30,2021-07-29,0.0,1668962000.0,1522685750.0,427287000.0,1241675000.0,0.858,15.154,-137615000.0,0.0,0.0,1008247000.0,125834000.0,2.26,1.359,602176000.0,0.0,602176000.0,602176000.0,0.0,98765000.0,0.0,0.009,0.52,222237000.0,321002000.0,0.246,321002000.0,222237000.0,190781000.0,2.7,2.69,2.7,707437000.0,671799500.0,707437000.0,3347750255.0,15.0,10.429,92527000.0,1.982,1.0,298903000.0,0.229,345308000.0,31456000.0,1736750000.0,1571665750.0,175417000.0,0.0,0.0,0.0,961525000.0,189080000.0,772445000.0,2754854255.0,-16075000.0,-311365000.0,3004000.0,270011000.0,-24244000.0,248771000.0,-494988000.0,0.0,230142000.0,0.0,125834000.0,125834000.0,125834000.0,0.0,0.0,0.096,76666000.0,222237000.0,0.0,0.193,3.894,21.893,21.852,779873000.0,0.0,59.0,2.108,2.107,224780000.0,355068000.0,1307150000.0,1307150000.0,2863000.0,0.083,0.187,0.141,0.17,0.0,89529000.0,1.0,46692445.0,46684229,47030911.0,28.0,1323654000.0,0.0,64947000.0,0.0,28.353,238207000.0
89,MLM,MRT,1999-03-31,1999-03-31,1999-03-31,2021-07-29,0.0,1596804000.0,1405499500.0,375607000.0,1221197000.0,0.894,14.373,-136188000.0,8987000.0,8987000.0,964111000.0,120917000.0,2.401,1.382,601883000.0,0.0,601883000.0,601883000.0,0.0,98765000.0,0.0,0.009,0.51,209993000.0,308758000.0,0.246,308758000.0,209993000.0,182298000.0,2.6,2.59,2.6,670268000.0,645061250.0,670268000.0,3264550786.0,16.0,10.573,102719000.0,2.203,1.0,291911000.0,0.232,347347000.0,27695000.0,1685894000.0,1433120000.0,172316000.0,0.0,0.0,0.0,926536000.0,156459000.0,770077000.0,2661366786.0,4957000.0,-309983000.0,2376000.0,269412000.0,-23750000.0,248038000.0,-481988000.0,0.0,238907000.0,0.0,120917000.0,120917000.0,120917000.0,0.0,0.0,0.096,81918000.0,209993000.0,0.0,0.196,3.971,22.01,21.946,780828000.0,0.0,57.06,2.119,2.119,166214000.0,319865000.0,1256022000.0,1256022000.0,3239000.0,0.086,0.187,0.147,0.167,0.0,85486000.0,1.0,46641549.0,46635302,46901716.0,26.933,1249457000.0,0.0,61381000.0,0.0,26.792,219148000.0
90,MLM,MRT,1998-12-31,1998-12-31,1998-12-31,2021-07-29,0.0,1588589000.0,1286728250.0,369388000.0,1219201000.0,0.934,14.373,-123926000.0,14586000.0,14586000.0,919848000.0,115613000.0,2.426,1.379,617770000.0,15657000.0,602113000.0,617770000.0,0.0,98765000.0,0.0,0.008,0.5,197901000.0,296666000.0,0.247,296666000.0,197901000.0,174142000.0,2.49,2.48,2.49,667699000.0,617270250.0,667699000.0,3218683827.0,16.0,10.85,98647000.0,2.124,1.0,281648000.0,0.234,375978000.0,23759000.0,1663562000.0,1302199250.0,157104000.0,0.0,0.0,0.0,920890000.0,152233000.0,768657000.0,2896508827.0,-4075000.0,-347882000.0,1862000.0,300545000.0,-23233000.0,279174000.0,-505822000.0,0.0,222573000.0,0.0,115613000.0,115613000.0,115613000.0,0.0,0.0,0.096,83747000.0,197901000.0,57720000.0,0.201,4.338,25.053,24.976,777528000.0,0.0,62.19,2.411,2.404,171511000.0,317988000.0,1201496000.0,1201496000.0,3053000.0,0.09,0.187,0.152,0.165,0.0,82041000.0,1.0,46575154.0,46454000,46708000.0,25.864,1212611000.0,18978000.0,58529000.0,82824000.0,26.103,217155000.0
91,MLM,MRT,1998-09-30,1998-09-30,1998-09-30,2021-07-29,0.0,1236388000.0,1166009250.0,373781000.0,862607000.0,0.871,13.791,-103601000.0,12195000.0,12195000.0,747264000.0,107878000.0,2.521,0.926,334370000.0,20650000.0,313720000.0,334370000.0,0.0,23200000.0,0.0,0.011,0.49,186371000.0,209571000.0,0.206,209571000.0,186371000.0,163767000.0,2.33,2.32,2.33,641794000.0,590804500.0,641794000.0,2344819774.0,13.0,11.189,100562000.0,2.161,1.0,268246000.0,0.264,209849000.0,22604000.0,1200457000.0,1165315500.0,145947000.0,0.0,0.0,0.0,594594000.0,148257000.0,446337000.0,2007417774.0,-2850000.0,-65702000.0,1886000.0,-22167000.0,-22722000.0,-43003000.0,-164010000.0,0.0,204163000.0,0.0,107878000.0,107878000.0,107878000.0,0.0,0.0,0.106,81875000.0,186371000.0,46913000.0,0.21,3.128,18.608,18.536,634241000.0,0.0,43.19,1.977,1.979,193936000.0,293518000.0,1015510000.0,1015510000.0,3575000.0,0.093,0.183,0.16,0.184,0.0,78486000.0,1.0,46478763.0,46536116,46841671.0,21.822,1026539000.0,17539000.0,55889000.0,66722000.0,22.059,225524000.0
92,MLM,MRT,1998-06-30,1998-06-30,1998-06-30,2021-07-29,0.0,1200217000.0,1143361500.0,372063000.0,828154000.0,0.853,12.921,-99521000.0,15873000.0,15873000.0,722430000.0,98245000.0,2.357,0.999,353275000.0,41536000.0,311739000.0,353275000.0,0.0,44920000.0,0.0,0.011,0.48,172297000.0,217217000.0,0.223,217217000.0,172297000.0,149901000.0,2.13,2.12,2.13,600484000.0,566441000.0,600484000.0,2430180315.0,14.0,11.188,89588000.0,1.928,1.0,252352000.0,0.259,197213000.0,22396000.0,1182567000.0,1161427500.0,154659000.0,0.0,0.0,0.0,599733000.0,157839000.0,441894000.0,2091330315.0,7389000.0,-43272000.0,429000.0,-27574000.0,-22198000.0,-49343000.0,-132377000.0,0.0,189109000.0,0.0,98245000.0,98245000.0,98245000.0,0.0,0.0,0.101,80055000.0,172297000.0,50070000.0,0.225,3.483,21.287,21.127,611770000.0,0.0,45.0,2.145,2.145,178244000.0,253477000.0,974782000.0,974782000.0,3744000.0,0.086,0.173,0.148,0.177,0.0,77658000.0,1.0,46474007.0,46475007,46832368.0,20.974,1003004000.0,17315000.0,51656000.0,56174000.0,21.582,214224000.0
93,MLM,MRT,1998-03-31,1998-03-31,1998-03-31,2021-07-29,0.0,1121719000.0,1123601250.0,306797000.0,814922000.0,0.827,12.098,-88331000.0,4030000.0,4030000.0,694631000.0,92258000.0,2.492,1.006,342880000.0,31538000.0,311342000.0,342880000.0,0.0,63386000.0,0.0,0.011,0.48,161639000.0,225025000.0,0.242,225025000.0,161639000.0,141631000.0,2.01,2.0,2.01,559104000.0,543620000.0,559104000.0,2289590875.0,14.0,10.175,102821000.0,2.225,1.0,234604000.0,0.252,175241000.0,20008000.0,1162211000.0,1142953250.0,148425000.0,0.0,0.0,0.0,562615000.0,123117000.0,439498000.0,1996145875.0,-4394000.0,-307612000.0,342000.0,212529000.0,-22150000.0,190721000.0,-386267000.0,0.0,191152000.0,0.0,92258000.0,92258000.0,92258000.0,0.0,0.0,0.099,72965000.0,161639000.0,38936000.0,0.239,3.57,21.637,21.488,619611000.0,0.0,43.19,2.148,2.148,130038000.0,222698000.0,929235000.0,929235000.0,3660000.0,0.082,0.17,0.141,0.174,0.0,73095000.0,1.0,46217779.0,46215439,46409450.0,20.107,946478000.0,17098000.0,49373000.0,50707000.0,20.48,183680000.0
94,MLM,MRT,1997-12-31,1997-12-31,1997-12-31,2021-07-29,0.0,1105713000.0,1033856750.0,322012000.0,783701000.0,0.871,12.182,-86440000.0,18661000.0,18661000.0,665594000.0,98529000.0,2.975,0.968,312106000.0,1431000.0,310675000.0,312106000.0,0.0,79720000.0,0.0,0.013,0.48,168111000.0,247831000.0,0.275,247831000.0,168111000.0,151212000.0,2.14,2.13,2.14,561836000.0,524934250.0,561836000.0,2027575666.0,12.0,8.181,109178000.0,2.367,1.0,235269000.0,0.261,174896000.0,16899000.0,1116027000.0,1038076750.0,132583000.0,0.0,0.0,0.0,543877000.0,108235000.0,435642000.0,1689429666.0,22921000.0,-255288000.0,164000.0,182642000.0,-22134000.0,160672000.0,-333369000.0,0.0,195618000.0,0.0,98529000.0,98529000.0,98529000.0,0.0,0.0,0.109,67158000.0,168111000.0,49599000.0,0.224,3.007,17.147,17.084,591420000.0,0.0,36.56,1.875,1.872,147432000.0,225608000.0,900863000.0,900863000.0,3406000.0,0.095,0.188,0.162,0.187,0.0,69093000.0,1.0,46209783.0,46122000,46238000.0,19.532,930817000.0,16873000.0,52683000.0,54699000.0,20.182,213777000.0
95,MLM,MRT,1997-09-30,1997-09-30,1997-09-30,2021-07-29,0.0,1145797000.0,949658000.0,339882000.0,805915000.0,0.89,11.804,-87997000.0,15045000.0,15045000.0,625133000.0,95544000.0,2.962,1.105,353191000.0,1431000.0,351760000.0,353191000.0,0.0,72384000.0,0.0,0.013,0.48,160393000.0,232777000.0,0.275,232777000.0,160393000.0,146856000.0,2.08,,2.08,544340000.0,504719500.0,544340000.0,2027660488.0,13.0,8.711,96584000.0,2.094,1.0,220395000.0,0.261,184306000.0,13537000.0,1184905000.0,946327250.0,128747000.0,0.0,0.0,0.0,601457000.0,114732000.0,486725000.0,1658896488.0,12681000.0,-282305000.0,0.0,213042000.0,-22118000.0,190924000.0,-362824000.0,0.0,184581000.0,0.0,95544000.0,95544000.0,95544000.0,0.0,0.0,0.113,60002000.0,160393000.0,47415000.0,0.231,3.048,17.363,17.308,603323000.0,0.0,36.0,1.962,1.964,176864000.0,208174000.0,845528000.0,845528000.0,2802000.0,0.101,0.189,0.169,0.19,0.0,65660000.0,1.0,46080458.0,46116693,,18.335,961491000.0,16165000.0,51312000.0,64881000.0,20.849,225150000.0
96,MLM,MRT,1997-06-30,1997-06-30,1997-06-30,2021-07-29,0.0,1121176000.0,850858750.0,326945000.0,794231000.0,0.911,11.05,-79145000.0,8484000.0,8484000.0,576309000.0,86760000.0,1.6,1.202,377248000.0,101313000.0,275935000.0,377248000.0,0.0,66010000.0,0.0,0.015,0.48,142647000.0,208657000.0,0.269,208657000.0,142647000.0,132457000.0,1.89,,1.89,509200000.0,485262500.0,509200000.0,1610682578.0,11.0,7.719,85281000.0,1.851,1.0,199006000.0,0.257,176923000.0,10190000.0,1108670000.0,831355750.0,132850000.0,0.0,0.0,0.0,611976000.0,204347000.0,407629000.0,1492057578.0,13036000.0,-278828000.0,0.0,224740000.0,-22118000.0,202622000.0,-354012000.0,0.0,164426000.0,0.0,86760000.0,86760000.0,86760000.0,0.0,0.0,0.112,56359000.0,142647000.0,45763000.0,0.254,2.93,17.198,17.132,589298000.0,0.0,32.38,1.924,1.924,164012000.0,177430000.0,775315000.0,775315000.0,2226000.0,0.102,0.179,0.172,0.184,0.0,61816000.0,1.0,46079604.0,46079604,,16.826,944253000.0,15959000.0,45697000.0,66914000.0,20.492,122598000.0
97,MLM,MRT,1997-03-31,1997-03-31,1997-03-31,2021-07-29,0.0,762741000.0,757156750.0,257482000.0,505259000.0,0.982,10.511,-83088000.0,8424000.0,8424000.0,554714000.0,83198000.0,3.465,0.575,127049000.0,1213000.0,125836000.0,127049000.0,0.0,62632000.0,0.0,0.018,0.47,135132000.0,197764000.0,0.266,197764000.0,135132000.0,125984000.0,1.81,,1.81,484361000.0,469100500.0,484361000.0,1317972803.0,10.0,6.664,62945000.0,1.366,1.0,188849000.0,0.254,64343000.0,9148000.0,742705000.0,731825750.0,118281000.0,0.0,0.0,0.0,278380000.0,74318000.0,204062000.0,1186549803.0,12326000.0,-12805000.0,0.0,-21572000.0,-21658000.0,-43230000.0,-90477000.0,0.0,146033000.0,0.0,83198000.0,83198000.0,83198000.0,0.0,0.0,0.112,53717000.0,135132000.0,29678000.0,0.26,2.45,14.262,14.227,413045000.0,0.0,25.75,1.596,1.596,108458000.0,152591000.0,743563000.0,743563000.0,1914000.0,0.11,0.177,0.185,0.182,0.0,60500000.0,1.0,46079604.0,46079530,,16.137,698398000.0,15627000.0,42786000.0,24219000.0,15.156,183164000.0
98,MLM,MRT,1996-12-31,1996-12-31,1996-12-31,2021-07-29,0.0,768918000.0,743161250.0,271166000.0,497752000.0,0.971,10.438,-79503000.0,0.0,0.0,539437000.0,78628000.0,3.076,0.599,131423000.0,5533000.0,125890000.0,131423000.0,0.0,61210000.0,0.0,0.02,0.46,129074000.0,190284000.0,0.264,190284000.0,129074000.0,118953000.0,1.71,1.71,1.71,480977000.0,453713500.0,480977000.0,1193976725.0,9.0,6.275,55442000.0,1.203,1.0,182510000.0,0.253,63168000.0,10121000.0,749029000.0,717846500.0,113774000.0,0.0,0.0,0.0,287941000.0,88144000.0,199797000.0,1071343725.0,-1333000.0,59955000.0,0.0,-103729000.0,-21196000.0,-124925000.0,-11353000.0,0.0,134945000.0,0.0,78628000.0,78628000.0,78628000.0,0.0,0.0,0.109,53436000.0,129074000.0,36420000.0,0.269,2.227,13.625,13.596,408820000.0,0.0,23.25,1.484,1.484,136583000.0,149213000.0,721947000.0,721947000.0,1897000.0,0.106,0.173,0.18,0.179,0.0,59937000.0,1.0,46079300.0,46079300,,15.667,705750000.0,15547000.0,40325000.0,26980000.0,15.316,183022000.0
99,MLM,MRT,1996-09-30,1996-09-30,1996-09-30,2021-07-29,0.0,750600000.0,748274500.0,269141000.0,481459000.0,0.943,10.124,72673000.0,2364000.0,2364000.0,528182000.0,74574000.0,3.121,0.609,124997000.0,190000.0,124807000.0,124997000.0,0.0,59734000.0,0.0,0.021,0.45,123202000.0,182936000.0,0.259,182936000.0,123202000.0,112456000.0,1.62,,1.62,466512000.0,439355500.0,466512000.0,1115390434.0,9.0,6.097,187580000.0,4.071,1.0,177763000.0,0.252,61992000.0,10746000.0,725019000.0,727208250.0,113082000.0,0.0,0.0,0.0,284088000.0,86222000.0,197866000.0,985175434.0,4770000.0,-129719000.0,0.0,-40852000.0,-20736000.0,-61588000.0,-48549000.0,0.0,114907000.0,0.0,74574000.0,74574000.0,74574000.0,0.0,0.0,0.106,54561000.0,123202000.0,42908000.0,0.278,2.112,13.211,13.198,396541000.0,0.0,21.38,1.396,1.396,139639000.0,134748000.0,705945000.0,705945000.0,1921000.0,0.1,0.17,0.169,0.175,0.0,59417000.0,1.0,46079300.0,46079300,,15.32,688608000.0,12567000.0,37882000.0,20030000.0,14.944,182919000.0
100,MLM,MRT,1996-06-30,1996-06-30,1996-06-30,2021-07-29,0.0,746368000.0,,271060000.0,475308000.0,,9.648,-71016000.0,0.0,0.0,524559000.0,70509000.0,2.561,0.679,130215000.0,5344000.0,124871000.0,130215000.0,0.0,58637000.0,0.0,0.019,0.44,118145000.0,176782000.0,0.254,176782000.0,118145000.0,107210000.0,1.53,,1.53,444552000.0,,444552000.0,1220204462.0,10.0,6.902,46797000.0,1.016,1.0,170976000.0,0.246,60212000.0,10935000.0,710550000.0,,114785000.0,0.0,0.0,0.0,301816000.0,105821000.0,195995000.0,1088623462.0,-1353000.0,-16158000.0,0.0,-20703000.0,-20275000.0,-40978000.0,-78188000.0,0.0,117813000.0,0.0,70509000.0,70509000.0,70509000.0,0.0,0.0,0.101,52831000.0,118145000.0,58024000.0,0.288,2.449,15.439,15.441,393708000.0,0.0,23.625,1.565,1.565,139854000.0,112788000.0,695535000.0,695535000.0,1920000.0,,,,0.17,0.0,58657000.0,1.0,46079300.0,46079300,,15.094,686156000.0,12586000.0,36701000.0,22866000.0,14.891,165239000.0
101,MLM,MRT,1996-03-31,1996-03-31,1996-03-31,2021-07-29,0.0,706759000.0,,239721000.0,467038000.0,,9.176,-67435000.0,0.0,0.0,509115000.0,63659000.0,2.662,0.672,131581000.0,6710000.0,124871000.0,131581000.0,0.0,57414000.0,0.0,0.019,0.44,108501000.0,165915000.0,0.247,165915000.0,108501000.0,97706000.0,1.38,,1.38,422813000.0,,422813000.0,,,,50162000.0,1.089,1.0,161896000.0,0.241,61490000.0,10795000.0,686788000.0,,119842000.0,0.0,0.0,0.0,283946000.0,90062000.0,193884000.0,1054063988.0,4410000.0,-23495000.0,0.0,-10790000.0,-20275000.0,-31065000.0,-82122000.0,0.0,117597000.0,0.0,63659000.0,63659000.0,63659000.0,0.0,0.0,0.095,53395000.0,108501000.0,49598000.0,0.319,2.493,16.558,16.576,386065000.0,0.0,22.875,1.571,1.571,104047000.0,91049000.0,671011000.0,671011000.0,1891000.0,,,,0.162,0.0,58370000.0,1.0,46079300.0,46079300,,14.562,645269000.0,12604000.0,34047000.0,13223000.0,14.003,149659000.0
102,MLM,MRT,1995-12-31,1995-12-31,1995-12-31,2021-07-29,0.0,789371000.0,,314355000.0,475016000.0,,9.192,-71637000.0,0.0,0.0,497242000.0,67551000.0,1.814,0.864,231653000.0,106667000.0,124986000.0,231653000.0,0.0,55674000.0,0.0,0.021,0.44,113524000.0,169198000.0,0.255,169198000.0,113524000.0,103791000.0,1.47,1.47,1.47,423545000.0,,423545000.0,,,,56954000.0,1.236,1.0,167164000.0,0.252,61212000.0,9733000.0,786476000.0,,113402000.0,0.0,0.0,0.0,365826000.0,173336000.0,192490000.0,,-709000.0,-161589000.0,0.0,118998000.0,-20275000.0,98723000.0,-228023000.0,0.0,128591000.0,0.0,67551000.0,67551000.0,67551000.0,0.0,0.0,0.102,53640000.0,113524000.0,33033000.0,0.299,,,14.034,392223000.0,0.0,20.63,,1.431,187804000.0,91781000.0,664406000.0,664406000.0,1861000.0,,,,0.171,0.0,57738000.0,1.0,,46079300,,14.419,728159000.0,12622000.0,36240000.0,12798000.0,15.802,141019000.0
103,MLM,MRT,1995-09-30,1995-09-30,1995-09-30,2021-07-29,,,,,,,,,,,,,,,,,,,,,,0.022,0.44,,,,,,,,,,,,,,,,,,1.0,,,,,,,,,,,,,,,,,,,,,,,,,,,,,,,,,,,,,,,,19.63,,,,,,,,,,,,,,1.0,,46079300,,,,,,,,
104,MLM,MRT,1995-06-30,1995-06-30,1995-06-30,2021-07-29,,,,,,,,,,,,,,,,,,,,,,0.022,0.44,,,,,,,,,,,,,,,,,,1.0,,,,,,,,,,,,,,,,,,,,,,,,,,,,,,,,,,,,,,,,20.0,,,,,,,,,,,,,,1.0,,46079300,,,,,,,,
105,MLM,MRT,1995-03-31,1995-03-31,1995-03-31,2021-07-29,,,,,,,,,,,,,,,,,,,,,,0.017,0.33,,,,,,,,,,,,,,,,,,1.0,,,,,,,,,,,,,,,,,,,,,,,,,,,,,,,,,,,,,,,,19.13,,,,,,,,,,,,,,1.0,,46079300,,,,,,,,
106,MLM,MRT,1994-12-31,1994-12-31,1994-12-31,2021-07-29,,,,,,,,-47032000.0,,,362517000.0,53704000.0,,,,,,,,42828000.0,,0.012,0.22,92644000.0,135472000.0,0.27,135472000.0,92644000.0,85779000.0,,,,,,,,,,32439000.0,0.721,1.0,139143000.0,0.277,,6865000.0,,,,,,,,,,,-991000.0,-82445000.0,187268000.0,-132846000.0,-10150000.0,44272000.0,-124734000.0,0.0,79471000.0,0.0,53704000.0,53704000.0,53704000.0,0.0,0.0,0.107,41858000.0,97285000.0,,,,,,,0.0,17.75,,1.592,,,501660000.0,501660000.0,1974000.0,,,,0.185,0.0,45282000.0,1.0,,45007501,,11.146,,,32075000.0,,,
