None,ticker,dimension,calendardate,datekey,reportperiod,lastupdated,accoci,assets,assetsavg,assetsc,assetsnc,assetturnover,bvps,capex,cashneq,cashnequsd,cor,consolinc,currentratio,de,debt,debtc,debtnc,debtusd,deferredrev,depamor,deposits,divyield,dps,ebit,ebitda,ebitdamargin,ebitdausd,ebitusd,ebt,eps,epsdil,epsusd,equity,equityavg,equityusd,ev,evebit,evebitda,fcf,fcfps,fxusd,gp,grossmargin,intangibles,intexp,invcap,invcapavg,inventory,investments,investmentsc,investmentsnc,liabilities,liabilitiesc,liabilitiesnc,marketcap,ncf,ncfbus,ncfcommon,ncfdebt,ncfdiv,ncff,ncfi,ncfinv,ncfo,ncfx,netinc,netinccmn,netinccmnusd,netincdis,netincnci,netmargin,opex,opinc,payables,payoutratio,pb,pe,pe1,ppnenet,prefdivis,price,ps,ps1,receivables,retearn,revenue,revenueusd,rnd,roa,roe,roic,ros,sbcomp,sgna,sharefactor,sharesbas,shareswa,shareswadil,sps,tangibles,taxassets,taxexp,taxliabilities,tbvps,workingcapital
0,MLM,ARY,2020-12-31,2021-02-19,2020-12-31,2021-07-29,-158400000,10580800000,10436550000,1668300000,8912500000,0.453,94.554,-359700000.0,304400000,304400000,3477100000.0,721100000.0,3.341,0.796,3084800000,48600000,3036200000,3084800000,0,393500000.0,0,0.007,2.24,1007300000.0,1400800000.0,0.296,1400800000.0,1007300000.0,889200000.0,11.56,11.54,11.56,5890700000,5608775000,5890700000,23729933904,24.0,16.94,690400000.0,11.082,1.0,1252800000.0,0.265,2922000000,118100000.0,9939900000,9908650000,709000000,0,0,0,4687500000,499300000,4188200000,20949533904,283400000.0,77200000.0,-47700000.0,-154500000.0,-140300000.0,-357000000.0,-409700000.0,0.0,1050100000.0,0.0,721000000.0,721000000.0,721000000.0,0.0,100000.0,0.152,247400000.0,1005400000.0,207800000,0.194,3.556,29.056,29.095,5695300000,0.0,336.34,4.429,4.43,575100000,2607700000,4729900000.0,4729900000.0,0.0,0.069,0.129,0.102,0.213,30000000.0,305900000.0,1.0,62286775,62300000,62400000.0,75.921,7658800000,0,168200000.0,825000000,122.934,1169000000
1,MLM,ARY,2019-12-31,2020-02-21,2019-12-31,2021-07-29,-145800000,10131600000,10141787250,1426700000,8704900000,0.467,85.613,-393500000.0,21000000,21000000,3560100000.0,612000000.0,1.701,0.893,3260200000,392700000,2867500000,3260200000,0,371500000.0,0,0.008,2.06,877500000.0,1249000000.0,0.264,1249000000.0,877500000.0,748200000.0,9.77,9.74,9.77,5350800000,5180024750,5350800000,18877239141,22.0,15.114,572600000.0,9.162,1.0,1179000000.0,0.249,2883600000,129300000.0,9648700000,9919868750,690800000,0,0,0,4778300000,838500000,3939800000,15638039141,-23900000.0,8400000.0,-84500000.0,-361100000.0,-129800000.0,-604100000.0,-385900000.0,0.0,966100000.0,0.0,611900000.0,611900000.0,611900000.0,0.0,100000.0,0.129,294100000.0,884900000.0,229600000,0.211,2.923,25.557,25.734,5687900000,0.0,251.42,3.3,3.316,573700000,2077200000,4739100000.0,4739100000.0,0.0,0.06,0.118,0.088,0.185,34100000.0,302700000.0,1.0,62198867,62500000,62700000.0,75.826,7248000000,0,136300000.0,733000000,115.968,588200000
2,MLM,ARY,2018-12-31,2019-02-25,2018-12-31,2021-07-29,-143579000,9551419000,9421098000,1365816000,8185603000,0.451,78.645,-375954000.0,44892000,44892000,3277688000.0,470376000.0,1.736,0.93,3120481000,390042000,2730439000,3120481000,0,344033000.0,0,0.01,1.84,712772000.0,1056805000.0,0.249,1056805000.0,712772000.0,575703000.0,7.46,7.43,7.46,4946363000,4851458750,4946363000,14850614658,21.0,14.052,329194000.0,5.234,1.0,966577000.0,0.228,2900400000,137069000.0,8939858000,8600745250,663035000,0,0,0,4602007000,786750000,3815257000,11775025658,-1401472000.0,-1573023000.0,-93176000.0,82570000.0,-116436000.0,-158414000.0,-1948206000.0,0.0,705148000.0,0.0,469998000.0,469998000.0,469998000.0,0.0,378000.0,0.111,275840000.0,690737000.0,210808000,0.247,2.381,25.053,25.283,5157229000,0.0,188.61,2.774,2.795,523276000,1693259000,4244265000.0,4244265000.0,0.0,0.05,0.097,0.083,0.168,29253000.0,280554000.0,1.0,62430548,62895000,63147000.0,67.482,6651019000,0,105705000.0,705564000,105.748,579066000
3,MLM,ARY,2017-12-31,2018-02-23,2017-12-31,2021-07-29,-129104000,8992511000,7867236750,2631160000,6361351000,0.504,74.36,-410325000.0,1446364000,1446364000,2993654000.0,713385000.0,3.79,0.921,3027203000,299909000,2727294000,3027203000,0,297162000.0,0,0.008,1.72,710372000.0,1007534000.0,0.254,1007534000.0,710372000.0,618885000.0,11.3,11.25,11.3,4679600000,4320490000,4679600000,14868698163,21.0,14.758,247553000.0,3.934,1.0,971940000.0,0.245,2666639000,91487000.0,7212495000,6321942500,600591000,0,0,0,4310034000,694216000,3615818000,13287859163,1396326000.0,23846000.0,-89889000.0,1338035000.0,-108852000.0,1124927000.0,-386479000.0,0.0,657878000.0,0.0,713342000.0,713342000.0,713342000.0,0.0,43000.0,0.18,271559000.0,700381000.0,186638000,0.152,2.84,18.628,18.724,3592813000,0.0,211.58,3.351,3.358,487240000,1440069000,3965594000.0,3965594000.0,0.0,0.091,0.165,0.112,0.179,30460000.0,262128000.0,1.0,62803002,62932000,63217000.0,63.014,6325872000,0,-94457000.0,410723000,100.519,1936944000
4,MLM,ARY,2016-12-31,2017-02-24,2016-12-31,2021-07-29,-130687000,7300905000,7241424500,1086385000,6214520000,0.527,65.084,-387267000.0,50038000,50038000,2909783000.0,425444000.0,1.988,0.763,1686189000,180036000,1506153000,1686189000,0,285253000.0,0,0.008,1.64,688647000.0,973900000.0,0.255,973900000.0,688647000.0,606970000.0,6.66,6.66,6.66,4139978000,4062853250,4139978000,14883407118,22.0,15.282,291387000.0,4.581,1.0,908966000.0,0.238,2670649000,81677000.0,5719819000,5724893500,521624000,0,0,0,3158315000,546588000,2611727000,13247256118,-118371000.0,-168046000.0,-237907000.0,94795000.0,-105036000.0,-241712000.0,-555313000.0,0.0,678654000.0,0.0,425386000.0,425386000.0,425386000.0,0.0,58000.0,0.111,241645000.0,667321000.0,178598000,0.246,3.2,31.142,31.539,3423395000,0.0,210.05,3.469,3.499,457910000,935574000,3818749000.0,3818749000.0,0.0,0.059,0.105,0.12,0.18,13689000.0,248005000.0,1.0,63067156,63610000,63861000.0,60.034,4630256000,0,181584000.0,663019000,72.791,539797000
5,MLM,ARY,2015-12-31,2016-02-23,2015-12-31,2021-07-29,-105622000,6961732000,7329370000,1082168000,5879564000,0.483,60.765,-318232000.0,168409000,168409000,2817803000.0,288938000.0,2.947,0.715,1583130000,29481000,1553649000,1583130000,0,263587000.0,0,0.012,1.6,489942000.0,753529000.0,0.213,753529000.0,489942000.0,413655000.0,4.31,4.31,4.31,4057284000,4239376250,4057284000,10317548428,21.0,13.692,254919000.0,3.818,1.0,721767000.0,0.204,2578787000,76287000.0,5430475000,5772337000,469141000,0,0,0,2901555000,367191000,2534364000,8902827428,59758000.0,406778000.0,-482884000.0,-11268000.0,-107462000.0,-601939000.0,88546000.0,0.0,573151000.0,0.0,288792000.0,288792000.0,288792000.0,0.0,146000.0,0.082,242351000.0,479416000.0,164718000,0.371,2.194,30.828,32.109,3156000000,0.0,138.39,2.515,2.611,410921000,874436000,3539570000.0,3539570000.0,0.0,0.039,0.068,0.085,0.138,13589000.0,218234000.0,1.0,64331436,66770000,67020000.0,53.011,4382945000,0,124863000.0,583459000,65.642,714977000
6,MLM,ARY,2014-12-31,2015-02-24,2014-12-31,2021-07-29,-106159000,7464392000,5353637500,1288816000,6175576000,0.553,76.532,-232183000.0,108651000,108651000,2435591000.0,154294000.0,3.249,0.715,1585578000,14519000,1571059000,1585578000,0,222746000.0,0,0.011,1.6,316505000.0,539251000.0,0.182,539251000.0,316505000.0,250448000.0,2.73,2.73,2.73,4351166000,2949467500,4351166000,11106287538,35.0,20.596,149475000.0,2.629,1.0,522360000.0,0.177,2664004000,66057000.0,5880667000,4653053500,484919000,0,0,0,3111644000,396648000,2714996000,9629360538,66214000.0,182858000.0,39714000.0,-196757000.0,-91304000.0,-266119000.0,-49325000.0,0.0,381658000.0,0.0,155601000.0,155601000.0,155601000.0,0.0,-1307000.0,0.053,207487000.0,314873000.0,202476000,0.586,2.213,61.885,52.487,3402770000,0.0,143.29,3.255,2.754,421001000,1213035000,2957951000.0,2957951000.0,0.0,0.029,0.053,0.068,0.107,6485000.0,169245000.0,1.0,67201902,56854000,57088000.0,52.027,4800388000,244638000,94847000.0,734583000,84.434,892168000
7,MLM,ARY,2013-12-31,2014-02-24,2013-12-31,2021-07-29,-44114000,3259826000,3245706250,755366000,2504460000,0.664,33.313,-155233000.0,42437000,42437000,1791594000.0,119432000.0,3.588,1.096,1033477000,14959000,1018518000,1033477000,0,173761000.0,0,0.014,1.6,218849000.0,392610000.0,0.182,392610000.0,218849000.0,165382000.0,2.62,2.62,2.62,1537877000,1442988750,1537877000,6378234832,29.0,16.246,153718000.0,3.33,1.0,363957000.0,0.169,665212000,53467000.0,3375105000,3417835500,347307000,0,0,0,1684907000,210549000,1474358000,5387194832,17043000.0,-59316000.0,11691000.0,-16345000.0,-74197000.0,-77359000.0,-214549000.0,0.0,308951000.0,0.0,121337000.0,121337000.0,121337000.0,0.0,-1905000.0,0.056,145969000.0,217988000.0,103600000,0.611,3.503,44.399,44.546,1799241000,0.0,116.71,2.499,2.5,245421000,1148738000,2155551000.0,2155551000.0,0.0,0.037,0.084,0.064,0.102,4640000.0,150762000.0,1.0,46158811,46164000,46285000.0,46.693,2594614000,74821000,44045000.0,279999000,56.204,544817000
8,MLM,ARY,2012-12-31,2013-02-22,2012-12-31,2021-07-29,-106169000,3160926000,3203195000,700401000,2460525000,0.636,30.779,-151023000.0,25394000,25394000,1711751000.0,85527000.0,4.041,1.213,1047859000,5676000,1042183000,1047859000,0,177211000.0,0,0.016,1.2,154763000.0,331974000.0,0.163,331974000.0,154763000.0,101424000.0,1.83,1.83,1.83,1410545000,1394641500,1410545000,5523085212,36.0,16.637,71666000.0,1.564,1.0,325916000.0,0.16,666637000,53339000.0,3343419000,3411713250,332311000,0,0,0,1710627000,173335000,1537292000,4500620212,-628000.0,7813000.0,6959000.0,-13276000.0,-73767000.0,-80107000.0,-143210000.0,0.0,222689000.0,0.0,84474000.0,84474000.0,84474000.0,0.0,1053000.0,0.041,170963000.0,154953000.0,83537000,0.874,3.191,53.278,53.601,1753241000,0.0,98.09,2.209,2.206,224050000,1101598000,2037667000.0,2037667000.0,0.0,0.026,0.061,0.045,0.076,7004000.0,173538000.0,1.0,45882559,45828000,45970000.0,44.463,2494289000,77716000,16950000.0,225592000,54.427,527066000
9,MLM,ARY,2011-12-31,2012-02-29,2011-12-31,2021-07-29,-83890000,3147822000,3165976250,657850000,2489972000,0.541,30.871,-155363000.0,26022000,26022000,1411808000.0,83573000.0,3.787,1.206,1060084000,7182000,1052902000,1060084000,0,173407000.0,0,0.019,1.6,161951000.0,335358000.0,0.196,335358000.0,161951000.0,103365000.0,1.79,1.79,1.79,1409321000,1415298500,1409321000,4951862288,31.0,14.766,103731000.0,2.272,1.0,302015000.0,0.176,670804000,58586000.0,3337368000,3328993000,322607000,0,0,0,1698958000,173712000,1525246000,3917800288,-44301000.0,-83561000.0,1473000.0,19098000.0,-73648000.0,-64471000.0,-238924000.0,0.0,259094000.0,0.0,82379000.0,82379000.0,82379000.0,0.0,1194000.0,0.048,140993000.0,161022000.0,92210000,0.894,2.78,47.558,47.972,1774291000,0.0,85.87,2.286,2.287,203748000,1090891000,1713823000.0,1713823000.0,0.0,0.026,0.058,0.049,0.094,11522000.0,142713000.0,1.0,45624785,45652000,45793000.0,37.541,2477018000,80674000,20986000.0,222064000,54.259,484138000
10,MLM,ARY,2010-12-31,2011-02-25,2010-12-31,2021-07-29,-53660000,3074743000,3132955000,696211000,2378532000,0.569,31.339,-135916000.0,70323000,70323000,1460906000.0,98664000.0,1.806,1.127,1032882000,250837000,782045000,1032882000,0,181537000.0,0,0.018,1.6,194685000.0,376222000.0,0.211,376222000.0,194685000.0,126229000.0,2.11,2.11,2.11,1425440000,1387046000,1425440000,4969900056,26.0,13.21,133892000.0,2.944,1.0,321951000.0,0.181,644075000,68456000.0,3007734000,3082254500,331894000,0,0,0,1606484000,385493000,1220991000,4007341056,-193268000.0,-38266000.0,3047000.0,-219682000.0,-73550000.0,-288894000.0,-174182000.0,0.0,269808000.0,0.0,97012000.0,97012000.0,97012000.0,0.0,1652000.0,0.054,125597000.0,196354000.0,60333000,0.758,2.811,41.308,41.744,1687830000,0.0,88.08,2.248,2.247,183361000,1082160000,1782857000.0,1782857000.0,153000.0,0.031,0.07,0.063,0.109,13384000.0,133230000.0,1.0,45496606,45485000,45659000.0,39.197,2430668000,83380000,29217000.0,228698000,53.439,310718000
11,MLM,ARY,2009-12-31,2010-02-26,2009-12-31,2021-07-29,-75084000,3239283000,3233064000,856860000,2382423000,0.527,31.028,-139230000.0,263591000,263591000,1364870000.0,88164000.0,2.294,1.343,1251348000,227856000,1023492000,1251348000,0,179391000.0,0,0.02,1.6,186294000.0,365685000.0,0.215,365685000.0,186294000.0,112834000.0,1.92,1.92,1.92,1365240000,1294646500,1365240000,4578471550,25.0,12.52,179138000.0,4.071,1.0,337733000.0,0.198,636693000,73460000.0,3216794000,3299867000,332569000,0,0,0,1832872000,373553000,1459319000,3590714550,225797000.0,-45801000.0,294177000.0,-111472000.0,-71178000.0,92460000.0,-185031000.0,0.0,318368000.0,0.0,85459000.0,85459000.0,85459000.0,0.0,2705000.0,0.05,150156000.0,187577000.0,52107000,0.833,2.63,42.017,41.26,1692905000,0.0,79.22,2.109,2.047,162815000,1058698000,1702603000.0,1702603000.0,373000.0,0.026,0.066,0.056,0.109,19997000.0,139400000.0,1.0,45325859,44000000,44190000.0,38.696,2602590000,60303000,27375000.0,195946000,59.15,483307000
12,MLM,ARY,2007-12-31,2008-02-25,2007-12-31,2021-07-29,-37032000,2683805000,2658502250,626010000,2057795000,0.83,22.179,-264923000.0,20038000,20038000,1636178000.0,262749000.0,1.236,1.837,1130673000,282487000,848186000,1130673000,0,150338000.0,0,0.011,0.965,439715000.0,590053000.0,0.267,590053000.0,439715000.0,378822000.0,6.16,6.16,6.16,945991000,959682000,945991000,5703035401,13.0,9.665,130645000.0,3.063,1.0,570963000.0,0.259,584093000,60893000.0,2703731000,2700763500,286885000,10535000,2078000,8457000,1737814000,506616000,1231198000,4592400401,-12244000.0,8896000.0,-536541000.0,415088000.0,-53610000.0,-151785000.0,-256027000.0,0.0,395568000.0,0.0,262749000.0,262749000.0,262749000.0,-242000.0,0.0,0.119,137933000.0,433030000.0,86868000,0.201,4.855,17.478,18.071,1433553000,0.0,111.32,2.081,2.151,245838000,931656000,2207141000.0,2207141000.0,869000.0,0.099,0.274,0.163,0.199,-3591000.0,155186000.0,1.0,41254046,42653000,43347000.0,51.746,2099712000,44285000,116073000.0,160902000,49.228,119394000
13,MLM,ARY,2006-12-31,2007-02-28,2006-12-31,2021-07-29,-36051000,2506421000,2494023000,592354000,1914067000,0.885,27.588,-265976000.0,32282000,32282000,1683937000.0,245422000.0,1.88,0.999,713654000,134346000,579308000,713654000,0,141429000.0,0,0.008,1.055,392421000.0,533850000.0,0.242,533850000.0,392421000.0,352062000.0,5.4,5.4,5.4,1253972000,1230582500,1253972000,6327577377,16.0,11.853,72216000.0,1.589,1.0,522464000.0,0.237,581486000,40359000.0,2291235000,2320560750,256287000,12876000,2521000,10355000,1252449000,315072000,937377000,5646205377,-44463000.0,27553000.0,-141353000.0,1075000.0,-46421000.0,-169232000.0,-213423000.0,25000000.0,338192000.0,0.0,245422000.0,245422000.0,245422000.0,-1618000.0,0.0,0.111,134478000.0,387986000.0,85237000,0.195,4.503,23.006,23.207,1295491000,0.0,125.32,2.559,2.582,242399000,1142084000,2206401000.0,2206401000.0,736000.0,0.098,0.199,0.169,0.178,-4029000.0,146665000.0,1.0,45054304,45453000,46367000.0,48.542,1924935000,25317000,106640000.0,159094000,42.35,277282000
14,MLM,ARY,2005-12-31,2006-02-27,2005-12-31,2021-07-29,-15325000,2433316000,2417198500,602041000,1831275000,0.829,25.219,-221401000.0,76745000,76745000,1580418000.0,192666000.0,3.008,1.073,717312000,8153000,709159000,717312000,0,138251000.0,0,0.009,0.89,307797000.0,446048000.0,0.223,446048000.0,307797000.0,265200000.0,4.14,4.14,4.14,1173685000,1158071250,1173685000,5148151312,17.0,11.542,96383000.0,2.071,1.0,423825000.0,0.211,588007000,42597000.0,2285754000,2238493250,222728000,57964000,30081000,27883000,1259631000,200122000,1059509000,4507584312,-84875000.0,32932000.0,-145521000.0,-2849000.0,-39953000.0,-188790000.0,-213869000.0,-25000000.0,317784000.0,0.0,192666000.0,192666000.0,192666000.0,2847000.0,0.0,0.096,115118000.0,308707000.0,93445000,0.215,3.841,23.396,23.787,1166351000,0.0,98.48,2.249,2.287,225012000,948012000,2004243000.0,2004243000.0,662000.0,0.08,0.166,0.138,0.154,15337000.0,130704000.0,1.0,45771571,46540000,47279000.0,43.065,1845309000,14989000,72534000.0,151308000,39.65,401919000
15,MLM,ARY,2004-12-31,2005-02-25,2004-12-31,2021-07-29,-8970000,2355852000,2330686750,624253000,1731599000,0.755,23.959,-163445000.0,161620000,161620000,1417423000.0,129163000.0,3.063,1.042,724158000,10497000,713661000,724158000,0,132859000.0,0,0.014,0.78,228660000.0,361519000.0,0.205,361519000.0,228660000.0,185706000.0,2.68,2.68,2.68,1153427000,1134946500,1153427000,3268467943,14.0,9.041,103396000.0,2.148,1.0,342190000.0,0.194,586137000,42954000.0,2128440000,2139717750,209309000,31156000,4655000,26501000,1202425000,203813000,998612000,2705929943,36487000.0,40120000.0,-67720000.0,-2802000.0,-36507000.0,-107029000.0,-123325000.0,0.0,266841000.0,0.0,129163000.0,129163000.0,129163000.0,-984000.0,0.0,0.073,115598000.0,226592000.0,89949000,0.291,2.346,20.95,21.407,1065215000,0.0,57.37,1.538,1.57,219589000,795299000,1759613000.0,1759613000.0,891000.0,0.055,0.114,0.107,0.13,0.0,127676000.0,1.0,47166288,48142000,48534000.0,36.55,1769715000,5750000,56543000.0,149876000,36.76,420440000
16,MLM,ARY,2003-12-31,2004-03-15,2003-12-31,2021-07-29,-8694000,2330093000,2309280750,621519000,1708574000,0.741,23.103,-120638000.0,125133000,125133000,1411690000.0,93623000.0,2.823,1.062,729405000,12332000,717073000,729405000,0,139606000.0,0,0.016,0.72,177257000.0,316863000.0,0.185,316863000.0,177257000.0,134670000.0,1.91,1.91,1.91,1129847000,1096248500,1129847000,2797520874,16.0,8.829,156531000.0,3.201,1.0,299763000.0,0.175,602728000,42587000.0,2111473000,2188549250,213843000,0,0,0,1200246000,220164000,980082000,2193248874,110635000.0,20860000.0,-12216000.0,-33407000.0,-33714000.0,-66756000.0,-99778000.0,0.0,277169000.0,0.0,93623000.0,93623000.0,93623000.0,587000.0,0.0,0.055,114616000.0,185147000.0,76576000,0.377,1.941,23.426,23.859,1042432000,0.0,45.57,1.282,1.302,234578000,702643000,1711453000.0,1711453000.0,612000.0,0.041,0.085,0.081,0.104,0.0,121373000.0,1.0,48129227,48905000,49136000.0,34.995,1727365000,21603000,41047000.0,130348000,35.321,401355000
17,MLM,ARY,2002-12-31,2003-03-27,2002-12-31,2021-07-29,-7365000,2258530000,2279602000,526149000,1732381000,0.742,22.226,-152680000.0,0,0,1401543000.0,86305000.0,2.66,1.085,745164000,11693000,733471000,745164000,0,138696000.0,0,0.022,0.59,176788000.0,315484000.0,0.186,315484000.0,176788000.0,132760000.0,1.77,1.77,1.77,1083010000,1059653500,1083010000,2063570845,12.0,6.541,50880000.0,1.044,1.0,290894000.0,0.172,609421000,44028000.0,2196446000,2244598750,239726000,0,0,0,1175520000,197827000,977693000,1318406845,-1683000.0,49761000.0,640000.0,-74686000.0,-28278000.0,-102324000.0,-102919000.0,0.0,203560000.0,0.0,86305000.0,86305000.0,86305000.0,0.0,0.0,0.051,102596000.0,188298000.0,73186000,0.333,1.217,15.276,15.249,1067576000,0.0,26.99,0.779,0.777,232884000,642734000,1692437000.0,1692437000.0,369000.0,0.038,0.081,0.079,0.104,0.0,115836000.0,1.0,48847975,48727000,48858000.0,34.733,1649109000,21387000,46455000.0,110803000,33.844,328322000
18,MLM,ARY,2001-12-31,2002-03-27,2001-12-31,2021-07-29,0,2224580000,2218673250,496232000,1728348000,0.774,21.353,-194386000.0,1379000,1379000,1414300000.0,105362000.0,2.584,1.176,801875000,4490000,797385000,801875000,0,154635000.0,0,0.014,0.56,205231000.0,359866000.0,0.209,359866000.0,205231000.0,158439000.0,2.2,2.19,2.2,1022212000,960034750,1022212000,2800186134,14.0,7.781,58557000.0,1.223,1.0,303750000.0,0.177,606968000,46792000.0,2226071000,2231241500,231003000,0,0,0,1202368000,192037000,1010331000,1999690134,6157000.0,-221772000.0,2621000.0,147705000.0,-26927000.0,123399000.0,-370185000.0,0.0,252943000.0,0.0,105362000.0,105362000.0,105362000.0,0.0,0.0,0.061,98519000.0,205231000.0,79572000,0.255,1.956,18.979,18.718,1082189000,0.0,41.18,1.164,1.147,215184000,584707000,1718050000.0,1718050000.0,556000.0,0.047,0.11,0.092,0.119,0.0,105949000.0,1.0,48559741,47873000,48066000.0,35.888,1617612000,19696000,53077000.0,105755000,33.79,304195000
19,MLM,ARY,2000-12-31,2001-03-22,2000-12-31,2021-07-29,0,1841439000,1825062500,425001000,1416438000,0.831,18.465,-170805000.0,0,0,1213946000.0,112027000.0,2.247,1.133,651513000,49933000,601580000,651513000,0,136373000.0,0,0.013,0.55,210716000.0,347089000.0,0.229,347089000.0,210716000.0,168821000.0,2.4,2.39,2.4,863286000,825182500,863286000,2619295211,12.0,7.546,42075000.0,0.9,1.0,303571000.0,0.2,409456000,41895000.0,1894383000,1840846000,207534000,0,0,0,978153000,189113000,789040000,1967782211,-8181000.0,-39327000.0,2039000.0,3954000.0,-25248000.0,-19255000.0,-201806000.0,0.0,212880000.0,0.0,112027000.0,112027000.0,112027000.0,0.0,0.0,0.074,92855000.0,210716000.0,59029000,0.229,2.279,17.565,17.333,914072000,0.0,41.6,1.297,1.282,180915000,506272000,1517517000.0,1517517000.0,2326000.0,0.061,0.136,0.114,0.139,0.0,98768000.0,1.0,47302457,46753000,46948000.0,32.458,1431983000,16750000,56794000.0,89061000,30.629,235888000
20,MLM,ARY,1999-12-31,2000-03-27,1999-12-31,2021-07-29,0,1742574000,1685453500,403365000,1339209000,0.747,16.585,-137820000.0,3403000,3403000,948128000.0,125781000.0,2.208,1.251,641733000,39722000,602011000,641733000,0,124754000.0,0,0.011,0.52,233724000.0,358478000.0,0.285,358478000.0,233724000.0,194313000.0,2.7,2.68,2.7,774006000,722860000,774006000,2764420284,12.0,7.712,85856000.0,1.84,1.0,310699000.0,0.247,406824000,39411000.0,1791384000,1739172500,172865000,0,0,0,968568000,182696000,785872000,2126090284,-11183000.0,-77080000.0,-10684000.0,14662000.0,-24276000.0,-20298000.0,-214561000.0,0.0,223676000.0,0.0,125781000.0,125781000.0,125781000.0,0.0,0.0,0.1,76975000.0,233724000.0,55872000,0.193,2.747,16.903,16.852,846993000,0.0,45.5,1.689,1.687,197554000,419493000,1258827000.0,1258827000.0,2789000.0,0.075,0.174,0.134,0.186,0.0,92621000.0,1.0,46727259,46668000,46947000.0,26.974,1335750000,21899000,68532000.0,86150000,28.622,220669000
21,MLM,ARY,1998-12-31,1999-03-24,1998-12-31,2021-07-29,0,1588589000,1286728250,369388000,1219201000,0.822,14.316,-123926000.0,14586000,14586000,776043000.0,115613000.0,2.426,1.379,617770000,15657000,602113000,617770000,0,98765000.0,0,0.01,0.51,197901000.0,296666000.0,0.28,296666000.0,197901000.0,174142000.0,2.49,2.48,2.49,667699000,617270250,667699000,3081249498,16.0,10.386,98647000.0,2.115,1.0,281648000.0,0.266,375978000,23759000.0,1663562000,1302199250,157104000,0,0,0,920890000,152233000,768657000,2478065498,-4075000.0,-347882000.0,1862000.0,300545000.0,-23233000.0,279174000.0,-505822000.0,0.0,222573000.0,0.0,115613000.0,115613000.0,115613000.0,0.0,0.0,0.109,83747000.0,197901000.0,57720000,0.205,3.711,21.434,21.337,777528000,0.0,53.13,2.343,2.343,171511000,317988000,1057691000.0,1057691000.0,3053000.0,0.09,0.187,0.152,0.187,0.0,82041000.0,1.0,46641549,46641549,,22.677,1212611000,18978000,58529000.0,82824000,25.999,217155000
22,MLM,ARY,1997-12-31,1998-03-30,1997-12-31,2021-07-29,0,1105713000,1033856750,322012000,783701000,0.871,12.156,-86440000.0,18661000,18661000,665594000.0,98529000.0,2.975,0.968,312106000,1431000,310675000,312106000,0,79720000.0,0,0.011,0.48,168111000.0,247831000.0,0.275,247831000.0,168111000.0,151212000.0,2.14,2.13,2.14,561836000,524934250,561836000,2301145320,14.0,9.285,109178000.0,2.362,1.0,235269000.0,0.261,174896000,16899000.0,1116027000,1038076750,132583000,0,0,0,543877000,108235000,435642000,2007700320,22921000.0,-255288000.0,164000.0,182642000.0,-22134000.0,160672000.0,-333369000.0,0.0,195618000.0,0.0,98529000.0,98529000.0,98529000.0,0.0,0.0,0.109,67158000.0,168111000.0,49599000,0.224,3.573,20.377,20.299,591420000,0.0,43.44,2.229,2.229,147432000,225608000,900863000.0,900863000.0,3406000.0,0.095,0.188,0.162,0.187,0.0,69093000.0,1.0,46217779,46217779,,19.492,930817000,16873000,52683000.0,54699000,20.14,213777000
23,MLM,ARY,1996-12-31,1997-03-25,1996-12-31,2021-07-29,0,768918000,743161250,271166000,497752000,0.971,10.438,-79503000.0,0,0,539437000.0,78628000.0,3.076,0.599,131423000,5533000,125890000,131423000,0,61210000.0,0,0.018,0.47,129074000.0,190284000.0,0.264,190284000.0,129074000.0,118953000.0,,,,480977000,453713500,480977000,1323963152,10.0,6.958,55442000.0,1.203,1.0,182510000.0,0.253,63168000,10121000.0,749029000,717846500,113774000,0,0,0,287941000,88144000,199797000,1192540152,-1333000.0,59955000.0,0.0,-103729000.0,-21196000.0,-124925000.0,-11353000.0,0.0,134945000.0,0.0,78628000.0,78628000.0,78628000.0,0.0,0.0,0.109,53436000.0,129074000.0,36420000,,2.479,15.167,,408820000,0.0,25.88,1.652,1.652,139437000,149213000,721947000.0,721947000.0,1897000.0,0.106,0.173,0.18,0.179,0.0,59937000.0,1.0,46079604,46079300,,15.667,705750000,15547000,40325000.0,26980000,15.316,183022000
0,MLM,ARQ,2021-06-30,2021-07-29,2021-06-30,2021-07-29,-153000000,11223100000,,1616300000,9606800000,,98.171,-102700000.0,70300000,70300000,992800000.0,225800000.0,2.132,0.832,3306100000,287200000,3018900000,3306100000,0,107900000.0,0,0.006,0.57,316200000.0,424100000.0,0.308,424100000.0,316200000.0,288100000.0,3.62,3.61,3.62,6125900000,,6125900000,26151984965,25.0,17.759,146600000.0,2.349,1.0,385100000.0,0.279,3324600000,28100000.0,10376300000,,729100000,0,0,0,5094900000,758000000,4336900000,22916184965,-284500000.0,-633500000.0,200000.0,237600000.0,-35700000.0,201000000.0,-734800000.0,0.0,249300000.0,0.0,225800000.0,225800000.0,225800000.0,0.0,0.0,0.164,77600000.0,307500000.0,243600000,0.157,3.741,29.819,29.82,5983300000,0.0,367.38,4.714,4.716,722000000,2827200000,1377900000.0,1377900000.0,0.0,,,,,9900000.0,82400000.0,1.0,62377334,62400000,62500000.0,22.082,7898500000,0,62300000.0,841200000,126.579,858300000
1,MLM,ARQ,2021-03-31,2021-05-04,2021-03-31,2021-07-29,-155600000,10659300000,,1675700000,8983600000,,95.087,-110300000.0,354800000,354800000,807700000.0,65500000.0,3.734,0.799,3072800000,47200000,3025600000,3072800000,0,98600000.0,0,0.006,0.57,108600000.0,207200000.0,0.211,207200000.0,108600000.0,81200000.0,1.05,1.04,1.05,5923900000,,5923900000,26008419447,25.0,17.849,81600000.0,1.31,1.0,174700000.0,0.178,2918400000,27400000.0,10010100000,,690000000,0,0,0,4732600000,448800000,4283800000,23290419447,50400000.0,12200000.0,600000.0,-2200000.0,-36100000.0,-53200000.0,-88300000.0,0.0,191900000.0,0.0,65300000.0,65300000.0,65300000.0,0.0,200000.0,0.066,75400000.0,99300000.0,200000000,0.543,3.932,30.633,30.634,5776300000,0.0,373.43,4.899,4.894,563600000,2637200000,982400000.0,982400000.0,0.0,,,,,10900000.0,79800000.0,1.0,62368903,62300000,62500000.0,15.769,7740900000,0,15900000.0,819700000,124.252,1226900000
2,MLM,ARQ,2020-12-31,2021-02-19,2020-12-31,2021-07-29,-158400000,10580800000,,1668300000,8912500000,,94.554,-108900000.0,304400000,304400000,854200000.0,183100000.0,3.341,0.796,3084800000,48600000,3036200000,3084800000,0,101300000.0,0,0.007,0.57,236600000.0,337900000.0,0.286,337900000.0,236600000.0,208200000.0,2.93,2.93,2.93,5890700000,,5890700000,23729933904,24.0,16.94,257200000.0,4.128,1.0,325400000.0,0.276,2922000000,28400000.0,9939900000,,709000000,0,0,0,4687500000,499300000,4188200000,20949533904,110700000.0,0.0,900000.0,-1300000.0,-35500000.0,-37400000.0,-218000000.0,0.0,366100000.0,0.0,183000000.0,183000000.0,183000000.0,0.0,100000.0,0.155,84800000.0,240600000.0,207800000,0.195,3.556,29.056,29.095,5695300000,0.0,336.34,4.429,4.43,575100000,2607700000,1179600000.0,1179600000.0,0.0,,,,,7600000.0,84900000.0,1.0,62286775,62300000,62400000.0,18.934,7658800000,0,25200000.0,825000000,122.934,1169000000
3,MLM,ARQ,2020-09-30,2020-10-29,2020-09-30,2021-07-29,-138600000,10435400000,,1652800000,8782600000,,92.398,-75100000.0,193700000,193700000,916900000.0,294400000.0,3.265,0.812,3099400000,51900000,3047500000,3099400000,0,98800000.0,0,0.008,0.57,404600000.0,503400000.0,0.381,503400000.0,404600000.0,375900000.0,4.72,4.71,4.72,5756400000,,5756400000,19321179647,20.0,14.374,235700000.0,3.783,1.0,404500000.0,0.306,2918800000,28700000.0,9916100000,,714500000,0,0,0,4676500000,506200000,4170300000,16415479647,123600000.0,61600000.0,100000.0,-130900000.0,-35400000.0,-166300000.0,-20900000.0,0.0,310800000.0,0.0,294400000.0,294400000.0,294400000.0,0.0,0.0,0.223,3900000.0,400600000.0,210700000,0.121,2.852,24.541,24.567,5649700000,0.0,263.6,3.53,3.531,686300000,2460500000,1321400000.0,1321400000.0,0.0,,,,,2700000.0,71100000.0,1.0,62274202,62300000,62400000.0,21.21,7516600000,0,81500000.0,760400000,120.652,1146600000
4,MLM,ARQ,2020-06-30,2020-07-28,2020-06-30,2021-07-29,-142200000,10226600000,,1587100000,8639500000,,88.14,-71600000.0,70100000,70100000,890100000.0,217600000.0,2.666,0.862,3226600000,181400000,3045200000,3226600000,0,98400000.0,0,0.01,0.55,310200000.0,408600000.0,0.322,408600000.0,310200000.0,279000000.0,3.49,3.49,3.49,5491100000,,5491100000,16382404802,18.0,12.769,194900000.0,3.128,1.0,380500000.0,0.299,2878500000,31200000.0,9909300000,,712900000,0,0,0,4733000000,595300000,4137700000,13225904802,-353900000.0,-300000.0,1100000.0,-511400000.0,-34600000.0,-545100000.0,-75300000.0,0.0,266500000.0,0.0,217600000.0,217600000.0,217600000.0,0.0,0.0,0.171,74100000.0,306400000.0,197200000,0.158,2.409,21.227,21.283,5628500000,0.0,212.4,2.785,2.786,690400000,2201700000,1270600000.0,1270600000.0,0.0,,,,,7200000.0,71200000.0,1.0,62268855,62300000,62300000.0,20.395,7348100000,0,61400000.0,741200000,117.947,991800000
5,MLM,ARQ,2020-03-31,2020-05-05,2020-03-31,2021-07-29,-145400000,10503400000,,1833000000,8670400000,,85.022,-104100000.0,424000000,424000000,815800000.0,25900000.0,1.704,0.982,3745900000,692800000,3053100000,3745900000,0,95000000.0,0,0.012,0.55,55800000.0,150800000.0,0.157,150800000.0,55800000.0,26000000.0,0.42,0.41,0.42,5296900000,,5296900000,14619330343,17.0,11.792,2600000.0,0.042,1.0,142400000.0,0.149,2880400000,29800000.0,9869300000,,700500000,0,0,0,5204000000,1075600000,4128400000,11297430343,403000000.0,15900000.0,-49800000.0,489100000.0,-34800000.0,391800000.0,-95500000.0,0.0,106700000.0,0.0,25900000.0,25900000.0,25900000.0,0.0,0.0,0.027,84600000.0,57800000.0,202000000,1.31,2.133,18.989,19.086,5663300000,0.0,181.51,2.374,2.376,562800000,2018600000,958200000.0,958200000.0,0.0,,,,,12500000.0,78700000.0,1.0,62241366,62300000,62500000.0,15.38,7623000000,0,100000.0,737000000,122.36,757400000
6,MLM,ARQ,2019-12-31,2020-02-21,2019-12-31,2021-07-29,-145800000,10131600000,,1426700000,8704900000,,85.827,-110502000.0,21000000,21000000,841850000.0,131082000.0,1.701,0.893,3260200000,392700000,2867500000,3260200000,0,94526000.0,0,0.008,0.55,186842000.0,281368000.0,0.256,281368000.0,186842000.0,156222000.0,2.1,2.09,2.1,5350800000,,5350800000,18877239141,22.0,15.114,205800000.0,3.301,1.0,258582000.0,0.235,2883600000,30620000.0,9648700000,,690800000,0,0,0,4778300000,838500000,3939800000,15638039141,-28095000.0,1419000.0,-39507000.0,-158407000.0,-34573000.0,-235169000.0,-109228000.0,0.0,316302000.0,0.0,130999000.0,130999000.0,130999000.0,0.0,83000.0,0.119,74047000.0,184535000.0,229600000,0.262,2.923,25.557,25.734,5687900000,0.0,251.42,3.3,3.316,573700000,2077200000,1100432000.0,1100432000.0,0.0,,,,,5686000.0,73745000.0,1.0,62198867,62344000,62625000.0,17.651,7248000000,0,25223000.0,733000000,116.258,588200000
7,MLM,ARQ,2019-09-30,2019-10-30,2019-09-30,2021-07-29,-134765000,10223485000,,1578398000,8645087000,,84.818,-75546000.0,49087000,49087000,999601000.0,248622000.0,2.291,0.928,3411308000,241795000,3169513000,3411308000,0,94988000.0,0,0.007,0.55,347187000.0,442175000.0,0.311,442175000.0,347187000.0,314751000.0,3.97,3.96,3.97,5301972000,,5301972000,20040488231,24.0,16.591,240521000.0,3.848,1.0,420645000.0,0.296,2888578000,32436000.0,10008146000,,649716000,0,0,0,4919047000,688982000,4230065000,16678267231,-4508000.0,984000.0,-2087000.0,-195845000.0,-34612000.0,-245788000.0,-74787000.0,0.0,316067000.0,0.0,248573000.0,248573000.0,248573000.0,0.0,49000.0,0.175,75382000.0,345263000.0,238559000,0.139,3.146,28.992,29.069,5617000000,0.0,266.85,3.58,3.58,763878000,2021647000,1420246000.0,1420246000.0,0.0,,,,,6164000.0,78281000.0,1.0,62500533,62510000,62679000.0,22.72,7334907000,0,66178000.0,725096000,117.34,889416000
8,MLM,ARQ,2019-06-30,2019-07-31,2019-06-30,2021-07-29,-137334000,10163657000,,1533121000,8630536000,,81.436,-77396000.0,53595000,53595000,922601000.0,189469000.0,1.865,0.994,3607004000,436054000,3170950000,3607004000,0,92775000.0,0,0.008,0.48,272662000.0,365437000.0,0.286,365437000.0,272662000.0,239365000.0,3.02,3.01,3.02,5094853000,,5094853000,19022800576,26.0,17.29,138471000.0,2.213,1.0,356867000.0,0.279,2888144000,33297000.0,10006706000,,646342000,0,0,0,5066387000,822216000,4244171000,15469391576,16238000.0,3070000.0,-43517000.0,-45897000.0,-30220000.0,-125280000.0,-74349000.0,0.0,215867000.0,0.0,189475000.0,189475000.0,189475000.0,0.0,-6000.0,0.148,70985000.0,285882000.0,199181000,0.159,3.036,30.516,30.7,5620042000,0.0,247.75,3.47,3.477,710605000,1814974000,1279468000.0,1279468000.0,0.0,,,,,8698000.0,72382000.0,1.0,62439522,62563000,62720000.0,20.451,7275513000,0,49890000.0,699455000,116.291,710905000
9,MLM,ARQ,2019-03-31,2019-05-01,2019-03-31,2021-07-29,-140324000,10048407000,,1370111000,8678296000,,79.453,-130056000.0,37357000,37357000,796048000.0,42826000.0,1.808,1.02,3658188000,410832000,3247356000,3658188000,0,89211000.0,0,0.009,0.48,70810000.0,160021000.0,0.17,160021000.0,70810000.0,37862000.0,0.68,0.68,0.68,4972474000,,4972474000,17338951107,24.0,15.872,-12192000.0,-0.195,1.0,142907000.0,0.152,2895678000,32948000.0,10015923000,,646176000,0,0,0,5072911000,757637000,4315274000,13718120107,-7535000.0,2927000.0,611000.0,39049000.0,-30395000.0,2137000.0,-127536000.0,0.0,117864000.0,0.0,42853000.0,42853000.0,42853000.0,0.0,-27000.0,0.046,73686000.0,69221000.0,184844000,0.706,2.759,27.282,27.429,5644915000,0.0,219.16,3.131,3.131,550607000,1705717000,938955000.0,938955000.0,0.0,,,,,13552000.0,78292000.0,1.0,62594087,62584000,62777000.0,15.003,7152729000,0,-4991000.0,695771000,114.29,612474000
10,MLM,ARQ,2018-12-31,2019-02-25,2018-12-31,2021-07-29,-143579000,9551419000,,1365816000,8185603000,,78.927,-113799000.0,44892000,44892000,792934000.0,94480000.0,1.736,0.93,3120481000,390042000,2730439000,3120481000,0,90833000.0,0,0.01,0.48,149478000.0,240311000.0,0.236,240311000.0,149478000.0,115935000.0,1.51,1.5,1.51,4946363000,,4946363000,14850614658,21.0,14.052,149811000.0,2.39,1.0,227284000.0,0.223,2900400000,33543000.0,8939858000,,663035000,0,0,0,4602007000,786750000,3815257000,11775025658,-9069000.0,4215000.0,-39792000.0,-91608000.0,-30246000.0,-163095000.0,-109584000.0,0.0,263610000.0,0.0,94377000.0,94377000.0,94377000.0,0.0,103000.0,0.093,80243000.0,147041000.0,210808000,0.318,2.381,25.053,25.283,5157229000,0.0,188.61,2.774,2.795,523276000,1693259000,1020218000.0,1020218000.0,0.0,,,,,6169000.0,70922000.0,1.0,62430548,62670000,62916000.0,16.279,6651019000,0,21558000.0,705564000,106.128,579066000
11,MLM,ARQ,2018-09-30,2018-11-07,2018-09-30,2021-07-29,-121491000,9588171000,,1454808000,8133363000,,78.488,-73885000.0,53961000,53961000,906656000.0,180353000.0,1.883,0.941,3209698000,380041000,2829657000,3209698000,0,89655000.0,0,0.009,0.48,244778000.0,334433000.0,0.274,334433000.0,244778000.0,209310000.0,2.86,2.85,2.86,4939394000,,4939394000,15055979972,20.0,13.952,129620000.0,2.06,1.0,312984000.0,0.257,2908410000,35468000.0,9062812000,,651295000,0,0,0,4645843000,772686000,3873157000,11900242972,20182000.0,10247000.0,-60327000.0,-10878000.0,-30395000.0,-120032000.0,-63291000.0,0.0,203505000.0,0.0,180221000.0,180221000.0,180221000.0,0.0,132000.0,0.148,72322000.0,240662000.0,191381000,0.168,2.409,15.808,15.906,5103395000,0.0,189.76,2.837,2.847,644835000,1669126000,1219640000.0,1219640000.0,0.0,,,,,5986000.0,68441000.0,1.0,62712073,62932000,63167000.0,19.38,6679761000,0,29089000.0,692881000,106.143,682122000
12,MLM,ARQ,2018-06-30,2018-07-27,2018-06-30,2021-07-29,-125883000,9596752000,,1457153000,8139599000,,76.855,-92011000.0,33779000,33779000,886486000.0,185503000.0,2.055,0.979,3218922000,320046000,2898876000,3218922000,0,86724000.0,0,0.009,0.44,270949000.0,357673000.0,0.297,357673000.0,270949000.0,237978000.0,2.94,2.92,2.94,4843448000,,4843448000,16146705640,22.0,15.415,41010000.0,0.651,1.0,315917000.0,0.263,2916191000,32971000.0,9156571000,,650917000,0,0,0,4741282000,709133000,4032149000,12961562640,-1388594000.0,-1590013000.0,4142000.0,189092000.0,-27910000.0,160084000.0,-1681699000.0,0.0,133021000.0,0.0,185377000.0,185377000.0,185377000.0,0.0,126000.0,0.154,51964000.0,263953000.0,188761000,0.15,2.676,17.9,17.934,5113426000,0.0,205.7,3.19,3.191,675570000,1579674000,1202403000.0,1202403000.0,0.0,,,,,7338000.0,71070000.0,1.0,63011972,63021000,63285000.0,19.079,6680561000,0,52601000.0,644469000,106.005,748020000
13,MLM,ARQ,2018-03-31,2018-05-08,2018-03-31,2021-07-29,-127485000,8948050000,,2601930000,6346120000,,74.283,-96259000.0,1422373000,1422373000,691612000.0,10040000.0,3.997,0.913,3028108000,300006000,2728102000,3028108000,0,76821000.0,0,0.008,0.44,47567000.0,124388000.0,0.155,124388000.0,47567000.0,12480000.0,0.16,0.16,0.16,4676630000,,4676630000,15043352157,22.0,15.291,8753000.0,0.139,1.0,110392000.0,0.138,2659066000,35087000.0,7243740000,,606794000,0,0,0,4268220000,650979000,3617241000,13437617157,-23991000.0,2528000.0,2801000.0,-4036000.0,-27885000.0,-35371000.0,-93632000.0,0.0,105012000.0,0.0,10023000.0,10023000.0,10023000.0,0.0,17000.0,0.012,71311000.0,39081000.0,162328000,2.75,2.873,19.731,19.783,3582494000,0.0,213.46,3.425,3.425,466465000,1422207000,802004000.0,802004000.0,0.0,,,,,9760000.0,70121000.0,1.0,62951453,62957000,63222000.0,12.739,6288984000,0,2457000.0,413570000,99.893,1950951000
14,MLM,ARQ,2017-12-31,2018-02-23,2017-12-31,2021-07-29,-129104000,8992511000,,2631160000,6361351000,,74.388,-99556000.0,1446364000,1446364000,711376000.0,377298000.0,3.79,0.921,3027203000,299909000,2727294000,3027203000,0,75744000.0,0,0.008,0.44,186899000.0,262643000.0,0.271,262643000.0,186899000.0,163449000.0,5.97,5.95,5.97,4679600000,,4679600000,14868698163,21.0,14.758,139924000.0,2.224,1.0,259102000.0,0.267,2666639000,23450000.0,7212495000,,600591000,0,0,0,4310034000,694216000,3615818000,13287859163,1411145000.0,-2092000.0,93000.0,1305476000.0,-27891000.0,1273313000.0,-101648000.0,0.0,239480000.0,0.0,377183000.0,377183000.0,377183000.0,0.0,115000.0,0.389,75688000.0,183414000.0,186638000,0.074,2.84,18.628,18.724,3592813000,0.0,211.58,3.351,3.358,487240000,1440069000,970478000.0,970478000.0,0.0,,,,,6762000.0,67001000.0,1.0,62803002,62908000,63214000.0,15.427,6325872000,0,-213734000.0,410723000,100.558,1936944000
15,MLM,ARQ,2017-09-30,2017-11-02,2017-09-30,2021-07-29,-122928000,7566785000,,1277989000,6288796000,,68.863,-94680000.0,35219000,35219000,796054000.0,151539000.0,2.728,0.746,1723587000,81085000,1642502000,1723587000,0,75316000.0,0,0.008,0.44,227450000.0,302766000.0,0.278,302766000.0,227450000.0,204309000.0,2.4,2.39,2.4,4331221000,,4331221000,14823499777,22.0,15.198,94119000.0,1.496,1.0,291678000.0,0.268,2664646000,23141000.0,6122004000,,576429000,0,0,0,3232803000,468503000,2764300000,13135131777,-1503000.0,-3951000.0,2080000.0,-64650000.0,-27826000.0,-91671000.0,-98631000.0,0.0,188799000.0,0.0,151546000.0,151546000.0,151546000.0,0.0,-7000.0,0.139,64714000.0,226964000.0,163597000,0.183,3.033,30.194,30.328,3521577000,0.0,208.96,3.33,3.332,582532000,1090778000,1087732000.0,1087732000.0,0.0,,,,,5971000.0,57219000.0,1.0,62859551,62896000,63158000.0,17.294,4902139000,0,52763000.0,662982000,77.94,809486000
16,MLM,ARQ,2017-06-30,2017-08-01,2017-06-30,2021-07-29,-125906000,7515860000,,1244297000,6271563000,,66.782,-113994000.0,36722000,36722000,789430000.0,142241000.0,2.329,0.79,1785775000,143831000,1641944000,1785775000,0,75726000.0,0,0.008,0.42,218310000.0,294036000.0,0.276,294036000.0,218310000.0,194265000.0,2.26,2.25,2.26,4197771000,,4197771000,15069182937,21.0,15.131,41559000.0,0.661,1.0,274094000.0,0.258,2663299000,24045000.0,6067289000,,549865000,0,0,0,3315329000,534325000,2781004000,13320129937,-18696000.0,29350000.0,4020000.0,-62018000.0,-26575000.0,-89605000.0,-84644000.0,0.0,155553000.0,0.0,142279000.0,142279000.0,142279000.0,0.0,-38000.0,0.134,61242000.0,212852000.0,187227000,0.186,3.173,30.071,30.325,3505260000,0.0,211.97,3.364,3.365,570618000,967058000,1063524000.0,1063524000.0,0.0,,,,,7452000.0,68373000.0,1.0,62839694,62858000,63141000.0,16.919,4852561000,0,51986000.0,663414000,77.199,709972000
17,MLM,ARQ,2017-03-31,2017-05-10,2017-03-31,2021-07-29,-128425000,7393791000,,1123242000,6270549000,,64.632,-102095000.0,55418000,55418000,696792000.0,42307000.0,1.779,0.815,1846294000,290048000,1556246000,1846294000,0,70376000.0,0,0.007,0.42,77713000.0,148089000.0,0.175,148089000.0,77713000.0,56862000.0,0.67,0.67,0.67,4073368000,,4073368000,16499347608,24.0,17.03,-28049000.0,-0.445,1.0,147067000.0,0.174,2667127000,20851000.0,5885982000,,537000000,0,0,0,3317837000,631558000,2686279000,14708471608,5380000.0,539000.0,-96082000.0,159227000.0,-26560000.0,32890000.0,-101556000.0,0.0,74046000.0,0.0,42334000.0,42334000.0,42334000.0,0.0,-27000.0,0.05,69917000.0,77150000.0,188399000,0.627,3.611,34.794,35.283,3467645000,0.0,234.28,3.797,3.811,479215000,851354000,843859000.0,843859000.0,0.0,,,,,10275000.0,69535000.0,1.0,62781593,63024000,63319000.0,13.389,4726664000,0,14528000.0,667160000,74.998,491684000
18,MLM,ARQ,2016-12-31,2017-02-24,2016-12-31,2021-07-29,-130687000,7300905000,,1086385000,6214520000,,65.401,-101786000.0,50038000,50038000,723752000.0,98797000.0,1.988,0.763,1686189000,180036000,1506153000,1686189000,0,73256000.0,0,0.008,0.42,157211000.0,230467000.0,0.243,230467000.0,157211000.0,136430000.0,1.56,1.58,1.56,4139978000,,4139978000,14883407118,22.0,15.282,162800000.0,2.572,1.0,225063000.0,0.237,2670649000,20781000.0,5719819000,,521624000,0,0,0,3158315000,546588000,2611727000,13247256118,-10646000.0,1181000.0,-65285000.0,-84027000.0,-26741000.0,-174627000.0,-100605000.0,0.0,264586000.0,0.0,98860000.0,98860000.0,98860000.0,0.0,-63000.0,0.104,69609000.0,155454000.0,178598000,0.269,3.2,31.142,31.539,3423395000,0.0,210.05,3.469,3.499,457910000,935574000,948815000.0,948815000.0,0.0,,,,,1532000.0,70287000.0,1.0,63067156,63301000,63543000.0,14.989,4630256000,0,37570000.0,663019000,73.147,539797000
19,MLM,ARQ,2016-09-30,2016-11-02,2016-09-30,2021-07-29,-104511000,7373201000,,1191525000,6181676000,,65.488,-74922000.0,60684000,60684000,811333000.0,159478000.0,1.97,0.774,1764835000,228025000,1536810000,1764835000,0,72380000.0,0,0.009,0.42,250916000.0,323296000.0,0.293,323296000.0,250916000.0,230348000.0,2.5,2.49,2.5,4155332000,,4155332000,13791283076,20.0,14.54,135775000.0,2.14,1.0,292568000.0,0.265,2675655000,20568000.0,5796788000,,508199000,0,0,0,3214803000,604909000,2609894000,12087132076,32088000.0,-54147000.0,2329000.0,-26103000.0,-26828000.0,-49540000.0,-129069000.0,0.0,210697000.0,0.0,159479000.0,159479000.0,159479000.0,0.0,-1000.0,0.144,52213000.0,240355000.0,192738000,0.168,2.909,29.502,29.898,3379613000,0.0,190.45,3.254,3.253,566425000,932679000,1103901000.0,1103901000.0,0.0,,,,,3304000.0,56348000.0,1.0,63466170,63452000,63723000.0,17.397,4697546000,0,70869000.0,676144000,74.033,586616000
20,MLM,ARQ,2016-06-30,2016-08-04,2016-06-30,2021-07-29,-106068000,7233305000,,1121929000,6111376000,,63.172,-116331000.0,28596000,28596000,730597000.0,122113000.0,1.865,0.802,1786360000,245298000,1541062000,1786360000,0,71207000.0,0,0.008,0.4,195781000.0,266988000.0,0.273,266988000.0,195781000.0,175487000.0,1.91,1.9,1.91,4013452000,,4013452000,14348212564,24.0,16.415,20032000.0,0.315,1.0,246701000.0,0.252,2643459000,20294000.0,5746006000,,504877000,0,0,0,3216805000,601604000,2615201000,12590448564,1354000.0,1059000.0,-29117000.0,32330000.0,-25620000.0,-19737000.0,-115272000.0,0.0,136363000.0,0.0,122052000.0,122052000.0,122052000.0,0.0,61000.0,0.125,58959000.0,187742000.0,197733000,0.209,3.137,34.234,35.315,3322205000,0.0,198.47,3.409,3.415,534459000,800028000,977298000.0,977298000.0,0.0,,,,,2903000.0,61509000.0,1.0,63437540,63532000,63802000.0,15.383,4589846000,0,53435000.0,639776000,72.245,520325000
21,MLM,ARQ,2016-03-31,2016-05-05,2016-03-31,2021-07-29,-103833000,7058287000,,998315000,6059972000,,61.452,-94228000.0,27242000,27242000,644100000.0,45055000.0,2.029,0.789,1752757000,177430000,1575327000,1752757000,0,68410000.0,0,0.009,0.4,84738000.0,153148000.0,0.194,153148000.0,84738000.0,64704000.0,0.7,0.69,0.7,3942651000,,3942651000,12842769050,23.0,15.763,-27220000.0,-0.424,1.0,144634000.0,0.183,2654710000,20034000.0,5636961000,,485367000,0,0,0,3112651000,492131000,2620520000,11117254050,-141167000.0,-116139000.0,-145834000.0,172595000.0,-25847000.0,2192000.0,-210367000.0,0.0,67008000.0,0.0,44994000.0,44994000.0,44994000.0,0.0,61000.0,0.057,60865000.0,83769000.0,174398000,0.571,2.82,33.929,35.425,3262981000,0.0,175.0,3.057,3.087,448048000,743593000,788734000.0,788734000.0,0.0,,,,,5950000.0,59861000.0,1.0,63527166,64158000,64350000.0,12.294,4403577000,0,19710000.0,620569000,68.636,506184000
22,MLM,ARQ,2015-12-31,2016-02-23,2015-12-31,2021-07-29,-105622000,6961732000,,1082168000,5879564000,,61.971,-105678000.0,168409000,168409000,659707000.0,83223000.0,2.947,0.715,1583130000,29481000,1553649000,1583130000,0,63652000.0,0,0.012,0.4,141391000.0,205043000.0,0.243,205043000.0,141391000.0,122448000.0,1.26,1.26,1.26,4057284000,,4057284000,10317548428,21.0,13.692,147894000.0,2.259,1.0,184849000.0,0.219,2578787000,18943000.0,5430475000,,469141000,0,0,0,2901555000,367191000,2534364000,8902827428,-268020000.0,-6327000.0,-259102000.0,-123917000.0,-26243000.0,-409587000.0,-112005000.0,0.0,253572000.0,0.0,83185000.0,83185000.0,83185000.0,0.0,38000.0,0.098,47485000.0,137364000.0,164718000,0.317,2.194,30.828,32.109,3156000000,0.0,138.39,2.515,2.611,410921000,874436000,844556000.0,844556000.0,0.0,,,,,2867000.0,57114000.0,1.0,64331436,65471000,65670000.0,12.9,4382945000,0,39263000.0,583459000,66.945,714977000
23,MLM,ARQ,2015-09-30,2015-11-05,2015-09-30,2021-07-29,-112742000,7438448000,,1641971000,5796477000,,63.607,-84564000.0,436429000,436429000,819744000.0,117578000.0,2.854,0.749,1705152000,147536000,1557616000,1705152000,0,64977000.0,0,0.01,0.4,183953000.0,248930000.0,0.23,248930000.0,183953000.0,165027000.0,1.75,1.75,1.75,4250882000,,4250882000,11542336185,25.0,15.651,107946000.0,1.615,1.0,262505000.0,0.243,2577055000,18926000.0,5554724000,,464525000,0,0,0,3185868000,575392000,2610476000,10273613185,392260000.0,420038000.0,-151542000.0,42807000.0,-26934000.0,-135724000.0,335474000.0,0.0,192510000.0,0.0,117544000.0,117544000.0,117544000.0,0.0,34000.0,0.109,83007000.0,179498000.0,226837000,0.229,2.417,38.112,38.165,3073534000,0.0,155.33,2.893,2.923,577424000,1079764000,1082249000.0,1082249000.0,0.0,,,,,3253000.0,54887000.0,1.0,66140560,66830000,67108000.0,16.194,4861393000,125633000,47483000.0,665712000,72.743,1066579000
24,MLM,ARQ,2015-06-30,2015-08-07,2015-06-30,2021-07-29,-112814000,7499654000,,1765249000,5734405000,,63.954,-71905000.0,44169000,44169000,721266000.0,81979000.0,4.852,0.74,1658001000,15966000,1642035000,1658001000,0,67690000.0,0,0.01,0.4,139954000.0,207644000.0,0.225,207644000.0,139954000.0,120867000.0,1.23,1.23,1.23,4308773000,,4308773000,12841902313,32.0,19.05,20039000.0,0.297,1.0,200153000.0,0.217,2580826000,19087000.0,6168826000,,479856000,0,0,0,3189221000,363834000,2825387000,11228070313,-12197000.0,373000.0,-82182000.0,75558000.0,-25931000.0,-32609000.0,-71532000.0,0.0,91944000.0,0.0,81938000.0,81938000.0,81938000.0,0.0,41000.0,0.089,63169000.0,136984000.0,201235000,0.325,2.606,54.568,53.712,3049523000,0.0,167.58,3.233,3.251,497468000,1146821000,921419000.0,921419000.0,0.0,,,,,4671000.0,56783000.0,1.0,67001255,67373000,67633000.0,13.676,4918828000,234594000,38929000.0,756526000,73.009,1401415000
25,MLM,ARQ,2015-03-31,2015-05-05,2015-03-31,2021-07-29,-106723000,7417646000,,1281729000,6135917000,,64.39,-56085000.0,56366000,56366000,617086000.0,6159000.0,3.731,0.709,1581023000,14406000,1566617000,1581023000,0,67268000.0,0,0.011,0.4,24645000.0,91913000.0,0.133,91913000.0,24645000.0,5314000.0,0.07,0.07,0.07,4340566000,,4340566000,11436300209,32.0,18.855,-20960000.0,-0.311,1.0,74261000.0,0.107,2663425000,19331000.0,5935323000,,505047000,0,0,0,3075463000,343555000,2731908000,9911643209,-52285000.0,-7306000.0,9942000.0,-5716000.0,-28354000.0,-24019000.0,-63391000.0,0.0,35125000.0,0.0,6126000.0,6126000.0,6126000.0,0.0,33000.0,0.009,48690000.0,25571000.0,184066000,5.714,2.283,54.06,46.334,3365106000,0.0,146.88,3.078,3.074,381389000,1190807000,691347000.0,691347000.0,0.0,,,,,2798000.0,49450000.0,1.0,67481231,67411000,67676000.0,10.256,4754221000,235367000,-812000.0,753727000,70.526,938174000
26,MLM,ARQ,2014-12-31,2015-02-24,2014-12-31,2021-07-29,-106159000,7464392000,,1288816000,6175576000,,64.567,-93613000.0,108651000,108651000,691043000.0,63989000.0,3.249,0.715,1585578000,14519000,1571059000,1585578000,0,68667000.0,0,0.011,0.4,120334000.0,189001000.0,0.221,189001000.0,120334000.0,99231000.0,1.02,1.02,1.02,4351166000,,4351166000,11106287538,35.0,20.596,86417000.0,1.282,1.0,165330000.0,0.193,2664004000,21103000.0,5880667000,,484919000,0,0,0,3111644000,396648000,2714996000,9629360538,35054000.0,9137000.0,1519000.0,-34332000.0,-27041000.0,-60500000.0,-84476000.0,0.0,180030000.0,0.0,63955000.0,63955000.0,63955000.0,0.0,34000.0,0.075,46757000.0,118573000.0,202476000,0.392,2.213,61.885,52.487,3402770000,0.0,143.29,3.255,2.754,421001000,1213035000,856373000.0,856373000.0,0.0,,,,,2458000.0,50006000.0,1.0,67201902,67390000,67675000.0,12.708,4800388000,244638000,35276000.0,734583000,71.233,892168000
27,MLM,ARQ,2014-09-30,2014-11-03,2014-09-30,2021-07-29,-43281000,7338858000,,1212798000,6126060000,,65.188,-53833000.0,73597000,73597000,808130000.0,53834000.0,2.775,0.678,1618275000,14331000,1603944000,1618275000,0,67932000.0,0,0.014,0.4,117637000.0,185569000.0,0.185,185569000.0,117637000.0,97832000.0,0.8,0.8,0.8,4373220000,,4373220000,9448236762,36.0,20.665,77432000.0,1.154,1.0,195593000.0,0.195,2642542000,19805000.0,5803996000,,475293000,0,0,0,2963245000,436998000,2526247000,7903558762,39268000.0,171155000.0,28653000.0,-211519000.0,-27009000.0,-209319000.0,117322000.0,0.0,131265000.0,0.0,53743000.0,53743000.0,53743000.0,0.0,91000.0,0.054,79637000.0,115956000.0,230206000,0.5,1.807,61.902,49.159,3377951000,0.0,117.49,2.986,2.978,523928000,1176121000,1003723000.0,1003723000.0,0.0,,,,,1579000.0,48427000.0,1.0,67270055,67086000,67495000.0,14.962,4696316000,90136000,44089000.0,633951000,70.004,775800000
28,MLM,ARQ,2014-06-30,2014-08-04,2014-06-30,2021-07-29,-42141000,3356043000,,876701000,2479342000,,33.726,-47824000.0,34329000,34329000,533623000.0,59624000.0,3.582,1.143,1084801000,12404000,1072397000,1084801000,0,43681000.0,0,0.013,0.4,96374000.0,140055000.0,0.209,140055000.0,96374000.0,83427000.0,1.28,1.28,1.28,1564699000,,1564699000,9532420267,38.0,22.481,15927000.0,0.343,1.0,135602000.0,0.203,663517000,12947000.0,3498273000,,348168000,0,0,0,1789044000,244725000,1544319000,8481948267,-1472000.0,1215000.0,3054000.0,15300000.0,-18650000.0,-18614000.0,-46609000.0,0.0,63751000.0,0.0,59521000.0,59521000.0,59521000.0,0.0,103000.0,0.089,39361000.0,96241000.0,139442000,0.312,5.421,58.186,40.366,1775374000,0.0,126.75,3.675,2.548,343784000,1149388000,669225000.0,669225000.0,0.0,,,,,1675000.0,39904000.0,1.0,66918724,46395000,46529000.0,14.425,2692526000,72413000,23906000.0,275279000,58.035,631976000
29,MLM,ARQ,2014-03-31,2014-05-05,2014-03-31,2021-07-29,-42744000,3255257000,,758214000,2497043000,,32.577,-36913000.0,35801000,35801000,402794000.0,-23153000.0,3.913,1.134,1067944000,12403000,1055541000,1067944000,0,42466000.0,0,0.013,0.4,-17841000.0,24625000.0,0.057,24625000.0,-17841000.0,-30042000.0,-0.47,-0.47,-0.47,1508785000,,1508785000,6863097143,31.0,17.293,-30301000.0,-0.654,1.0,25835000.0,0.06,664364000,12201000.0,3429278000,,354718000,0,0,0,1710964000,193758000,1517206000,5830954143,-6636000.0,1351000.0,6488000.0,33794000.0,-18604000.0,22314000.0,-35562000.0,0.0,6612000.0,0.0,-21618000.0,-21618000.0,-21618000.0,0.0,-1535000.0,-0.05,41733000.0,-15898000.0,98775000,-0.851,3.865,45.712,45.738,1793536000,0.0,125.78,2.648,2.646,242587000,1108516000,428629000.0,428629000.0,0.0,,,,,773000.0,43759000.0,1.0,46358357,46315000,46315000.0,9.255,2590893000,73320000,-8424000.0,272346000,55.941,564456000
30,MLM,ARQ,2013-12-31,2014-02-24,2013-12-31,2021-07-29,-44114000,3259826000,,755366000,2504460000,,33.249,-52891000.0,42437000,42437000,443964000.0,35156000.0,3.588,1.096,1033477000,14959000,1018518000,1033477000,0,43664000.0,0,0.014,0.4,63297000.0,106961000.0,0.196,106961000.0,63297000.0,50463000.0,0.78,0.78,0.78,1537877000,,1537877000,6378234832,29.0,16.246,90415000.0,1.955,1.0,101032000.0,0.185,665212000,12834000.0,3375105000,,347307000,0,0,0,1684907000,210549000,1474358000,5387194832,-14804000.0,5310000.0,120000.0,-91580000.0,-18571000.0,-110529000.0,-47581000.0,0.0,143306000.0,0.0,36033000.0,36033000.0,36033000.0,0.0,-877000.0,0.066,38201000.0,62831000.0,103600000,0.513,3.503,44.399,44.546,1799241000,0.0,116.71,2.499,2.5,245421000,1148738000,544996000.0,544996000.0,0.0,,,,,1222000.0,37459000.0,1.0,46158811,46254000,46357000.0,11.783,2594614000,74821000,14430000.0,279999000,56.095,544817000
31,MLM,ARQ,2013-09-30,2013-11-07,2013-09-30,2021-07-29,-102710000,3337105000,,845669000,2491436000,,31.575,-52340000.0,57241000,57241000,522212000.0,72038000.0,3.735,1.259,1123798000,16606000,1107192000,1123798000,0,44105000.0,0,0.016,0.4,108269000.0,152374000.0,0.229,152374000.0,108269000.0,94751000.0,1.55,1.55,1.55,1460149000,,1460149000,5734886545,29.0,15.522,64833000.0,1.402,1.0,143108000.0,0.215,665669000,13518000.0,3511561000,,350438000,0,0,0,1838222000,226432000,1611790000,4668329545,13529000.0,-63254000.0,359000.0,30412000.0,-18558000.0,11950000.0,-115594000.0,0.0,117173000.0,0.0,71836000.0,71836000.0,71836000.0,0.0,202000.0,0.108,34265000.0,108843000.0,111266000,0.258,3.197,43.695,44.079,1782618000,0.0,100.94,2.205,2.205,331030000,1131276000,665320000.0,665320000.0,0.0,,,,,1690000.0,37229000.0,1.0,46248559,46244000,46349000.0,14.387,2671436000,77005000,22915000.0,245578000,57.768,619237000
32,MLM,ARQ,2013-06-30,2013-08-05,2013-06-30,2021-07-29,-106257000,3231119000,,806485000,2424634000,,30.396,-28122000.0,43712000,43712000,455906000.0,41567000.0,4.189,1.277,1093319000,6169000,1087150000,1093319000,0,42949000.0,0,0.016,0.4,69953000.0,112902000.0,0.201,112902000.0,69953000.0,56334000.0,0.89,0.89,0.89,1402138000,,1402138000,5715744130,32.0,16.286,1775000.0,0.038,1.0,106776000.0,0.19,664971000,13619000.0,3423222000,,348873000,0,0,0,1790452000,192533000,1597919000,4666137130,6452000.0,-323000.0,7718000.0,14223000.0,-18565000.0,5000000.0,-28445000.0,0.0,29897000.0,0.0,41308000.0,41308000.0,41308000.0,0.0,259000.0,0.073,37362000.0,69414000.0,99960000,0.449,3.328,47.65,48.052,1717386000,0.0,100.91,2.281,2.275,287521000,1077998000,562682000.0,562682000.0,0.0,,,,,1112000.0,38118000.0,1.0,46240582,46129000,46260000.0,12.198,2566148000,79104000,15026000.0,235505000,55.63,613952000
33,MLM,ARQ,2013-03-31,2013-05-06,2013-03-31,2021-07-29,-104948000,3154775000,,715733000,2439042000,,29.803,-21880000.0,37260000,37260000,372413000.0,-29329000.0,4.243,1.272,1078527000,5677000,1072850000,1078527000,0,43043000.0,0,0.015,0.4,-22790000.0,20253000.0,0.053,20253000.0,-22790000.0,-36286000.0,-0.61,-0.61,-0.61,1371791000,,1371791000,5965227774,36.0,17.496,-3305000.0,-0.072,1.0,12587000.0,0.033,665898000,13496000.0,3361454000,,347641000,0,0,0,1744718000,168690000,1576028000,4923960774,11866000.0,-1049000.0,3494000.0,30600000.0,-18503000.0,16220000.0,-22929000.0,0.0,18575000.0,0.0,-27839000.0,-27839000.0,-27839000.0,0.0,-1490000.0,-0.072,36144000.0,-23557000.0,77080000,-0.656,3.589,52.737,53.184,1732087000,0.0,106.9,2.427,2.425,202150000,1055256000,385000000.0,385000000.0,0.0,,,,,616000.0,37956000.0,1.0,46061373,46028000,46028000.0,8.364,2488877000,79485000,-8447000.0,230109000,54.073,547043000
34,MLM,ARQ,2012-12-31,2013-02-22,2012-12-31,2021-07-29,-106169000,3160926000,,700401000,2460525000,,30.707,-45082000.0,25394000,25394000,427657000.0,21724000.0,4.041,1.213,1047859000,5676000,1042183000,1047859000,0,44226000.0,0,0.016,0.4,39710000.0,83936000.0,0.167,83936000.0,39710000.0,26338000.0,0.46,0.46,0.46,1410545000,,1410545000,5523085212,36.0,16.637,55563000.0,1.21,1.0,76414000.0,0.152,666637000,13372000.0,3343419000,,332311000,0,0,0,1710627000,173335000,1537292000,4500620212,-10027000.0,74000.0,3451000.0,-51427000.0,-18465000.0,-65664000.0,-45008000.0,0.0,100645000.0,0.0,21534000.0,21534000.0,21534000.0,0.0,190000.0,0.043,36495000.0,39919000.0,83537000,0.87,3.191,53.278,53.601,1753241000,0.0,98.09,2.209,2.206,224050000,1101598000,504071000.0,504071000.0,0.0,,,,,1057000.0,38000000.0,1.0,45882559,45936000,46093000.0,10.973,2494289000,77716000,4804000.0,225592000,54.299,527066000
35,MLM,ARQ,2012-09-30,2012-11-06,2012-09-30,2021-07-29,-77480000,3243204000,,785107000,2458097000,,31.191,-39690000.0,35421000,35421000,470317000.0,63669000.0,3.616,1.24,1098890000,6773000,1092117000,1098890000,0,44250000.0,0,0.018,0.4,89610000.0,133860000.0,0.225,133860000.0,89610000.0,76386000.0,1.36,1.36,1.36,1430405000,,1430405000,5056666264,35.0,15.762,54685000.0,1.192,1.0,123584000.0,0.208,667316000,13224000.0,3422248000,,335092000,0,0,0,1773183000,217109000,1556074000,3993197264,-5972000.0,3879000.0,2672000.0,-48767000.0,-18441000.0,-64536000.0,-35811000.0,0.0,94375000.0,0.0,62922000.0,62922000.0,62922000.0,0.0,747000.0,0.106,32489000.0,91095000.0,99628000,0.294,2.792,51.34,52.084,1750941000,0.0,86.98,2.143,2.141,304555000,1098529000,593901000.0,593901000.0,0.0,,,,,1370000.0,32095000.0,1.0,45909373,45860000,45992000.0,12.95,2575888000,79758000,13464000.0,257050000,56.169,567998000
36,MLM,ARQ,2012-06-30,2012-08-06,2012-06-30,2021-07-29,-80640000,3226533000,,760331000,2466202000,,30.098,-28733000.0,41393000,41393000,443629000.0,37808000.0,3.819,1.313,1147599000,10523000,1137076000,1147599000,0,44337000.0,0,0.021,0.4,58564000.0,102901000.0,0.189,102901000.0,58564000.0,45308000.0,0.8,0.8,0.8,1377939000,,1377939000,4553722627,35.0,14.876,3255000.0,0.071,1.0,102088000.0,0.187,671087000,13256000.0,3462586000,,331984000,0,0,0,1809729000,199066000,1610663000,3447516627,-3557000.0,1730000.0,218000.0,10769000.0,-18441000.0,-8542000.0,-27003000.0,0.0,31988000.0,0.0,36751000.0,36751000.0,36751000.0,0.0,1057000.0,0.067,42825000.0,59263000.0,113308000,0.5,2.502,53.857,54.493,1753778000,0.0,75.2,1.911,1.908,285642000,1054048000,545717000.0,545717000.0,0.0,,,,,2987000.0,44515000.0,1.0,45844636,45781000,45905000.0,11.92,2555446000,75000000,8557000.0,229972000,55.819,561265000
37,MLM,ARQ,2012-03-31,2012-05-09,2012-03-31,2021-07-29,-81991000,3182117000,,701944000,2480173000,,29.73,-37518000.0,44950000,44950000,370150000.0,-37673000.0,3.787,1.312,1136757000,9579000,1127178000,1136757000,0,44398000.0,0,0.021,0.0,-33120000.0,11278000.0,0.029,11278000.0,-33120000.0,-46607000.0,-0.81,-0.81,-0.81,1359677000,,1359677000,4642768778,35.0,15.027,-41837000.0,-0.915,1.0,23829000.0,0.06,669953000,13487000.0,3418600000,,333487000,0,0,0,1783835000,185371000,1598464000,3550961778,18928000.0,2130000.0,618000.0,76149000.0,-18420000.0,58635000.0,-35388000.0,0.0,-4319000.0,0.0,-36732000.0,-36732000.0,-36732000.0,0.0,-941000.0,-0.093,59153000.0,-35324000.0,100082000,0.0,2.612,56.31,57.074,1768928000,0.0,77.62,2.028,2.027,212052000,1035739000,393979000.0,393979000.0,0.0,,,,,1590000.0,58930000.0,1.0,45748026,45734000,45734000.0,8.615,2512164000,79002000,-9875000.0,225554000,54.93,516573000
38,MLM,ARQ,2011-12-31,2012-02-29,2011-12-31,2021-07-29,-83890000,3147822000,,657850000,2489972000,,30.834,-61845000.0,26022000,26022000,256651000.0,15083000.0,3.787,1.206,1060084000,7182000,1052902000,1060084000,0,43734000.0,0,0.019,0.8,29046000.0,72780000.0,0.221,72780000.0,29046000.0,15744000.0,0.32,0.32,0.32,1409321000,,1409321000,4951862288,31.0,14.766,17379000.0,0.38,1.0,72957000.0,0.221,670804000,13302000.0,3337368000,,322607000,0,0,0,1698958000,173712000,1525246000,3917800288,-30818000.0,-39809000.0,8000.0,10020000.0,-18416000.0,-8388000.0,-101654000.0,0.0,79224000.0,0.0,14838000.0,14838000.0,14838000.0,0.0,245000.0,0.045,47818000.0,25139000.0,92210000,2.5,2.78,47.558,47.972,1774291000,0.0,85.87,2.286,2.287,203748000,1090891000,329608000.0,329608000.0,-2000.0,,,,,2205000.0,48327000.0,1.0,45624785,45706000,45823000.0,7.211,2477018000,80674000,906000.0,222064000,54.195,484138000
39,MLM,ARQ,2011-09-30,2011-11-07,2011-09-30,2021-07-29,-49560000,3158558000,,767416000,2391142000,,31.653,-34790000.0,56840000,56840000,423291000.0,50332000.0,3.881,1.157,1045485000,7150000,1038335000,1045485000,0,43220000.0,0,0.022,0.4,75924000.0,119144000.0,0.223,119144000.0,75924000.0,62530000.0,1.07,1.07,1.07,1446220000,,1446220000,4355580803,26.0,12.715,88404000.0,1.935,1.0,111465000.0,0.208,657250000,13394000.0,3292207000,,337730000,0,0,0,1673007000,197746000,1475261000,3366935803,30741000.0,945000.0,305000.0,-40494000.0,-18419000.0,-58608000.0,-33845000.0,0.0,123194000.0,0.0,49156000.0,49156000.0,49156000.0,0.0,1176000.0,0.092,32466000.0,78999000.0,86322000,0.374,2.328,40.889,41.393,1686641000,0.0,73.68,1.858,1.858,259773000,1094469000,534756000.0,534756000.0,0.0,,,,,2966000.0,33487000.0,1.0,45696740,45690000,45799000.0,11.704,2501308000,92959000,13374000.0,265828000,54.745,569670000
40,MLM,ARQ,2011-06-30,2011-08-08,2011-06-30,2021-07-29,-49319000,3148919000,,745568000,2403351000,,30.956,-28054000.0,26099000,26099000,396501000.0,35854000.0,2.836,1.202,1085915000,106959000,978956000,1085915000,0,43159000.0,0,0.024,0.4,62608000.0,105767000.0,0.215,105767000.0,62608000.0,48883000.0,0.78,0.78,0.78,1412444000,,1412444000,4116486740,24.0,11.696,7296000.0,0.16,1.0,96451000.0,0.196,657381000,13725000.0,3288456000,,336365000,0,0,0,1698320000,262898000,1435422000,3056670740,-150730000.0,-46830000.0,857000.0,-82978000.0,-18413000.0,-111196000.0,-74884000.0,0.0,35350000.0,0.0,35799000.0,35799000.0,35799000.0,0.0,55000.0,0.073,33456000.0,62995000.0,85415000,0.513,2.164,35.886,36.364,1697778000,0.0,66.91,1.711,1.709,269390000,1063732000,492952000.0,492952000.0,0.0,,,,,3842000.0,31664000.0,1.0,45683317,45628000,45794000.0,10.804,2491538000,91041000,13084000.0,252112000,54.605,482670000
41,MLM,ARQ,2011-03-31,2011-05-03,2011-03-31,2021-07-29,-54564000,3208606000,,840361000,2368245000,,30.564,-30674000.0,176829000,176829000,335403000.0,-17697000.0,5.293,1.273,1168619000,7101000,1161518000,1168619000,0,43294000.0,0,0.018,0.0,-5633000.0,37661000.0,0.106,37661000.0,-5633000.0,-23798000.0,-0.39,-0.39,-0.39,1393209000,,1393209000,5054203067,25.0,13.284,-9348000.0,-0.205,1.0,21109000.0,0.059,643693000,18165000.0,3397941000,,331679000,0,0,0,1773860000,158762000,1615098000,4062413067,106506000.0,2133000.0,303000.0,132550000.0,-18400000.0,113721000.0,-28541000.0,0.0,21326000.0,0.0,-17414000.0,-17414000.0,-17414000.0,0.0,-283000.0,-0.049,27252000.0,-6143000.0,74914000,0.0,2.916,39.145,39.781,1676321000,0.0,89.11,2.259,2.259,203242000,1046346000,356512000.0,356512000.0,2000.0,,,,,2509000.0,29235000.0,1.0,45588745,45584000,45584000.0,7.821,2564913000,88805000,-6384000.0,240586000,56.268,681599000
42,MLM,ARQ,2010-12-31,2011-02-25,2010-12-31,2021-07-29,-53660000,3074743000,,696211000,2378532000,,31.293,-25892000.0,70323000,70323000,357136000.0,15209000.0,1.806,1.127,1032882000,250837000,782045000,1032882000,0,45591000.0,0,0.018,0.8,34397000.0,79988000.0,0.187,79988000.0,34397000.0,17481000.0,0.32,0.32,0.32,1425440000,,1425440000,4969900056,26.0,13.21,41305000.0,0.907,1.0,70845000.0,0.166,644075000,16916000.0,3007734000,,331894000,0,0,0,1606484000,385493000,1220991000,4007341056,9824000.0,-14683000.0,275000.0,1672000.0,-18393000.0,-16798000.0,-40575000.0,0.0,67197000.0,0.0,14803000.0,14803000.0,14803000.0,0.0,406000.0,0.035,36113000.0,34732000.0,60333000,2.5,2.811,41.308,41.744,1687830000,0.0,88.08,2.248,2.247,183361000,1082160000,427981000.0,427981000.0,3000.0,,,,,3343000.0,34865000.0,1.0,45496606,45551000,45719000.0,9.396,2430668000,83380000,2678000.0,228698000,53.361,310718000
43,MLM,ARQ,2010-09-30,2010-11-02,2010-09-30,2021-07-29,-67249000,3115783000,,732116000,2383667000,,31.077,-41470000.0,60499000,60499000,395508000.0,53256000.0,1.715,1.172,1031129000,245423000,785706000,1031129000,0,45446000.0,0,0.019,0.4,83084000.0,128530000.0,0.252,128530000.0,83084000.0,65980000.0,1.13,1.13,1.13,1414808000,,1414808000,4735387123,27.0,13.301,74866000.0,1.644,1.0,113795000.0,0.223,641787000,17104000.0,3017791000,,323820000,0,0,0,1658555000,426835000,1231720000,3764757123,28404000.0,657000.0,149000.0,-29022000.0,-18398000.0,-47119000.0,-40813000.0,0.0,116336000.0,0.0,51990000.0,51990000.0,51990000.0,0.0,1266000.0,0.102,29956000.0,83839000.0,76993000,0.354,2.661,47.621,48.929,1693206000,0.0,82.69,2.178,2.178,249613000,1085750000,509303000.0,509303000.0,114000.0,,,,,3089000.0,31235000.0,1.0,45528566,45526000,45678000.0,11.187,2473996000,71593000,13990000.0,216844000,54.342,305281000
44,MLM,ARQ,2010-06-30,2010-08-03,2010-06-30,2021-07-29,-69488000,3096392000,,708466000,2387926000,,30.259,-43533000.0,32095000,32095000,386932000.0,54948000.0,1.709,1.221,1059488000,247550000,811938000,1059488000,0,45532000.0,0,0.019,0.4,88753000.0,134285000.0,0.266,134285000.0,88753000.0,71933000.0,1.18,1.18,1.18,1375644000,,1375644000,4778979031,27.0,13.188,15621000.0,0.344,1.0,117698000.0,0.233,642508000,16820000.0,3066651000,,319842000,0,0,0,1679595000,414626000,1264969000,3751586031,-188948000.0,2198000.0,2437000.0,-192153000.0,-18397000.0,-206767000.0,-41335000.0,0.0,59154000.0,0.0,54399000.0,54399000.0,54399000.0,0.0,549000.0,0.108,27050000.0,90648000.0,80238000,0.339,2.727,45.43,46.039,1694417000,0.0,82.41,2.197,2.194,257761000,1052159000,504630000.0,504630000.0,22000.0,,,,,3203000.0,33559000.0,1.0,45523432,45463000,45657000.0,11.1,2453884000,72750000,17534000.0,198758000,53.975,293840000
45,MLM,ARQ,2010-03-31,2010-05-04,2010-03-31,2021-07-29,-70528000,3244902000,,854711000,2390191000,,29.346,-25021000.0,221043000,221043000,321331000.0,-24748000.0,2.162,1.405,1251416000,221810000,1029606000,1251416000,0,44968000.0,0,0.017,0.0,-11548000.0,33420000.0,0.098,33420000.0,-11548000.0,-29164000.0,-0.54,-0.54,-0.54,1332292000,,1332292000,5228943079,32.0,15.116,2100000.0,0.046,1.0,19613000.0,0.058,643087000,17616000.0,3236842000,,322027000,0,0,0,1872007000,395346000,1476661000,4198570079,-42548000.0,-26438000.0,186000.0,-179000.0,-18362000.0,-18210000.0,-51459000.0,0.0,27121000.0,0.0,-24180000.0,-24180000.0,-24180000.0,0.0,-568000.0,-0.071,32477000.0,-12864000.0,67281000,0.0,3.151,62.625,62.864,1695045000,0.0,92.41,2.515,2.514,202101000,1016156000,340944000.0,340944000.0,13000.0,,,,,3749000.0,33571000.0,1.0,45434153,45400000,45400000.0,7.51,2601815000,72921000,-4984000.0,192299000,57.309,459365000
46,MLM,ARQ,2009-12-31,2010-02-26,2009-12-31,2021-07-29,-75084000,3239283000,,856860000,2382423000,,30.386,-38737000.0,263591000,263591000,314069000.0,-2915000.0,2.294,1.343,1251348000,227856000,1023492000,1251348000,0,46115000.0,0,0.02,0.8,13657000.0,59772000.0,0.16,59772000.0,13657000.0,-4445000.0,-0.08,-0.08,-0.08,1365240000,,1365240000,4578471550,25.0,12.52,45033000.0,1.002,1.0,59797000.0,0.16,636693000,18102000.0,3216794000,,332569000,0,0,0,1832872000,373553000,1459319000,3590714550,69756000.0,398000.0,60945000.0,-16985000.0,-18233000.0,24325000.0,-38339000.0,0.0,83770000.0,0.0,-3153000.0,-3153000.0,-3153000.0,0.0,238000.0,-0.008,45262000.0,14535000.0,52107000,-10.0,2.63,42.017,41.26,1692905000,0.0,79.22,2.109,2.047,162815000,1058698000,373866000.0,373866000.0,23000.0,,,,,4869000.0,32545000.0,1.0,45325859,44930000,45123000.0,8.321,2602590000,60303000,-1292000.0,195946000,57.925,483307000
47,MLM,ARQ,2009-09-30,2009-11-03,2009-09-30,2021-07-29,-89267000,3232681000,,844966000,2387715000,,29.381,-25743000.0,193835000,193835000,370561000.0,56868000.0,2.14,1.435,1265060000,226187000,1038873000,1265060000,0,45901000.0,0,0.02,0.4,89004000.0,134905000.0,0.276,134905000.0,89004000.0,70823000.0,1.23,1.23,1.23,1311040000,,1311040000,4634098856,,,92197000.0,2.066,1.0,117750000.0,0.241,637111000,18181000.0,3272010000,,329781000,12252000,0,12252000,1880705000,394785000,1485920000,3562873856,60455000.0,1547000.0,152000.0,-15879000.0,-18011000.0,-33289000.0,-24196000.0,0.0,117940000.0,0.0,55514000.0,55514000.0,55514000.0,0.0,1354000.0,0.114,28535000.0,89215000.0,61741000,0.325,2.718,,,1698139000,0.0,79.82,,,242726000,1080084000,488311000.0,488311000.0,51000.0,,,,,3366000.0,32932000.0,1.0,44636355,44622000,44813000.0,10.943,2595570000,58272000,15309000.0,177724000,58.168,450181000
48,MLM,ARQ,2009-06-30,2009-08-04,2009-06-30,2021-07-29,-96495000,3207193000,,802123000,2405070000,,28.327,-34434000.0,133380000,133380000,354211000.0,40585000.0,2.062,1.51,1283650000,234921000,1048729000,1283650000,0,44756000.0,0,0.018,0.4,73067000.0,117823000.0,0.253,117823000.0,73067000.0,54416000.0,0.86,0.86,0.86,1262065000,,1262065000,5128406661,,,17470000.0,0.392,1.0,111778000.0,0.24,642391000,18651000.0,3326008000,,333887000,12107000,1294000,10813000,1905650000,389064000,1516586000,3978136661,-88623000.0,-51304000.0,37801000.0,-57268000.0,-18113000.0,-54789000.0,-85738000.0,0.0,51904000.0,0.0,38862000.0,38862000.0,38862000.0,0.0,1723000.0,0.083,38772000.0,73006000.0,75203000,0.465,3.152,,,1712724000,0.0,89.32,,,250340000,1042581000,465989000.0,465989000.0,163000.0,,,,,6771000.0,36766000.0,1.0,44538028,44554000,44753000.0,10.459,2564802000,56105000,15554000.0,175446000,57.566,413059000
49,MLM,ARQ,2009-03-31,2009-05-05,2009-03-31,2021-07-29,-99753000,3253099000,,891939000,2361160000,,29.626,-40316000.0,222003000,222003000,326586000.0,-6373000.0,2.566,1.588,1338467000,186360000,1152107000,1338467000,0,42619000.0,0,0.016,0.4,10571000.0,53190000.0,0.142,53190000.0,10571000.0,-7954000.0,-0.14,-0.14,-0.14,1240241000,,1240241000,5300765804,,,24438000.0,0.584,1.0,48477000.0,0.129,637255000,18525000.0,3384656000,,324949000,8134000,1313000,6821000,1968912000,347652000,1621260000,4184301804,184209000.0,3558000.0,195279000.0,-21340000.0,-16821000.0,156213000.0,-36758000.0,0.0,64754000.0,0.0,-5764000.0,-5764000.0,-5764000.0,0.0,-609000.0,-0.015,37586000.0,10891000.0,77029000,-2.857,3.374,,,1683683000,0.0,93.99,,,244397000,1021832000,375063000.0,375063000.0,136000.0,,,,,4991000.0,37157000.0,1.0,44518585,41863000,41863000.0,8.959,2615844000,56177000,-2190000.0,175806000,62.486,544287000
50,MLM,ARQ,2008-09-30,2008-10-29,2008-09-30,2021-07-29,-36952000,3063632000,,673661000,2389971000,,25.981,-64369000.0,13896000,13896000,447594000.0,66326000.0,1.587,1.849,1361902000,209187000,1152715000,1361902000,0,43962000.0,0,0.019,0.4,111937000.0,155899000.0,0.26,155899000.0,111937000.0,92439000.0,1.6,1.6,1.6,1075215000,,1075215000,4475206351,12.0,8.414,81576000.0,1.971,1.0,151616000.0,0.253,627973000,19498000.0,3359109000,,305550000,7594000,0,7594000,1988417000,424556000,1563861000,3127200351,740000.0,13871000.0,2037000.0,-82603000.0,-16785000.0,-94707000.0,-50498000.0,0.0,145945000.0,0.0,66326000.0,66326000.0,66326000.0,186000.0,0.0,0.111,36659000.0,114957000.0,97247000,0.25,2.908,15.068,15.098,1718446000,0.0,75.49,1.433,1.432,301770000,1036944000,599210000.0,599210000.0,145000.0,,,,,1839000.0,37734000.0,1.0,41425359,41385000,41915000.0,14.479,2435659000,29347000,26113000.0,200655000,58.854,249105000
51,MLM,ARQ,2008-06-30,2008-08-07,2008-06-30,2021-07-29,-38932000,3071582000,,690847000,2380735000,,24.6,-73995000.0,13156000,13156000,459260000.0,63804000.0,1.403,2.021,1444897000,291865000,1153032000,1444897000,0,42775000.0,0,0.013,0.345,109411000.0,152186000.0,0.254,152186000.0,109411000.0,90110000.0,1.54,1.54,1.54,1016777000,,1016777000,5697937872,14.0,10.317,-24181000.0,-0.585,1.0,139438000.0,0.233,629221000,19301000.0,3381584000,,297371000,7609000,0,7609000,2054805000,492518000,1562287000,4266196872,-421000.0,-195159000.0,475000.0,243189000.0,-14487000.0,218919000.0,-269154000.0,0.0,49814000.0,0.0,63804000.0,63804000.0,63804000.0,-5490000.0,0.0,0.107,34540000.0,104898000.0,101037000,0.224,4.196,18.43,18.545,1704677000,0.0,103.11,1.936,1.934,323032000,987403000,598698000.0,598698000.0,134000.0,,,,,8130000.0,42039000.0,1.0,41375200,41333000,41887000.0,14.485,2442361000,33342000,26306000.0,174481000,59.09,198329000
52,MLM,ARQ,2008-03-31,2008-05-06,2008-03-31,2021-07-29,-40852000,2760108000,,620880000,2139228000,,23.116,-85413000.0,13577000,13577000,378722000.0,20864000.0,1.14,1.89,1200995000,345340000,855655000,1200995000,0,38922000.0,0,0.012,0.345,43515000.0,82437000.0,0.182,82437000.0,43515000.0,27677000.0,0.5,0.5,0.5,955187000,,955187000,5816430752,14.0,10.105,-10173000.0,-0.246,1.0,75212000.0,0.166,590548000,15838000.0,2812470000,,296466000,7438000,0,7438000,1804921000,544508000,1260413000,4629012752,-6461000.0,-17797000.0,-23647000.0,59340000.0,-14435000.0,21509000.0,-103210000.0,0.0,75240000.0,0.0,20864000.0,20864000.0,20864000.0,292000.0,0.0,0.046,32281000.0,42931000.0,92623000,0.69,4.846,18.47,18.76,1505184000,0.0,112.0,2.104,2.104,241029000,938085000,453934000.0,453934000.0,178000.0,,,,,3890000.0,37696000.0,1.0,41330471,41322000,41924000.0,10.985,2169560000,43411000,6813000.0,165804000,52.504,76372000
53,MLM,ARQ,2007-12-31,2008-02-25,2007-12-31,2021-07-29,-37032000,2683805000,,626010000,2057795000,,22.621,-67984000.0,20038000,20038000,399005000.0,56541000.0,1.236,1.837,1130673000,282487000,848186000,1130673000,0,39251000.0,0,0.011,0.345,102119000.0,141370000.0,0.267,141370000.0,102119000.0,86368000.0,1.36,1.36,1.36,945991000,,945991000,5703035401,13.0,9.665,54811000.0,1.311,1.0,131406000.0,0.248,584093000,15751000.0,2703731000,,286885000,10535000,2078000,8457000,1737814000,506616000,1231198000,4592400401,-6379000.0,4065000.0,-55943000.0,2201000.0,-14638000.0,-65255000.0,-63919000.0,0.0,122795000.0,0.0,56541000.0,56541000.0,56541000.0,743000.0,0.0,0.107,29873000.0,101533000.0,86868000,0.254,4.855,17.478,18.071,1433553000,0.0,111.32,2.081,2.151,245838000,931656000,530411000.0,530411000.0,310000.0,,,,,199000.0,36165000.0,1.0,41254046,41819000,42483000.0,12.683,2099712000,44285000,29827000.0,160902000,50.21,119394000
54,MLM,ARQ,2007-09-30,2007-10-30,2007-09-30,2021-07-29,-30071000,2721950000,,690860000,2031090000,,23.61,-81955000.0,26417000,26417000,452851000.0,90266000.0,2.182,1.757,1128894000,78189000,1050705000,1128894000,0,37680000.0,0,0.009,0.345,138616000.0,176296000.0,0.284,176296000.0,138616000.0,121376000.0,2.16,2.16,2.16,987283000,,987283000,6537538241,15.0,11.073,50812000.0,1.215,1.0,167366000.0,0.27,584517000,17240000.0,2923279000,,285252000,8801000,0,8801000,1734667000,316631000,1418036000,5435061241,-4473000.0,9797000.0,41000.0,-52988000.0,-14629000.0,-65082000.0,-72158000.0,0.0,132767000.0,0.0,90266000.0,90266000.0,90266000.0,-395000.0,0.0,0.146,30418000.0,136948000.0,92845000,0.16,5.505,20.229,20.841,1405716000,0.0,129.84,2.462,2.46,314177000,963622000,620217000.0,620217000.0,170000.0,,,,,856000.0,36439000.0,1.0,41859683,41817000,42479000.0,14.832,2137433000,42118000,31110000.0,196222000,51.114,374229000
55,MLM,ARQ,2007-06-30,2007-08-07,2007-06-30,2021-07-29,-29574000,2667727000,,691283000,1976444000,,21.3,-65120000.0,30890000,30890000,417079000.0,82952000.0,1.956,1.95,1182666000,131139000,1051527000,1182666000,0,37424000.0,0,0.009,0.275,138090000.0,175514000.0,0.295,175514000.0,138090000.0,121388000.0,1.95,1.95,1.95,904337000,,904337000,6480808840,16.0,11.468,25834000.0,0.608,1.0,178022000.0,0.299,584974000,16702000.0,2881158000,,297800000,8812000,0,8812000,1763390000,353371000,1410019000,5329032840,12782000.0,4055000.0,-223512000.0,212401000.0,-11866000.0,-17107000.0,-61065000.0,0.0,90954000.0,0.0,82952000.0,82952000.0,82952000.0,-335000.0,0.0,0.139,41427000.0,136595000.0,92351000,0.141,5.893,20.934,22.174,1347440000,0.0,127.5,2.432,2.471,298462000,861299000,595101000.0,595101000.0,186000.0,,,,,3269000.0,44309000.0,1.0,41796336,42458000,43141000.0,14.016,2082753000,38942000,38436000.0,196202000,49.054,337912000
56,MLM,ARQ,2007-03-31,2007-05-09,2007-03-31,2021-07-29,-35223000,2560527000,,621208000,1939319000,,22.473,-49864000.0,18108000,18108000,368406000.0,32990000.0,0.99,1.558,966641000,387958000,578683000,966641000,0,35983000.0,0,0.007,0.0,60844000.0,96827000.0,0.209,96827000.0,60844000.0,49644000.0,0.74,0.74,0.74,1001117000,,1001117000,7255723538,18.0,13.355,-812000.0,-0.018,1.0,93780000.0,0.203,586500000,11200000.0,2294886000,,281467000,11787000,2294000,9493000,1559410000,627674000,931736000,6307190538,-14174000.0,-9021000.0,-257127000.0,253474000.0,-12477000.0,-4341000.0,-58885000.0,0.0,49052000.0,0.0,32990000.0,32990000.0,32990000.0,-344000.0,0.0,0.071,35961000.0,57819000.0,90933000,0.0,6.3,25.493,27.103,1314583000,0.0,147.98,2.887,3.017,250511000,974106000,462186000.0,462186000.0,203000.0,,,,,-7915000.0,38273000.0,1.0,42621912,44548000,45313000.0,10.375,1974027000,38823000,16654000.0,179050000,44.312,-6466000
57,MLM,ARQ,2006-12-31,2007-02-28,2006-12-31,2021-07-29,-36051000,2506421000,,592354000,1914067000,,27.786,-53389000.0,32282000,32282000,392537000.0,62466000.0,1.88,0.999,713654000,134346000,579308000,713654000,0,38735000.0,0,0.008,0.55,103046000.0,141781000.0,0.268,141781000.0,103046000.0,92441000.0,1.38,1.38,1.38,1253972000,,1253972000,6327577377,16.0,11.853,75081000.0,1.664,1.0,137207000.0,0.259,581486000,10605000.0,2291235000,,256287000,12876000,2521000,10355000,1252449000,315072000,937377000,5646205377,9453000.0,3629000.0,-49810000.0,-12993000.0,-12578000.0,-69257000.0,-49760000.0,0.0,128470000.0,0.0,62466000.0,62466000.0,62466000.0,-40000.0,0.0,0.118,34857000.0,102350000.0,85237000,0.399,4.503,23.006,23.207,1295491000,0.0,125.32,2.559,2.582,242399000,1142084000,529744000.0,529744000.0,257000.0,,,,,-2365000.0,38102000.0,1.0,45054304,45129000,45944000.0,11.738,1924935000,25317000,29975000.0,159094000,42.654,277282000
58,MLM,ARQ,2006-09-30,2006-10-31,2006-09-30,2021-07-29,-17187000,2532696000,,608289000,1924407000,,27.876,-54888000.0,22829000,22829000,456094000.0,76160000.0,1.691,1.007,727150000,147326000,579824000,727150000,0,36072000.0,0,0.011,0.275,114929000.0,151001000.0,0.25,151001000.0,114929000.0,104859000.0,1.68,1.68,1.68,1262070000,,1262070000,4677043336,13.0,9.178,40955000.0,0.905,1.0,148013000.0,0.245,582960000,10070000.0,2294362000,,244537000,13012000,2299000,10713000,1270626000,359695000,910931000,3972722336,2443000.0,4250000.0,-25117000.0,-7021000.0,-12592000.0,-42762000.0,-50638000.0,0.0,95843000.0,0.0,76160000.0,76160000.0,76160000.0,-453000.0,0.0,0.126,33298000.0,114715000.0,89650000,0.164,3.148,17.219,17.426,1279366000,0.0,88.0,1.826,1.831,293702000,1092196000,604107000.0,604107000.0,175000.0,,,,,1646000.0,35254000.0,1.0,45144572,45275000,46121000.0,13.343,1949736000,16022000,28699000.0,154793000,43.064,248594000
59,MLM,ARQ,2006-06-30,2006-08-01,2006-06-30,2021-07-29,-15325000,2502016000,,607767000,1894249000,,26.702,-65738000.0,20386000,20386000,435376000.0,75790000.0,2.425,1.052,734672000,29313000,705359000,734672000,0,33941000.0,0,0.012,0.23,119732000.0,153673000.0,0.261,153673000.0,119732000.0,110024000.0,1.66,1.66,1.66,1219285000,,1219285000,4232642140,12.0,8.425,15640000.0,0.343,1.0,153265000.0,0.26,587182000,9708000.0,2378544000,,243714000,13330000,2494000,10836000,1282731000,250576000,1032155000,3518356140,-10767000.0,4288000.0,-39602000.0,17361000.0,-10632000.0,-30695000.0,-61450000.0,0.0,81378000.0,0.0,75790000.0,75790000.0,75790000.0,194000.0,0.0,0.129,33645000.0,119620000.0,99526000,0.139,2.886,15.237,15.46,1256000000,0.0,77.61,1.645,1.657,292559000,1028628000,588641000.0,588641000.0,140000.0,,,,,1667000.0,37148000.0,1.0,45333799,45663000,46623000.0,12.891,1914834000,16906000,34234000.0,167766000,41.934,357191000
60,MLM,ARQ,2006-03-31,2006-05-02,2006-03-31,2021-07-29,-15325000,2434959000,,584881000,1850078000,,25.945,-91961000.0,31153000,31153000,400001000.0,31006000.0,2.714,1.051,717789000,11927000,705862000,717789000,0,32681000.0,0,0.008,0.0,54723000.0,87404000.0,0.181,87404000.0,54723000.0,44747000.0,0.68,0.68,0.68,1187003000,,1187003000,5525592008,16.0,11.509,-59460000.0,-1.3,1.0,83963000.0,0.173,587959000,9976000.0,2318102000,,241445000,18959000,3641000,15318000,1247956000,215534000,1032422000,4838956008,-45592000.0,15386000.0,-26824000.0,3728000.0,-10619000.0,-26518000.0,-51575000.0,25000000.0,32501000.0,0.0,31006000.0,31006000.0,31006000.0,-1344000.0,0.0,0.064,32678000.0,51285000.0,93347000,0.0,4.077,22.341,22.611,1205505000,0.0,105.82,2.308,2.31,241587000,963471000,483964000.0,483964000.0,164000.0,,,,,-4977000.0,36161000.0,1.0,45728180,45750336,46784681.0,10.578,1847000000,16519000,13741000.0,157840000,40.371,369347000
61,MLM,ARQ,2005-12-31,2006-02-27,2005-12-31,2021-07-29,-15325000,2433316000,,602041000,1831275000,,25.412,-65291000.0,76745000,76745000,387140000.0,47757000.0,3.008,1.073,717312000,8153000,709159000,717312000,0,34861000.0,0,0.009,0.46,82644000.0,117505000.0,0.235,117505000.0,82644000.0,72271000.0,1.03,1.03,1.03,1173685000,,1173685000,5148151312,17.0,11.542,44465000.0,0.963,1.0,111995000.0,0.224,588007000,10373000.0,2285754000,,222728000,57964000,30081000,27883000,1259631000,200122000,1059509000,4507584312,-34838000.0,4391000.0,-66597000.0,-6489000.0,-10608000.0,-83694000.0,-60900000.0,0.0,109756000.0,0.0,47757000.0,47757000.0,47757000.0,2847000.0,0.0,0.096,28215000.0,83780000.0,93445000,0.447,3.841,23.396,23.787,1166351000,0.0,98.48,2.249,2.287,225012000,948012000,499135000.0,499135000.0,132000.0,,,,,7253000.0,33549000.0,1.0,45771571,46187110,47039357.0,10.807,1845309000,14989000,24514000.0,151308000,39.953,401919000
62,MLM,ARQ,2005-09-30,2005-11-01,2005-09-30,2021-07-29,-8970000,2475083000,,666173000,1808910000,,25.924,-54826000.0,111583000,111583000,431945000.0,76360000.0,2.831,1.06,724384000,14604000,709780000,724384000,0,35660000.0,0,0.011,0.23,108129000.0,143789000.0,0.254,143789000.0,108129000.0,97357000.0,1.65,1.65,1.65,1201549000,,1201549000,4138744186,14.0,9.563,44552000.0,0.961,1.0,134789000.0,0.238,588825000,10772000.0,2263741000,,209451000,53352000,28787000,24565000,1273534000,235318000,1038216000,3525943186,30173000.0,11757000.0,-8025000.0,8404000.0,-10648000.0,-10736000.0,-58469000.0,-25000000.0,99378000.0,0.0,76360000.0,76360000.0,76360000.0,0.0,0.0,0.135,27075000.0,107714000.0,94754000,0.139,2.934,19.384,19.55,1141765000,0.0,76.05,1.817,1.816,288422000,910863000,566734000.0,566734000.0,189000.0,,,,,8084000.0,33526000.0,1.0,46363487,46349457,47172829.0,12.227,1886258000,6088000,20997000.0,153729000,40.696,430855000
63,MLM,ARQ,2005-06-30,2005-08-03,2005-06-30,2021-07-29,-8970000,2406267000,,624265000,1782002000,,24.447,-54096000.0,81410000,81410000,418473000.0,61472000.0,2.721,1.114,717606000,6115000,711491000,717606000,0,34440000.0,0,0.011,0.2,96953000.0,131393000.0,0.24,131393000.0,96953000.0,86291000.0,1.32,1.32,1.32,1138480000,,1138480000,3952877383,15.0,9.768,24539000.0,0.527,1.0,127898000.0,0.234,589663000,10662000.0,2223344000,,217003000,38761000,13844000,24917000,1267787000,229456000,1038331000,3316681383,-21687000.0,9026000.0,-33350000.0,-2614000.0,-9288000.0,-45252000.0,-55070000.0,0.0,78635000.0,0.0,61472000.0,61472000.0,61472000.0,135000.0,0.0,0.113,29693000.0,98205000.0,103566000,0.152,2.913,20.789,21.318,1123507000,0.0,71.63,1.764,1.774,282844000,845152000,546371000.0,546371000.0,193000.0,,,,,0.0,31868000.0,1.0,46302965,46569420,47173646.0,11.732,1816604000,6112000,24819000.0,162254000,39.009,394809000
64,MLM,ARQ,2005-03-31,2005-05-04,2005-03-31,2021-07-29,-8970000,2354128000,,585543000,1768585000,,23.768,-47188000.0,103097000,103097000,342860000.0,7077000.0,2.947,1.105,719069000,8723000,710346000,719069000,0,33290000.0,0,0.013,0.0,20016000.0,53306000.0,0.136,53306000.0,20016000.0,9226000.0,0.15,0.15,0.15,1118571000,,1118571000,3311903539,13.0,8.704,-17173000.0,-0.365,1.0,49143000.0,0.125,590245000,10790000.0,2181134000,,224919000,29623000,3900000,25723000,1235557000,198721000,1036836000,2695931539,-58523000.0,7758000.0,-37549000.0,-2150000.0,-9409000.0,-49108000.0,-39430000.0,0.0,30015000.0,0.0,7077000.0,7077000.0,7077000.0,1223000.0,0.0,0.018,30292000.0,18851000.0,89596000,0.0,2.41,18.881,19.475,1106657000,0.0,57.84,1.494,1.509,220442000,792967000,392003000.0,392003000.0,148000.0,,,,,0.0,31918000.0,1.0,46610158,47061842,47737996.0,8.33,1763883000,5831000,2149000.0,149625000,37.48,386822000
65,MLM,ARQ,2004-12-31,2005-02-25,2004-12-31,2021-07-29,-8970000,2355852000,,624253000,1731599000,,24.126,-54695000.0,161620000,161620000,340321000.0,36990000.0,3.063,1.042,724158000,10497000,713661000,724158000,0,32963000.0,0,0.014,0.4,71356000.0,104319000.0,0.239,104319000.0,71356000.0,60249000.0,0.77,0.77,0.77,1153427000,,1153427000,3268467943,14.0,9.041,62933000.0,1.316,1.0,95358000.0,0.219,586137000,11107000.0,2128440000,,209309000,31156000,4655000,26501000,1202425000,203813000,998612000,2705929943,26143000.0,8693000.0,-39574000.0,3627000.0,-9536000.0,-45483000.0,-46002000.0,0.0,117628000.0,0.0,36990000.0,36990000.0,36990000.0,694000.0,0.0,0.085,24015000.0,71343000.0,89949000,0.519,2.346,20.95,21.407,1065215000,0.0,57.37,1.538,1.57,219589000,795299000,435679000.0,435679000.0,355000.0,,,,,0.0,32069000.0,1.0,47166288,47808538,48205464.0,9.113,1769715000,5750000,23259000.0,149876000,37.017,420440000
66,MLM,ARQ,2004-09-30,2004-11-09,2004-09-30,2021-07-29,-8694000,2388217000,,679980000,1708237000,,24.214,-38413000.0,135477000,135477000,395977000.0,54003000.0,3.08,1.046,721668000,6713000,714955000,721668000,0,33094000.0,0,0.015,0.2,82563000.0,115657000.0,0.228,115657000.0,82563000.0,71747000.0,1.12,1.12,1.12,1167526000,,1167526000,2953764143,14.0,8.656,58904000.0,1.222,1.0,110204000.0,0.218,596779000,10816000.0,2156880000,,208690000,0,0,0,1220691000,220749000,999942000,2367573143,49675000.0,10888000.0,-5017000.0,-5464000.0,-9636000.0,-20117000.0,-27525000.0,0.0,97317000.0,0.0,54003000.0,54003000.0,54003000.0,-970000.0,0.0,0.107,28111000.0,82093000.0,89940000,0.179,2.028,19.483,19.641,1044890000,0.0,49.3,1.357,1.363,286024000,767846000,506181000.0,506181000.0,201000.0,,,,,0.0,30957000.0,1.0,48023796,48216947,48572510.0,10.498,1791438000,28742000,17744000.0,151205000,37.154,459231000
67,MLM,ARQ,2004-06-30,2004-08-09,2004-06-30,2021-07-29,-8694000,2312960000,,616875000,1696085000,,23.399,-40559000.0,85802000,85802000,366972000.0,44715000.0,3.099,1.05,725205000,11967000,713238000,725205000,0,33188000.0,0,0.017,0.18,74023000.0,107211000.0,0.228,107211000.0,74023000.0,63280000.0,0.93,0.93,0.93,1128088000,,1128088000,2653264593,13.0,7.862,27922000.0,0.579,1.0,103631000.0,0.22,598910000,10743000.0,2154419000,,228724000,0,0,0,1184872000,199034000,985838000,2013861593,33022000.0,14181000.0,775000.0,-1189000.0,-8667000.0,-9081000.0,-26378000.0,0.0,68481000.0,0.0,44715000.0,44715000.0,44715000.0,0.0,0.0,0.095,30371000.0,73260000.0,77482000,0.194,1.785,17.816,18.0,1041057000,0.0,41.76,1.151,1.151,259889000,723479000,470603000.0,470603000.0,181000.0,,,,,0.0,32929000.0,1.0,48224655,48210140,48570644.0,9.761,1714050000,21664000,18565000.0,137762000,35.554,417841000
68,MLM,ARQ,2004-03-31,2004-05-06,2004-03-31,2021-07-29,-8694000,2265718000,,563070000,1702648000,,22.567,-29778000.0,52780000,52780000,318535000.0,-6545000.0,2.542,1.077,731614000,13036000,718578000,731614000,0,33614000.0,0,0.017,0.18,187000.0,33801000.0,0.096,33801000.0,187000.0,-10101000.0,-0.14,-0.14,-0.14,1090745000,,1090745000,2776898906,14.0,8.311,-46363000.0,-0.959,1.0,32562000.0,0.093,603948000,10288000.0,2119132000,,229663000,0,0,0,1174973000,221472000,953501000,2098064906,-72353000.0,6358000.0,-23904000.0,224000.0,-8668000.0,-32348000.0,-23420000.0,0.0,-16585000.0,0.0,-6545000.0,-6545000.0,-6545000.0,-103000.0,0.0,-0.019,33101000.0,-539000.0,71411000,-1.286,1.924,19.432,19.782,1038686000,0.0,43.52,1.198,1.201,226059000,687432000,351097000.0,351097000.0,154000.0,,,,,0.0,31721000.0,1.0,48209212,48332774,48332774.0,7.264,1661770000,21633000,-3556000.0,133636000,34.382,341598000
69,MLM,ARQ,2003-12-31,2004-03-15,2003-12-31,2021-07-29,-8694000,2330093000,,621519000,1708574000,,23.105,-38204000.0,125133000,125133000,342384000.0,29345000.0,2.823,1.062,729405000,12332000,717073000,729405000,0,35792000.0,0,0.016,0.18,48762000.0,84554000.0,0.203,84554000.0,48762000.0,38084000.0,0.6,0.6,0.6,1129847000,,1129847000,2797520874,16.0,8.829,67558000.0,1.382,1.0,73805000.0,0.177,602728000,10678000.0,2111473000,,213843000,0,0,0,1200246000,220164000,980082000,2193248874,56757000.0,14463000.0,-12602000.0,-3864000.0,-8798000.0,-25264000.0,-23741000.0,0.0,105762000.0,0.0,29345000.0,29345000.0,29345000.0,-242000.0,0.0,0.071,23664000.0,50141000.0,76576000,0.3,1.941,23.426,23.859,1042432000,0.0,45.57,1.282,1.302,234578000,702643000,416189000.0,416189000.0,197000.0,,,,,0.0,32772000.0,1.0,48129227,48900206,49184144.0,8.511,1727365000,21603000,8739000.0,130348000,35.324,401355000
70,MLM,ARQ,2003-09-30,2003-11-13,2003-09-30,2021-07-29,-7365000,2331182000,,612372000,1718810000,,22.954,-25784000.0,53574000,53574000,407721000.0,45520000.0,2.959,1.076,721008000,1249000,719759000,721008000,0,35764000.0,0,0.016,0.18,76156000.0,111920000.0,0.219,111920000.0,76156000.0,65251000.0,0.93,0.93,0.93,1122954000,,1122954000,2736691270,19.0,9.578,84607000.0,1.729,1.0,104138000.0,0.203,607422000,10905000.0,2184207000,,212681000,0,0,0,1208228000,206987000,1001241000,2069257270,46667000.0,8817000.0,201000.0,-38163000.0,-8795000.0,-46757000.0,-16967000.0,0.0,110391000.0,0.0,45520000.0,45520000.0,45520000.0,20000.0,0.0,0.089,29416000.0,74722000.0,82702000,0.194,1.843,30.057,30.207,1046334000,0.0,42.29,1.211,1.211,312843000,682096000,511859000.0,511859000.0,245000.0,,,,,0.0,29595000.0,1.0,48930179,48922858,49189728.0,10.463,1723760000,23800000,19731000.0,124938000,35.234,405385000
71,MLM,ARQ,2003-06-30,2003-08-14,2003-06-30,2021-07-29,-7365000,2306973000,,586764000,1720209000,,22.207,-28641000.0,6907000,6907000,370753000.0,39650000.0,2.828,1.124,756140000,9439000,746701000,756140000,0,34607000.0,0,0.017,0.18,69242000.0,103849000.0,0.22,103849000.0,69242000.0,58359000.0,0.81,0.81,0.81,1086023000,,1086023000,2594999617,19.0,9.373,12766000.0,0.261,1.0,101134000.0,0.214,608147000,10883000.0,2240594000,,237802000,0,0,0,1220950000,207465000,1013485000,1845766617,2681000.0,327000.0,185000.0,-14384000.0,-8794000.0,-10412000.0,-28314000.0,0.0,41407000.0,0.0,39650000.0,39650000.0,39650000.0,150000.0,0.0,0.084,30976000.0,70158000.0,74893000,0.222,1.7,29.651,29.709,1058537000,0.0,37.73,1.098,1.098,296525000,645371000,471887000.0,471887000.0,112000.0,,,,,0.0,28915000.0,1.0,48920398,48905591,49111046.0,9.649,1698826000,24320000,18709000.0,116881000,34.737,379299000
72,MLM,ARQ,2003-03-31,2003-05-15,2003-03-31,2021-07-29,-7365000,2268875000,,533260000,1735615000,,21.398,-28009000.0,4226000,4226000,302464000.0,-20892000.0,2.618,1.169,767898000,8960000,758938000,767898000,0,33443000.0,0,0.018,0.15,-16732000.0,16711000.0,0.052,16711000.0,-16732000.0,-26853000.0,-0.43,-0.43,-0.43,1046170000,,1046170000,2339750263,14.0,7.722,-8400000.0,-0.172,1.0,21693000.0,0.067,610900000,10121000.0,2217923000,,247868000,0,0,0,1222705000,203724000,1018981000,1576078263,4530000.0,-2747000.0,0.0,23004000.0,-7327000.0,15677000.0,-30756000.0,0.0,19609000.0,0.0,-20892000.0,-20892000.0,-20892000.0,926000.0,0.0,-0.064,31189000.0,-9496000.0,63901000,-0.349,1.507,20.748,20.66,1067292000,0.0,32.23,0.935,0.935,222286000,605722000,324157000.0,324157000.0,58000.0,,,,,0.0,30721000.0,1.0,48900970,48890996,49058734.0,6.63,1657975000,23052000,-5961000.0,111119000,33.912,329536000
73,MLM,ARQ,2002-12-31,2003-03-27,2002-12-31,2021-07-29,-7365000,2258530000,,526149000,1732381000,,22.179,-43407000.0,0,0,343150000.0,4567000.0,2.66,1.085,745164000,11693000,733471000,745164000,0,35721000.0,0,0.022,0.15,17512000.0,53233000.0,0.133,53233000.0,17512000.0,7009000.0,0.09,0.1,0.09,1083010000,,1083010000,2063570845,12.0,6.541,27825000.0,0.57,1.0,57673000.0,0.144,609421000,10503000.0,2196446000,,239726000,0,0,0,1175520000,197827000,977693000,1318406845,-6381000.0,11651000.0,-35000.0,-38499000.0,-7323000.0,-45857000.0,-31756000.0,0.0,71232000.0,0.0,4567000.0,4567000.0,4567000.0,0.0,0.0,0.011,28651000.0,29022000.0,73186000,1.667,1.217,15.276,15.249,1067576000,0.0,26.99,0.779,0.777,232884000,642734000,400823000.0,400823000.0,137000.0,,,,,0.0,28428000.0,1.0,48847975,48830038,48904323.0,8.209,1649109000,21387000,2442000.0,110803000,33.772,328322000
74,MLM,ARQ,2002-09-30,2002-11-14,2002-09-30,2021-07-29,0,2321994000,,577800000,1744194000,,22.363,-41420000.0,6077000,6077000,386282000.0,38925000.0,2.582,1.127,783179000,9699000,773480000,783179000,0,34646000.0,0,0.019,0.15,68430000.0,103076000.0,0.213,103076000.0,68430000.0,57251000.0,0.8,0.8,0.8,1091772000,,1091772000,2205122831,11.0,4.718,43253000.0,0.886,1.0,98130000.0,0.203,627055000,11179000.0,2248304000,,241695000,0,0,0,1230222000,223737000,1006485000,1428020831,1321000.0,84350000.0,65000.0,-39998000.0,-7323000.0,-47256000.0,-36096000.0,0.0,84673000.0,0.0,38925000.0,38925000.0,38925000.0,0.0,0.0,0.08,29700000.0,68430000.0,81653000,0.188,1.308,13.367,13.295,1062538000,0.0,29.25,0.825,0.825,281044000,645490000,484412000.0,484412000.0,12000.0,,,,,0.0,29457000.0,1.0,48821225,48820079,48955259.0,9.922,1694939000,24167000,18326000.0,112010000,34.718,354063000
75,MLM,ARQ,2002-06-30,2002-08-14,2002-06-30,2021-07-29,0,2301541000,,573715000,1727826000,,21.769,-39747000.0,4756000,4756000,364180000.0,53362000.0,2.725,1.171,809969000,8618000,801351000,809969000,0,34390000.0,0,0.016,0.14,95576000.0,129966000.0,0.273,129966000.0,95576000.0,84363000.0,1.1,1.09,1.1,1060160000,,1060160000,2559777133,12.0,5.776,-11502000.0,-0.236,1.0,111194000.0,0.234,614534000,11213000.0,2281684000,,252715000,0,0,0,1241381000,210536000,1030845000,1754564133,-6381000.0,-44690000.0,460000.0,-21488000.0,-6834000.0,-27862000.0,-6764000.0,0.0,28245000.0,0.0,53362000.0,53362000.0,53362000.0,0.0,0.0,0.112,15618000.0,95576000.0,80288000,0.127,1.655,15.415,15.294,1053714000,0.0,35.94,1.004,1.002,281778000,613888000,475374000.0,475374000.0,136000.0,,,,,0.0,29157000.0,1.0,48819258,48700333,48851807.0,9.761,1687007000,23317000,31001000.0,107443000,34.641,363179000
76,MLM,ARQ,2002-03-31,2002-05-15,2002-03-31,2021-07-29,0,2236343000,,515312000,1721031000,,20.671,-28106000.0,11137000,11137000,307931000.0,-10549000.0,2.716,1.228,827207000,6119000,821088000,827207000,0,33939000.0,0,0.014,0.14,-4730000.0,29209000.0,0.088,29209000.0,-4730000.0,-15863000.0,-0.22,-0.22,-0.22,1003672000,,1003672000,2817529538,14.0,7.307,-8696000.0,-0.179,1.0,23897000.0,0.072,610735000,11133000.0,2251961000,,253515000,0,0,0,1232671000,189717000,1042954000,2001459538,9758000.0,-1550000.0,150000.0,25299000.0,-6798000.0,18651000.0,-28303000.0,0.0,19410000.0,0.0,-10549000.0,-10549000.0,-10549000.0,0.0,0.0,-0.032,28627000.0,-4730000.0,74530000,-0.636,1.994,20.122,19.903,1074943000,0.0,41.2,1.144,1.144,200592000,567360000,331828000.0,331828000.0,83000.0,,,,,0.0,28794000.0,1.0,48579115,48554631,48717691.0,6.834,1625608000,28548000,-5314000.0,109468000,33.48,325595000
77,MLM,ARQ,2001-12-31,2002-03-27,2001-12-31,2021-07-29,0,2224580000,,496232000,1728348000,,21.073,-44733000.0,1379000,1379000,362870000.0,25095000.0,2.584,1.176,801875000,4490000,797385000,801875000,0,154635000.0,0,0.014,0.14,50499000.0,205134000.0,0.466,205134000.0,50499000.0,39631000.0,0.52,0.51,0.52,1022212000,,1022212000,2800186134,14.0,7.781,49150000.0,1.013,1.0,77243000.0,0.176,606968000,10868000.0,2226071000,,231003000,0,0,0,1202368000,192037000,1010331000,1999690134,5051000.0,-4343000.0,1134000.0,-35959000.0,-6795000.0,-41620000.0,-47212000.0,0.0,93883000.0,0.0,25095000.0,25095000.0,25095000.0,0.0,0.0,0.057,26744000.0,50499000.0,79572000,0.269,1.956,18.979,18.718,1082189000,0.0,41.18,1.164,1.147,215184000,584707000,440113000.0,440113000.0,66000.0,,,,,0.0,26406000.0,1.0,48559741,48507521,48597747.0,9.073,1617612000,19696000,14536000.0,105755000,33.348,304195000
78,MLM,ARQ,2001-09-30,2001-11-14,2001-09-30,2021-07-29,0,2258410000,,539222000,1719188000,,20.669,-47520000.0,0,0,393815000.0,45917000.0,2.525,1.261,834638000,0,834638000,834638000,0,0.0,0,0.012,0.14,78842000.0,78842000.0,0.158,78842000.0,78842000.0,66723000.0,0.95,0.95,0.95,999074000,,999074000,3014760620,15.0,9.067,67276000.0,1.392,1.0,105882000.0,0.212,579394000,12119000.0,2300078000,,232013000,0,0,0,1259336000,213576000,1045760000,2180122620,-2809000.0,-8713000.0,909000.0,-61923000.0,-6779000.0,-67793000.0,-49812000.0,0.0,114796000.0,0.0,45917000.0,45917000.0,45917000.0,0.0,0.0,0.092,27040000.0,78842000.0,0,0.147,2.182,21.611,21.294,1066399000,0.0,44.93,1.227,1.222,277469000,566407000,499697000.0,499697000.0,-178000.0,,,,,0.0,26254000.0,1.0,48522649,48337678,48570981.0,10.338,1679016000,0,20806000.0,0,34.735,325646000
79,MLM,ARQ,2001-06-30,2001-08-13,2001-06-30,2021-07-29,0,2234584000,,541251000,1693333000,,19.85,-50968000.0,0,0,383948000.0,39002000.0,2.302,1.367,854711000,0,854711000,854711000,0,0.0,0,0.013,0.14,72407000.0,72407000.0,0.152,72407000.0,72407000.0,59096000.0,0.82,0.82,0.82,944081000,,944081000,2948287025,16.0,9.039,-3298000.0,-0.069,1.0,93461000.0,0.196,590417000,13311000.0,2263714000,,240341000,0,0,0,1290503000,235164000,1055339000,2093576025,-235397000.0,-195421000.0,143000.0,-69503000.0,-6731000.0,-76091000.0,-206976000.0,0.0,47670000.0,0.0,39002000.0,39002000.0,39002000.0,0.0,0.0,0.082,21054000.0,72407000.0,0,0.171,2.218,21.58,21.044,1029682000,0.0,43.35,1.263,1.244,274559000,527269000,477409000.0,477409000.0,259000.0,,,,,0.0,28734000.0,1.0,48294718,47559897,47803974.0,10.038,1644167000,0,20094000.0,0,34.57,306087000
80,MLM,ARQ,2001-03-31,2001-05-14,2001-03-31,2021-07-29,0,2157119000,,687362000,1469757000,,18.583,-51165000.0,234534000,234534000,273667000.0,-4562000.0,2.802,1.466,852041000,0,852041000,852041000,0,0.0,0,0.011,0.14,3573000.0,3573000.0,0.012,3573000.0,3573000.0,-6921000.0,-0.1,-0.1,-0.1,874772000,,874772000,2964196130,15.0,9.005,-54571000.0,-1.159,1.0,27164000.0,0.09,394178000,10494000.0,2135103000,,226522000,0,0,0,1282347000,245345000,1037002000,2346689130,239312000.0,-13295000.0,435000.0,315090000.0,-6622000.0,308903000.0,-66185000.0,0.0,-3406000.0,0.0,-4562000.0,-4562000.0,-4562000.0,0.0,0.0,-0.015,23672000.0,3492000.0,0,-1.4,2.683,23.435,23.182,945652000,0.0,49.61,1.522,1.514,185810000,494998000,300831000.0,300831000.0,400000.0,,,,,0.0,24555000.0,1.0,47302744,47073007,47277401.0,6.391,1762941000,0,-2359000.0,0,37.451,442017000
81,MLM,ARQ,2000-12-31,2001-03-22,2000-12-31,2021-07-29,0,1841439000,,425001000,1416438000,,18.457,-52918000.0,0,0,431652000.0,20524000.0,2.247,1.133,651513000,49933000,601580000,651513000,0,136373000.0,0,0.013,0.14,41307000.0,177680000.0,0.356,177680000.0,41307000.0,30912000.0,0.44,0.44,0.44,863286000,,863286000,2619295211,12.0,7.546,4547000.0,0.097,1.0,66955000.0,0.134,409456000,10395000.0,1894383000,,207534000,0,0,0,978153000,189113000,789040000,1967782211,-10133000.0,-2656000.0,670000.0,-7542000.0,-6548000.0,-13420000.0,-54178000.0,0.0,57465000.0,0.0,20524000.0,20524000.0,20524000.0,0.0,0.0,0.041,25648000.0,41307000.0,59029000,0.318,2.279,17.565,17.333,914072000,0.0,41.6,1.297,1.282,180915000,506272000,498607000.0,498607000.0,543000.0,,,,,0.0,26500000.0,1.0,47302457,46772206,46899157.0,10.66,1431983000,16750000,10388000.0,89061000,30.616,235888000
82,MLM,ARQ,2000-09-30,2000-11-14,2000-09-30,2021-07-29,0,1854288000,,463511000,1390777000,,18.147,-44580000.0,5355000,5355000,284879000.0,42051000.0,2.14,1.185,601313000,0,601313000,601313000,0,0.0,0,0.013,0.14,72532000.0,72532000.0,0.191,72532000.0,72532000.0,61852000.0,0.9,0.9,0.9,848600000,,848600000,2440872873,11.0,6.873,38563000.0,0.825,1.0,95426000.0,0.251,375399000,10680000.0,1858270000,,192381000,0,0,0,1005688000,216577000,789111000,1844914873,1992000.0,0.0,133000.0,-32912000.0,-6547000.0,-39326000.0,-41825000.0,0.0,83143000.0,0.0,42051000.0,42051000.0,42051000.0,0.0,0.0,0.111,22894000.0,72532000.0,0,0.156,2.174,14.864,14.831,891294000,0.0,39.45,1.363,1.362,231143000,492296000,380305000.0,380305000.0,570000.0,,,,,0.0,24012000.0,1.0,46765903,46763155,46962201.0,8.133,1478889000,0,19801000.0,0,31.625,246934000
83,MLM,ARQ,2000-06-30,2000-08-14,2000-06-30,2021-07-29,0,1838118000,,457261000,1380857000,,17.389,-39305000.0,3363000,3363000,265642000.0,42122000.0,1.933,1.261,601748000,0,601748000,601748000,0,0.0,0,0.011,0.13,75385000.0,75385000.0,0.208,75385000.0,75385000.0,64734000.0,0.9,0.9,0.9,812953000,,812953000,2752325766,12.0,7.636,6226000.0,0.133,1.0,96832000.0,0.267,378970000,10651000.0,1821015000,,192787000,0,0,0,1025165000,236518000,788647000,2153940766,4025000.0,-22453000.0,605000.0,23755000.0,-6078000.0,18282000.0,-59788000.0,0.0,45531000.0,0.0,42122000.0,42122000.0,42122000.0,0.0,0.0,0.116,21447000.0,75385000.0,0,0.144,2.65,17.092,17.059,877374000,0.0,46.06,1.623,1.622,233394000,456792000,362474000.0,362474000.0,593000.0,,,,,0.0,24664000.0,1.0,46763803,46751001,47045402.0,7.753,1459148000,0,22612000.0,0,31.211,220743000
84,MLM,ARQ,2000-03-31,2000-05-12,2000-03-31,2021-07-29,0,1766405000,,411841000,1354564000,,16.605,-34002000.0,0,0,231773000.0,7330000.0,2.011,1.277,601654000,0,601654000,601654000,0,0.0,0,0.01,0.13,21492000.0,21492000.0,0.078,21492000.0,21492000.0,11323000.0,0.16,0.16,0.16,775891000,,775891000,3100411246,13.0,8.648,-7261000.0,-0.155,1.0,44358000.0,0.161,373509000,10169000.0,1789716000,,186924000,0,0,0,990514000,204834000,785680000,2498757246,-4065000.0,-14218000.0,631000.0,20653000.0,-6075000.0,15209000.0,-46015000.0,0.0,26741000.0,0.0,7330000.0,7330000.0,7330000.0,0.0,0.0,0.027,22866000.0,21492000.0,0,0.812,3.221,19.963,19.94,858853000,0.0,53.44,1.931,1.93,194152000,420748000,276131000.0,276131000.0,620000.0,,,,,0.0,23592000.0,1.0,46758182,46725456,46885058.0,5.91,1392896000,0,3993000.0,0,29.81,207007000
85,MLM,ARQ,1999-12-31,2000-03-27,1999-12-31,2021-07-29,0,1742574000,,403365000,1339209000,,16.583,-35126000.0,3403000,3403000,254040000.0,32617000.0,2.208,1.251,641733000,39722000,602011000,641733000,0,124754000.0,0,0.011,0.13,60976000.0,185730000.0,0.554,185730000.0,60976000.0,50321000.0,0.7,0.7,0.7,774006000,,774006000,2764420284,12.0,7.712,43326000.0,0.928,1.0,81069000.0,0.242,406824000,10655000.0,1791384000,,172865000,0,0,0,968568000,182696000,785872000,2126090284,2804000.0,-18574000.0,-7755000.0,-10461000.0,-6071000.0,-24287000.0,-51361000.0,0.0,78452000.0,0.0,32617000.0,32617000.0,32617000.0,0.0,0.0,0.097,20093000.0,60976000.0,55872000,0.186,2.747,16.903,16.852,846993000,0.0,45.5,1.689,1.687,197554000,419493000,335109000.0,335109000.0,675000.0,,,,,0.0,21592000.0,1.0,46727259,46674747,46864449.0,7.18,1335750000,21899000,17704000.0,86150000,28.618,220669000
86,MLM,ARQ,1999-09-30,1999-11-12,1999-09-30,2021-07-29,0,1733474000,,429749000,1303725000,,15.848,-42850000.0,599000,599000,254131000.0,43951000.0,1.959,1.343,603290000,0,603290000,603290000,0,0.0,0,0.013,0.13,77841000.0,77841000.0,0.22,77841000.0,77841000.0,68044000.0,0.94,0.94,0.94,739729000,,739729000,2465475990,11.0,9.76,46285000.0,0.992,1.0,99661000.0,0.282,374113000,9797000.0,1742662000,,172246000,0,0,0,993745000,219390000,774355000,1862784990,801000.0,-55639000.0,-5587000.0,15988000.0,-6071000.0,4330000.0,-92664000.0,0.0,89135000.0,0.0,43951000.0,43951000.0,43951000.0,0.0,0.0,0.124,21820000.0,77841000.0,0,0.138,2.518,15.037,15.049,809664000,0.0,39.88,1.546,1.545,231142000,392947000,353792000.0,353792000.0,685000.0,,,,,0.0,23364000.0,1.0,46709754,46677260,46990461.0,7.58,1359361000,0,24093000.0,0,29.123,210359000
87,MLM,ARQ,1999-06-30,1999-08-13,1999-06-30,2021-07-29,0,1668962000,,427287000,1241675000,,15.154,-30842000.0,0,0,238638000.0,41273000.0,2.26,1.359,602176000,0,602176000,602176000,0,0.0,0,0.011,0.13,73465000.0,73465000.0,0.223,73465000.0,73465000.0,63752000.0,0.88,0.88,0.88,707437000,,707437000,2904888009,13.0,10.573,-3973000.0,-0.085,1.0,90227000.0,0.274,345308000,9713000.0,1736750000,,175417000,0,0,0,961525000,189080000,772445000,2302712009,-9189000.0,-3051000.0,1966000.0,10495000.0,-6071000.0,6390000.0,-42448000.0,0.0,26869000.0,0.0,41273000.0,41273000.0,41273000.0,0.0,0.0,0.126,16762000.0,73465000.0,0,0.148,3.255,18.3,18.263,779873000,0.0,49.31,1.979,1.979,224780000,355068000,328865000.0,328865000.0,497000.0,,,,,0.0,24919000.0,1.0,46698682,46684229,47030911.0,7.044,1323654000,0,22479000.0,0,28.353,238207000
88,MLM,ARQ,1999-03-31,1999-05-13,1999-03-31,2021-07-29,0,1596804000,,375607000,1221197000,,14.373,-29002000.0,8987000,8987000,201319000.0,7940000.0,2.401,1.382,601883000,0,601883000,601883000,0,0.0,0,0.008,0.13,21442000.0,21442000.0,0.089,21442000.0,21442000.0,12196000.0,0.17,0.17,0.17,670268000,,670268000,3756309149,18.0,13.129,218000.0,0.005,1.0,39742000.0,0.165,347347000,9246000.0,1685894000,,172316000,0,0,0,926536000,156459000,770077000,3163413149,-5599000.0,184000.0,692000.0,-1360000.0,-6063000.0,-6731000.0,-28088000.0,0.0,29220000.0,0.0,7940000.0,7940000.0,7940000.0,0.0,0.0,0.033,18300000.0,21442000.0,0,0.765,4.72,26.162,26.058,780828000,0.0,67.75,2.844,2.841,166214000,319865000,241061000.0,241061000.0,932000.0,,,,,0.0,22746000.0,1.0,46692445,46635302,46901716.0,5.169,1249457000,0,4256000.0,0,26.792,219148000
89,MLM,ARQ,1998-12-31,1999-03-24,1998-12-31,2021-07-29,0,1588589000,,369388000,1219201000,,14.316,-46453000.0,14586000,14586000,207870000.0,30714000.0,2.426,1.379,617770000,15657000,602113000,617770000,0,28212000.0,0,0.01,0.13,51653000.0,79865000.0,0.284,79865000.0,51653000.0,44979000.0,0.66,0.66,0.66,667699000,,667699000,3081249498,16.0,10.386,46085000.0,0.988,1.0,73104000.0,0.26,375978000,6674000.0,1663562000,,157104000,0,0,0,920890000,152233000,768657000,2478065498,2391000.0,-282591000.0,140000.0,281553000.0,-6056000.0,275637000.0,-365784000.0,0.0,92538000.0,0.0,30714000.0,30714000.0,30714000.0,0.0,0.0,0.109,21451000.0,51653000.0,57720000,0.197,3.711,21.434,21.337,777528000,0.0,53.13,2.343,2.343,171511000,317988000,280974000.0,280974000.0,561000.0,,,,,0.0,22162000.0,1.0,46641549,46641549,,6.024,1212611000,18978000,14265000.0,82824000,25.999,217155000
90,MLM,ARQ,1998-09-30,1998-11-16,1998-09-30,2021-07-29,0,1236388000,,373781000,862607000,,13.791,-31318000.0,12195000,12195000,216615000.0,45907000.0,2.521,0.926,334370000,20650000,313720000,334370000,0,24285000.0,0,0.01,0.13,75677000.0,99962000.0,0.32,99962000.0,75677000.0,69854000.0,0.99,0.98,0.99,641794000,,641794000,2552193374,14.0,9.111,48946000.0,1.052,1.0,95830000.0,0.307,209849000,5823000.0,1200457000,,145947000,0,0,0,594594000,148257000,446337000,2230018374,-3678000.0,-25907000.0,1457000.0,-20677000.0,-6054000.0,-25274000.0,-58668000.0,0.0,80264000.0,0.0,45907000.0,45907000.0,45907000.0,0.0,0.0,0.147,20153000.0,75677000.0,46913000,0.131,3.475,20.672,20.549,634241000,0.0,47.88,2.196,2.194,193936000,293518000,312445000.0,312445000.0,873000.0,,,,,0.0,19702000.0,1.0,46575154,46536116,46841671.0,6.714,1026539000,17539000,23947000.0,66722000,22.059,225524000
91,MLM,ARQ,1998-06-30,1998-08-14,1998-06-30,2021-07-29,0,1200217000,,372063000,828154000,,12.921,-29415000.0,15873000,15873000,194502000.0,36356000.0,2.357,0.999,353275000,41536000,311739000,353275000,0,23624000.0,0,0.01,0.12,61221000.0,84845000.0,0.305,84845000.0,61221000.0,55269000.0,0.78,0.78,0.78,600484000,,600484000,2542354517,15.0,9.649,7470000.0,0.161,1.0,83235000.0,0.3,197213000,5952000.0,1182567000,,154659000,0,0,0,599733000,157839000,441894000,2204952517,11843000.0,-1669000.0,87000.0,9896000.0,-5577000.0,4406000.0,-29448000.0,0.0,36885000.0,0.0,36356000.0,36356000.0,36356000.0,0.0,0.0,0.131,22014000.0,61221000.0,50070000,0.154,3.672,22.443,22.272,611770000,0.0,47.44,2.262,2.262,178244000,253477000,277737000.0,277737000.0,873000.0,,,,,0.0,20876000.0,1.0,46478763,46475007,46832368.0,5.976,1003004000,17315000,18913000.0,56174000,21.582,214224000
92,MLM,ARQ,1998-03-31,1998-05-15,1998-03-31,2021-07-29,0,1121719000,,306797000,814922000,,12.098,-16740000.0,4030000,4030000,157056000.0,2636000.0,2.492,1.006,342880000,31538000,311342000,342880000,0,22644000.0,0,0.01,0.12,9350000.0,31994000.0,0.172,31994000.0,9350000.0,4040000.0,0.06,0.06,0.06,559104000,,559104000,2476654322,15.0,10.0,-3854000.0,-0.083,1.0,29479000.0,0.158,175241000,5310000.0,1162211000,,148425000,0,0,0,562615000,123117000,439498000,2137804322,-14631000.0,-37715000.0,178000.0,29773000.0,-5546000.0,24405000.0,-51922000.0,0.0,12886000.0,0.0,2636000.0,2636000.0,2636000.0,0.0,0.0,0.014,20129000.0,9350000.0,38936000,2.0,3.824,23.172,22.886,619611000,0.0,46.0,2.301,2.288,130038000,222698000,186535000.0,186535000.0,746000.0,,,,,0.0,19301000.0,1.0,46474007,46215439,46409450.0,4.036,946478000,17098000,1404000.0,50707000,20.48,183680000
93,MLM,ARQ,1997-12-31,1998-03-30,1997-12-31,2021-07-29,0,1105713000,,322012000,783701000,,12.156,-26128000.0,18661000,18661000,179091000.0,22979000.0,2.975,0.968,312106000,1431000,310675000,312106000,0,23200000.0,0,0.011,0.12,40123000.0,63323000.0,0.265,63323000.0,40123000.0,34604000.0,0.5,,0.5,561836000,,561836000,2301145320,14.0,9.285,48000000.0,1.039,1.0,59702000.0,0.25,174896000,5519000.0,1116027000,,132583000,0,0,0,543877000,108235000,435642000,2007700320,3616000.0,-411000.0,164000.0,-41159000.0,-5545000.0,-46540000.0,-23972000.0,0.0,74128000.0,0.0,22979000.0,22979000.0,22979000.0,0.0,0.0,0.096,19579000.0,40123000.0,49599000,0.24,3.573,20.377,20.299,591420000,0.0,43.44,2.229,2.229,147432000,225608000,238793000.0,238793000.0,1083000.0,,,,,0.0,18607000.0,1.0,46217779,46217779,,5.167,930817000,16873000,11625000.0,54699000,20.14,213777000
94,MLM,ARQ,1997-09-30,1997-11-12,1997-09-30,2021-07-29,0,1145797000,,339882000,805915000,,11.804,-27238000.0,15045000,15045000,191781000.0,36274000.0,2.962,1.105,353191000,1431000,351760000,353191000,0,21720000.0,0,0.014,0.12,61603000.0,83323000.0,0.307,83323000.0,61603000.0,55988000.0,0.79,,0.79,544340000,,544340000,1946708546,12.0,8.363,37972000.0,0.823,1.0,79936000.0,0.294,184306000,5615000.0,1184905000,,128747000,0,0,0,601457000,114732000,486725000,1608562546,6561000.0,-3477000.0,0.0,-26084000.0,-5530000.0,-31614000.0,-27035000.0,0.0,65210000.0,0.0,36274000.0,36274000.0,36274000.0,0.0,0.0,0.133,18333000.0,61603000.0,47415000,0.152,2.955,16.836,,603323000,0.0,34.81,1.902,1.899,176864000,208174000,271717000.0,271717000.0,1042000.0,,,,,0.0,18874000.0,1.0,46209783,46116693,,5.892,961491000,16165000,19714000.0,64881000,20.849,225150000
95,MLM,ARQ,1997-06-30,1997-08-07,1997-06-30,2021-07-29,0,1121176000,,326945000,794231000,,11.05,-18225000.0,8484000,8484000,166703000.0,30369000.0,1.6,1.202,377248000,101313000,275935000,377248000,0,18466000.0,0,0.014,0.12,50563000.0,69029000.0,0.297,69029000.0,50563000.0,46999000.0,0.66,,0.66,509200000,,509200000,2004620259,14.0,9.607,20703000.0,0.449,1.0,65487000.0,0.282,176923000,3564000.0,1108670000,,132850000,0,0,0,611976000,204347000,407629000,1635856259,60000.0,-266009000.0,0.0,249999000.0,-5529000.0,244470000.0,-283338000.0,0.0,38928000.0,0.0,30369000.0,30369000.0,30369000.0,0.0,0.0,0.131,14924000.0,50563000.0,45763000,0.182,3.213,18.855,,589298000,0.0,35.5,2.11,2.11,164012000,177430000,232190000.0,232190000.0,789000.0,,,,,0.0,16313000.0,1.0,46080458,46079604,,5.039,944253000,15959000,16630000.0,66914000,20.492,122598000
96,MLM,ARQ,1997-03-31,1997-05-14,1997-03-31,2021-07-29,0,762741000,,257482000,505259000,,10.511,-14849000.0,8424000,8424000,128019000.0,8907000.0,3.465,0.575,127049000,1213000,125836000,127049000,0,16334000.0,0,0.016,0.12,15822000.0,32156000.0,0.203,32156000.0,15822000.0,13621000.0,0.19,,0.19,484361000,,484361000,1437884063,11.0,7.271,2503000.0,0.054,1.0,30144000.0,0.191,64343000,2201000.0,742705000,,118281000,0,0,0,278380000,74318000,204062000,1319259063,12684000.0,14609000.0,0.0,-114000.0,-5530000.0,-5644000.0,976000.0,0.0,17352000.0,0.0,8907000.0,8907000.0,8907000.0,0.0,0.0,0.056,14322000.0,15822000.0,29678000,0.632,2.724,15.857,,413045000,0.0,28.63,1.774,1.774,108458000,152591000,158163000.0,158163000.0,492000.0,,,,,0.0,15299000.0,1.0,46079604,46079530,,3.432,698398000,15627000,4714000.0,24219000,15.156,183164000
97,MLM,ARQ,1996-12-31,1997-03-25,1996-12-31,2021-07-29,0,768918000,,271166000,497752000,,10.438,-27685000.0,0,0,138630000.0,19994000.0,3.076,0.599,131423000,5533000,125890000,131423000,0,15864000.0,0,0.018,0.12,32405000.0,48269000.0,0.263,48269000.0,32405000.0,30248000.0,,,,480977000,,480977000,1323963152,10.0,6.958,35406000.0,0.768,1.0,44828000.0,0.244,63168000,2157000.0,749029000,,113774000,0,0,0,287941000,88144000,199797000,1192540152,-6624000.0,-27428000.0,0.0,-10759000.0,-5529000.0,-16288000.0,-53427000.0,0.0,63091000.0,0.0,19994000.0,19994000.0,19994000.0,0.0,0.0,0.109,12423000.0,32405000.0,36420000,,2.479,15.167,,408820000,0.0,25.88,1.652,1.652,139437000,149213000,183458000.0,183458000.0,479000.0,,,,,0.0,15174000.0,1.0,46079604,46079300,,3.981,705750000,15547000,10254000.0,26980000,15.316,183022000
98,MLM,ARQ,1996-09-30,1996-11-14,1996-09-30,2021-07-29,0,750600000,,269141000,481459000,,10.124,-18386000.0,2364000,2364000,142957000.0,27490000.0,3.121,0.609,124997000,190000,124807000,124997000,0,15346000.0,0,0.02,0.12,43857000.0,59203000.0,0.294,59203000.0,43857000.0,41589000.0,0.6,,0.6,466512000,,466512000,1182456900,,,26669000.0,0.579,1.0,58547000.0,0.291,61992000,2268000.0,725019000,,113082000,0,0,0,284088000,86222000,197866000,1059823900,6916000.0,0.0,0.0,-14386000.0,-5530000.0,-19916000.0,-18223000.0,0.0,45055000.0,0.0,27490000.0,27490000.0,27490000.0,0.0,0.0,0.136,14690000.0,43857000.0,42908000,0.2,2.272,,,396541000,0.0,23.0,,,139639000,134748000,201504000.0,201504000.0,466000.0,,,,,0.0,15030000.0,1.0,46079300,46079300,,4.373,688608000,12567000,14099000.0,20030000,14.944,182919000
99,MLM,ARQ,1996-06-30,1996-08-13,1996-06-30,2021-07-29,0,746368000,,271060000,475308000,,9.648,-22168000.0,0,0,145108000.0,26807000.0,2.561,0.679,130215000,5344000,124871000,130215000,0,15088000.0,0,0.019,0.11,43048000.0,58136000.0,0.29,58136000.0,43048000.0,40526000.0,0.58,,0.58,444552000,,444552000,1184509384,,,-1633000.0,-0.035,1.0,55330000.0,0.276,60212000,2522000.0,710550000,,114785000,0,0,0,301816000,105821000,195995000,1054294384,-650000.0,14000.0,0.0,3687000.0,-5069000.0,-1382000.0,-19803000.0,0.0,20535000.0,0.0,26807000.0,26807000.0,26807000.0,0.0,0.0,0.134,12282000.0,43048000.0,58024000,0.19,2.372,,,393708000,0.0,22.88,,,139854000,112788000,200438000.0,200438000.0,477000.0,,,,,0.0,14997000.0,1.0,46079300,46079300,,4.35,686156000,12586000,13719000.0,22866000,14.891,165239000
100,MLM,ARQ,1996-03-31,1996-05-14,1996-03-31,2021-07-29,0,706759000,,239721000,467038000,,9.176,-11264000.0,0,0,112742000.0,4337000.0,2.662,0.672,131581000,6710000,124871000,131581000,0,14912000.0,0,0.018,0.11,9764000.0,24676000.0,0.181,24676000.0,9764000.0,6590000.0,0.09,,0.09,422813000,,422813000,1254994334,,,-5000000.0,-0.109,1.0,23805000.0,0.174,61490000,3174000.0,686788000,,119842000,0,0,0,283946000,90062000,193884000,1123413334,-975000.0,87369000.0,0.0,-82271000.0,-5068000.0,-87339000.0,80100000.0,0.0,6264000.0,0.0,4337000.0,4337000.0,4337000.0,0.0,0.0,0.032,14041000.0,9764000.0,49598000,1.222,2.657,,,386065000,0.0,24.38,,,104047000,91049000,136547000.0,136547000.0,475000.0,,,,,0.0,14736000.0,1.0,46079300,46079300,,2.963,645269000,12604000,2253000.0,13223000,14.003,149659000
0,MLM,ART,2021-06-30,2021-07-29,2021-06-30,2021-07-29,-153000000,11223100000,10724650000.0,1616300000,9606800000,0.453,98.171,-397000000.0,70300000,70300000,3571600000.0,768800000.0,2.132,0.832,3306100000,287200000,3018900000,3306100000,0,406600000.0,0,0.006,2.28,1066000000.0,1472600000.0,0.303,1472600000.0,1066000000.0,953400000.0,12.32,12.29,12.32,6125900000,5924225000.0,6125900000,26151984965,25.0,17.759,721100000.0,11.556,1.0,1289700000.0,0.265,3324600000,112600000.0,10376300000,10060600000.0,729100000,0,0,0,5094900000,758000000,4336900000,22916184965,200000.0,-559700000.0,1800000.0,103200000.0,-142700000.0,-55900000.0,-1062000000.0,0.0,1118100000.0,0.0,768500000.0,768500000.0,768500000.0,0.0,300000.0,0.158,241700000.0,1048000000.0,243600000,0.185,3.741,29.819,29.82,5983300000,0.0,367.38,4.714,4.716,722000000,2827200000,4861300000.0,4861300000.0,0.0,0.072,0.13,0.106,0.219,31100000.0,318200000.0,1.0,62377334,62400000,62500000.0,77.905,7898500000,0,184900000.0,841200000,126.579,858300000
1,MLM,ART,2021-03-31,2021-05-04,2021-03-31,2021-07-29,-155600000,10659300000,10475525000.0,1675700000,8983600000,0.454,95.087,-365900000.0,354800000,354800000,3468900000.0,760600000.0,3.734,0.799,3072800000,47200000,3025600000,3072800000,0,397100000.0,0,0.006,2.26,1060000000.0,1457100000.0,0.306,1457100000.0,1060000000.0,944300000.0,12.19,12.17,12.19,5923900000,5765525000.0,5923900000,26008419447,25.0,17.849,769400000.0,12.35,1.0,1285100000.0,0.27,2918400000,115700000.0,10010100000,9943850000.0,690000000,0,0,0,4732600000,448800000,4283800000,23290419447,-69200000.0,73500000.0,2700000.0,-645800000.0,-141600000.0,-802000000.0,-402500000.0,0.0,1135300000.0,0.0,760300000.0,760300000.0,760300000.0,0.0,300000.0,0.16,238200000.0,1046900000.0,200000000,0.185,3.932,30.633,30.634,5776300000,0.0,373.43,4.899,4.894,563600000,2637200000,4754000000.0,4754000000.0,0.0,0.073,0.132,0.107,0.223,28400000.0,307000000.0,1.0,62368903,62300000,62500000.0,76.308,7740900000,0,184000000.0,819700000,124.252,1226900000
2,MLM,ART,2020-12-31,2021-02-19,2020-12-31,2021-07-29,-158400000,10580800000,10436550000.0,1668300000,8912500000,0.453,94.554,-359700000.0,304400000,304400000,3477100000.0,721100000.0,3.341,0.796,3084800000,48600000,3036200000,3084800000,0,393500000.0,0,0.007,2.24,1007300000.0,1400800000.0,0.296,1400800000.0,1007300000.0,889200000.0,11.56,11.54,11.56,5890700000,5608775000.0,5890700000,23729933904,24.0,16.94,690400000.0,11.082,1.0,1252800000.0,0.265,2922000000,118100000.0,9939900000,9908650000.0,709000000,0,0,0,4687500000,499300000,4188200000,20949533904,283400000.0,77200000.0,-47700000.0,-154500000.0,-140300000.0,-357000000.0,-409700000.0,0.0,1050100000.0,0.0,721000000.0,721000000.0,721000000.0,0.0,100000.0,0.152,247400000.0,1005400000.0,207800000,0.194,3.556,29.056,29.095,5695300000,0.0,336.34,4.429,4.43,575100000,2607700000,4729900000.0,4729900000.0,0.0,0.069,0.129,0.102,0.213,30000000.0,305900000.0,1.0,62286775,62300000,62400000.0,75.921,7658800000,0,168200000.0,825000000,122.934,1169000000
3,MLM,ART,2020-09-30,2020-10-29,2020-09-30,2021-07-29,-138600000,10435400000,10324250000.0,1652800000,8782600000,0.45,92.398,-361302000.0,193700000,193700000,3464650000.0,668982000.0,3.265,0.812,3099400000,51900000,3047500000,3099400000,0,386726000.0,0,0.008,2.22,957442000.0,1344168000.0,0.289,1344168000.0,957442000.0,837122000.0,10.73,10.7,10.73,5756400000,5473800000.0,5756400000,19321179647,20.0,14.374,639000000.0,10.257,1.0,1185982000.0,0.255,2918800000,120320000.0,9916100000,9835850000.0,714500000,0,0,0,4676500000,506200000,4170300000,16415479647,144605000.0,78619000.0,-88107000.0,-311607000.0,-139373000.0,-554769000.0,-300928000.0,0.0,1000302000.0,0.0,668899000.0,668899000.0,668899000.0,0.0,83000.0,0.144,236647000.0,949335000.0,210700000,0.207,2.852,24.541,24.567,5649700000,0.0,263.6,3.53,3.531,686300000,2460500000,4650632000.0,4650632000.0,0.0,0.065,0.122,0.097,0.206,28086000.0,294745000.0,1.0,62274202,62300000,62400000.0,74.649,7516600000,0,168223000.0,760400000,120.652,1146600000
4,MLM,ART,2020-06-30,2020-07-28,2020-06-30,2021-07-29,-142200000,10226600000,10271271250.0,1587100000,8639500000,0.462,88.14,-361748000.0,70100000,70100000,3547351000.0,623204000.0,2.666,0.862,3226600000,181400000,3045200000,3226600000,0,382914000.0,0,0.01,2.2,900029000.0,1282943000.0,0.27,1282943000.0,900029000.0,775973000.0,9.98,9.95,9.98,5491100000,5360193000.0,5491100000,16382404802,18.0,12.769,643821000.0,10.334,1.0,1202127000.0,0.253,2878500000,124056000.0,9909300000,9858861500.0,712900000,0,0,0,4733000000,595300000,4137700000,13225904802,16497000.0,18003000.0,-90294000.0,-376552000.0,-138585000.0,-634257000.0,-354815000.0,0.0,1005569000.0,0.0,623072000.0,623072000.0,623072000.0,0.0,132000.0,0.131,308129000.0,893998000.0,197200000,0.22,2.409,21.227,21.283,5628500000,0.0,212.4,2.785,2.786,690400000,2201700000,4749478000.0,4749478000.0,0.0,0.061,0.116,0.091,0.19,31550000.0,301926000.0,1.0,62268855,62300000,62300000.0,76.236,7348100000,0,152901000.0,741200000,117.947,991800000
5,MLM,ART,2020-03-31,2020-05-05,2020-03-31,2021-07-29,-145400000,10503400000,10255535500.0,1833000000,8670400000,0.464,85.022,-367544000.0,424000000,424000000,3579852000.0,595073000.0,1.704,0.982,3745900000,692800000,3053100000,3745900000,0,377289000.0,0,0.012,2.13,862491000.0,1239780000.0,0.261,1239780000.0,862491000.0,736338000.0,9.51,9.47,9.51,5296900000,5261131250.0,5296900000,14619330343,17.0,11.792,587392000.0,9.428,1.0,1178494000.0,0.248,2880400000,126153000.0,9869300000,9883213000.0,700500000,0,0,0,5204000000,1075600000,4128400000,11297430343,386635000.0,21373000.0,-134911000.0,88951000.0,-134205000.0,-214437000.0,-353864000.0,0.0,954936000.0,0.0,594947000.0,594947000.0,594947000.0,0.0,126000.0,0.125,305014000.0,873480000.0,202000000,0.224,2.133,18.989,19.086,5663300000,0.0,181.51,2.374,2.376,562800000,2018600000,4758346000.0,4758346000.0,0.0,0.058,0.113,0.087,0.181,33048000.0,303108000.0,1.0,62241366,62300000,62500000.0,76.378,7623000000,0,141391000.0,737000000,122.36,757400000
6,MLM,ART,2019-12-31,2020-02-21,2019-12-31,2021-07-29,-145800000,10131600000,10141787250.0,1426700000,8704900000,0.467,85.613,-393500000.0,21000000,21000000,3560100000.0,612000000.0,1.701,0.893,3260200000,392700000,2867500000,3260200000,0,371500000.0,0,0.008,2.06,877500000.0,1249000000.0,0.264,1249000000.0,877500000.0,748200000.0,9.77,9.74,9.77,5350800000,5180024750.0,5350800000,18877239141,22.0,15.114,572600000.0,9.162,1.0,1179000000.0,0.249,2883600000,129300000.0,9648700000,9919868750.0,690800000,0,0,0,4778300000,838500000,3939800000,15638039141,-23900000.0,8400000.0,-84500000.0,-361100000.0,-129800000.0,-604100000.0,-385900000.0,0.0,966100000.0,0.0,611900000.0,611900000.0,611900000.0,0.0,100000.0,0.129,294100000.0,884900000.0,229600000,0.211,2.923,25.557,25.734,5687900000,0.0,251.42,3.3,3.316,573700000,2077200000,4739100000.0,4739100000.0,0.0,0.06,0.118,0.088,0.185,34100000.0,302700000.0,1.0,62198867,62500000,62700000.0,75.826,7248000000,0,136300000.0,733000000,115.968,588200000
7,MLM,ART,2019-09-30,2019-10-30,2019-09-30,2021-07-29,-134765000,10223485000,9996742000.0,1578398000,8645087000,0.466,84.818,-396797000.0,49087000,49087000,3511184000.0,575397000.0,2.291,0.928,3411308000,241795000,3169513000,3411308000,0,367807000.0,0,0.007,1.99,840137000.0,1207944000.0,0.259,1207944000.0,840137000.0,707913000.0,9.18,9.15,9.18,5301972000,5078915500.0,5301972000,20040488231,24.0,16.591,516611000.0,8.264,1.0,1147703000.0,0.246,2888578000,132224000.0,10008146000,9742658250.0,649716000,0,0,0,4919047000,688982000,4230065000,16678267231,-4874000.0,11196000.0,-84785000.0,-294301000.0,-125473000.0,-532026000.0,-386256000.0,0.0,913408000.0,0.0,575278000.0,575278000.0,575278000.0,0.0,119000.0,0.123,300296000.0,847407000.0,238559000,0.217,3.146,28.992,29.069,5617000000,0.0,266.85,3.58,3.58,763878000,2021647000,4658887000.0,4658887000.0,0.0,0.058,0.113,0.086,0.18,34583000.0,299877000.0,1.0,62500533,62510000,62679000.0,74.53,7334907000,0,132635000.0,725096000,117.34,889416000
8,MLM,ART,2019-06-30,2019-07-31,2019-06-30,2021-07-29,-137334000,10163657000,9837913500.0,1533121000,8630536000,0.453,81.436,-395136000.0,53595000,53595000,3418239000.0,507128000.0,1.865,0.994,3607004000,436054000,3170950000,3607004000,0,362474000.0,0,0.008,1.92,737728000.0,1100202000.0,0.247,1100202000.0,737728000.0,602472000.0,8.07,8.04,8.07,5094853000,4988271000.0,5094853000,19022800576,26.0,17.29,405710000.0,6.485,1.0,1040042000.0,0.233,2888144000,135256000.0,10006706000,9506324750.0,646342000,0,0,0,5066387000,822216000,4244171000,15469391576,19816000.0,20459000.0,-143025000.0,-109334000.0,-121256000.0,-406270000.0,-374760000.0,0.0,800846000.0,0.0,506926000.0,506926000.0,506926000.0,0.0,202000.0,0.114,297236000.0,742806000.0,199181000,0.238,3.036,30.516,30.7,5620042000,0.0,247.75,3.47,3.477,710605000,1814974000,4458281000.0,4458281000.0,0.0,0.052,0.102,0.078,0.165,34405000.0,290037000.0,1.0,62439522,62563000,62720000.0,71.261,7275513000,0,95546000.0,699455000,116.291,710905000
9,MLM,ART,2019-03-31,2019-05-01,2019-03-31,2021-07-29,-140324000,10048407000,9696187250.0,1370111000,8678296000,0.452,79.453,-409751000.0,37357000,37357000,3382124000.0,503162000.0,1.808,1.02,3658188000,410832000,3247356000,3658188000,0,356423000.0,0,0.009,1.88,736015000.0,1092438000.0,0.249,1092438000.0,736015000.0,601085000.0,7.99,7.95,7.99,4972474000,4925419750.0,4972474000,17338951107,24.0,15.872,308249000.0,4.925,1.0,999092000.0,0.228,2895678000,134930000.0,10015923000,9293791000.0,646176000,0,0,0,5072911000,757637000,4315274000,13718120107,-1385016000.0,-1572624000.0,-95366000.0,125655000.0,-118946000.0,-120906000.0,-1982110000.0,0.0,718000000.0,0.0,502828000.0,502828000.0,502828000.0,0.0,334000.0,0.115,278215000.0,720877000.0,184844000,0.235,2.759,27.282,27.429,5644915000,0.0,219.16,3.131,3.131,550607000,1705717000,4381216000.0,4381216000.0,0.0,0.052,0.102,0.079,0.168,33045000.0,288725000.0,1.0,62594087,62584000,62777000.0,70.005,7152729000,0,98257000.0,695771000,114.29,612474000
10,MLM,ART,2018-12-31,2019-02-25,2018-12-31,2021-07-29,-143579000,9551419000,9421098000.0,1365816000,8185603000,0.451,78.645,-375954000.0,44892000,44892000,3277688000.0,470376000.0,1.736,0.93,3120481000,390042000,2730439000,3120481000,0,344033000.0,0,0.01,1.84,712772000.0,1056805000.0,0.249,1056805000.0,712772000.0,575703000.0,7.46,7.43,7.46,4946363000,4851458750.0,4946363000,14850614658,21.0,14.052,329194000.0,5.234,1.0,966577000.0,0.228,2900400000,137069000.0,8939858000,8600745250.0,663035000,0,0,0,4602007000,786750000,3815257000,11775025658,-1401472000.0,-1573023000.0,-93176000.0,82570000.0,-116436000.0,-158414000.0,-1948206000.0,0.0,705148000.0,0.0,469998000.0,469998000.0,469998000.0,0.0,378000.0,0.111,275840000.0,690737000.0,210808000,0.247,2.381,25.053,25.283,5157229000,0.0,188.61,2.774,2.795,523276000,1693259000,4244265000.0,4244265000.0,0.0,0.05,0.097,0.083,0.168,29253000.0,280554000.0,1.0,62430548,62895000,63147000.0,67.482,6651019000,0,105705000.0,705564000,105.748,579066000
11,MLM,ART,2018-09-30,2018-11-07,2018-09-30,2021-07-29,-121491000,9588171000,9281371000.0,1454808000,8133363000,0.452,78.488,-361711000.0,53961000,53961000,3196130000.0,753194000.0,1.883,0.941,3209698000,380041000,2829657000,3209698000,0,328944000.0,0,0.009,1.8,750193000.0,1079137000.0,0.257,1079137000.0,750193000.0,623217000.0,11.93,11.88,11.93,4939394000,4784768000.0,4939394000,15055979972,20.0,13.952,319307000.0,5.074,1.0,998395000.0,0.238,2908410000,126976000.0,9062812000,8168904500.0,651295000,0,0,0,4645843000,772686000,3873157000,11900242972,18742000.0,-1579330000.0,-53291000.0,1479654000.0,-114081000.0,1277994000.0,-1940270000.0,0.0,681018000.0,0.0,752804000.0,752804000.0,752804000.0,0.0,390000.0,0.179,271285000.0,727110000.0,191381000,0.151,2.409,15.808,15.906,5103395000,0.0,189.76,2.837,2.847,644835000,1669126000,4194525000.0,4194525000.0,0.0,0.081,0.157,0.092,0.179,29846000.0,276633000.0,1.0,62712073,62932000,63167000.0,66.652,6679761000,0,-129587000.0,692881000,106.143,682122000
12,MLM,ART,2018-06-30,2018-07-27,2018-06-30,2021-07-29,-125883000,9596752000,8776024500.0,1457153000,8139599000,0.463,76.855,-382506000.0,33779000,33779000,3085528000.0,724380000.0,2.055,0.979,3218922000,320046000,2898876000,3218922000,0,314605000.0,0,0.009,1.76,732865000.0,1047470000.0,0.258,1047470000.0,732865000.0,618216000.0,11.47,11.42,11.47,4843448000,4632724750.0,4843448000,16146705640,22.0,15.415,283806000.0,4.503,1.0,977089000.0,0.241,2916191000,114649000.0,9156571000,7433702500.0,650917000,0,0,0,4741282000,709133000,4032149000,12961562640,-2943000.0,-1593528000.0,9116000.0,1425882000.0,-111512000.0,1306355000.0,-1975610000.0,0.0,666312000.0,0.0,724129000.0,724129000.0,724129000.0,0.0,251000.0,0.178,263677000.0,713412000.0,188761000,0.153,2.676,17.9,17.934,5113426000,0.0,205.7,3.19,3.191,675570000,1579674000,4062617000.0,4062617000.0,0.0,0.083,0.156,0.099,0.18,29831000.0,265411000.0,1.0,63011972,63021000,63285000.0,64.464,6680561000,0,-105913000.0,644469000,106.005,748020000
13,MLM,ART,2018-03-31,2018-05-08,2018-03-31,2021-07-29,-127485000,8948050000,8255801500.0,2601930000,6346120000,0.475,74.283,-404489000.0,1422373000,1422373000,2988472000.0,681118000.0,3.997,0.913,3028108000,300006000,2728102000,3028108000,0,303607000.0,0,0.008,1.74,680226000.0,983833000.0,0.251,983833000.0,680226000.0,574503000.0,10.79,10.75,10.79,4676630000,4471305500.0,4676630000,15043352157,22.0,15.291,284355000.0,4.517,1.0,935266000.0,0.238,2659066000,105723000.0,7243740000,6661382000.0,606794000,0,0,0,4268220000,650979000,3617241000,13437617157,1366955000.0,25835000.0,8994000.0,1174772000.0,-110177000.0,1056666000.0,-378555000.0,0.0,688844000.0,0.0,681031000.0,681031000.0,681031000.0,0.0,87000.0,0.174,272955000.0,662311000.0,162328000,0.161,2.873,19.731,19.783,3582494000,0.0,213.46,3.425,3.425,466465000,1422207000,3923738000.0,3923738000.0,0.0,0.082,0.152,0.102,0.173,29945000.0,262714000.0,1.0,62951453,62957000,63222000.0,62.324,6288984000,0,-106528000.0,413570000,99.893,1950951000
14,MLM,ART,2017-12-31,2018-02-23,2017-12-31,2021-07-29,-129104000,8992511000,7867236750.0,2631160000,6361351000,0.504,74.36,-410325000.0,1446364000,1446364000,2993654000.0,713385000.0,3.79,0.921,3027203000,299909000,2727294000,3027203000,0,297162000.0,0,0.008,1.72,710372000.0,1007534000.0,0.254,1007534000.0,710372000.0,618885000.0,11.3,11.25,11.3,4679600000,4320490000.0,4679600000,14868698163,21.0,14.758,247553000.0,3.934,1.0,971940000.0,0.245,2666639000,91487000.0,7212495000,6321942500.0,600591000,0,0,0,4310034000,694216000,3615818000,13287859163,1396326000.0,23846000.0,-89889000.0,1338035000.0,-108852000.0,1124927000.0,-386479000.0,0.0,657878000.0,0.0,713342000.0,713342000.0,713342000.0,0.0,43000.0,0.18,271559000.0,700381000.0,186638000,0.152,2.84,18.628,18.724,3592813000,0.0,211.58,3.351,3.358,487240000,1440069000,3965594000.0,3965594000.0,0.0,0.091,0.165,0.112,0.179,30460000.0,262128000.0,1.0,62803002,62932000,63217000.0,63.014,6325872000,0,-94457000.0,410723000,100.519,1936944000
15,MLM,ART,2017-09-30,2017-11-02,2017-09-30,2021-07-29,-122928000,7566785000,7444335250.0,1277989000,6288796000,0.53,68.863,-412555000.0,35219000,35219000,3006028000.0,434884000.0,2.728,0.746,1723587000,81085000,1642502000,1723587000,0,294674000.0,0,0.008,1.7,680684000.0,975358000.0,0.247,975358000.0,680684000.0,591866000.0,6.89,6.89,6.89,4331221000,4185584500.0,4331221000,14823499777,22.0,15.198,270429000.0,4.3,1.0,937902000.0,0.238,2664646000,88818000.0,6122004000,5948773500.0,576429000,0,0,0,3232803000,468503000,2764300000,13135131777,-25465000.0,27119000.0,-155267000.0,-51468000.0,-107702000.0,-323013000.0,-385436000.0,0.0,682984000.0,0.0,435019000.0,435019000.0,435019000.0,0.0,-135000.0,0.11,265482000.0,672420000.0,163597000,0.247,3.033,30.194,30.328,3521577000,0.0,208.96,3.33,3.332,582532000,1090778000,3943930000.0,3943930000.0,0.0,0.058,0.104,0.114,0.173,25230000.0,265414000.0,1.0,62859551,62896000,63158000.0,62.706,4902139000,0,156847000.0,662982000,77.94,809486000
16,MLM,ART,2017-06-30,2017-08-01,2017-06-30,2021-07-29,-125906000,7515860000,7395939250.0,1244297000,6271563000,0.535,66.782,-392797000.0,36722000,36722000,3021307000.0,442823000.0,2.329,0.79,1785775000,143831000,1641944000,1785775000,0,291738000.0,0,0.008,1.68,704150000.0,995888000.0,0.251,995888000.0,704150000.0,617905000.0,6.99,6.99,6.99,4197771000,4141612250.0,4197771000,15069182937,21.0,15.131,312085000.0,4.965,1.0,938792000.0,0.237,2663299000,86245000.0,6067289000,5867469500.0,549865000,0,0,0,3315329000,534325000,2781004000,13320129937,8126000.0,-23077000.0,-155018000.0,-12921000.0,-106704000.0,-280882000.0,-415874000.0,0.0,704882000.0,0.0,442952000.0,442952000.0,442952000.0,0.0,-129000.0,0.112,252981000.0,685811000.0,187227000,0.24,3.173,30.071,30.325,3505260000,0.0,211.97,3.364,3.365,570618000,967058000,3960099000.0,3960099000.0,0.0,0.06,0.107,0.12,0.178,22563000.0,264543000.0,1.0,62839694,62858000,63141000.0,63.001,4852561000,0,174953000.0,663414000,77.199,709972000
17,MLM,ART,2017-03-31,2017-05-10,2017-03-31,2021-07-29,-128425000,7393791000,7325300500.0,1123242000,6270549000,0.529,64.632,-395134000.0,55418000,55418000,2962474000.0,422695000.0,1.779,0.815,1846294000,290048000,1556246000,1846294000,0,287219000.0,0,0.007,1.66,681621000.0,968840000.0,0.25,968840000.0,681621000.0,599127000.0,6.64,6.64,6.64,4073368000,4095532500.0,4073368000,16499347608,24.0,17.03,290558000.0,4.61,1.0,911399000.0,0.235,2667127000,82494000.0,5885982000,5787148750.0,537000000,0,0,0,3317837000,631558000,2686279000,14708471608,28176000.0,-51368000.0,-188155000.0,81427000.0,-105749000.0,-211014000.0,-446502000.0,0.0,685692000.0,0.0,422725000.0,422725000.0,422725000.0,0.0,-30000.0,0.109,250698000.0,660701000.0,188399000,0.25,3.611,34.794,35.283,3467645000,0.0,234.28,3.797,3.811,479215000,851354000,3873873000.0,3873873000.0,0.0,0.058,0.103,0.118,0.176,18014000.0,257679000.0,1.0,62781593,63024000,63319000.0,61.467,4726664000,0,176402000.0,667160000,74.998,491684000
18,MLM,ART,2016-12-31,2017-02-24,2016-12-31,2021-07-29,-130687000,7300905000,7241424500.0,1086385000,6214520000,0.527,65.084,-387267000.0,50038000,50038000,2909783000.0,425444000.0,1.988,0.763,1686189000,180036000,1506153000,1686189000,0,285253000.0,0,0.008,1.64,688647000.0,973900000.0,0.255,973900000.0,688647000.0,606970000.0,6.66,6.66,6.66,4139978000,4062853250.0,4139978000,14883407118,22.0,15.282,291387000.0,4.581,1.0,908966000.0,0.238,2670649000,81677000.0,5719819000,5724893500.0,521624000,0,0,0,3158315000,546588000,2611727000,13247256118,-118371000.0,-168046000.0,-237907000.0,94795000.0,-105036000.0,-241712000.0,-555313000.0,0.0,678654000.0,0.0,425386000.0,425386000.0,425386000.0,0.0,58000.0,0.111,241645000.0,667321000.0,178598000,0.246,3.2,31.142,31.539,3423395000,0.0,210.05,3.469,3.499,457910000,935574000,3818749000.0,3818749000.0,0.0,0.059,0.105,0.12,0.18,13689000.0,248005000.0,1.0,63067156,63610000,63861000.0,60.034,4630256000,0,181584000.0,663019000,72.791,539797000
19,MLM,ART,2016-09-30,2016-11-02,2016-09-30,2021-07-29,-104511000,7373201000,7156631250.0,1191525000,6181676000,0.519,65.488,-391159000.0,60684000,60684000,2845737000.0,409869000.0,1.97,0.774,1764835000,228025000,1536810000,1764835000,0,275649000.0,0,0.009,1.62,672826000.0,948475000.0,0.255,948475000.0,672826000.0,592987000.0,6.37,6.34,6.37,4155332000,4042179750.0,4155332000,13791283076,20.0,14.54,276481000.0,4.357,1.0,868752000.0,0.234,2675655000,79839000.0,5796788000,5652557500.0,508199000,0,0,0,3214803000,604909000,2609894000,12087132076,-375745000.0,-175554000.0,-431724000.0,54905000.0,-104538000.0,-476672000.0,-566713000.0,0.0,667640000.0,0.0,409710000.0,409710000.0,409710000.0,0.0,159000.0,0.11,219522000.0,649230000.0,192738000,0.254,2.909,29.502,29.898,3379613000,0.0,190.45,3.254,3.253,566425000,932679000,3714489000.0,3714489000.0,0.0,0.057,0.101,0.119,0.181,15024000.0,234832000.0,1.0,63466170,63452000,63723000.0,58.54,4697546000,0,183277000.0,676144000,74.033,586616000
20,MLM,ART,2016-06-30,2016-08-04,2016-06-30,2021-07-29,-106068000,7233305000,7172943000.0,1121929000,6111376000,0.515,63.172,-400801000.0,28596000,28596000,2854148000.0,367969000.0,1.865,0.802,1786360000,245298000,1541062000,1786360000,0,268246000.0,0,0.008,1.6,605863000.0,874109000.0,0.237,874109000.0,605863000.0,527666000.0,5.62,5.6,5.62,4013452000,4066067250.0,4013452000,14348212564,24.0,16.415,248652000.0,3.914,1.0,838689000.0,0.227,2643459000,78197000.0,5746006000,5592041500.0,504877000,0,0,0,3216805000,601604000,2615201000,12590448564,-15573000.0,298631000.0,-585595000.0,123815000.0,-104644000.0,-562856000.0,-102170000.0,0.0,649453000.0,0.0,367775000.0,367775000.0,367775000.0,0.0,194000.0,0.1,250316000.0,588373000.0,197733000,0.285,3.137,34.234,35.315,3322205000,0.0,198.47,3.409,3.415,534459000,800028000,3692837000.0,3692837000.0,0.0,0.051,0.09,0.108,0.164,14973000.0,233371000.0,1.0,63437540,63532000,63802000.0,58.126,4589846000,0,159891000.0,639776000,72.245,520325000
21,MLM,ART,2016-03-31,2016-05-05,2016-03-31,2021-07-29,-103833000,7058287000,7239530250.0,998315000,6059972000,0.502,61.452,-356375000.0,27242000,27242000,2844817000.0,327835000.0,2.029,0.789,1752757000,177430000,1575327000,1752757000,0,264729000.0,0,0.009,1.6,550036000.0,814765000.0,0.224,814765000.0,550036000.0,473046000.0,4.94,4.93,4.94,3942651000,4139897500.0,3942651000,12842769050,23.0,15.763,248659000.0,3.876,1.0,792141000.0,0.218,2654710000,76990000.0,5636961000,5697746500.0,485367000,0,0,0,3112651000,492131000,2620520000,11117254050,-29124000.0,297945000.0,-638660000.0,167043000.0,-104955000.0,-575728000.0,-58430000.0,0.0,605034000.0,0.0,327661000.0,327661000.0,327661000.0,0.0,174000.0,0.09,254526000.0,537615000.0,174398000,0.324,2.82,33.929,35.425,3262981000,0.0,175.0,3.057,3.087,448048000,743593000,3636958000.0,3636958000.0,0.0,0.045,0.079,0.097,0.151,16741000.0,228645000.0,1.0,63527166,64158000,64350000.0,56.688,4403577000,0,145385000.0,620569000,68.636,506184000
22,MLM,ART,2015-12-31,2016-02-23,2015-12-31,2021-07-29,-105622000,6961732000,7329370000.0,1082168000,5879564000,0.483,60.765,-318232000.0,168409000,168409000,2817803000.0,288938000.0,2.947,0.715,1583130000,29481000,1553649000,1583130000,0,263587000.0,0,0.012,1.6,489942000.0,753529000.0,0.213,753529000.0,489942000.0,413655000.0,4.31,4.31,4.31,4057284000,4239376250.0,4057284000,10317548428,21.0,13.692,254919000.0,3.818,1.0,721767000.0,0.204,2578787000,76287000.0,5430475000,5772337000.0,469141000,0,0,0,2901555000,367191000,2534364000,8902827428,59758000.0,406778000.0,-482884000.0,-11268000.0,-107462000.0,-601939000.0,88546000.0,0.0,573151000.0,0.0,288792000.0,288792000.0,288792000.0,0.0,146000.0,0.082,242351000.0,479416000.0,164718000,0.371,2.194,30.828,32.109,3156000000,0.0,138.39,2.515,2.611,410921000,874436000,3539570000.0,3539570000.0,0.0,0.039,0.068,0.085,0.138,13589000.0,218234000.0,1.0,64331436,66770000,67020000.0,53.011,4382945000,0,124863000.0,583459000,65.642,714977000
23,MLM,ART,2015-09-30,2015-11-05,2015-09-30,2021-07-29,-112742000,7438448000,7455035000.0,1641971000,5796477000,0.476,63.607,-306167000.0,436429000,436429000,2849139000.0,269705000.0,2.854,0.749,1705152000,147536000,1557616000,1705152000,0,268602000.0,0,0.01,1.6,468886000.0,737488000.0,0.208,737488000.0,468886000.0,390439000.0,4.07,4.07,4.07,4250882000,4312846750.0,4250882000,11542336185,25.0,15.651,193442000.0,2.895,1.0,702249000.0,0.198,2577055000,78447000.0,5554724000,5884885000.0,464525000,0,0,0,3185868000,575392000,2610476000,10273613185,362832000.0,422242000.0,-222263000.0,78317000.0,-108260000.0,-252852000.0,116075000.0,0.0,499609000.0,0.0,269563000.0,269563000.0,269563000.0,0.0,142000.0,0.076,241623000.0,460626000.0,226837000,0.393,2.417,38.112,38.165,3073534000,0.0,155.33,2.893,2.923,577424000,1079764000,3551388000.0,3551388000.0,0.0,0.036,0.063,0.08,0.132,13180000.0,211126000.0,1.0,66140560,66830000,67108000.0,53.141,4861393000,125633000,120876000.0,665712000,72.743,1066579000
24,MLM,ART,2015-06-30,2015-08-07,2015-06-30,2021-07-29,-112814000,7499654000,7430137500.0,1765249000,5734405000,0.467,63.954,-275436000.0,44169000,44169000,2837525000.0,205961000.0,4.852,0.74,1658001000,15966000,1642035000,1658001000,0,271557000.0,0,0.01,1.6,402570000.0,674127000.0,0.194,674127000.0,402570000.0,323244000.0,3.12,3.12,3.12,4308773000,4343431250.0,4308773000,12841902313,32.0,19.05,162928000.0,2.418,1.0,635337000.0,0.183,2580826000,79326000.0,6168826000,5947203000.0,479856000,0,0,0,3189221000,363834000,2825387000,11228070313,9840000.0,173359000.0,-42068000.0,-176009000.0,-108335000.0,-326447000.0,-102077000.0,0.0,438364000.0,0.0,205762000.0,205762000.0,205762000.0,0.0,199000.0,0.059,238253000.0,397084000.0,201235000,0.513,2.606,54.568,53.712,3049523000,0.0,167.58,3.233,3.251,497468000,1146821000,3472862000.0,3472862000.0,0.0,0.028,0.047,0.068,0.116,11506000.0,204666000.0,1.0,67001255,67373000,67633000.0,51.547,4918828000,234594000,117482000.0,756526000,73.009,1401415000
25,MLM,ART,2015-03-31,2015-05-05,2015-03-31,2021-07-29,-106723000,7417646000,6394234750.0,1281729000,6135917000,0.504,64.39,-251355000.0,56366000,56366000,2649882000.0,183606000.0,3.731,0.709,1581023000,14406000,1566617000,1581023000,0,247548000.0,0,0.011,1.6,358990000.0,606538000.0,0.188,606538000.0,358990000.0,285804000.0,3.17,3.17,3.17,4340566000,3657412750.0,4340566000,11436300209,32.0,18.855,158816000.0,2.356,1.0,570786000.0,0.177,2663425000,73186000.0,5935323000,5279564750.0,505047000,0,0,0,3075463000,343555000,2731908000,9911643209,20565000.0,174201000.0,43168000.0,-236267000.0,-101054000.0,-312452000.0,-77154000.0,0.0,410171000.0,0.0,183345000.0,183345000.0,183345000.0,0.0,261000.0,0.057,214445000.0,356341000.0,184066000,0.505,2.283,54.06,46.334,3365106000,0.0,146.88,3.078,3.074,381389000,1190807000,3220668000.0,3220668000.0,0.0,0.029,0.05,0.068,0.111,8510000.0,187787000.0,1.0,67481231,67411000,67676000.0,47.777,4754221000,235367000,102459000.0,753727000,70.526,938174000
26,MLM,ART,2014-12-31,2015-02-24,2014-12-31,2021-07-29,-106159000,7464392000,5353637500.0,1288816000,6175576000,0.553,76.532,-232183000.0,108651000,108651000,2435591000.0,154294000.0,3.249,0.715,1585578000,14519000,1571059000,1585578000,0,222746000.0,0,0.011,1.6,316505000.0,539251000.0,0.182,539251000.0,316505000.0,250448000.0,2.73,2.73,2.73,4351166000,2949467500.0,4351166000,11106287538,35.0,20.596,149475000.0,2.629,1.0,522360000.0,0.177,2664004000,66057000.0,5880667000,4653053500.0,484919000,0,0,0,3111644000,396648000,2714996000,9629360538,66214000.0,182858000.0,39714000.0,-196757000.0,-91304000.0,-266119000.0,-49325000.0,0.0,381658000.0,0.0,155601000.0,155601000.0,155601000.0,0.0,-1307000.0,0.053,207487000.0,314873000.0,202476000,0.586,2.213,61.885,52.487,3402770000,0.0,143.29,3.255,2.754,421001000,1213035000,2957951000.0,2957951000.0,0.0,0.029,0.053,0.068,0.107,6485000.0,169245000.0,1.0,67201902,56854000,57088000.0,52.027,4800388000,244638000,94847000.0,734583000,84.434,892168000
27,MLM,ART,2014-09-30,2014-11-03,2014-09-30,2021-07-29,-43281000,7338858000,4302496000.0,1212798000,6126060000,0.615,65.188,-191461000.0,73597000,73597000,2188511000.0,125461000.0,2.775,0.678,1618275000,14331000,1603944000,1618275000,0,197743000.0,0,0.014,1.6,259467000.0,457210000.0,0.173,457210000.0,259467000.0,201680000.0,2.39,2.39,2.39,4373220000,2246145250.0,4373220000,9448236762,36.0,20.665,153473000.0,2.288,1.0,458062000.0,0.173,2642542000,57787000.0,5803996000,4026663000.0,475293000,0,0,0,2963245000,436998000,2526247000,7903558762,16356000.0,179031000.0,38315000.0,-254005000.0,-82834000.0,-316148000.0,-12430000.0,0.0,344934000.0,0.0,127679000.0,127679000.0,127679000.0,0.0,-2218000.0,0.048,198932000.0,259130000.0,230206000,0.669,1.807,61.902,49.159,3377951000,0.0,117.49,2.986,2.978,523928000,1176121000,2646573000.0,2646573000.0,0.0,0.03,0.057,0.064,0.098,5249000.0,169549000.0,1.0,67270055,67086000,67495000.0,39.45,4696316000,90136000,74001000.0,633951000,70.004,775800000
28,MLM,ART,2014-06-30,2014-08-04,2014-06-30,2021-07-29,-42141000,3356043000,3302057750.0,876701000,2479342000,0.699,33.726,-189968000.0,34329000,34329000,1902593000.0,143665000.0,3.582,1.143,1084801000,12404000,1072397000,1084801000,0,173916000.0,0,0.013,1.6,250099000.0,424015000.0,0.184,424015000.0,250099000.0,198599000.0,3.14,3.14,3.14,1564699000,1517877500.0,1564699000,9532420267,38.0,22.481,140874000.0,3.036,1.0,405577000.0,0.176,663517000,51500000.0,3498273000,3453554250.0,348168000,0,0,0,1789044000,244725000,1544319000,8481948267,-9383000.0,-55378000.0,10021000.0,-12074000.0,-74383000.0,-94879000.0,-245346000.0,0.0,330842000.0,0.0,145772000.0,145772000.0,145772000.0,0.0,-2107000.0,0.063,153560000.0,252017000.0,139442000,0.51,5.421,58.186,40.366,1775374000,0.0,126.75,3.675,2.548,343784000,1149388000,2308170000.0,2308170000.0,0.0,0.044,0.096,0.072,0.108,5360000.0,158351000.0,1.0,66918724,46395000,46529000.0,49.75,2692526000,72413000,52827000.0,275279000,58.035,631976000
29,MLM,ART,2014-03-31,2014-05-05,2014-03-31,2021-07-29,-42744000,3255257000,3270826750.0,758214000,2497043000,0.673,32.577,-170266000.0,35801000,35801000,1824876000.0,125608000.0,3.913,1.134,1067944000,12403000,1055541000,1067944000,0,173184000.0,0,0.013,1.6,223678000.0,396862000.0,0.18,396862000.0,223678000.0,171506000.0,2.75,2.75,2.75,1508785000,1477237250.0,1508785000,6863097143,31.0,17.293,126722000.0,2.736,1.0,376751000.0,0.171,664364000,52172000.0,3429278000,3434791500.0,354718000,0,0,0,1710964000,193758000,1517206000,5830954143,-1459000.0,-56916000.0,14685000.0,-13151000.0,-74298000.0,-71265000.0,-227182000.0,0.0,296988000.0,0.0,127559000.0,127559000.0,127559000.0,0.0,-1951000.0,0.058,151561000.0,225190000.0,98775000,0.582,3.865,45.712,45.738,1793536000,0.0,125.78,2.648,2.646,242587000,1108516000,2201627000.0,2201627000.0,0.0,0.039,0.086,0.065,0.102,4797000.0,156565000.0,1.0,46358357,46315000,46315000.0,47.536,2590893000,73320000,43947000.0,272346000,55.941,564456000
30,MLM,ART,2013-12-31,2014-02-24,2013-12-31,2021-07-29,-44114000,3259826000,3245706250.0,755366000,2504460000,0.664,33.313,-155233000.0,42437000,42437000,1791594000.0,119432000.0,3.588,1.096,1033477000,14959000,1018518000,1033477000,0,173761000.0,0,0.014,1.6,218849000.0,392610000.0,0.182,392610000.0,218849000.0,165382000.0,2.62,2.62,2.62,1537877000,1442988750.0,1537877000,6378234832,29.0,16.246,153718000.0,3.33,1.0,363957000.0,0.169,665212000,53467000.0,3375105000,3417835500.0,347307000,0,0,0,1684907000,210549000,1474358000,5387194832,17043000.0,-59316000.0,11691000.0,-16345000.0,-74197000.0,-77359000.0,-214549000.0,0.0,308951000.0,0.0,121337000.0,121337000.0,121337000.0,0.0,-1905000.0,0.056,145969000.0,217988000.0,103600000,0.611,3.503,44.399,44.546,1799241000,0.0,116.71,2.499,2.5,245421000,1148738000,2155551000.0,2155551000.0,0.0,0.037,0.084,0.064,0.102,4640000.0,150762000.0,1.0,46158811,46164000,46285000.0,46.693,2594614000,74821000,44045000.0,279999000,56.204,544817000
31,MLM,ART,2013-09-30,2013-11-07,2013-09-30,2021-07-29,-102710000,3337105000,3220981250.0,845669000,2491436000,0.657,31.575,-147424000.0,57241000,57241000,1778188000.0,106000000.0,3.735,1.259,1123798000,16606000,1107192000,1123798000,0,174323000.0,0,0.016,1.6,195142000.0,369465000.0,0.175,369465000.0,195142000.0,141137000.0,2.29,2.29,2.29,1460149000,1411155750.0,1460149000,5734886545,29.0,15.522,118866000.0,2.57,1.0,338885000.0,0.16,665669000,54005000.0,3511561000,3409914000.0,350438000,0,0,0,1838222000,226432000,1611790000,4668329545,21820000.0,-64552000.0,15022000.0,23808000.0,-74091000.0,-32494000.0,-211976000.0,0.0,266290000.0,0.0,106839000.0,106839000.0,106839000.0,0.0,-839000.0,0.05,144266000.0,194619000.0,111266000,0.699,3.197,43.695,44.079,1782618000,0.0,100.94,2.205,2.205,331030000,1131276000,2117073000.0,2117073000.0,0.0,0.033,0.076,0.057,0.092,4475000.0,151303000.0,1.0,46248559,46244000,46349000.0,45.78,2671436000,77005000,34298000.0,245578000,57.768,619237000
32,MLM,ART,2013-06-30,2013-08-05,2013-06-30,2021-07-29,-106257000,3231119000,3197506000.0,806485000,2424634000,0.64,30.396,-134774000.0,43712000,43712000,1726293000.0,97631000.0,4.189,1.277,1093319000,6169000,1087150000,1093319000,0,174468000.0,0,0.016,1.6,176483000.0,350951000.0,0.172,350951000.0,176483000.0,122772000.0,2.1,2.1,2.1,1402138000,1403719750.0,1402138000,5715744130,32.0,16.286,108718000.0,2.357,1.0,319361000.0,0.156,664971000,53711000.0,3423222000,3387585750.0,348873000,0,0,0,1790452000,192533000,1597919000,4666137130,2319000.0,2581000.0,17335000.0,-55371000.0,-73974000.0,-108980000.0,-132193000.0,0.0,243492000.0,0.0,97925000.0,97925000.0,97925000.0,0.0,-294000.0,0.048,142490000.0,176871000.0,99960000,0.762,3.328,47.65,48.052,1717386000,0.0,100.91,2.281,2.275,287521000,1077998000,2045654000.0,2045654000.0,0.0,0.031,0.07,0.052,0.086,4155000.0,146169000.0,1.0,46240582,46129000,46260000.0,44.346,2566148000,79104000,24847000.0,235505000,55.63,613952000
33,MLM,ART,2013-03-31,2013-05-06,2013-03-31,2021-07-29,-104948000,3154775000,3196359500.0,715733000,2439042000,0.635,29.803,-135385000.0,37260000,37260000,1714016000.0,93872000.0,4.243,1.272,1078527000,5677000,1072850000,1078527000,0,175856000.0,0,0.015,1.6,165094000.0,340950000.0,0.168,340950000.0,165094000.0,111746000.0,2.01,2.01,2.01,1371791000,1397670000.0,1371791000,5965227774,36.0,17.496,110198000.0,2.394,1.0,314673000.0,0.155,665898000,53348000.0,3361454000,3397426750.0,347641000,0,0,0,1744718000,168690000,1576028000,4923960774,-7690000.0,4634000.0,9835000.0,-58825000.0,-73850000.0,-122522000.0,-130751000.0,0.0,245583000.0,0.0,93368000.0,93368000.0,93368000.0,0.0,504000.0,0.046,147953000.0,166720000.0,77080000,0.796,3.589,52.737,53.184,1732087000,0.0,106.9,2.427,2.425,202150000,1055256000,2028689000.0,2028689000.0,0.0,0.029,0.067,0.049,0.081,6030000.0,152566000.0,1.0,46061373,46028000,46028000.0,44.075,2488877000,79485000,18378000.0,230109000,54.073,547043000
34,MLM,ART,2012-12-31,2013-02-22,2012-12-31,2021-07-29,-106169000,3160926000,3203195000.0,700401000,2460525000,0.636,30.779,-151023000.0,25394000,25394000,1711751000.0,85527000.0,4.041,1.213,1047859000,5676000,1042183000,1047859000,0,177211000.0,0,0.016,1.6,154763000.0,331974000.0,0.163,331974000.0,154763000.0,101424000.0,1.83,1.83,1.83,1410545000,1394641500.0,1410545000,5523085212,36.0,16.637,71666000.0,1.564,1.0,325916000.0,0.16,666637000,53339000.0,3343419000,3411713250.0,332311000,0,0,0,1710627000,173335000,1537292000,4500620212,-628000.0,7813000.0,6959000.0,-13276000.0,-73767000.0,-80107000.0,-143210000.0,0.0,222689000.0,0.0,84474000.0,84474000.0,84474000.0,0.0,1053000.0,0.041,170963000.0,154953000.0,83537000,0.874,3.191,53.278,53.601,1753241000,0.0,98.09,2.209,2.206,224050000,1101598000,2037667000.0,2037667000.0,0.0,0.026,0.061,0.045,0.076,7004000.0,173538000.0,1.0,45882559,45828000,45970000.0,44.463,2494289000,77716000,16950000.0,225592000,54.427,527066000
35,MLM,ART,2012-09-30,2012-11-06,2012-09-30,2021-07-29,-77480000,3243204000,3199919000.0,785107000,2458097000,0.582,31.191,-167786000.0,35421000,35421000,1540747000.0,78887000.0,3.616,1.24,1098890000,6773000,1092117000,1098890000,0,176719000.0,0,0.018,1.6,144100000.0,320819000.0,0.172,320819000.0,144100000.0,90831000.0,1.67,1.67,1.67,1430405000,1394335500.0,1430405000,5056666264,35.0,15.762,33482000.0,0.73,1.0,322458000.0,0.173,667316000,53269000.0,3422248000,3410200500.0,335092000,0,0,0,1773183000,217109000,1556074000,3993197264,-21419000.0,-32070000.0,3516000.0,48171000.0,-73718000.0,-22831000.0,-199856000.0,0.0,201268000.0,0.0,77779000.0,77779000.0,77779000.0,0.0,1108000.0,0.042,182285000.0,140173000.0,99628000,0.958,2.792,51.34,52.084,1750941000,0.0,86.98,2.143,2.141,304555000,1098529000,1863205000.0,1863205000.0,-2000.0,0.024,0.056,0.042,0.077,8152000.0,183867000.0,1.0,45909373,45860000,45992000.0,40.628,2575888000,79758000,13052000.0,257050000,56.169,567998000
36,MLM,ART,2012-06-30,2012-08-06,2012-06-30,2021-07-29,-80640000,3226533000,3178757500.0,760331000,2466202000,0.568,30.098,-162886000.0,41393000,41393000,1493721000.0,65550000.0,3.819,1.313,1147599000,10523000,1137076000,1147599000,0,175689000.0,0,0.021,1.6,130414000.0,306103000.0,0.17,306103000.0,130414000.0,76975000.0,1.38,1.38,1.38,1377939000,1398289250.0,1377939000,4553722627,35.0,14.876,67201000.0,1.468,1.0,310339000.0,0.172,671087000,53439000.0,3462586000,3377690250.0,331984000,0,0,0,1809729000,199066000,1610663000,3447516627,15294000.0,-35004000.0,1149000.0,56444000.0,-73696000.0,-16903000.0,-197890000.0,0.0,230087000.0,0.0,64013000.0,64013000.0,64013000.0,0.0,1537000.0,0.035,182262000.0,128077000.0,113308000,1.159,2.502,53.857,54.493,1753778000,0.0,75.2,1.911,1.908,285642000,1054048000,1804060000.0,1804060000.0,-2000.0,0.02,0.046,0.039,0.072,9748000.0,185259000.0,1.0,45844636,45781000,45905000.0,39.406,2555446000,75000000,12962000.0,229972000,55.819,561265000
37,MLM,ART,2012-03-31,2012-05-09,2012-03-31,2021-07-29,-81991000,3182117000,3159354000.0,701944000,2480173000,0.554,29.73,-162207000.0,44950000,44950000,1446593000.0,63596000.0,3.787,1.312,1136757000,9579000,1127178000,1136757000,0,174511000.0,0,0.021,1.6,134458000.0,308969000.0,0.176,308969000.0,134458000.0,80550000.0,1.36,1.36,1.36,1359677000,1406915500.0,1359677000,4642768778,35.0,15.027,71242000.0,1.558,1.0,304702000.0,0.174,669953000,53908000.0,3418600000,3334157750.0,333487000,0,0,0,1783835000,185371000,1598464000,3550961778,-131879000.0,-83564000.0,1788000.0,-37303000.0,-73668000.0,-119557000.0,-245771000.0,0.0,233449000.0,0.0,63061000.0,63061000.0,63061000.0,0.0,535000.0,0.036,172893000.0,131809000.0,100082000,1.176,2.612,56.31,57.074,1768928000,0.0,77.62,2.028,2.027,212052000,1035739000,1751295000.0,1751295000.0,-2000.0,0.02,0.045,0.04,0.077,10603000.0,172408000.0,1.0,45748026,45734000,45734000.0,38.293,2512164000,79002000,17489000.0,225554000,54.93,516573000
38,MLM,ART,2011-12-31,2012-02-29,2011-12-31,2021-07-29,-83890000,3147822000,3165976250.0,657850000,2489972000,0.541,30.871,-155363000.0,26022000,26022000,1411808000.0,83573000.0,3.787,1.206,1060084000,7182000,1052902000,1060084000,0,173407000.0,0,0.019,1.6,161951000.0,335358000.0,0.196,335358000.0,161951000.0,103365000.0,1.79,1.79,1.79,1409321000,1415298500.0,1409321000,4951862288,31.0,14.766,103731000.0,2.272,1.0,302015000.0,0.176,670804000,58586000.0,3337368000,3328993000.0,322607000,0,0,0,1698958000,173712000,1525246000,3917800288,-44301000.0,-83561000.0,1473000.0,19098000.0,-73648000.0,-64471000.0,-238924000.0,0.0,259094000.0,0.0,82379000.0,82379000.0,82379000.0,0.0,1194000.0,0.048,140993000.0,161022000.0,92210000,0.894,2.78,47.558,47.972,1774291000,0.0,85.87,2.286,2.287,203748000,1090891000,1713823000.0,1713823000.0,0.0,0.026,0.058,0.049,0.094,11522000.0,142713000.0,1.0,45624785,45652000,45793000.0,37.541,2477018000,80674000,20986000.0,222064000,54.259,484138000
39,MLM,ART,2011-09-30,2011-11-07,2011-09-30,2021-07-29,-49560000,3158558000,3147706500.0,767416000,2391142000,0.576,31.653,-119410000.0,56840000,56840000,1512331000.0,83698000.0,3.881,1.157,1045485000,7150000,1038335000,1045485000,0,175264000.0,0,0.022,1.6,167296000.0,342560000.0,0.189,342560000.0,167296000.0,105096000.0,1.78,1.78,1.78,1446220000,1419328250.0,1446220000,4355580803,26.0,12.715,127657000.0,2.794,1.0,299870000.0,0.165,657250000,62200000.0,3292207000,3246584500.0,337730000,0,0,0,1673007000,197746000,1475261000,3366935803,-3659000.0,-58435000.0,1740000.0,10750000.0,-73625000.0,-72881000.0,-177845000.0,0.0,247067000.0,0.0,82344000.0,82344000.0,82344000.0,0.0,1354000.0,0.045,129287000.0,170583000.0,86322000,0.899,2.328,40.889,41.393,1686641000,0.0,73.68,1.858,1.858,259773000,1094469000,1812201000.0,1812201000.0,5000.0,0.026,0.058,0.052,0.092,12660000.0,129251000.0,1.0,45696740,45690000,45799000.0,39.663,2501308000,92959000,22752000.0,265828000,54.745,569670000
40,MLM,ART,2011-06-30,2011-08-08,2011-06-30,2021-07-29,-49319000,3148919000,3137012750.0,745568000,2403351000,0.57,30.956,-126090000.0,26099000,26099000,1484548000.0,86622000.0,2.836,1.202,1085915000,106959000,978956000,1085915000,0,177490000.0,0,0.024,1.6,174456000.0,351946000.0,0.197,351946000.0,174456000.0,108546000.0,1.84,1.84,1.84,1412444000,1411475250.0,1412444000,4116486740,24.0,11.696,114119000.0,2.501,1.0,302200000.0,0.169,657381000,65910000.0,3288456000,3177980500.0,336365000,0,0,0,1698320000,262898000,1435422000,3056670740,-5996000.0,-58723000.0,1584000.0,22222000.0,-73604000.0,-61392000.0,-184813000.0,0.0,240209000.0,0.0,85178000.0,85178000.0,85178000.0,0.0,1444000.0,0.048,126777000.0,175423000.0,85415000,0.87,2.164,35.886,36.364,1697778000,0.0,66.91,1.711,1.709,269390000,1063732000,1786748000.0,1786748000.0,119000.0,0.027,0.06,0.055,0.098,12783000.0,126999000.0,1.0,45683317,45628000,45794000.0,39.159,2491538000,91041000,23368000.0,252112000,54.605,482670000
41,MLM,ART,2011-03-31,2011-05-03,2011-03-31,2021-07-29,-54564000,3208606000,3123881000.0,840361000,2368245000,0.576,30.564,-141569000.0,176829000,176829000,1474979000.0,105716000.0,5.293,1.273,1168619000,7101000,1161518000,1168619000,0,179863000.0,0,0.018,1.6,200601000.0,380464000.0,0.212,380464000.0,200601000.0,131596000.0,2.24,2.24,2.24,1393209000,1402275250.0,1393209000,5054203067,25.0,13.284,122444000.0,2.686,1.0,323447000.0,0.18,643693000,69005000.0,3397941000,3122529250.0,331679000,0,0,0,1773860000,158762000,1615098000,4062413067,-44214000.0,-9695000.0,3164000.0,-86953000.0,-73588000.0,-156963000.0,-151264000.0,0.0,264013000.0,0.0,103778000.0,103778000.0,103778000.0,0.0,1938000.0,0.058,120371000.0,203076000.0,74914000,0.714,2.916,39.145,39.781,1676321000,0.0,89.11,2.259,2.259,203242000,1046346000,1798426000.0,1798426000.0,141000.0,0.033,0.074,0.064,0.112,12144000.0,128894000.0,1.0,45588745,45584000,45584000.0,39.453,2564913000,88805000,27818000.0,240586000,56.268,681599000
42,MLM,ART,2010-12-31,2011-02-25,2010-12-31,2021-07-29,-53660000,3074743000,3132955000.0,696211000,2378532000,0.569,31.339,-135916000.0,70323000,70323000,1460906000.0,98664000.0,1.806,1.127,1032882000,250837000,782045000,1032882000,0,181537000.0,0,0.018,1.6,194685000.0,376222000.0,0.211,376222000.0,194685000.0,126229000.0,2.11,2.11,2.11,1425440000,1387046000.0,1425440000,4969900056,26.0,13.21,133892000.0,2.944,1.0,321951000.0,0.181,644075000,68456000.0,3007734000,3082254500.0,331894000,0,0,0,1606484000,385493000,1220991000,4007341056,-193268000.0,-38266000.0,3047000.0,-219682000.0,-73550000.0,-288894000.0,-174182000.0,0.0,269808000.0,0.0,97012000.0,97012000.0,97012000.0,0.0,1652000.0,0.054,125597000.0,196354000.0,60333000,0.758,2.811,41.308,41.744,1687830000,0.0,88.08,2.248,2.247,183361000,1082160000,1782857000.0,1782857000.0,153000.0,0.031,0.07,0.063,0.109,13384000.0,133230000.0,1.0,45496606,45485000,45659000.0,39.197,2430668000,83380000,29217000.0,228698000,53.439,310718000
43,MLM,ART,2010-09-30,2010-11-02,2010-09-30,2021-07-29,-67249000,3115783000,3174090000.0,732116000,2383667000,0.545,31.077,-148761000.0,60499000,60499000,1417840000.0,80541000.0,1.715,1.172,1031129000,245423000,785706000,1031129000,0,182061000.0,0,0.019,1.6,173946000.0,356007000.0,0.206,356007000.0,173946000.0,104304000.0,1.69,1.69,1.69,1414808000,1371996000.0,1414808000,4735387123,27.0,13.301,137620000.0,3.023,1.0,310903000.0,0.18,641787000,69642000.0,3017791000,3134519500.0,323820000,0,0,0,1658555000,426835000,1231720000,3764757123,-133336000.0,-23185000.0,63717000.0,-238339000.0,-73390000.0,-247771000.0,-171946000.0,0.0,286381000.0,0.0,79056000.0,79056000.0,79056000.0,0.0,1485000.0,0.046,134745000.0,176158000.0,76993000,0.947,2.661,47.621,48.929,1693206000,0.0,82.69,2.178,2.178,249613000,1085750000,1728743000.0,1728743000.0,172000.0,0.025,0.058,0.055,0.101,14910000.0,130910000.0,1.0,45528566,45526000,45678000.0,37.973,2473996000,71593000,25248000.0,216844000,54.342,305281000
44,MLM,ART,2010-06-30,2010-08-03,2010-06-30,2021-07-29,-69488000,3096392000,3203314500.0,708466000,2387926000,0.533,30.259,-133034000.0,32095000,32095000,1392893000.0,84153000.0,1.709,1.221,1059488000,247550000,811938000,1059488000,0,182516000.0,0,0.019,1.6,179866000.0,362382000.0,0.212,362382000.0,179866000.0,109147000.0,1.79,1.79,1.79,1375644000,1346054000.0,1375644000,4778979031,27.0,13.188,154951000.0,3.408,1.0,314858000.0,0.184,642508000,70719000.0,3066651000,3198074250.0,319842000,0,0,0,1679595000,414626000,1264969000,3751586031,-101285000.0,-22295000.0,63720000.0,-225196000.0,-73003000.0,-233941000.0,-155329000.0,0.0,287985000.0,0.0,82580000.0,82580000.0,82580000.0,0.0,1573000.0,0.048,133324000.0,181534000.0,80238000,0.894,2.727,45.43,46.039,1694417000,0.0,82.41,2.197,2.194,257761000,1052159000,1707751000.0,1707751000.0,109000.0,0.026,0.061,0.056,0.105,15187000.0,132607000.0,1.0,45523432,45463000,45657000.0,37.564,2453884000,72750000,26567000.0,198758000,53.975,293840000
45,MLM,ART,2010-03-31,2010-05-04,2010-03-31,2021-07-29,-70528000,3244902000,3231014750.0,854711000,2390191000,0.517,29.346,-123935000.0,221043000,221043000,1360172000.0,69790000.0,2.162,1.405,1251416000,221810000,1029606000,1251416000,0,181740000.0,0,0.017,1.6,164180000.0,345920000.0,0.207,345920000.0,164180000.0,91630000.0,1.47,1.47,1.47,1332292000,1317659250.0,1332292000,5228943079,32.0,15.116,156800000.0,3.454,1.0,308938000.0,0.185,643087000,72550000.0,3236842000,3262913500.0,322027000,0,0,0,1872007000,395346000,1476661000,4198570079,-960000.0,-75797000.0,99084000.0,-90311000.0,-72719000.0,-81963000.0,-199732000.0,0.0,280735000.0,0.0,67043000.0,67043000.0,67043000.0,0.0,2747000.0,0.04,145046000.0,163892000.0,67281000,1.088,3.151,62.625,62.864,1695045000,0.0,92.41,2.515,2.514,202101000,1016156000,1669110000.0,1669110000.0,250000.0,0.021,0.051,0.05,0.098,18755000.0,135814000.0,1.0,45434153,45400000,45400000.0,36.765,2601815000,72921000,24587000.0,192299000,57.309,459365000
46,MLM,ART,2009-12-31,2010-02-26,2009-12-31,2021-07-29,-75084000,3239283000,3233064000.0,856860000,2382423000,0.527,31.028,-139230000.0,263591000,263591000,1364870000.0,88164000.0,2.294,1.343,1251348000,227856000,1023492000,1251348000,0,179391000.0,0,0.02,1.6,186294000.0,365685000.0,0.215,365685000.0,186294000.0,112834000.0,1.92,1.92,1.92,1365240000,1294646500.0,1365240000,4578471550,25.0,12.52,179138000.0,4.071,1.0,337733000.0,0.198,636693000,73460000.0,3216794000,3299867000.0,332569000,0,0,0,1832872000,373553000,1459319000,3590714550,225797000.0,-45801000.0,294177000.0,-111472000.0,-71178000.0,92460000.0,-185031000.0,0.0,318368000.0,0.0,85459000.0,85459000.0,85459000.0,0.0,2705000.0,0.05,150156000.0,187577000.0,52107000,0.833,2.63,42.017,41.26,1692905000,0.0,79.22,2.109,2.047,162815000,1058698000,1702603000.0,1702603000.0,373000.0,0.026,0.066,0.056,0.109,19997000.0,139400000.0,1.0,45325859,44000000,44190000.0,38.696,2602590000,60303000,27375000.0,195946000,59.15,483307000
47,MLM,ART,2009-09-30,2009-11-03,2009-09-30,2021-07-29,-89267000,3232681000,3148156500.0,844966000,2387715000,,29.381,,193835000,193835000,,,2.14,1.435,1265060000,226187000,1038873000,1265060000,0,,0,0.02,1.6,,,,,,,,,,1311040000,1193127500.0,1311040000,4634098856,,,,,1.0,,,637111000,,3272010000,3315559500.0,329781000,12252000,0,12252000,1880705000,394785000,1485920000,3562873856,,,,,,,,,,,,,,,,,,,61741000,,2.718,,,1698139000,,79.82,,,242726000,1080084000,,,,,,,,,,1.0,44636355,44622000,,,2595570000,58272000,,177724000,58.168,450181000
48,MLM,ART,2009-06-30,2009-08-04,2009-06-30,2021-07-29,-96495000,3207193000,3139387500.0,802123000,2405070000,,28.327,,133380000,133380000,,,2.062,1.51,1283650000,234921000,1048729000,1283650000,0,,0,0.018,1.6,,,,,,,,,,1262065000,1139421000.0,1262065000,5128406661,,,,,1.0,,,642391000,,3326008000,3353796000.0,333887000,12107000,1294000,10813000,1905650000,389064000,1516586000,3978136661,,,,,,,,,,,,,,,,,,,75203000,,3.152,,,1712724000,,89.32,,,250340000,1042581000,,,,,,,,,,1.0,44538028,44554000,,,2564802000,56105000,,175446000,57.566,413059000
49,MLM,ART,2009-03-31,2009-05-05,2009-03-31,2021-07-29,-99753000,3253099000,3006603500.0,891939000,2361160000,,29.626,,222003000,222003000,,,2.566,1.588,1338467000,186360000,1152107000,1338467000,0,,0,0.016,1.545,,,,,,,,,,1240241000,1097714000.0,1240241000,5300765804,,,,,1.0,,,637255000,,3384656000,3098563000.0,324949000,8134000,1313000,6821000,1968912000,347652000,1621260000,4184301804,,,,,,,,,,,,,,,,,,,77029000,,3.374,,,1683683000,,93.99,,,244397000,1021832000,,,,,,,,,,1.0,44518585,41863000,,,2615844000,56177000,,175806000,62.486,544287000
50,MLM,ART,2008-09-30,2008-10-29,2008-09-30,2021-07-29,-36952000,3063632000,2894781750.0,673661000,2389971000,0.754,25.981,-291761000.0,13896000,13896000,1684581000.0,207535000.0,1.587,1.849,1361902000,209187000,1152715000,1361902000,0,164910000.0,0,0.019,1.435,366982000.0,531892000.0,0.244,531892000.0,366982000.0,296594000.0,5.0,5.0,5.0,1075215000,998292500.0,1075215000,4475206351,12.0,8.414,102033000.0,2.465,1.0,497672000.0,0.228,627973000,70388000.0,3359109000,3064223500.0,305550000,7594000,0,7594000,1988417000,424556000,1563861000,3127200351,-12521000.0,-195020000.0,-77078000.0,222127000.0,-60345000.0,80466000.0,-486781000.0,0.0,393794000.0,0.0,207535000.0,207535000.0,207535000.0,-4269000.0,0.0,0.095,133353000.0,364319000.0,97247000,0.287,2.908,15.068,15.098,1718446000,0.0,75.49,1.433,1.432,301770000,1036944000,2182253000.0,2182253000.0,767000.0,0.072,0.208,0.12,0.168,14058000.0,153634000.0,1.0,41425359,41385000,41915000.0,52.731,2435659000,29347000,89059000.0,200655000,58.854,249105000
51,MLM,ART,2008-06-30,2008-08-07,2008-06-30,2021-07-29,-38932000,3071582000,2809361250.0,690847000,2380735000,0.784,24.6,-309347000.0,13156000,13156000,1689838000.0,231475000.0,1.403,2.021,1444897000,291865000,1153032000,1444897000,0,158628000.0,0,0.013,1.38,393661000.0,552289000.0,0.251,552289000.0,393661000.0,325531000.0,5.56,5.56,5.56,1016777000,976309500.0,1016777000,5697937872,14.0,10.317,71269000.0,1.724,1.0,513422000.0,0.233,629221000,68130000.0,3381584000,2955266000.0,297371000,7609000,0,7609000,2054805000,492518000,1562287000,4266196872,-17734000.0,-199094000.0,-79074000.0,251742000.0,-58189000.0,110091000.0,-508441000.0,0.0,380616000.0,0.0,231475000.0,231475000.0,231475000.0,-4850000.0,0.0,0.105,127112000.0,386310000.0,101037000,0.248,4.196,18.43,18.545,1704677000,0.0,103.11,1.936,1.934,323032000,987403000,2203260000.0,2203260000.0,792000.0,0.082,0.237,0.133,0.179,13075000.0,152339000.0,1.0,41375200,41333000,41887000.0,53.305,2442361000,33342000,94056000.0,174481000,59.09,198329000
52,MLM,ART,2008-03-31,2008-05-06,2008-03-31,2021-07-29,-40852000,2760108000,2708397500.0,620880000,2139228000,0.812,23.116,-300472000.0,13577000,13577000,1647657000.0,250623000.0,1.14,1.89,1200995000,345340000,855655000,1200995000,0,153277000.0,0,0.012,1.31,422340000.0,575617000.0,0.262,575617000.0,422340000.0,356809000.0,5.97,5.97,5.97,955187000,948199500.0,955187000,5816430752,14.0,10.105,121284000.0,2.935,1.0,552006000.0,0.251,590548000,65531000.0,2812470000,2830159500.0,296466000,7438000,0,7438000,1804921000,544508000,1260413000,4629012752,-4531000.0,120000.0,-303061000.0,220954000.0,-55568000.0,-125935000.0,-300352000.0,0.0,421756000.0,0.0,250623000.0,250623000.0,250623000.0,305000.0,0.0,0.114,133999000.0,418007000.0,92623000,0.219,4.846,18.47,18.76,1505184000,0.0,112.0,2.104,2.104,241029000,938085000,2199663000.0,2199663000.0,844000.0,0.093,0.264,0.149,0.192,8214000.0,154609000.0,1.0,41330471,41322000,41924000.0,53.232,2169560000,43411000,106186000.0,165804000,52.504,76372000
53,MLM,ART,2007-12-31,2008-02-25,2007-12-31,2021-07-29,-37032000,2683805000,2658502250.0,626010000,2057795000,0.83,22.179,-264923000.0,20038000,20038000,1636178000.0,262749000.0,1.236,1.837,1130673000,282487000,848186000,1130673000,0,150338000.0,0,0.011,1.24,439715000.0,590053000.0,0.267,590053000.0,439715000.0,378822000.0,6.16,6.16,6.16,945991000,959682000.0,945991000,5703035401,13.0,9.665,130645000.0,3.063,1.0,570963000.0,0.259,584093000,60893000.0,2703731000,2700763500.0,286885000,10535000,2078000,8457000,1737814000,506616000,1231198000,4592400401,-12244000.0,8896000.0,-536541000.0,415088000.0,-53610000.0,-151785000.0,-256027000.0,0.0,395568000.0,0.0,262749000.0,262749000.0,262749000.0,-242000.0,0.0,0.119,137933000.0,433030000.0,86868000,0.201,4.855,17.478,18.071,1433553000,0.0,111.32,2.081,2.151,245838000,931656000,2207141000.0,2207141000.0,869000.0,0.099,0.274,0.163,0.199,-3591000.0,155186000.0,1.0,41254046,42653000,43347000.0,51.746,2099712000,44285000,116073000.0,160902000,49.228,119394000
54,MLM,ART,2007-09-30,2007-10-30,2007-09-30,2021-07-29,-30071000,2721950000,2614156250.0,690860000,2031090000,0.844,23.61,-250328000.0,26417000,26417000,1630873000.0,268674000.0,2.182,1.757,1128894000,78189000,1050705000,1128894000,0,149822000.0,0,0.009,1.17,440596000.0,590418000.0,0.267,590418000.0,440596000.0,384849000.0,6.23,6.23,6.23,987283000,1036677250.0,987283000,6537538241,15.0,11.073,150915000.0,3.609,1.0,576375000.0,0.261,584517000,55747000.0,2923279000,2597639500.0,285252000,8801000,0,8801000,1734667000,316631000,1418036000,5435061241,3588000.0,8460000.0,-530408000.0,399894000.0,-51550000.0,-155787000.0,-241868000.0,0.0,401243000.0,0.0,268674000.0,268674000.0,268674000.0,-1114000.0,0.0,0.122,142663000.0,433712000.0,92845000,0.188,5.505,20.229,20.841,1405716000,0.0,129.84,2.462,2.46,314177000,963622000,2207248000.0,2207248000.0,816000.0,0.103,0.259,0.17,0.2,-6155000.0,157123000.0,1.0,41859683,41817000,42479000.0,52.784,2137433000,42118000,116175000.0,196222000,51.114,374229000
55,MLM,ART,2007-06-30,2007-08-07,2007-06-30,2021-07-29,-29574000,2667727000,2566842750.0,691283000,1976444000,0.854,21.3,-223261000.0,30890000,30890000,1634116000.0,254568000.0,1.956,1.95,1182666000,131139000,1051527000,1182666000,0,148214000.0,0,0.009,1.1,416909000.0,565123000.0,0.258,565123000.0,416909000.0,368332000.0,5.75,5.75,5.75,904337000,1105374000.0,904337000,6480808840,16.0,11.468,141058000.0,3.322,1.0,557022000.0,0.254,584974000,48577000.0,2881158000,2440410250.0,297800000,8812000,0,8812000,1763390000,353371000,1410019000,5329032840,10504000.0,2913000.0,-555566000.0,445861000.0,-49513000.0,-133467000.0,-220348000.0,0.0,364319000.0,0.0,254568000.0,254568000.0,254568000.0,-1172000.0,0.0,0.116,145543000.0,411479000.0,92351000,0.191,5.893,20.934,22.174,1347440000,0.0,127.5,2.432,2.471,298462000,861299000,2191138000.0,2191138000.0,821000.0,0.099,0.23,0.171,0.19,-5365000.0,155938000.0,1.0,41796336,42458000,43141000.0,51.607,2082753000,38942000,113764000.0,196202000,49.054,337912000
56,MLM,ART,2007-03-31,2007-05-09,2007-03-31,2021-07-29,-35223000,2560527000,2525415000.0,621208000,1939319000,0.865,22.473,-223879000.0,18108000,18108000,1652413000.0,247406000.0,0.99,1.558,966641000,387958000,578683000,966641000,0,144731000.0,0,0.007,1.055,398551000.0,543282000.0,0.249,543282000.0,398551000.0,356968000.0,5.46,5.46,5.46,1001117000,1184111000.0,1001117000,7255723538,18.0,13.355,130864000.0,2.938,1.0,532265000.0,0.244,586500000,41583000.0,2294886000,2314756750.0,281467000,11787000,2294000,9493000,1559410000,627674000,931736000,6307190538,-13045000.0,3146000.0,-371656000.0,250821000.0,-48279000.0,-147055000.0,-220733000.0,0.0,354743000.0,0.0,247406000.0,247406000.0,247406000.0,-643000.0,0.0,0.113,137761000.0,394504000.0,90933000,0.193,6.3,25.493,27.103,1314583000,0.0,147.98,2.887,3.017,250511000,974106000,2184678000.0,2184678000.0,775000.0,0.098,0.209,0.172,0.182,-6967000.0,148777000.0,1.0,42621912,44548000,45313000.0,49.041,1974027000,38823000,109562000.0,179050000,44.312,-6466000
57,MLM,ART,2006-12-31,2007-02-28,2006-12-31,2021-07-29,-36051000,2506421000,2494023000.0,592354000,1914067000,0.885,27.588,-265976000.0,32282000,32282000,1683937000.0,245422000.0,1.88,0.999,713654000,134346000,579308000,713654000,0,141429000.0,0,0.008,1.055,392421000.0,533850000.0,0.242,533850000.0,392421000.0,352062000.0,5.4,5.4,5.4,1253972000,1230582500.0,1253972000,6327577377,16.0,11.853,72216000.0,1.589,1.0,522464000.0,0.237,581486000,40359000.0,2291235000,2320560750.0,256287000,12876000,2521000,10355000,1252449000,315072000,937377000,5646205377,-44463000.0,27553000.0,-141353000.0,1075000.0,-46421000.0,-169232000.0,-213423000.0,25000000.0,338192000.0,0.0,245422000.0,245422000.0,245422000.0,-1618000.0,0.0,0.111,134478000.0,387986000.0,85237000,0.195,4.503,23.006,23.207,1295491000,0.0,125.32,2.559,2.582,242399000,1142084000,2206401000.0,2206401000.0,736000.0,0.098,0.199,0.169,0.178,-4029000.0,146665000.0,1.0,45054304,45453000,46367000.0,48.542,1924935000,25317000,106640000.0,159094000,42.35,277282000
58,MLM,ART,2006-09-30,2006-10-31,2006-09-30,2021-07-29,-17187000,2532696000,2475746750.0,608289000,1924407000,0.879,27.876,-277878000.0,22829000,22829000,1678611000.0,230713000.0,1.691,1.007,727150000,147326000,579824000,727150000,0,137555000.0,0,0.011,0.965,372028000.0,509583000.0,0.234,509583000.0,372028000.0,331901000.0,5.05,5.05,5.05,1262070000,1210510750.0,1262070000,4677043336,13.0,9.178,41600000.0,0.919,1.0,497236000.0,0.229,582960000,40127000.0,2294362000,2319190500.0,244537000,13012000,2299000,10713000,1270626000,359695000,910931000,3972722336,-88754000.0,28315000.0,-158140000.0,7579000.0,-44451000.0,-183669000.0,-224563000.0,25000000.0,319478000.0,0.0,230713000.0,230713000.0,230713000.0,1244000.0,0.0,0.106,127836000.0,369400000.0,89650000,0.191,3.148,17.219,17.426,1279366000,0.0,88.0,1.826,1.831,293702000,1092196000,2175847000.0,2175847000.0,611000.0,0.093,0.191,0.16,0.171,5589000.0,142112000.0,1.0,45144572,45275000,46121000.0,48.058,1949736000,16022000,101188000.0,154793000,43.064,248594000
59,MLM,ART,2006-06-30,2006-08-01,2006-06-30,2021-07-29,-15325000,2502016000,2461343500.0,607767000,1894249000,0.869,26.702,-277816000.0,20386000,20386000,1654462000.0,230913000.0,2.425,1.052,734672000,29313000,705359000,734672000,0,137143000.0,0,0.012,0.92,365228000.0,502371000.0,0.235,502371000.0,365228000.0,324399000.0,5.02,5.02,5.02,1219285000,1195380500.0,1219285000,4232642140,12.0,8.425,45197000.0,0.99,1.0,484012000.0,0.226,587182000,40829000.0,2378544000,2311535250.0,243714000,13330000,2494000,10836000,1282731000,250576000,1032155000,3518356140,-61024000.0,35822000.0,-141048000.0,23004000.0,-42507000.0,-151643000.0,-232394000.0,0.0,323013000.0,0.0,230913000.0,230913000.0,230913000.0,1697000.0,0.0,0.108,121613000.0,362399000.0,99526000,0.183,2.886,15.237,15.46,1256000000,0.0,77.61,1.645,1.657,292559000,1028628000,2138474000.0,2138474000.0,625000.0,0.094,0.193,0.158,0.171,12027000.0,140384000.0,1.0,45333799,45663000,46623000.0,46.832,1914834000,16906000,93486000.0,167766000,41.934,357191000
60,MLM,ART,2006-03-31,2006-05-02,2006-03-31,2021-07-29,-15325000,2434959000,2437406250.0,584881000,1850078000,0.86,25.945,-266174000.0,31153000,31153000,1637559000.0,216595000.0,2.714,1.051,717789000,11927000,705862000,717789000,0,137642000.0,0,0.008,0.89,342449000.0,480091000.0,0.229,480091000.0,342449000.0,300666000.0,4.68,4.68,4.68,1187003000,1175179250.0,1187003000,5525592008,16.0,11.509,54096000.0,1.182,1.0,458645000.0,0.219,587959000,41783000.0,2318102000,2272735250.0,241445000,18959000,3641000,15318000,1247956000,215534000,1032422000,4838956008,-71944000.0,40560000.0,-134796000.0,3029000.0,-41163000.0,-166200000.0,-226014000.0,0.0,320270000.0,0.0,216595000.0,216595000.0,216595000.0,1638000.0,0.0,0.103,117661000.0,340984000.0,93347000,0.19,4.077,22.341,22.611,1205505000,0.0,105.82,2.308,2.31,241587000,963471000,2096204000.0,2096204000.0,678000.0,0.089,0.184,0.151,0.163,10360000.0,135104000.0,1.0,45728180,45750336,46784681.0,45.818,1847000000,16519000,84071000.0,157840000,40.371,369347000
61,MLM,ART,2005-12-31,2006-02-27,2005-12-31,2021-07-29,-15325000,2433316000,2417198500.0,602041000,1831275000,0.829,25.219,-221401000.0,76745000,76745000,1580418000.0,192666000.0,3.008,1.073,717312000,8153000,709159000,717312000,0,138251000.0,0,0.009,0.89,307797000.0,446048000.0,0.223,446048000.0,307797000.0,265200000.0,4.14,4.14,4.14,1173685000,1158071250.0,1173685000,5148151312,17.0,11.542,96383000.0,2.071,1.0,423825000.0,0.211,588007000,42597000.0,2285754000,2238493250.0,222728000,57964000,30081000,27883000,1259631000,200122000,1059509000,4507584312,-84875000.0,32932000.0,-145521000.0,-2849000.0,-39953000.0,-188790000.0,-213869000.0,-25000000.0,317784000.0,0.0,192666000.0,192666000.0,192666000.0,2847000.0,0.0,0.096,115118000.0,308707000.0,93445000,0.215,3.841,23.396,23.787,1166351000,0.0,98.48,2.249,2.287,225012000,948012000,2004243000.0,2004243000.0,662000.0,0.08,0.166,0.138,0.154,15337000.0,130704000.0,1.0,45771571,46540000,47279000.0,43.065,1845309000,14989000,72534000.0,151308000,39.65,401919000
62,MLM,ART,2005-09-30,2005-11-01,2005-09-30,2021-07-29,-8970000,2475083000,2397832500.0,666173000,1808910000,0.809,25.924,-210805000.0,111583000,111583000,1533599000.0,181899000.0,2.831,1.06,724384000,14604000,709780000,724384000,0,136353000.0,0,0.011,0.83,296454000.0,432807000.0,0.223,432807000.0,296454000.0,253123000.0,3.89,3.89,3.89,1201549000,1153006750.0,1201549000,4138744186,14.0,9.563,114851000.0,2.478,1.0,407188000.0,0.21,588825000,43331000.0,2263741000,2199164750.0,209451000,53352000,28787000,24565000,1273534000,235318000,1038216000,3525943186,-23894000.0,37234000.0,-118498000.0,7267000.0,-38881000.0,-150579000.0,-198971000.0,-25000000.0,325656000.0,0.0,181899000.0,181899000.0,181899000.0,2052000.0,0.0,0.094,111075000.0,296113000.0,94754000,0.213,2.934,19.384,19.55,1141765000,0.0,76.05,1.817,1.816,288422000,910863000,1940787000.0,1940787000.0,885000.0,0.076,0.158,0.135,0.153,8084000.0,129381000.0,1.0,46363487,46349457,47172829.0,41.873,1886258000,6088000,71224000.0,153729000,40.696,430855000
63,MLM,ART,2005-06-30,2005-08-03,2005-06-30,2021-07-29,-8970000,2406267000,2376116000.0,624265000,1782002000,0.791,24.447,-194392000.0,81410000,81410000,1497631000.0,159542000.0,2.721,1.114,717606000,6115000,711491000,717606000,0,133787000.0,0,0.011,0.8,270888000.0,404675000.0,0.215,404675000.0,270888000.0,227513000.0,3.36,3.36,3.36,1138480000,1144501000.0,1138480000,3952877383,15.0,9.768,129203000.0,2.774,1.0,382603000.0,0.203,589663000,43375000.0,2223344000,2172449500.0,217003000,38761000,13844000,24917000,1267787000,229456000,1038331000,3316681383,-4392000.0,36365000.0,-115490000.0,-6601000.0,-37869000.0,-159960000.0,-168027000.0,0.0,323595000.0,0.0,159542000.0,159542000.0,159542000.0,1082000.0,0.0,0.085,112111000.0,270492000.0,103566000,0.238,2.913,20.789,21.318,1123507000,0.0,71.63,1.764,1.774,282844000,845152000,1880234000.0,1880234000.0,897000.0,0.067,0.139,0.125,0.144,0.0,126812000.0,1.0,46302965,46569420,47173646.0,40.375,1816604000,6112000,67971000.0,162254000,39.009,394809000
64,MLM,ART,2005-03-31,2005-05-04,2005-03-31,2021-07-29,-8970000,2354128000,2352789250.0,585543000,1768585000,0.767,23.768,-180855000.0,103097000,103097000,1446130000.0,142785000.0,2.947,1.105,719069000,8723000,710346000,719069000,0,132535000.0,0,0.013,0.78,247958000.0,380493000.0,0.211,380493000.0,247958000.0,204502000.0,2.97,2.97,2.97,1118571000,1141903000.0,1118571000,3311903539,13.0,8.704,132586000.0,2.817,1.0,358336000.0,0.199,590245000,43456000.0,2181134000,2155218250.0,224919000,29623000,3900000,25723000,1235557000,198721000,1036836000,2695931539,50317000.0,41520000.0,-81365000.0,-5176000.0,-37248000.0,-123789000.0,-139335000.0,0.0,313441000.0,0.0,142785000.0,142785000.0,142785000.0,947000.0,0.0,0.079,112789000.0,245547000.0,89596000,0.263,2.41,18.881,19.475,1106657000,0.0,57.84,1.494,1.509,220442000,792967000,1804466000.0,1804466000.0,885000.0,0.061,0.125,0.115,0.137,0.0,127873000.0,1.0,46610158,47061842,47737996.0,38.342,1763883000,5831000,61717000.0,149625000,37.48,386822000
65,MLM,ART,2004-12-31,2005-02-25,2004-12-31,2021-07-29,-8970000,2355852000,2330686750.0,624253000,1731599000,0.755,23.959,-163445000.0,161620000,161620000,1417423000.0,129163000.0,3.063,1.042,724158000,10497000,713661000,724158000,0,132859000.0,0,0.014,0.78,228660000.0,361519000.0,0.205,361519000.0,228660000.0,185706000.0,2.68,2.68,2.68,1153427000,1134946500.0,1153427000,3268467943,14.0,9.041,103396000.0,2.148,1.0,342190000.0,0.194,586137000,42954000.0,2128440000,2139717750.0,209309000,31156000,4655000,26501000,1202425000,203813000,998612000,2705929943,36487000.0,40120000.0,-67720000.0,-2802000.0,-36507000.0,-107029000.0,-123325000.0,0.0,266841000.0,0.0,129163000.0,129163000.0,129163000.0,-984000.0,0.0,0.073,115598000.0,226592000.0,89949000,0.291,2.346,20.95,21.407,1065215000,0.0,57.37,1.538,1.57,219589000,795299000,1759613000.0,1759613000.0,891000.0,0.055,0.114,0.107,0.13,0.0,127676000.0,1.0,47166288,48142000,48534000.0,36.55,1769715000,5750000,56543000.0,149876000,36.76,420440000
66,MLM,ART,2004-09-30,2004-11-09,2004-09-30,2021-07-29,-8694000,2388217000,2324247000.0,679980000,1708237000,0.75,24.214,-146954000.0,135477000,135477000,1423868000.0,121518000.0,3.08,1.046,721668000,6713000,714955000,721668000,0,135688000.0,0,0.015,0.74,205535000.0,341223000.0,0.196,341223000.0,205535000.0,163010000.0,2.51,2.51,2.51,1167526000,1129051500.0,1167526000,2953764143,14.0,8.656,108021000.0,2.24,1.0,320202000.0,0.184,596779000,42525000.0,2156880000,2135476000.0,208690000,0,0,0,1220691000,220749000,999942000,2367573143,67101000.0,45890000.0,-40748000.0,-10293000.0,-35769000.0,-86810000.0,-101064000.0,0.0,254975000.0,0.0,121518000.0,121518000.0,121518000.0,-1315000.0,0.0,0.07,115247000.0,204955000.0,89940000,0.295,2.028,19.483,19.641,1044890000,0.0,49.3,1.357,1.363,286024000,767846000,1744070000.0,1744070000.0,733000.0,0.052,0.108,0.096,0.118,0.0,128379000.0,1.0,48023796,48216947,48572510.0,36.171,1791438000,28742000,41492000.0,151205000,37.154,459231000
67,MLM,ART,2004-06-30,2004-08-09,2004-06-30,2021-07-29,-8694000,2312960000,2309988250.0,616875000,1696085000,0.757,23.399,-134325000.0,85802000,85802000,1435612000.0,113035000.0,3.099,1.05,725205000,11967000,713238000,725205000,0,138358000.0,0,0.017,0.72,199128000.0,337486000.0,0.193,337486000.0,199128000.0,156514000.0,2.32,2.32,2.32,1128088000,1117908500.0,1128088000,2653264593,13.0,7.862,133724000.0,2.774,1.0,314136000.0,0.18,598910000,42614000.0,2154419000,2142307750.0,228724000,0,0,0,1184872000,199034000,985838000,2013861593,64093000.0,43819000.0,-35530000.0,-42992000.0,-34928000.0,-113450000.0,-90506000.0,0.0,268049000.0,0.0,113035000.0,113035000.0,113035000.0,-325000.0,0.0,0.065,116552000.0,197584000.0,77482000,0.31,1.785,17.816,18.0,1041057000,0.0,41.76,1.151,1.151,259889000,723479000,1749748000.0,1749748000.0,777000.0,0.049,0.101,0.093,0.114,0.0,127017000.0,1.0,48224655,48210140,48570644.0,36.294,1714050000,21664000,43479000.0,137762000,35.554,417841000
68,MLM,ART,2004-03-31,2004-05-06,2004-03-31,2021-07-29,-8694000,2265718000,2308491500.0,563070000,1702648000,0.759,22.567,-122407000.0,52780000,52780000,1439393000.0,107970000.0,2.542,1.077,731614000,13036000,718578000,731614000,0,139777000.0,0,0.017,0.72,194347000.0,334124000.0,0.191,334124000.0,194347000.0,151593000.0,2.2,2.2,2.2,1090745000,1107392250.0,1090745000,2776898906,14.0,8.311,118568000.0,2.453,1.0,311639000.0,0.178,603948000,42754000.0,2119132000,2163851500.0,229663000,0,0,0,1174973000,221472000,953501000,2098064906,33752000.0,29965000.0,-36120000.0,-56187000.0,-35055000.0,-114781000.0,-92442000.0,0.0,240975000.0,0.0,107970000.0,107970000.0,107970000.0,-175000.0,0.0,0.062,117157000.0,194482000.0,71411000,0.327,1.924,19.432,19.782,1038686000,0.0,43.52,1.198,1.201,226059000,687432000,1751032000.0,1751032000.0,708000.0,0.047,0.097,0.09,0.111,0.0,123003000.0,1.0,48209212,48332774,48332774.0,36.229,1661770000,21633000,43623000.0,133636000,34.382,341598000
69,MLM,ART,2003-12-31,2004-03-15,2003-12-31,2021-07-29,-8694000,2330093000,2309280750.0,621519000,1708574000,0.741,23.103,-120638000.0,125133000,125133000,1411690000.0,93623000.0,2.823,1.062,729405000,12332000,717073000,729405000,0,139606000.0,0,0.016,0.72,177257000.0,316863000.0,0.185,316863000.0,177257000.0,134670000.0,1.91,1.91,1.91,1129847000,1096248500.0,1129847000,2797520874,16.0,8.829,156531000.0,3.201,1.0,299763000.0,0.175,602728000,42587000.0,2111473000,2188549250.0,213843000,0,0,0,1200246000,220164000,980082000,2193248874,110635000.0,20860000.0,-12216000.0,-33407000.0,-33714000.0,-66756000.0,-99778000.0,0.0,277169000.0,0.0,93623000.0,93623000.0,93623000.0,587000.0,0.0,0.055,114616000.0,185147000.0,76576000,0.377,1.941,23.426,23.859,1042432000,0.0,45.57,1.282,1.302,234578000,702643000,1711453000.0,1711453000.0,612000.0,0.041,0.085,0.081,0.104,0.0,121373000.0,1.0,48129227,48905000,49136000.0,34.995,1727365000,21603000,41047000.0,130348000,35.321,401355000
70,MLM,ART,2003-09-30,2003-11-13,2003-09-30,2021-07-29,-7365000,2331182000,2291390000.0,612372000,1718810000,0.746,22.954,-125841000.0,53574000,53574000,1424088000.0,68845000.0,2.959,1.076,721008000,1249000,719759000,721008000,0,139535000.0,0,0.016,0.66,146178000.0,285713000.0,0.167,285713000.0,146178000.0,103766000.0,1.4,1.41,1.4,1122954000,1084539250.0,1122954000,2736691270,19.0,9.578,116798000.0,2.387,1.0,284638000.0,0.167,607422000,42412000.0,2184207000,2209792500.0,212681000,0,0,0,1208228000,206987000,1001241000,2069257270,47497000.0,18048000.0,351000.0,-68042000.0,-32239000.0,-87349000.0,-107793000.0,0.0,242639000.0,0.0,68845000.0,68845000.0,68845000.0,1096000.0,0.0,0.04,120232000.0,164406000.0,82702000,0.471,1.843,30.057,30.207,1046334000,0.0,42.29,1.211,1.211,312843000,682096000,1708726000.0,1708726000.0,552000.0,0.03,0.063,0.066,0.086,0.0,117659000.0,1.0,48930179,48922858,49189728.0,34.927,1723760000,23800000,34921000.0,124938000,35.234,405385000
71,MLM,ART,2003-06-30,2003-08-14,2003-06-30,2021-07-29,-7365000,2306973000,2289093000.0,586764000,1720209000,0.734,22.207,-141477000.0,6907000,6907000,1402649000.0,62250000.0,2.828,1.124,756140000,9439000,746701000,756140000,0,138417000.0,0,0.017,0.63,138452000.0,276869000.0,0.165,276869000.0,138452000.0,95766000.0,1.27,1.28,1.27,1086023000,1076743750.0,1086023000,2594999617,19.0,9.373,75444000.0,1.543,1.0,278630000.0,0.166,608147000,42686000.0,2240594000,2225816750.0,237802000,0,0,0,1220950000,207465000,1013485000,1845766617,2151000.0,93581000.0,215000.0,-69877000.0,-30767000.0,-87848000.0,-126922000.0,0.0,216921000.0,0.0,62250000.0,62250000.0,62250000.0,1076000.0,0.0,0.037,120516000.0,158114000.0,74893000,0.496,1.7,29.651,29.709,1058537000,0.0,37.73,1.098,1.098,296525000,645371000,1681279000.0,1681279000.0,319000.0,0.027,0.058,0.062,0.082,0.0,117521000.0,1.0,48920398,48905591,49111046.0,34.378,1698826000,24320000,33516000.0,116881000,34.737,379299000
72,MLM,ART,2003-03-31,2003-05-15,2003-03-31,2021-07-29,-7365000,2268875000,2287735000.0,533260000,1735615000,0.736,21.398,-152583000.0,4226000,4226000,1396076000.0,75962000.0,2.618,1.169,767898000,8960000,758938000,767898000,0,138200000.0,0,0.018,0.59,164786000.0,302986000.0,0.18,302986000.0,164786000.0,121770000.0,1.56,1.56,1.56,1046170000,1070278000.0,1046170000,2339750263,14.0,7.722,51176000.0,1.047,1.0,288690000.0,0.171,610900000,43016000.0,2217923000,2236089250.0,247868000,0,0,0,1222705000,203724000,1018981000,1576078263,-6911000.0,48564000.0,490000.0,-76981000.0,-28807000.0,-105298000.0,-105372000.0,0.0,203759000.0,0.0,75962000.0,75962000.0,75962000.0,926000.0,0.0,0.045,105158000.0,183532000.0,63901000,0.378,1.507,20.748,20.66,1067292000,0.0,32.23,0.935,0.935,222286000,605722000,1684766000.0,1684766000.0,343000.0,0.033,0.071,0.074,0.098,0.0,117763000.0,1.0,48900970,48890996,49058734.0,34.46,1657975000,23052000,45808000.0,111119000,33.912,329536000
73,MLM,ART,2002-12-31,2003-03-27,2002-12-31,2021-07-29,-7365000,2258530000,2279602000.0,526149000,1732381000,0.742,22.226,-152680000.0,0,0,1401543000.0,86305000.0,2.66,1.085,745164000,11693000,733471000,745164000,0,138696000.0,0,0.022,0.59,176788000.0,315484000.0,0.186,315484000.0,176788000.0,132760000.0,1.77,1.77,1.77,1083010000,1059653500.0,1083010000,2063570845,12.0,6.541,50880000.0,1.044,1.0,290894000.0,0.172,609421000,44028000.0,2196446000,2244598750.0,239726000,0,0,0,1175520000,197827000,977693000,1318406845,-1683000.0,49761000.0,640000.0,-74686000.0,-28278000.0,-102324000.0,-102919000.0,0.0,203560000.0,0.0,86305000.0,86305000.0,86305000.0,0.0,0.0,0.051,102596000.0,188298000.0,73186000,0.333,1.217,15.276,15.249,1067576000,0.0,26.99,0.779,0.777,232884000,642734000,1692437000.0,1692437000.0,369000.0,0.038,0.081,0.079,0.104,0.0,115836000.0,1.0,48847975,48727000,48858000.0,34.733,1649109000,21387000,46455000.0,110803000,33.844,328322000
74,MLM,ART,2002-09-30,2002-11-14,2002-09-30,2021-07-29,0,2321994000,2271114500.0,577800000,1744194000,0.763,22.363,-154006000.0,6077000,6077000,1421263000.0,106833000.0,2.582,1.127,783179000,9699000,773480000,783179000,0,257610000.0,0,0.019,0.57,209775000.0,467385000.0,0.27,467385000.0,209775000.0,165382000.0,2.2,2.18,2.2,1091772000,1044454000.0,1091772000,2205122831,11.0,4.718,72205000.0,1.479,1.0,310464000.0,0.179,627055000,44393000.0,2248304000,2252005000.0,241695000,0,0,0,1230222000,223737000,1006485000,1428020831,9749000.0,33767000.0,1809000.0,-72146000.0,-27750000.0,-98087000.0,-118375000.0,0.0,226211000.0,0.0,106833000.0,106833000.0,106833000.0,0.0,0.0,0.062,100689000.0,209775000.0,81653000,0.259,1.308,13.367,13.295,1062538000,0.0,29.25,0.825,0.825,281044000,645490000,1731727000.0,1731727000.0,297000.0,0.047,0.102,0.093,0.121,0.0,113814000.0,1.0,48821225,48820079,48955259.0,35.472,1694939000,24167000,58549000.0,112010000,34.718,354063000
75,MLM,ART,2002-06-30,2002-08-14,2002-06-30,2021-07-29,0,2301541000,2255218500.0,573715000,1727826000,0.775,21.769,-160106000.0,4756000,4756000,1428796000.0,113825000.0,2.725,1.171,809969000,8618000,801351000,809969000,0,222964000.0,0,0.016,0.56,220187000.0,443151000.0,0.254,443151000.0,220187000.0,174854000.0,2.35,2.33,2.35,1060160000,1021279500.0,1060160000,2559777133,12.0,5.776,96228000.0,1.976,1.0,318216000.0,0.182,614534000,45333000.0,2281684000,2264948500.0,252715000,0,0,0,1241381000,210536000,1030845000,1754564133,5619000.0,-59296000.0,2653000.0,-94071000.0,-27206000.0,-118624000.0,-132091000.0,0.0,256334000.0,0.0,113825000.0,113825000.0,113825000.0,0.0,0.0,0.065,98029000.0,220187000.0,80288000,0.238,1.655,15.415,15.294,1053714000,0.0,35.94,1.004,1.002,281778000,613888000,1747012000.0,1747012000.0,107000.0,0.05,0.111,0.097,0.126,0.0,110611000.0,1.0,48819258,48700333,48851807.0,35.873,1687007000,23317000,61029000.0,107443000,34.641,363179000
76,MLM,ART,2002-03-31,2002-05-15,2002-03-31,2021-07-29,0,2236343000,2238479250.0,515312000,1721031000,0.781,20.671,-171327000.0,11137000,11137000,1448564000.0,99465000.0,2.716,1.228,827207000,6119000,821088000,827207000,0,188574000.0,0,0.014,0.56,197018000.0,385592000.0,0.22,385592000.0,197018000.0,149587000.0,2.07,2.06,2.07,1003672000,992259750.0,1003672000,2817529538,14.0,7.307,104432000.0,2.151,1.0,300483000.0,0.172,610735000,47431000.0,2251961000,2260456000.0,253515000,0,0,0,1232671000,189717000,1042954000,2001459538,-223397000.0,-210027000.0,2336000.0,-142086000.0,-27103000.0,-166853000.0,-332303000.0,0.0,275759000.0,0.0,99465000.0,99465000.0,99465000.0,0.0,0.0,0.057,103465000.0,197018000.0,74530000,0.271,1.994,20.122,19.903,1074943000,0.0,41.2,1.144,1.144,200592000,567360000,1749047000.0,1749047000.0,230000.0,0.044,0.1,0.087,0.113,0.0,110188000.0,1.0,48579115,48554631,48717691.0,36.022,1625608000,28548000,50122000.0,109468000,33.48,325595000
77,MLM,ART,2001-12-31,2002-03-27,2001-12-31,2021-07-29,0,2224580000,2218673250.0,496232000,1728348000,0.774,21.353,-194386000.0,1379000,1379000,1414300000.0,105362000.0,2.584,1.176,801875000,4490000,797385000,801875000,0,154635000.0,0,0.014,0.56,205231000.0,359866000.0,0.209,359866000.0,205231000.0,158439000.0,2.2,2.19,2.2,1022212000,960034750.0,1022212000,2800186134,14.0,7.781,58557000.0,1.223,1.0,303750000.0,0.177,606968000,46792000.0,2226071000,2231241500.0,231003000,0,0,0,1202368000,192037000,1010331000,1999690134,6157000.0,-221772000.0,2621000.0,147705000.0,-26927000.0,123399000.0,-370185000.0,0.0,252943000.0,0.0,105362000.0,105362000.0,105362000.0,0.0,0.0,0.061,98519000.0,205231000.0,79572000,0.255,1.956,18.979,18.718,1082189000,0.0,41.18,1.164,1.147,215184000,584707000,1718050000.0,1718050000.0,556000.0,0.047,0.11,0.092,0.119,0.0,105949000.0,1.0,48559741,47873000,48066000.0,35.888,1617612000,19696000,53077000.0,105755000,33.79,304195000
78,MLM,ART,2001-09-30,2001-11-14,2001-09-30,2021-07-29,0,2258410000,2122888000.0,539222000,1719188000,0.837,20.669,-202571000.0,0,0,1483082000.0,100881000.0,2.525,1.261,834638000,0,834638000,834638000,0,136373000.0,0,0.012,0.56,196129000.0,332502000.0,0.187,332502000.0,196129000.0,149810000.0,2.11,2.11,2.11,999074000,920303250.0,999074000,3014760620,15.0,9.067,13954000.0,0.289,1.0,293462000.0,0.165,579394000,46319000.0,2300078000,2148319500.0,232013000,0,0,0,1259336000,213576000,1045760000,2180122620,-9027000.0,-220085000.0,2157000.0,176122000.0,-26680000.0,151599000.0,-377151000.0,0.0,216525000.0,0.0,100881000.0,100881000.0,100881000.0,0.0,0.0,0.057,97414000.0,196048000.0,0,0.265,2.182,21.611,21.294,1066399000,0.0,44.93,1.227,1.222,277469000,566407000,1776544000.0,1776544000.0,1024000.0,0.048,0.11,0.091,0.11,0.0,106043000.0,1.0,48522649,48337678,48570981.0,36.753,1679016000,0,48929000.0,0,34.735,325646000
79,MLM,ART,2001-06-30,2001-08-13,2001-06-30,2021-07-29,0,2234584000,2021857500.0,541251000,1693333000,0.82,19.85,-199631000.0,0,0,1374146000.0,97015000.0,2.302,1.367,854711000,0,854711000,854711000,0,136373000.0,0,0.013,0.56,189819000.0,326192000.0,0.197,326192000.0,189819000.0,144939000.0,2.06,2.06,2.06,944081000,882684750.0,944081000,2948287025,16.0,9.039,-14759000.0,-0.31,1.0,283006000.0,0.171,590417000,44880000.0,2263714000,2037867500.0,240341000,0,0,0,1290503000,235164000,1055339000,2093576025,-4226000.0,-211372000.0,1381000.0,205133000.0,-26448000.0,180066000.0,-369164000.0,0.0,184872000.0,0.0,97015000.0,97015000.0,97015000.0,0.0,0.0,0.059,93268000.0,189738000.0,0,0.272,2.218,21.58,21.044,1029682000,0.0,43.35,1.263,1.244,274559000,527269000,1657152000.0,1657152000.0,1772000.0,0.048,0.11,0.093,0.115,0.0,103801000.0,1.0,48294718,47559897,47803974.0,34.843,1644167000,0,47924000.0,0,34.57,306087000
80,MLM,ART,2001-03-31,2001-05-14,2001-03-31,2021-07-29,0,2157119000,1922741000.0,687362000,1469757000,0.802,18.583,-187968000.0,234534000,234534000,1255840000.0,100135000.0,2.802,1.466,852041000,0,852041000,852041000,0,136373000.0,0,0.011,0.55,192797000.0,329170000.0,0.213,329170000.0,192797000.0,150577000.0,2.14,2.14,2.14,874772000,849902750.0,874772000,2964196130,15.0,9.005,-5235000.0,-0.111,1.0,286377000.0,0.186,394178000,42220000.0,2135103000,1927192750.0,226522000,0,0,0,1282347000,245345000,1037002000,2346689130,235196000.0,-38404000.0,1843000.0,298391000.0,-25795000.0,274439000.0,-221976000.0,0.0,182733000.0,0.0,100135000.0,100135000.0,100135000.0,0.0,0.0,0.065,93661000.0,192716000.0,0,0.257,2.683,23.435,23.182,945652000,0.0,49.61,1.522,1.514,185810000,494998000,1542217000.0,1542217000.0,2106000.0,0.052,0.118,0.1,0.125,0.0,99731000.0,1.0,47302744,47073007,47277401.0,32.762,1762941000,0,50442000.0,0,37.451,442017000
81,MLM,ART,2000-12-31,2001-03-22,2000-12-31,2021-07-29,0,1841439000,1825062500.0,425001000,1416438000,0.831,18.465,-170805000.0,0,0,1213946000.0,112027000.0,2.247,1.133,651513000,49933000,601580000,651513000,0,136373000.0,0,0.013,0.55,210716000.0,347089000.0,0.229,347089000.0,210716000.0,168821000.0,2.4,2.39,2.4,863286000,825182500.0,863286000,2619295211,12.0,7.546,42075000.0,0.9,1.0,303571000.0,0.2,409456000,41895000.0,1894383000,1840846000.0,207534000,0,0,0,978153000,189113000,789040000,1967782211,-8181000.0,-39327000.0,2039000.0,3954000.0,-25248000.0,-19255000.0,-201806000.0,0.0,212880000.0,0.0,112027000.0,112027000.0,112027000.0,0.0,0.0,0.074,92855000.0,210716000.0,59029000,0.229,2.279,17.565,17.333,914072000,0.0,41.6,1.297,1.282,180915000,506272000,1517517000.0,1517517000.0,2326000.0,0.061,0.136,0.114,0.139,0.0,98768000.0,1.0,47302457,46753000,46948000.0,32.458,1431983000,16750000,56794000.0,89061000,30.629,235888000
82,MLM,ART,2000-09-30,2000-11-14,2000-09-30,2021-07-29,0,1854288000,1800346250.0,463511000,1390777000,0.752,18.147,-153013000.0,5355000,5355000,1036334000.0,124120000.0,2.14,1.185,601313000,0,601313000,601313000,0,124754000.0,0,0.013,0.53,230385000.0,355139000.0,0.262,355139000.0,230385000.0,188230000.0,2.66,2.66,2.66,848600000,802862500.0,848600000,2440872873,11.0,6.873,80854000.0,1.729,1.0,317685000.0,0.235,375399000,42155000.0,1858270000,1815096250.0,192381000,0,0,0,1005688000,216577000,789111000,1844914873,4756000.0,-55245000.0,-6386000.0,1035000.0,-24771000.0,-30122000.0,-198989000.0,0.0,233867000.0,0.0,124120000.0,124120000.0,124120000.0,0.0,0.0,0.092,87300000.0,230385000.0,0,0.199,2.174,14.864,14.831,891294000,0.0,39.45,1.363,1.362,231143000,492296000,1354019000.0,1354019000.0,2458000.0,0.069,0.155,0.127,0.17,0.0,93860000.0,1.0,46765903,46763155,46962201.0,28.955,1478889000,0,64110000.0,0,31.625,246934000
83,MLM,ART,2000-06-30,2000-08-14,2000-06-30,2021-07-29,0,1838118000,1770142750.0,457261000,1380857000,0.75,17.389,-151283000.0,3363000,3363000,1005586000.0,126020000.0,1.933,1.261,601748000,0,601748000,601748000,0,124754000.0,0,0.011,0.52,235694000.0,360448000.0,0.272,360448000.0,235694000.0,194422000.0,2.7,2.7,2.7,812953000,775644750.0,812953000,2752325766,12.0,7.636,88576000.0,1.895,1.0,321920000.0,0.242,378970000,41272000.0,1821015000,1786194250.0,192787000,0,0,0,1025165000,236518000,788647000,2153940766,3565000.0,-110884000.0,-12106000.0,49935000.0,-24295000.0,13534000.0,-249828000.0,0.0,239859000.0,0.0,126020000.0,126020000.0,126020000.0,0.0,0.0,0.095,86226000.0,235694000.0,0,0.193,2.65,17.092,17.059,877374000,0.0,46.06,1.623,1.622,233394000,456792000,1327506000.0,1327506000.0,2573000.0,0.071,0.162,0.132,0.178,0.0,93212000.0,1.0,46763803,46751001,47045402.0,28.395,1459148000,0,68402000.0,0,31.211,220743000
84,MLM,ART,2000-03-31,2000-05-12,2000-03-31,2021-07-29,0,1766405000,1727853750.0,411841000,1354564000,0.749,16.605,-142820000.0,0,0,978582000.0,125171000.0,2.011,1.277,601654000,0,601654000,601654000,0,124754000.0,0,0.01,0.52,233774000.0,358528000.0,0.277,358528000.0,233774000.0,193440000.0,2.68,2.68,2.68,775891000,749265750.0,775891000,3100411246,13.0,8.648,78377000.0,1.677,1.0,315315000.0,0.244,373509000,40334000.0,1789716000,1765128000.0,186924000,0,0,0,990514000,204834000,785680000,2498757246,-9649000.0,-91482000.0,-10745000.0,36675000.0,-24288000.0,1642000.0,-232488000.0,0.0,221197000.0,0.0,125171000.0,125171000.0,125171000.0,0.0,0.0,0.097,81541000.0,233774000.0,0,0.194,3.221,19.963,19.94,858853000,0.0,53.44,1.931,1.93,194152000,420748000,1293897000.0,1293897000.0,2477000.0,0.072,0.167,0.132,0.181,0.0,93467000.0,1.0,46758182,46725456,46885058.0,27.691,1392896000,0,68269000.0,0,29.81,207007000
85,MLM,ART,1999-12-31,2000-03-27,1999-12-31,2021-07-29,0,1742574000,1685453500.0,403365000,1339209000,0.747,16.585,-137820000.0,3403000,3403000,948128000.0,125781000.0,2.208,1.251,641733000,39722000,602011000,641733000,0,124754000.0,0,0.011,0.52,233724000.0,358478000.0,0.285,358478000.0,233724000.0,194313000.0,2.7,2.68,2.7,774006000,722860000.0,774006000,2764420284,12.0,7.712,85856000.0,1.84,1.0,310699000.0,0.247,406824000,39411000.0,1791384000,1739172500.0,172865000,0,0,0,968568000,182696000,785872000,2126090284,-11183000.0,-77080000.0,-10684000.0,14662000.0,-24276000.0,-20298000.0,-214561000.0,0.0,223676000.0,0.0,125781000.0,125781000.0,125781000.0,0.0,0.0,0.1,76975000.0,233724000.0,55872000,0.193,2.747,16.903,16.852,846993000,0.0,45.5,1.689,1.687,197554000,419493000,1258827000.0,1258827000.0,2789000.0,0.075,0.174,0.134,0.186,0.0,92621000.0,1.0,46727259,46668000,46947000.0,26.974,1335750000,21899000,68532000.0,86150000,28.622,220669000
86,MLM,ART,1999-09-30,1999-11-12,1999-09-30,2021-07-29,0,1733474000,1646957250.0,429749000,1303725000,0.731,15.848,-149147000.0,599000,599000,901958000.0,123878000.0,1.959,1.343,603290000,0,603290000,603290000,0,28212000.0,0,0.013,0.52,224401000.0,252613000.0,0.21,252613000.0,224401000.0,188971000.0,2.65,2.65,2.65,739729000,696283250.0,739729000,2465475990,11.0,9.76,88615000.0,1.898,1.0,302734000.0,0.251,374113000,35430000.0,1742662000,1707217000.0,172246000,0,0,0,993745000,219390000,774355000,1862784990,-11596000.0,-341097000.0,-2789000.0,306676000.0,-24261000.0,279626000.0,-528984000.0,0.0,237762000.0,0.0,123878000.0,123878000.0,123878000.0,0.0,0.0,0.103,78333000.0,224401000.0,0,0.196,2.518,15.037,15.049,809664000,0.0,39.88,1.546,1.545,231142000,392947000,1204692000.0,1204692000.0,2675000.0,0.075,0.178,0.131,0.186,0.0,93191000.0,1.0,46709754,46677260,,25.809,1359361000,0,65093000.0,0,29.123,210359000
87,MLM,ART,1999-06-30,1999-08-13,1999-06-30,2021-07-29,0,1668962000,1522685750.0,427287000,1241675000,0.764,15.154,-137615000.0,0,0,864442000.0,125834000.0,2.26,1.359,602176000,0,602176000,602176000,0,52497000.0,0,0.011,0.52,222237000.0,274734000.0,0.236,274734000.0,222237000.0,190781000.0,2.7,2.69,2.7,707437000,671799500.0,707437000,2904888009,13.0,10.573,91276000.0,1.955,1.0,298903000.0,0.257,345308000,31456000.0,1736750000,1571665750.0,175417000,0,0,0,961525000,189080000,772445000,2302712009,-16075000.0,-311365000.0,4255000.0,270011000.0,-24244000.0,250022000.0,-494988000.0,0.0,228891000.0,0.0,125834000.0,125834000.0,125834000.0,0.0,0.0,0.108,76666000.0,222237000.0,0,0.193,3.255,18.3,18.263,779873000,0.0,49.31,1.979,1.979,224780000,355068000,1163345000.0,1163345000.0,2863000.0,0.083,0.187,0.141,0.191,0.0,89529000.0,1.0,46698682,46684229,,24.919,1323654000,0,64947000.0,0,28.353,238207000
88,MLM,ART,1999-03-31,1999-05-13,1999-03-31,2021-07-29,0,1596804000,1405499500.0,375607000,1221197000,0.791,14.373,-136188000.0,8987000,8987000,820306000.0,120917000.0,2.401,1.382,601883000,0,601883000,601883000,0,76121000.0,0,0.008,0.51,209993000.0,286114000.0,0.257,286114000.0,209993000.0,182298000.0,2.6,2.59,2.6,670268000,645061250.0,670268000,3756309149,18.0,13.129,102719000.0,2.203,1.0,291911000.0,0.262,347347000,27695000.0,1685894000,1433120000.0,172316000,0,0,0,926536000,156459000,770077000,3163413149,4957000.0,-309983000.0,2376000.0,269412000.0,-23750000.0,248038000.0,-481988000.0,0.0,238907000.0,0.0,120917000.0,120917000.0,120917000.0,0.0,0.0,0.109,81918000.0,209993000.0,0,0.196,4.72,26.162,26.058,780828000,0.0,67.75,2.844,2.841,166214000,319865000,1112217000.0,1112217000.0,3239000.0,0.086,0.187,0.147,0.189,0.0,85486000.0,1.0,46692445,46635302,,23.849,1249457000,0,61381000.0,0,26.792,219148000
89,MLM,ART,1998-12-31,1999-03-24,1998-12-31,2021-07-29,0,1588589000,1286728250.0,369388000,1219201000,0.822,14.316,-123926000.0,14586000,14586000,776043000.0,115613000.0,2.426,1.379,617770000,15657000,602113000,617770000,0,98765000.0,0,0.01,0.51,197901000.0,296666000.0,0.28,296666000.0,197901000.0,174142000.0,2.49,2.48,2.49,667699000,617270250.0,667699000,3081249498,16.0,10.386,98647000.0,2.115,1.0,281648000.0,0.266,375978000,23759000.0,1663562000,1302199250.0,157104000,0,0,0,920890000,152233000,768657000,2478065498,-4075000.0,-347882000.0,1862000.0,300545000.0,-23233000.0,279174000.0,-505822000.0,0.0,222573000.0,0.0,115613000.0,115613000.0,115613000.0,0.0,0.0,0.109,83747000.0,197901000.0,57720000,0.205,3.711,21.434,21.337,777528000,0.0,53.13,2.343,2.343,171511000,317988000,1057691000.0,1057691000.0,3053000.0,0.09,0.187,0.152,0.187,0.0,82041000.0,1.0,46641549,46641549,,22.677,1212611000,18978000,58529000.0,82824000,25.999,217155000
90,MLM,ART,1998-09-30,1998-11-16,1998-09-30,2021-07-29,0,1236388000,1166009250.0,373781000,862607000,0.871,13.791,-103601000.0,12195000,12195000,747264000.0,107878000.0,2.521,0.926,334370000,20650000,313720000,334370000,0,93753000.0,0,0.01,0.49,186371000.0,280124000.0,0.276,280124000.0,186371000.0,163767000.0,2.33,,2.33,641794000,590804500.0,641794000,2552193374,14.0,9.111,100562000.0,2.161,1.0,268246000.0,0.264,209849000,22604000.0,1200457000,1165315500.0,145947000,0,0,0,594594000,148257000,446337000,2230018374,-2850000.0,-65702000.0,1886000.0,-22167000.0,-22722000.0,-43003000.0,-164010000.0,0.0,204163000.0,0.0,107878000.0,107878000.0,107878000.0,0.0,0.0,0.106,81875000.0,186371000.0,46913000,0.21,3.475,20.672,20.549,634241000,0.0,47.88,2.196,2.194,193936000,293518000,1015510000.0,1015510000.0,3575000.0,0.093,0.183,0.16,0.184,0.0,78486000.0,1.0,46575154,46536116,,21.822,1026539000,17539000,55889000.0,66722000,22.059,225524000
91,MLM,ART,1998-06-30,1998-08-14,1998-06-30,2021-07-29,0,1200217000,1143361500.0,372063000,828154000,0.853,12.921,-99521000.0,15873000,15873000,722430000.0,98245000.0,2.357,0.999,353275000,41536000,311739000,353275000,0,91188000.0,0,0.01,0.48,172297000.0,263485000.0,0.27,263485000.0,172297000.0,149901000.0,2.13,,2.13,600484000,566441000.0,600484000,2542354517,15.0,9.649,89588000.0,1.928,1.0,252352000.0,0.259,197213000,22396000.0,1182567000,1161427500.0,154659000,0,0,0,599733000,157839000,441894000,2204952517,7389000.0,-43272000.0,429000.0,-27574000.0,-22198000.0,-49343000.0,-132377000.0,0.0,189109000.0,0.0,98245000.0,98245000.0,98245000.0,0.0,0.0,0.101,80055000.0,172297000.0,50070000,0.225,3.672,22.443,22.272,611770000,0.0,47.44,2.262,2.262,178244000,253477000,974782000.0,974782000.0,3744000.0,0.086,0.173,0.148,0.177,0.0,77658000.0,1.0,46478763,46475007,,20.974,1003004000,17315000,51656000.0,56174000,21.582,214224000
92,MLM,ART,1998-03-31,1998-05-15,1998-03-31,2021-07-29,0,1121719000,1123601250.0,306797000,814922000,0.827,12.098,-88331000.0,4030000,4030000,694631000.0,92258000.0,2.492,1.006,342880000,31538000,311342000,342880000,0,86030000.0,0,0.01,0.48,161639000.0,247669000.0,0.267,247669000.0,161639000.0,141631000.0,2.01,,2.01,559104000,543620000.0,559104000,2476654322,15.0,10.0,102821000.0,2.225,1.0,234604000.0,0.252,175241000,20008000.0,1162211000,1142953250.0,148425000,0,0,0,562615000,123117000,439498000,2137804322,-4394000.0,-307612000.0,342000.0,212529000.0,-22150000.0,190721000.0,-386267000.0,0.0,191152000.0,0.0,92258000.0,92258000.0,92258000.0,0.0,0.0,0.099,72965000.0,161639000.0,38936000,0.239,3.824,23.172,22.886,619611000,0.0,46.0,2.301,2.288,130038000,222698000,929235000.0,929235000.0,3660000.0,0.082,0.17,0.141,0.174,0.0,73095000.0,1.0,46474007,46215439,,20.107,946478000,17098000,49373000.0,50707000,20.48,183680000
93,MLM,ART,1997-12-31,1998-03-30,1997-12-31,2021-07-29,0,1105713000,1033856750.0,322012000,783701000,0.871,12.156,-86440000.0,18661000,18661000,665594000.0,98529000.0,2.975,0.968,312106000,1431000,310675000,312106000,0,79720000.0,0,0.011,0.48,168111000.0,247831000.0,0.275,247831000.0,168111000.0,151212000.0,2.14,2.13,2.14,561836000,524934250.0,561836000,2301145320,14.0,9.285,109178000.0,2.362,1.0,235269000.0,0.261,174896000,16899000.0,1116027000,1038076750.0,132583000,0,0,0,543877000,108235000,435642000,2007700320,22921000.0,-255288000.0,164000.0,182642000.0,-22134000.0,160672000.0,-333369000.0,0.0,195618000.0,0.0,98529000.0,98529000.0,98529000.0,0.0,0.0,0.109,67158000.0,168111000.0,49599000,0.224,3.573,20.377,20.299,591420000,0.0,43.44,2.229,2.229,147432000,225608000,900863000.0,900863000.0,3406000.0,0.095,0.188,0.162,0.187,0.0,69093000.0,1.0,46217779,46217779,,19.492,930817000,16873000,52683000.0,54699000,20.14,213777000
94,MLM,ART,1997-09-30,1997-11-12,1997-09-30,2021-07-29,0,1145797000,949658000.0,339882000,805915000,0.89,11.804,-87997000.0,15045000,15045000,625133000.0,95544000.0,2.962,1.105,353191000,1431000,351760000,353191000,0,72384000.0,0,0.014,0.48,160393000.0,232777000.0,0.275,232777000.0,160393000.0,146856000.0,,,,544340000,504719500.0,544340000,1946708546,12.0,8.363,96584000.0,2.094,1.0,220395000.0,0.261,184306000,13537000.0,1184905000,946327250.0,128747000,0,0,0,601457000,114732000,486725000,1608562546,12681000.0,-282305000.0,0.0,213042000.0,-22118000.0,190924000.0,-362824000.0,0.0,184581000.0,0.0,95544000.0,95544000.0,95544000.0,0.0,0.0,0.113,60002000.0,160393000.0,47415000,,2.955,16.836,,603323000,0.0,34.81,1.902,1.899,176864000,208174000,845528000.0,845528000.0,2802000.0,0.101,0.189,0.169,0.19,0.0,65660000.0,1.0,46209783,46116693,,18.335,961491000,16165000,51312000.0,64881000,20.849,225150000
95,MLM,ART,1997-06-30,1997-08-07,1997-06-30,2021-07-29,0,1121176000,850858750.0,326945000,794231000,0.911,11.05,-79145000.0,8484000,8484000,576309000.0,86760000.0,1.6,1.202,377248000,101313000,275935000,377248000,0,66010000.0,0,0.014,0.48,142647000.0,208657000.0,0.269,208657000.0,142647000.0,132457000.0,,,,509200000,485262500.0,509200000,2004620259,14.0,9.607,85281000.0,1.851,1.0,199006000.0,0.257,176923000,10190000.0,1108670000,831355750.0,132850000,0,0,0,611976000,204347000,407629000,1635856259,13036000.0,-278828000.0,0.0,224740000.0,-22118000.0,202622000.0,-354012000.0,0.0,164426000.0,0.0,86760000.0,86760000.0,86760000.0,0.0,0.0,0.112,56359000.0,142647000.0,45763000,,3.213,18.855,,589298000,0.0,35.5,2.11,2.11,164012000,177430000,775315000.0,775315000.0,2226000.0,0.102,0.179,0.172,0.184,0.0,61816000.0,1.0,46080458,46079604,,16.826,944253000,15959000,45697000.0,66914000,20.492,122598000
96,MLM,ART,1997-03-31,1997-05-14,1997-03-31,2021-07-29,0,762741000,757156750.0,257482000,505259000,0.982,10.511,-83088000.0,8424000,8424000,554714000.0,83198000.0,3.465,0.575,127049000,1213000,125836000,127049000,0,62632000.0,0,0.016,0.47,135132000.0,197764000.0,0.266,197764000.0,135132000.0,125984000.0,,,,484361000,469100500.0,484361000,1437884063,11.0,7.271,62945000.0,1.366,1.0,188849000.0,0.254,64343000,9148000.0,742705000,731825750.0,118281000,0,0,0,278380000,74318000,204062000,1319259063,12326000.0,-12805000.0,0.0,-21572000.0,-21658000.0,-43230000.0,-90477000.0,0.0,146033000.0,0.0,83198000.0,83198000.0,83198000.0,0.0,0.0,0.112,53717000.0,135132000.0,29678000,,2.724,15.857,,413045000,0.0,28.63,1.774,1.774,108458000,152591000,743563000.0,743563000.0,1914000.0,0.11,0.177,0.185,0.182,0.0,60500000.0,1.0,46079604,46079530,,16.137,698398000,15627000,42786000.0,24219000,15.156,183164000
97,MLM,ART,1996-12-31,1997-03-25,1996-12-31,2021-07-29,0,768918000,743161250.0,271166000,497752000,0.971,10.438,-79503000.0,0,0,539437000.0,78628000.0,3.076,0.599,131423000,5533000,125890000,131423000,0,61210000.0,0,0.018,0.47,129074000.0,190284000.0,0.264,190284000.0,129074000.0,118953000.0,,,,480977000,453713500.0,480977000,1323963152,10.0,6.958,55442000.0,1.203,1.0,182510000.0,0.253,63168000,10121000.0,749029000,717846500.0,113774000,0,0,0,287941000,88144000,199797000,1192540152,-1333000.0,59955000.0,0.0,-103729000.0,-21196000.0,-124925000.0,-11353000.0,0.0,134945000.0,0.0,78628000.0,78628000.0,78628000.0,0.0,0.0,0.109,53436000.0,129074000.0,36420000,,2.479,15.167,,408820000,0.0,25.88,1.652,1.652,139437000,149213000,721947000.0,721947000.0,1897000.0,0.106,0.173,0.18,0.179,0.0,59937000.0,1.0,46079604,46079300,,15.667,705750000,15547000,40325000.0,26980000,15.316,183022000
98,MLM,ART,1996-09-30,1996-11-14,1996-09-30,2021-07-29,0,750600000,,269141000,481459000,,10.124,,2364000,2364000,,,3.121,0.609,124997000,190000,124807000,124997000,0,,0,0.02,0.45,,,,,,,,,,466512000,,466512000,1182456900,,,,,1.0,,,61992000,,725019000,,113082000,0,0,0,284088000,86222000,197866000,1059823900,,,,,,,,,,,,,,,,,,,42908000,,2.272,,,396541000,,23.0,,,139639000,134748000,,,,,,,,,,1.0,46079300,46079300,,,688608000,12567000,,20030000,14.944,182919000
99,MLM,ART,1996-06-30,1996-08-13,1996-06-30,2021-07-29,0,746368000,,271060000,475308000,,9.648,,0,0,,,2.561,0.679,130215000,5344000,124871000,130215000,0,,0,0.019,0.44,,,,,,,,,,444552000,,444552000,1184509384,,,,,1.0,,,60212000,,710550000,,114785000,0,0,0,301816000,105821000,195995000,1054294384,,,,,,,,,,,,,,,,,,,58024000,,2.372,,,393708000,,22.88,,,139854000,112788000,,,,,,,,,,1.0,46079300,46079300,,,686156000,12586000,,22866000,14.891,165239000
100,MLM,ART,1996-03-31,1996-05-14,1996-03-31,2021-07-29,0,706759000,,239721000,467038000,,9.176,,0,0,,,2.662,0.672,131581000,6710000,124871000,131581000,0,,0,0.018,0.44,,,,,,,,,,422813000,,422813000,1254994334,,,,,1.0,,,61490000,,686788000,,119842000,0,0,0,283946000,90062000,193884000,1123413334,,,,,,,,,,,,,,,,,,,49598000,,2.657,,,386065000,,24.38,,,104047000,91049000,,,,,,,,,,1.0,46079300,46079300,,,645269000,12604000,,13223000,14.003,149659000
