None,ticker,dimension,calendardate,datekey,reportperiod,lastupdated,accoci,assets,assetsavg,assetsc,assetsnc,assetturnover,bvps,capex,cashneq,cashnequsd,cor,consolinc,currentratio,de,debt,debtc,debtnc,debtusd,deferredrev,depamor,deposits,divyield,dps,ebit,ebitda,ebitdamargin,ebitdausd,ebitusd,ebt,eps,epsdil,epsusd,equity,equityavg,equityusd,ev,evebit,evebitda,fcf,fcfps,fxusd,gp,grossmargin,intangibles,intexp,invcap,invcapavg,inventory,investments,investmentsc,investmentsnc,liabilities,liabilitiesc,liabilitiesnc,marketcap,ncf,ncfbus,ncfcommon,ncfdebt,ncfdiv,ncff,ncfi,ncfinv,ncfo,ncfx,netinc,netinccmn,netinccmnusd,netincdis,netincnci,netmargin,opex,opinc,payables,payoutratio,pb,pe,pe1,ppnenet,prefdivis,price,ps,ps1,receivables,retearn,revenue,revenueusd,rnd,roa,roe,roic,ros,sbcomp,sgna,sharefactor,sharesbas,shareswa,shareswadil,sps,tangibles,taxassets,taxexp,taxliabilities,tbvps,workingcapital
0,MKTX,MRY,2020-12-31,2020-12-31,2020-12-31,2021-07-27,-4650000.0,1331429000.0,1147938250.0,,,0.6,25.564,-45628000.0,510917000.0,510917000.0,0.0,299377000.0,,0.394,93612000.0,,,93612000.0,0.0,42838000.0,0.0,0.004,2.4,375501000.0,418339000.0,0.607,418339000.0,375501000.0,374359000.0,8.01,7.85,8.01,955061000.0,875991750.0,955061000.0,21393751290.0,57.0,51.14,358861000.0,9.606,1.0,689125000.0,1.0,242742000.0,1142000.0,671382000.0,616792500.0,0.0,28111000.0,,,376368000.0,,,21660444290.0,333797000.0,-23297000.0,-12128000.0,0.0,-90566000.0,-145112000.0,68867000.0,137792000.0,404489000.0,5553000.0,299377000.0,299377000.0,299377000.0,0.0,0.0,0.434,314397000.0,374728000.0,177680000.0,0.3,22.68,72.352,71.231,161128000.0,0.0,570.56,31.432,30.931,359492000.0,799369000.0,689125000.0,689125000.0,0.0,0.261,0.342,0.609,0.545,25613000.0,257343000.0,1.0,37963482.0,37359000,38144000.0,18.446,1088687000.0,0.0,74982000.0,42750000.0,29.141,
1,MKTX,MRY,2019-12-31,2019-12-31,2019-12-31,2021-07-27,-10270000.0,954930000.0,849193500.0,,,0.602,20.767,-34700000.0,270124000.0,270124000.0,0.0,204902000.0,,0.24,97991000.0,,,97991000.0,0.0,32652000.0,0.0,0.005,2.04,257424000.0,290076000.0,0.567,290076000.0,257424000.0,257424000.0,5.53,5.4,5.53,770091000.0,689442000.0,770091000.0,14093172041.0,55.0,48.584,231235000.0,6.236,1.0,511352000.0,1.0,207847000.0,0.0,574950000.0,558568500.0,0.0,230477000.0,,,184839000.0,,,14321668041.0,26795000.0,-97430000.0,-16049000.0,0.0,-76231000.0,-118100000.0,-122051000.0,10109000.0,265935000.0,1011000.0,204902000.0,204902000.0,204902000.0,0.0,0.0,0.401,260470000.0,250882000.0,22793000.0,0.369,18.597,69.895,68.555,153194000.0,0.0,379.11,28.007,27.493,62017000.0,591086000.0,511352000.0,511352000.0,0.0,0.241,0.297,0.461,0.503,25294000.0,222299000.0,1.0,37777078.0,37083000,37956000.0,13.789,747083000.0,0.0,52522000.0,16690000.0,20.146,
2,MKTX,MRY,2018-12-31,2018-12-31,2018-12-31,2021-07-27,-12394000.0,695539000.0,637135250.0,,,0.684,16.448,-47593000.0,246322000.0,246322000.0,0.0,172852000.0,,0.144,0.0,,,0.0,2810000.0,23080000.0,0.0,0.008,1.68,218086000.0,241166000.0,0.554,241166000.0,218086000.0,218086000.0,4.68,4.57,4.68,607878000.0,570259500.0,607878000.0,7733607095.0,35.0,32.068,176324000.0,4.771,1.0,435565000.0,1.0,62675000.0,0.0,386542000.0,378500750.0,0.0,240105000.0,,,87661000.0,,,7943692095.0,79308000.0,0.0,-22198000.0,0.0,-62432000.0,-92673000.0,-50296000.0,-2742000.0,223917000.0,-1640000.0,172852000.0,172852000.0,172852000.0,0.0,0.0,0.397,222981000.0,212584000.0,29366000.0,0.359,13.068,45.957,45.152,63010000.0,0.0,211.31,18.238,17.93,57535000.0,463252000.0,435565000.0,435565000.0,0.0,0.271,0.303,0.576,0.501,15850000.0,192147000.0,1.0,37592599.0,36958000,37855000.0,11.785,632864000.0,3424000.0,45234000.0,16432000.0,17.124,
3,MKTX,MRY,2017-12-31,2017-12-31,2017-12-31,2021-07-27,-10226000.0,581232000.0,555333500.0,,,0.708,13.964,-25557000.0,167014000.0,167014000.0,0.0,148089000.0,,0.129,0.0,,,0.0,2660000.0,19274000.0,0.0,0.007,1.32,201768000.0,221042000.0,0.562,221042000.0,201768000.0,201768000.0,4.02,3.89,4.02,514768000.0,502314750.0,514768000.0,7434085443.0,37.0,33.632,142478000.0,3.865,1.0,393422000.0,1.0,63059000.0,0.0,351159000.0,349179500.0,0.0,239521000.0,,,66464000.0,,,7573077443.0,-1229000.0,0.0,-40489000.0,0.0,-48888000.0,-117068000.0,-53653000.0,-28037000.0,168035000.0,1457000.0,148089000.0,148089000.0,148089000.0,0.0,0.0,0.376,193807000.0,199615000.0,14241000.0,0.328,14.712,51.139,50.187,38548000.0,0.0,201.75,19.249,18.904,52636000.0,353583000.0,393422000.0,393422000.0,0.0,0.267,0.295,0.578,0.513,14421000.0,168736000.0,1.0,37536939.0,36864000,38038000.0,10.672,518173000.0,1737000.0,53679000.0,13061000.0,14.056,
4,MKTX,MRY,2016-12-31,2016-12-31,2016-12-31,2021-07-27,-12228000.0,528042000.0,489787500.0,,,0.751,12.703,-18503000.0,168243000.0,168243000.0,0.0,126172000.0,,0.128,0.0,,,0.0,2515000.0,17838000.0,0.0,0.007,1.04,191602000.0,209440000.0,0.57,209440000.0,191602000.0,191602000.0,3.42,3.34,3.42,468013000.0,441570000.0,468013000.0,5359757884.0,28.0,25.591,71244000.0,1.934,1.0,367730000.0,1.0,63443000.0,0.0,296356000.0,270961250.0,0.0,194404000.0,,,60029000.0,,,5521201884.0,-31485000.0,0.0,-21626000.0,0.0,-38495000.0,-65294000.0,-53180000.0,-35091000.0,89747000.0,-2758000.0,126172000.0,126172000.0,126172000.0,0.0,0.0,0.343,177745000.0,189985000.0,15149000.0,0.304,11.797,43.759,42.959,31104000.0,0.0,146.92,15.014,14.72,50668000.0,255140000.0,367730000.0,367730000.0,0.0,0.258,0.286,0.707,0.521,14511000.0,153847000.0,1.0,37579648.0,36844000,37738000.0,9.981,464599000.0,8562000.0,65430000.0,7582000.0,12.61,
5,MKTX,MRY,2015-12-31,2015-12-31,2015-12-31,2021-07-27,-5229000.0,439041000.0,408250750.0,,,0.742,10.649,-15384000.0,199728000.0,199728000.0,0.0,96037000.0,,0.124,0.0,,,0.0,2312000.0,18542000.0,0.0,0.007,0.8,147900000.0,166442000.0,0.549,166442000.0,147900000.0,147900000.0,2.62,2.55,2.62,390713000.0,367177750.0,390713000.0,4001009378.0,27.0,24.038,109122000.0,2.974,1.0,303098000.0,1.0,64142000.0,0.0,175171000.0,170650750.0,0.0,84706000.0,,,48328000.0,,,4161385378.0,30804000.0,0.0,-21334000.0,0.0,-29534000.0,-55364000.0,-37953000.0,-21927000.0,124506000.0,-385000.0,96037000.0,96037000.0,96037000.0,0.0,0.0,0.317,155198000.0,147900000.0,12257000.0,0.305,10.651,43.331,42.592,30897000.0,0.0,111.59,13.73,13.508,40459000.0,168011000.0,303098000.0,303098000.0,0.0,0.235,0.262,0.867,0.488,12519000.0,133343000.0,1.0,37291741.0,36690000,37637000.0,8.261,374899000.0,9229000.0,51863000.0,4463000.0,10.218,
6,MKTX,MRY,2014-12-31,2014-12-31,2014-12-31,2021-07-27,-4537000.0,379884000.0,361471250.0,,,0.727,9.05,-14787000.0,168924000.0,168924000.0,0.0,74806000.0,,0.137,0.0,,,0.0,2465000.0,17379000.0,0.0,0.009,0.64,118536000.0,135915000.0,0.517,135915000.0,118536000.0,118536000.0,2.03,1.97,2.03,334208000.0,325437750.0,334208000.0,2525306140.0,21.0,18.58,95165000.0,2.577,1.0,262774000.0,1.0,66419000.0,0.0,144541000.0,147392250.0,0.0,64863000.0,,,45676000.0,,,2680406140.0,36233000.0,0.0,-35463000.0,0.0,-23941000.0,-60223000.0,-13025000.0,1151000.0,109952000.0,-471000.0,74806000.0,74806000.0,74806000.0,0.0,0.0,0.285,144238000.0,118536000.0,11961000.0,0.315,8.02,35.831,35.325,32185000.0,0.0,71.71,10.2,10.078,33836000.0,101813000.0,262774000.0,262774000.0,0.0,0.207,0.23,0.804,0.451,9769000.0,126859000.0,1.0,37378415.0,36930000,37889000.0,7.115,313465000.0,6972000.0,43730000.0,5940000.0,8.488,
7,MKTX,MRY,2013-12-31,2013-12-31,2013-12-31,2021-07-27,-4083000.0,353910000.0,318714250.0,,,0.749,8.414,-23282000.0,132691000.0,132691000.0,0.0,76016000.0,,0.14,0.0,,,0.0,2713000.0,13051000.0,0.0,0.008,0.52,114733000.0,127784000.0,0.535,127784000.0,114733000.0,114733000.0,2.06,2.01,2.06,310362000.0,280011750.0,310362000.0,2399239991.0,21.0,18.776,67597000.0,1.833,1.0,238733000.0,1.0,68697000.0,0.0,152522000.0,119998750.0,0.0,67742000.0,,,43548000.0,,,2518248991.0,3783000.0,-28481000.0,3039000.0,0.0,-19837000.0,-17074000.0,-69121000.0,-17340000.0,90879000.0,-901000.0,76016000.0,76016000.0,76016000.0,-7453000.0,0.0,0.318,131453000.0,107280000.0,12859000.0,0.252,8.114,33.128,32.489,32703000.0,0.0,66.928,10.548,10.341,34158000.0,51042000.0,238733000.0,238733000.0,0.0,0.239,0.271,0.956,0.481,8879000.0,117330000.0,1.0,37626240.0,36886000,37888000.0,6.472,285213000.0,7279000.0,38717000.0,3975000.0,7.732,
8,MKTX,MRY,2012-12-31,2012-12-31,2012-12-31,2021-07-27,-3093000.0,279841000.0,287251750.0,,,0.664,6.647,-10360000.0,128908000.0,128908000.0,0.0,60069000.0,,0.153,0.0,,,0.0,4864000.0,8233000.0,0.0,0.049,1.74,87655000.0,95888000.0,0.502,95888000.0,87655000.0,87655000.0,1.65,1.59,1.65,242717000.0,256325750.0,242717000.0,1166360432.0,13.0,12.164,71222000.0,1.95,1.0,190840000.0,1.0,33134000.0,0.0,117799000.0,121489000.0,0.0,51208000.0,,,37124000.0,,,1316461432.0,-40712000.0,0.0,-66608000.0,0.0,-64041000.0,-136175000.0,15030000.0,25433000.0,81582000.0,-1149000.0,60069000.0,60069000.0,60069000.0,1715000.0,0.0,0.315,101470000.0,89370000.0,12344000.0,1.055,5.424,21.916,21.394,18009000.0,0.0,35.3,6.898,6.754,31044000.0,-5644000.0,190840000.0,190840000.0,0.0,0.209,0.234,0.722,0.459,8385000.0,94712000.0,1.0,37293525.0,36516000,37816000.0,5.226,246707000.0,9442000.0,27586000.0,0.0,6.756,
9,MKTX,MRY,2011-12-31,2011-12-31,2011-12-31,2021-07-27,-1882000.0,349458000.0,328413750.0,,,0.523,8.443,-7225000.0,169620000.0,169620000.0,0.0,47704000.0,,0.118,0.0,,,0.0,5326000.0,6781000.0,0.0,0.012,0.36,79707000.0,86488000.0,0.503,86488000.0,79707000.0,79707000.0,1.29,1.2,1.29,312439000.0,298128250.0,312439000.0,991501460.0,12.0,11.464,58253000.0,1.574,1.0,171874000.0,1.0,34544000.0,0.0,145294000.0,148425000.0,0.0,78110000.0,,,37019000.0,,,1149123460.0,44626000.0,0.0,-128000.0,0.0,-13683000.0,-11199000.0,-8576000.0,-4883000.0,65478000.0,-1077000.0,47704000.0,47704000.0,47704000.0,1743000.0,0.0,0.278,90424000.0,81450000.0,12268000.0,0.279,3.678,24.089,23.341,14460000.0,0.0,30.11,6.686,6.483,36170000.0,-584000.0,171874000.0,171874000.0,0.0,0.145,0.16,0.537,0.464,6859000.0,85218000.0,1.0,38164180.0,37006000,39608000.0,4.644,314914000.0,8089000.0,32003000.0,0.0,8.51,
10,MKTX,MRY,2010-12-31,2010-12-31,2010-12-31,2021-07-27,-1651000.0,299521000.0,286189250.0,,,0.511,7.071,-7109000.0,124994000.0,124994000.0,0.0,31428000.0,,0.148,0.0,,,0.0,4571000.0,6350000.0,0.0,0.013,0.28,50910000.0,57260000.0,0.392,57260000.0,50910000.0,50910000.0,0.86,0.8,0.86,234476000.0,228137500.0,234476000.0,588669790.0,12.0,10.281,57037000.0,1.72,1.0,146228000.0,1.0,36012000.0,0.0,138515000.0,134315750.0,0.0,72552000.0,,,34730000.0,,,697414790.0,21653000.0,0.0,-23239000.0,0.0,-10630000.0,-33849000.0,-7720000.0,-643000.0,64146000.0,-924000.0,31428000.0,31428000.0,31428000.0,0.0,0.0,0.215,95318000.0,50910000.0,12368000.0,0.326,2.974,22.191,24.198,12545000.0,0.0,20.81,4.769,4.719,25682000.0,-34605000.0,146228000.0,146228000.0,0.0,0.11,0.138,0.379,0.348,8969000.0,88968000.0,1.0,33513445.0,33159000,39051000.0,4.41,263509000.0,19813000.0,19482000.0,0.0,7.947,
11,MKTX,MRY,2009-12-31,2009-12-31,2009-12-31,2021-07-27,-1391000.0,277286000.0,260025750.0,,,0.44,6.509,-6798000.0,103341000.0,103341000.0,0.0,16102000.0,,0.141,0.0,,,0.0,4262000.0,6790000.0,0.0,0.005,0.07,30049000.0,36839000.0,0.322,36839000.0,30049000.0,30049000.0,0.44,0.42,0.44,216502000.0,207987250.0,216502000.0,371447690.0,12.0,10.083,36529000.0,1.098,1.0,114439000.0,1.0,40950000.0,0.0,132995000.0,116118750.0,0.0,70997000.0,,,30469000.0,,,477580690.0,-3982000.0,-1368000.0,242000.0,0.0,-2650000.0,-2646000.0,-44165000.0,-35344000.0,43327000.0,-498000.0,16102000.0,16102000.0,16102000.0,0.0,0.0,0.141,84390000.0,30049000.0,11050000.0,0.159,2.206,29.66,31.591,6856000.0,0.0,13.9,4.173,4.04,23150000.0,-55403000.0,114439000.0,114439000.0,0.0,0.062,0.077,0.259,0.263,8414000.0,77600000.0,1.0,34358323.0,33264000,38082000.0,3.44,236336000.0,23980000.0,13947000.0,0.0,7.105,
12,MKTX,MRY,2008-12-31,2008-12-31,2008-12-31,2021-07-27,-1320000.0,246428000.0,229089250.0,,,0.406,5.924,-4042000.0,107323000.0,107323000.0,0.0,7899000.0,,0.111,0.0,,,0.0,2303000.0,7879000.0,0.0,0.0,0.0,12834000.0,20713000.0,0.223,20713000.0,12834000.0,12834000.0,0.23,0.22,0.23,194493000.0,187873750.0,194493000.0,159675040.0,12.0,7.709,23592000.0,0.719,1.0,93085000.0,1.0,44067000.0,0.0,95038000.0,91450750.0,0.0,35227000.0,,,21620000.0,,,274637040.0,34612000.0,-34918000.0,-3090000.0,0.0,0.0,30311000.0,-22499000.0,16322000.0,27634000.0,-834000.0,7899000.0,7899000.0,7899000.0,0.0,0.0,0.085,80251000.0,12834000.0,8878000.0,0.0,1.412,34.769,35.478,3369000.0,0.0,8.16,2.95,2.878,13283000.0,-68855000.0,93085000.0,93085000.0,0.0,0.034,0.042,0.14,0.138,7061000.0,72372000.0,1.0,33656500.0,32830923,35737379.0,2.835,202361000.0,35666000.0,4935000.0,0.0,6.164,
13,MKTX,MRY,2007-12-31,2007-12-31,2007-12-31,2021-07-27,-884000.0,198366000.0,194792500.0,,,0.481,5.4,-4903000.0,72711000.0,72711000.0,0.0,10320000.0,,0.137,0.0,,,0.0,826000.0,7170000.0,0.0,0.0,0.0,17251000.0,24421000.0,0.261,24421000.0,17251000.0,17251000.0,0.32,0.3,0.32,174397000.0,175100000.0,174397000.0,354347399.0,21.0,14.51,24217000.0,0.75,1.0,93643000.0,1.0,9148000.0,0.0,116507000.0,117736250.0,0.0,51579000.0,,,23969000.0,,,428697399.0,-9289000.0,-3139000.0,-29383000.0,0.0,0.0,-27015000.0,-11179000.0,-2480000.0,29120000.0,-215000.0,10320000.0,10320000.0,10320000.0,0.0,0.0,0.11,76392000.0,17251000.0,8832000.0,0.0,2.458,41.54,40.094,2931000.0,0.0,12.83,4.578,4.424,18397000.0,-76754000.0,93643000.0,93643000.0,0.0,0.053,0.059,0.147,0.184,5634000.0,69222000.0,1.0,33413671.0,32293036,34453195.0,2.9,189218000.0,37207000.0,6931000.0,0.0,5.859,
14,MKTX,MRY,2006-12-31,2006-12-31,2006-12-31,2021-07-27,-733000.0,204278000.0,194165500.0,,,0.429,6.062,-6787000.0,82000000.0,82000000.0,0.0,5421000.0,,0.103,0.0,,,0.0,857000.0,6728000.0,0.0,0.0,0.0,8604000.0,15332000.0,0.184,15332000.0,8604000.0,8604000.0,0.18,0.15,0.18,185285000.0,179733250.0,185285000.0,330469034.0,38.0,21.554,10314000.0,0.337,1.0,83316000.0,1.0,6812000.0,0.0,115466000.0,124857000.0,0.0,49015000.0,,,18993000.0,,,395762034.0,23811000.0,0.0,1144000.0,0.0,0.0,2818000.0,4231000.0,11017000.0,17101000.0,-339000.0,5421000.0,5421000.0,5421000.0,0.0,0.0,0.065,74712000.0,8604000.0,5323000.0,0.0,2.136,73.005,75.389,4304000.0,0.0,13.57,4.75,4.978,17429000.0,-87074000.0,83316000.0,83316000.0,0.0,0.028,0.03,0.069,0.103,6432000.0,67984000.0,1.0,29164483.0,30563437,35077348.0,2.726,197466000.0,38901000.0,3183000.0,0.0,6.461,
15,MKTX,MRY,2005-12-31,2005-12-31,2005-12-31,2021-07-27,-482000.0,190462000.0,181166500.0,,,0.434,6.068,-4781000.0,58189000.0,58189000.0,0.0,8142000.0,,0.115,0.0,,,0.0,1317000.0,5649000.0,0.0,0.0,0.0,11561000.0,17210000.0,0.219,17210000.0,11561000.0,11561000.0,0.29,0.23,0.29,170864000.0,165336000.0,170864000.0,222552598.0,19.0,12.932,12127000.0,0.431,1.0,78560000.0,1.0,6199000.0,0.0,126074000.0,123511000.0,0.0,59956000.0,,,19598000.0,,,277045598.0,-39463000.0,0.0,2709000.0,0.0,0.0,2709000.0,-59034000.0,-54253000.0,16908000.0,-46000.0,8142000.0,8142000.0,8142000.0,0.0,0.0,0.104,66999000.0,11561000.0,6433000.0,0.0,1.621,34.027,39.414,4643000.0,0.0,11.43,3.527,4.097,14796000.0,-92495000.0,78560000.0,78560000.0,0.0,0.045,0.049,0.094,0.147,2507000.0,61350000.0,1.0,24238460.0,28156505,35512346.0,2.79,184263000.0,39804000.0,3419000.0,0.0,6.544,
16,MKTX,MRY,2004-12-31,2004-12-31,2004-12-31,2021-07-27,-342000.0,175646000.0,116414500.0,,,0.651,21.869,-6982000.0,97652000.0,97652000.0,0.0,57587000.0,,0.132,0.0,,,0.0,2804000.0,3468000.0,0.0,0.0,0.0,17316000.0,20784000.0,0.274,20784000.0,17316000.0,17316000.0,6.76,1.88,6.76,155218000.0,17474500.0,155218000.0,432034269.0,25.0,20.787,13751000.0,1.937,1.0,75797000.0,1.0,5587000.0,0.0,72407000.0,52443000.0,0.0,5797000.0,,,20428000.0,,,450205983.0,77061000.0,0.0,59052000.0,0.0,0.0,54169000.0,2520000.0,9794000.0,20733000.0,-361000.0,57587000.0,57587000.0,57587000.0,0.0,0.0,0.76,57241000.0,18556000.0,5821000.0,0.0,2.9,7.818,2.516,5079000.0,0.0,17.01,5.94,1.593,14375000.0,-100637000.0,75797000.0,75797000.0,0.0,0.495,3.295,0.33,0.228,1903000.0,51249000.0,1.0,26467136.0,7097682,30638644.0,10.679,170059000.0,40351000.0,-40271000.0,0.0,23.96,
17,MKTX,MRY,2003-12-31,2003-12-31,2003-12-31,2021-07-27,19000.0,57183000.0,,,,,-36.573,-4721000.0,20591000.0,20591000.0,0.0,4212000.0,,-0.148,0.0,,,0.0,3671000.0,4688000.0,0.0,,0.0,4402000.0,9090000.0,0.155,9090000.0,4402000.0,4402000.0,-2.2,-2.2,-2.2,-120269000.0,,-120269000.0,,,,12301000.0,3.741,1.0,58460000.0,1.0,4113000.0,0.0,32479000.0,,0.0,15591000.0,,,17788000.0,,,,8375000.0,0.0,80000.0,0.0,0.0,80000.0,-8619000.0,-4002000.0,17022000.0,-108000.0,4212000.0,4212000.0,4212000.0,0.0,0.0,0.072,52252000.0,6208000.0,4771000.0,0.0,,,,3038000.0,0.0,,,,9063000.0,-148585000.0,58460000.0,58460000.0,0.0,,,,0.075,1578000.0,42164000.0,1.0,,3288464,3288464.0,17.777,53070000.0,0.0,190000.0,0.0,16.138,
18,MKTX,MRY,2002-12-31,2002-12-31,2002-12-31,2021-07-27,,,,,,,,-2430000.0,,,0.0,-36076000.0,,,,,,,,6658000.0,,,0.0,-36076000.0,-29418000.0,-1.573,-29418000.0,-36076000.0,-36076000.0,-14.39,-14.39,-14.39,,,,,,,-21073000.0,-6.405,1.0,18701000.0,1.0,,0.0,,,,,,,,,,,311000.0,0.0,0.0,0.0,0.0,8400000.0,10554000.0,13706000.0,-18643000.0,0.0,-36076000.0,-36076000.0,-36076000.0,0.0,0.0,-1.929,54069000.0,-35368000.0,,0.0,,,,,0.0,,,,,,18701000.0,18701000.0,0.0,,,,-1.929,1193000.0,39461000.0,1.0,,3290326,3290326.0,5.684,,,0.0,,,
0,MKTX,MRQ,2021-06-30,2021-06-30,2021-06-30,2021-07-27,-5444000.0,1537923000.0,,,,,27.244,-13936000.0,463720000.0,463720000.0,0.0,67288000.0,,0.505,91265000.0,,,91265000.0,0.0,14801000.0,0.0,0.005,0.66,86224000.0,101025000.0,0.573,101025000.0,86224000.0,86053000.0,1.79,1.77,1.79,1021860000.0,,1021860000.0,17260149111.0,47.0,41.194,82790000.0,2.207,1.0,176334000.0,1.0,274778000.0,171000.0,890690000.0,,0.0,35838000.0,,,516063000.0,,,17608397111.0,-7439000.0,-17078000.0,-9015000.0,-33256000.0,-24784000.0,-73915000.0,-31014000.0,0.0,96726000.0,764000.0,67288000.0,67288000.0,67288000.0,0.0,0.0,0.382,89157000.0,87177000.0,344175000.0,0.369,17.232,61.044,60.206,167014000.0,0.0,463.59,24.901,24.589,562864000.0,896977000.0,176334000.0,176334000.0,0.0,,,,,6134000.0,71688000.0,1.0,37982694.0,37508000,38104000.0,4.701,1263145000.0,0.0,18765000.0,41345000.0,33.677,
1,MKTX,MRQ,2021-03-31,2021-03-31,2021-03-31,2021-07-27,-6582000.0,1545869000.0,,,,,26.374,-12332000.0,440998000.0,440998000.0,0.0,80457000.0,,0.564,92750000.0,,,92750000.0,0.0,13443000.0,0.0,0.005,0.66,101992000.0,115435000.0,0.591,115435000.0,101992000.0,101801000.0,2.15,2.11,2.15,988233000.0,,988233000.0,18501602076.0,48.0,42.792,-35491000.0,-0.947,1.0,195464000.0,1.0,238333000.0,191000.0,959288000.0,,0.0,24308000.0,,,557636000.0,,,18918907076.0,-55368000.0,0.0,-276000.0,34302000.0,-25454000.0,-18850000.0,-12332000.0,0.0,-23159000.0,-1027000.0,80457000.0,80457000.0,80457000.0,0.0,0.0,0.412,91990000.0,103474000.0,388470000.0,0.307,19.144,62.026,61.02,163878000.0,0.0,497.92,26.437,26.072,652409000.0,854747000.0,195464000.0,195464000.0,0.0,,,,,7424000.0,75517000.0,1.0,37995877.0,37470000,38155000.0,5.217,1307536000.0,0.0,21344000.0,48193000.0,34.896,
2,MKTX,MRQ,2020-12-31,2020-12-31,2020-12-31,2021-07-27,-4650000.0,1331429000.0,,,,,25.532,-11482000.0,510917000.0,510917000.0,0.0,72931000.0,,0.394,93612000.0,,,93612000.0,0.0,12288000.0,0.0,0.004,0.6,90385000.0,102673000.0,0.599,102673000.0,90385000.0,90289000.0,1.95,1.91,1.95,955061000.0,,955061000.0,21393751290.0,57.0,51.14,216138000.0,5.778,1.0,171346000.0,1.0,242742000.0,96000.0,671382000.0,,0.0,28111000.0,,,376368000.0,,,21660444290.0,170749000.0,-22770000.0,2577000.0,0.0,-22462000.0,-27741000.0,-34252000.0,0.0,227620000.0,5122000.0,72931000.0,72931000.0,72931000.0,0.0,0.0,0.426,79649000.0,91697000.0,177680000.0,0.308,22.68,72.352,71.231,161128000.0,0.0,570.56,31.432,30.931,359492000.0,799369000.0,171346000.0,171346000.0,0.0,,,,,6694000.0,64060000.0,1.0,37963482.0,37407000,38189000.0,4.581,1088687000.0,0.0,17358000.0,42750000.0,29.104,
3,MKTX,MRQ,2020-09-30,2020-09-30,2020-09-30,2021-07-27,-10599000.0,1245504000.0,,,,,24.007,-11879000.0,360401000.0,360401000.0,0.0,67776000.0,,0.388,93708000.0,,,93708000.0,5092000.0,10853000.0,0.0,0.005,0.6,89011000.0,99864000.0,0.609,99864000.0,89011000.0,87965000.0,1.81,1.78,1.81,897539000.0,,897539000.0,17977360859.0,52.0,46.472,-60232000.0,-1.611,1.0,164006000.0,1.0,206261000.0,1046000.0,772550000.0,,0.0,31274000.0,,,347965000.0,,,18286807859.0,12568000.0,6000.0,-4156000.0,0.0,-22436000.0,-33376000.0,90188000.0,102061000.0,-48353000.0,4109000.0,67776000.0,67776000.0,67776000.0,0.0,0.0,0.413,76199000.0,87807000.0,163417000.0,0.331,20.374,66.084,64.817,158766000.0,0.0,481.59,28.24,27.804,462559000.0,749211000.0,164006000.0,164006000.0,0.0,,,,,6451000.0,62329000.0,1.0,37971735.0,37386000,38160000.0,4.387,1039243000.0,52000.0,20189000.0,34822000.0,27.798,
4,MKTX,MRQ,2020-06-30,2020-06-30,2020-06-30,2021-07-27,-14151000.0,1039217000.0,,,,,22.857,-11198000.0,404148000.0,404148000.0,0.0,83854000.0,,0.218,94701000.0,,,94701000.0,4068000.0,9985000.0,0.0,0.004,0.6,104403000.0,114388000.0,0.619,114388000.0,104403000.0,104403000.0,2.25,2.2,2.25,853484000.0,,853484000.0,18722474397.0,58.0,51.65,93655000.0,2.508,1.0,184795000.0,1.0,206946000.0,0.0,522824000.0,,0.0,131372000.0,,,185733000.0,,,18989984397.0,58736000.0,0.0,-5214000.0,0.0,-22424000.0,-34173000.0,-11626000.0,-428000.0,104853000.0,-318000.0,83854000.0,83854000.0,83854000.0,0.0,0.0,0.454,80660000.0,104135000.0,22624000.0,0.267,22.25,72.22,70.751,156394000.0,0.0,500.92,30.871,30.406,99222000.0,704219000.0,184795000.0,184795000.0,0.0,,,,,5791000.0,66642000.0,1.0,37910214.0,37340000,38153000.0,4.949,832271000.0,33000.0,20549000.0,24906000.0,22.289,
5,MKTX,MRQ,2020-03-31,2020-03-31,2020-03-31,2021-07-27,-14620000.0,975603000.0,,,,,21.389,-11069000.0,363811000.0,363811000.0,0.0,74816000.0,,0.223,96301000.0,,,96301000.0,3950000.0,9712000.0,0.0,0.006,0.6,91702000.0,101414000.0,0.6,101414000.0,91702000.0,91702000.0,2.01,1.96,2.01,797883000.0,,797883000.0,12439440542.0,44.0,39.008,109300000.0,2.93,1.0,168978000.0,1.0,207679000.0,0.0,500414000.0,,0.0,135617000.0,,,177720000.0,,,12611573542.0,91744000.0,-533000.0,-5335000.0,0.0,-23244000.0,-49822000.0,24557000.0,36159000.0,120369000.0,-3360000.0,74816000.0,74816000.0,74816000.0,0.0,0.0,0.443,77889000.0,91089000.0,34764000.0,0.299,15.806,55.51,54.253,154577000.0,0.0,332.57,22.689,22.319,93572000.0,643129000.0,168978000.0,168978000.0,0.0,,,,,6677000.0,64312000.0,1.0,37921561.0,37303000,38075000.0,4.53,767924000.0,58000.0,16886000.0,20776000.0,20.586,
6,MKTX,MRQ,2019-12-31,2019-12-31,2019-12-31,2021-07-27,-10270000.0,954930000.0,,,,,20.716,-12154000.0,270124000.0,270124000.0,0.0,50273000.0,,0.24,97991000.0,,,97991000.0,0.0,9221000.0,0.0,0.005,0.51,61957000.0,71178000.0,0.548,71178000.0,61957000.0,61957000.0,1.36,1.32,1.36,770091000.0,,770091000.0,14093172041.0,55.0,48.584,76987000.0,2.071,1.0,129774000.0,1.0,207847000.0,0.0,574950000.0,,0.0,230477000.0,,,184839000.0,,,14321668041.0,-47389000.0,-97430000.0,-5494000.0,0.0,-18998000.0,-32041000.0,-106761000.0,2875000.0,89141000.0,2272000.0,50273000.0,50273000.0,50273000.0,0.0,0.0,0.387,68923000.0,60851000.0,22793000.0,0.375,18.597,69.895,68.555,153194000.0,0.0,379.11,28.007,27.493,62017000.0,591086000.0,129774000.0,129774000.0,0.0,,,,,6225000.0,57848000.0,1.0,37777078.0,37173000,38085000.0,3.491,747083000.0,0.0,11684000.0,16690000.0,20.097,
7,MKTX,MRQ,2019-09-30,2019-09-30,2019-09-30,2021-07-27,-12804000.0,855026000.0,,,,,18.74,-9122000.0,320527000.0,320527000.0,0.0,54002000.0,,0.231,92031000.0,,,92031000.0,3731000.0,8169000.0,0.0,0.006,0.51,67338000.0,75507000.0,0.574,75507000.0,67338000.0,67338000.0,1.46,1.42,1.46,694623000.0,,694623000.0,12168841770.0,48.0,43.334,58570000.0,1.58,1.0,131597000.0,1.0,62387000.0,0.0,564143000.0,,0.0,235625000.0,,,160403000.0,,,12365308770.0,34329000.0,0.0,-2407000.0,0.0,-18910000.0,-27527000.0,-4554000.0,4548000.0,67692000.0,-1282000.0,54002000.0,54002000.0,54002000.0,0.0,0.0,0.41,65632000.0,65965000.0,16285000.0,0.349,17.801,61.685,60.424,141921000.0,0.0,327.5,25.03,24.572,72812000.0,560164000.0,131597000.0,131597000.0,0.0,,,,,7944000.0,56150000.0,1.0,37756668.0,37066000,37995000.0,3.55,792639000.0,3163000.0,13336000.0,13274000.0,21.385,
8,MKTX,MRQ,2019-06-30,2019-06-30,2019-06-30,2021-07-27,-11458000.0,812009000.0,,,,,17.866,-9591000.0,286179000.0,286179000.0,0.0,48105000.0,,0.227,89712000.0,,,89712000.0,3810000.0,7889000.0,0.0,0.006,0.51,62909000.0,70798000.0,0.564,70798000.0,62909000.0,62909000.0,1.3,1.27,1.3,661908000.0,,661908000.0,11946617629.0,51.0,46.077,60142000.0,1.623,1.0,125490000.0,1.0,62483000.0,0.0,553059000.0,,0.0,231895000.0,,,150101000.0,,,12116725629.0,25208000.0,0.0,-3136000.0,0.0,-18911000.0,-22305000.0,-21298000.0,-11724000.0,69733000.0,-922000.0,48105000.0,48105000.0,48105000.0,0.0,0.0,0.383,64613000.0,60877000.0,17050000.0,0.392,18.306,65.477,64.284,140928000.0,0.0,321.42,26.121,25.672,66332000.0,525430000.0,125490000.0,125490000.0,0.0,,,,,5929000.0,55658000.0,1.0,37697485.0,37049000,37910000.0,3.387,749526000.0,1595000.0,14804000.0,12860000.0,20.231,
9,MKTX,MRQ,2019-03-31,2019-03-31,2019-03-31,2021-07-27,-10817000.0,774809000.0,,,,,17.038,-3833000.0,260953000.0,260953000.0,0.0,52522000.0,,0.228,90845000.0,,,90845000.0,3545000.0,7373000.0,0.0,0.007,0.51,65220000.0,72593000.0,0.583,72593000.0,65220000.0,65220000.0,1.42,1.39,1.42,631146000.0,,631146000.0,9027168595.0,41.0,36.477,35536000.0,0.959,1.0,124491000.0,1.0,62579000.0,0.0,542122000.0,,0.0,222458000.0,,,143663000.0,,,9273490595.0,14647000.0,0.0,-5012000.0,0.0,-19412000.0,-36227000.0,10562000.0,14410000.0,39369000.0,943000.0,52522000.0,52522000.0,52522000.0,0.0,0.0,0.422,61302000.0,63189000.0,13717000.0,0.359,14.693,52.264,51.267,139237000.0,0.0,246.08,20.823,20.469,70946000.0,496562000.0,124491000.0,124491000.0,0.0,,,,,5196000.0,52643000.0,1.0,37684861.0,37043000,37832000.0,3.361,712230000.0,1417000.0,12698000.0,18857000.0,19.227,
10,MKTX,MRQ,2018-12-31,2018-12-31,2018-12-31,2021-07-27,-12394000.0,695539000.0,,,,,16.44,-14601000.0,246322000.0,246322000.0,0.0,45831000.0,,0.144,0.0,,,0.0,2810000.0,5848000.0,0.0,0.008,0.42,56066000.0,61914000.0,0.551,61914000.0,56066000.0,56066000.0,1.24,1.21,1.24,607878000.0,,607878000.0,7733607095.0,35.0,32.068,55504000.0,1.501,1.0,112444000.0,1.0,62675000.0,0.0,386542000.0,,0.0,240105000.0,,,87661000.0,,,7943692095.0,36237000.0,0.0,-4600000.0,0.0,-15539000.0,-20242000.0,-13312000.0,1275000.0,70105000.0,-314000.0,45831000.0,45831000.0,45831000.0,0.0,0.0,0.408,58479000.0,53965000.0,29366000.0,0.339,13.068,45.957,45.152,63010000.0,0.0,211.31,18.238,17.93,57535000.0,463252000.0,112444000.0,112444000.0,0.0,,,,,4299000.0,50374000.0,1.0,37592599.0,36976000,37843000.0,3.041,632864000.0,3424000.0,10235000.0,16432000.0,17.116,
11,MKTX,MRQ,2018-09-30,2018-09-30,2018-09-30,2021-07-27,-12033000.0,646131000.0,,,,,15.659,-10421000.0,210085000.0,210085000.0,0.0,38594000.0,,0.117,0.0,,,0.0,3785000.0,6173000.0,0.0,0.009,0.42,47797000.0,53970000.0,0.532,53970000.0,47797000.0,47797000.0,1.04,1.02,1.04,578618000.0,,578618000.0,6535356435.0,31.0,27.949,57573000.0,1.558,1.0,101443000.0,1.0,62771000.0,0.0,373275000.0,,0.0,236101000.0,,,67513000.0,,,6706042435.0,39399000.0,0.0,-5065000.0,0.0,-15543000.0,-20551000.0,-7572000.0,2840000.0,67994000.0,-472000.0,38594000.0,38594000.0,38594000.0,0.0,0.0,0.38,55031000.0,46412000.0,19339000.0,0.404,11.59,41.784,41.032,54320000.0,0.0,178.49,15.903,15.641,62004000.0,433227000.0,101443000.0,101443000.0,0.0,,,,,3950000.0,47098000.0,1.0,37570970.0,36951000,37828000.0,2.745,583360000.0,2256000.0,9203000.0,12921000.0,15.787,
12,MKTX,MRQ,2018-06-30,2018-06-30,2018-06-30,2021-07-27,-11523000.0,617598000.0,,,,,15.085,-16703000.0,170686000.0,170686000.0,0.0,40487000.0,,0.108,0.0,,,0.0,3595000.0,5790000.0,0.0,0.008,0.42,53210000.0,59000000.0,0.552,59000000.0,53210000.0,53210000.0,1.1,1.07,1.1,557378000.0,,557378000.0,7284644186.0,35.0,31.445,37676000.0,1.02,1.0,106964000.0,1.0,62867000.0,0.0,384045000.0,,0.0,249591000.0,,,60220000.0,,,7440813186.0,14517000.0,0.0,-6523000.0,0.0,-15536000.0,-22435000.0,-16683000.0,-20000.0,54379000.0,-744000.0,40487000.0,40487000.0,40487000.0,0.0,0.0,0.379,54930000.0,52034000.0,20041000.0,0.382,13.35,47.688,46.665,50088000.0,0.0,197.86,17.894,17.582,61883000.0,410419000.0,106964000.0,106964000.0,0.0,,,,,3650000.0,47128000.0,1.0,37606455.0,36950000,37862000.0,2.895,554731000.0,1453000.0,12723000.0,12972000.0,15.013,
13,MKTX,MRQ,2018-03-31,2018-03-31,2018-03-31,2021-07-27,-10292000.0,589273000.0,,,,,14.536,-5868000.0,156169000.0,156169000.0,0.0,47940000.0,,0.097,0.0,,,0.0,3554000.0,5269000.0,0.0,0.006,0.42,61013000.0,66282000.0,0.578,66282000.0,61013000.0,61013000.0,1.3,1.27,1.3,537164000.0,,537164000.0,8015089250.0,39.0,35.305,25571000.0,0.692,1.0,114714000.0,1.0,62963000.0,0.0,370141000.0,,0.0,244271000.0,,,52109000.0,,,8182103250.0,-10845000.0,0.0,-6010000.0,0.0,-15814000.0,-29445000.0,-12729000.0,-6837000.0,31439000.0,-110000.0,47940000.0,47940000.0,47940000.0,0.0,0.0,0.418,54541000.0,60173000.0,14532000.0,0.323,15.232,53.281,52.144,39623000.0,0.0,217.44,20.194,19.832,67529000.0,385725000.0,114714000.0,114714000.0,0.0,,,,,3951000.0,47547000.0,1.0,37629246.0,36954000,37886000.0,3.104,526310000.0,830000.0,13073000.0,18412000.0,14.242,
14,MKTX,MRQ,2017-12-31,2017-12-31,2017-12-31,2021-07-27,-10226000.0,581232000.0,,,,,13.955,-8218000.0,167014000.0,167014000.0,0.0,33473000.0,,0.129,0.0,,,0.0,2660000.0,5208000.0,0.0,0.007,0.33,49371000.0,54579000.0,0.554,54579000.0,49371000.0,49371000.0,0.91,0.88,0.91,514768000.0,,514768000.0,7434085443.0,37.0,33.632,38234000.0,1.036,1.0,98560000.0,1.0,63059000.0,0.0,351159000.0,,0.0,239521000.0,,,66464000.0,,,7573077443.0,28022000.0,0.0,-5777000.0,0.0,-12171000.0,-32733000.0,14254000.0,22478000.0,46452000.0,49000.0,33473000.0,33473000.0,33473000.0,0.0,0.0,0.34,49723000.0,48837000.0,14241000.0,0.363,14.712,51.139,50.187,38548000.0,0.0,201.75,19.249,18.904,52636000.0,353583000.0,98560000.0,98560000.0,0.0,,,,,3432000.0,43038000.0,1.0,37536939.0,36888000,37945000.0,2.672,518173000.0,1737000.0,15898000.0,13061000.0,14.047,
15,MKTX,MRQ,2017-09-30,2017-09-30,2017-09-30,2021-07-27,-10150000.0,562347000.0,,,,,13.859,-4895000.0,138992000.0,138992000.0,0.0,34130000.0,,0.101,0.0,,,0.0,3191000.0,4583000.0,0.0,0.007,0.33,47217000.0,51800000.0,0.542,51800000.0,47217000.0,47217000.0,0.93,0.9,0.93,510908000.0,,510908000.0,6797822708.0,34.0,30.748,47570000.0,1.29,1.0,95584000.0,1.0,63155000.0,0.0,360200000.0,,0.0,237221000.0,,,51439000.0,,,6925965708.0,10849000.0,0.0,-11903000.0,0.0,-12182000.0,-28880000.0,-13570000.0,-8655000.0,52465000.0,834000.0,34130000.0,34130000.0,34130000.0,0.0,0.0,0.357,48949000.0,46635000.0,12714000.0,0.355,13.556,46.866,46.012,35321000.0,0.0,184.51,17.892,17.571,63027000.0,332506000.0,95584000.0,95584000.0,0.0,,,,,3521000.0,42890000.0,1.0,37537075.0,36865000,38019000.0,2.593,499192000.0,8457000.0,13087000.0,4507000.0,13.541,
16,MKTX,MRQ,2017-06-30,2017-06-30,2017-06-30,2021-07-27,-11278000.0,547041000.0,,,,,13.601,-5123000.0,128143000.0,128143000.0,0.0,38023000.0,,0.091,0.0,,,0.0,3076000.0,4790000.0,0.0,0.006,0.33,49573000.0,54363000.0,0.564,54363000.0,49573000.0,49573000.0,1.03,1.0,1.03,501228000.0,,501228000.0,7409481197.0,37.0,33.685,33446000.0,0.908,1.0,96314000.0,1.0,63251000.0,0.0,355647000.0,,0.0,237361000.0,,,45813000.0,,,7547136197.0,-9512000.0,0.0,-11102000.0,0.0,-12179000.0,-23750000.0,-25330000.0,-20179000.0,38569000.0,999000.0,38023000.0,38023000.0,38023000.0,0.0,0.0,0.395,47329000.0,48985000.0,14971000.0,0.32,15.057,52.204,51.301,34643000.0,0.0,201.1,19.767,19.411,55215000.0,310777000.0,96314000.0,96314000.0,0.0,,,,,3525000.0,41022000.0,1.0,37529270.0,36853000,38077000.0,2.613,483790000.0,7370000.0,11550000.0,4686000.0,13.128,
17,MKTX,MRQ,2017-03-31,2017-03-31,2017-03-31,2021-07-27,-12570000.0,530714000.0,,,,,13.09,-7321000.0,137655000.0,137655000.0,0.0,42463000.0,,0.1,0.0,,,0.0,3190000.0,4693000.0,0.0,0.006,0.33,55607000.0,60300000.0,0.586,60300000.0,55607000.0,55607000.0,1.15,1.11,1.15,482355000.0,,482355000.0,6878820824.0,34.0,31.17,23228000.0,0.63,1.0,102964000.0,1.0,63347000.0,0.0,329712000.0,,0.0,218559000.0,,,48359000.0,,,7047063824.0,-30588000.0,0.0,-11707000.0,0.0,-12356000.0,-31705000.0,-29007000.0,-21681000.0,30549000.0,-425000.0,42463000.0,42463000.0,42463000.0,0.0,0.0,0.412,47806000.0,55158000.0,16269000.0,0.287,14.61,50.454,49.47,33888000.0,0.0,187.49,18.442,18.081,56642000.0,285150000.0,102964000.0,102964000.0,0.0,,,,,3943000.0,41786000.0,1.0,37586345.0,36850000,38112000.0,2.794,467367000.0,6829000.0,13144000.0,15028000.0,12.683,
18,MKTX,MRQ,2016-12-31,2016-12-31,2016-12-31,2021-07-27,-12228000.0,528042000.0,,,,,12.706,-4691000.0,168243000.0,168243000.0,0.0,33165000.0,,0.128,0.0,,,0.0,2515000.0,4292000.0,0.0,0.007,0.26,50327000.0,54619000.0,0.592,54619000.0,50327000.0,50327000.0,0.9,0.88,0.9,468013000.0,,468013000.0,5359757884.0,28.0,25.591,51916000.0,1.409,1.0,92247000.0,1.0,63443000.0,0.0,296356000.0,,0.0,194404000.0,,,60029000.0,,,5521201884.0,6799000.0,0.0,-9924000.0,0.0,-9581000.0,-18749000.0,-29281000.0,-24621000.0,56607000.0,-1778000.0,33165000.0,33165000.0,33165000.0,0.0,0.0,0.36,43537000.0,48710000.0,15149000.0,0.289,11.797,43.759,42.959,31104000.0,0.0,146.92,15.014,14.72,50668000.0,255140000.0,92247000.0,92247000.0,0.0,,,,,3875000.0,37939000.0,1.0,37579648.0,36835000,37738000.0,2.504,464599000.0,8562000.0,17162000.0,7582000.0,12.613,
19,MKTX,MRQ,2016-09-30,2016-09-30,2016-09-30,2021-07-27,-10145000.0,502151000.0,,,,,12.245,-3766000.0,161444000.0,161444000.0,0.0,30918000.0,,0.112,0.0,,,0.0,3006000.0,4325000.0,0.0,0.006,0.26,46354000.0,50679000.0,0.561,50679000.0,46354000.0,46354000.0,0.84,0.82,0.84,451700000.0,,451700000.0,6077453618.0,34.0,30.93,49470000.0,1.341,1.0,90271000.0,1.0,63539000.0,0.0,277168000.0,,0.0,170655000.0,,,50451000.0,,,6230728618.0,8169000.0,0.0,-8440000.0,0.0,-9601000.0,-18385000.0,-25887000.0,-22405000.0,53236000.0,-795000.0,30918000.0,30918000.0,30918000.0,0.0,0.0,0.343,43917000.0,46354000.0,15265000.0,0.31,13.794,53.028,51.747,30773000.0,0.0,165.59,17.695,17.347,56583000.0,231743000.0,90271000.0,90271000.0,0.0,,,,,3699000.0,38557000.0,1.0,37627445.0,36889000,37792000.0,2.447,438612000.0,7399000.0,15436000.0,3634000.0,11.89,
20,MKTX,MRQ,2016-06-30,2016-06-30,2016-06-30,2021-07-27,-9049000.0,477115000.0,,,,,11.828,-4359000.0,153275000.0,153275000.0,0.0,33126000.0,,0.094,0.0,,,0.0,2606000.0,4540000.0,0.0,0.006,0.26,50551000.0,55091000.0,0.57,55091000.0,50551000.0,50551000.0,0.9,0.88,0.9,436151000.0,,436151000.0,5323812781.0,32.0,28.652,28288000.0,0.767,1.0,96639000.0,1.0,63635000.0,0.0,260205000.0,,0.0,146330000.0,,,40964000.0,,,5461807781.0,15280000.0,0.0,-2894000.0,0.0,-9586000.0,-12835000.0,-4351000.0,-65000.0,32647000.0,-181000.0,33126000.0,33126000.0,33126000.0,0.0,0.0,0.343,46088000.0,50551000.0,15146000.0,0.289,12.523,49.973,48.792,31495000.0,0.0,145.4,16.253,15.955,62860000.0,210606000.0,96639000.0,96639000.0,0.0,,,,,3443000.0,39595000.0,1.0,37564015.0,36876000,37748000.0,2.621,413480000.0,6057000.0,17425000.0,3000000.0,11.213,
21,MKTX,MRQ,2016-03-31,2016-03-31,2016-03-31,2021-07-27,-7279000.0,451842000.0,,,,,11.16,-5687000.0,137995000.0,137995000.0,0.0,28963000.0,,0.101,0.0,,,0.0,2602000.0,4681000.0,0.0,0.007,0.26,44370000.0,49051000.0,0.554,49051000.0,44370000.0,44370000.0,0.79,0.77,0.79,410416000.0,,410416000.0,4484207547.0,29.0,26.014,-58430000.0,-1.589,1.0,88573000.0,1.0,63731000.0,0.0,250116000.0,,0.0,147226000.0,,,41426000.0,,,4683935547.0,-61733000.0,0.0,-368000.0,0.0,-9727000.0,-15325000.0,6339000.0,12000000.0,-52743000.0,-4000.0,28963000.0,28963000.0,28963000.0,0.0,0.0,0.327,44203000.0,44370000.0,16999000.0,0.329,11.413,46.649,45.558,32094000.0,0.0,124.83,14.874,14.578,52755000.0,187228000.0,88573000.0,88573000.0,0.0,,,,,3494000.0,37756000.0,1.0,37522515.0,36775000,37671000.0,2.409,388111000.0,5197000.0,15407000.0,10915000.0,10.554,
22,MKTX,MRQ,2015-12-31,2015-12-31,2015-12-31,2021-07-27,-5229000.0,439041000.0,,,,,10.653,-4137000.0,199728000.0,199728000.0,0.0,24491000.0,,0.124,0.0,,,0.0,2312000.0,4685000.0,0.0,0.007,0.2,36986000.0,41671000.0,0.544,41671000.0,36986000.0,36986000.0,0.67,0.65,0.67,390713000.0,,390713000.0,4001009378.0,27.0,24.038,44031000.0,1.201,1.0,76644000.0,1.0,64142000.0,0.0,175171000.0,,0.0,84706000.0,,,48328000.0,,,4161385378.0,39352000.0,0.0,-2839000.0,0.0,-7333000.0,-14420000.0,5562000.0,10200000.0,48168000.0,42000.0,24491000.0,24491000.0,24491000.0,0.0,0.0,0.32,39658000.0,36986000.0,12257000.0,0.299,10.651,43.331,42.592,30897000.0,0.0,111.59,13.73,13.508,40459000.0,168011000.0,76644000.0,76644000.0,0.0,,,,,3243000.0,31660000.0,1.0,37291741.0,36675000,37640000.0,2.09,374899000.0,9229000.0,12495000.0,4463000.0,10.222,
23,MKTX,MRQ,2015-09-30,2015-09-30,2015-09-30,2021-07-27,-4969000.0,416322000.0,,,,,10.182,-4086000.0,160376000.0,160376000.0,0.0,22715000.0,,0.115,0.0,,,0.0,2215000.0,4642000.0,0.0,0.008,0.2,35353000.0,39995000.0,0.539,39995000.0,35353000.0,35353000.0,0.62,0.6,0.62,373471000.0,,373471000.0,3300220773.0,23.0,20.286,31657000.0,0.863,1.0,74192000.0,1.0,64712000.0,0.0,191234000.0,,0.0,95516000.0,,,42851000.0,,,3469483773.0,-8887000.0,0.0,-5021000.0,0.0,-7339000.0,-12120000.0,-32580000.0,-28357000.0,35743000.0,70000.0,22715000.0,22715000.0,22715000.0,0.0,0.0,0.306,38839000.0,35353000.0,13388000.0,0.323,9.29,37.233,36.622,31027000.0,0.0,93.02,11.697,11.503,49280000.0,150975000.0,74192000.0,74192000.0,0.0,,,,,3251000.0,34197000.0,1.0,37298256.0,36681000,37643000.0,2.023,351610000.0,8238000.0,12638000.0,4410000.0,9.586,
24,MKTX,MRQ,2015-06-30,2015-06-30,2015-06-30,2021-07-27,-4859000.0,398946000.0,,,,,9.806,-3690000.0,169263000.0,169263000.0,0.0,24238000.0,,0.109,0.0,,,0.0,2650000.0,4603000.0,0.0,0.008,0.2,37059000.0,41662000.0,0.552,41662000.0,37059000.0,37059000.0,0.66,0.64,0.66,359857000.0,,359857000.0,3301358841.0,24.0,21.239,26871000.0,0.732,1.0,75491000.0,1.0,65281000.0,0.0,164402000.0,,0.0,67517000.0,,,39089000.0,,,3462406841.0,8215000.0,0.0,-5227000.0,0.0,-7345000.0,-11583000.0,-9887000.0,-6174000.0,30561000.0,-876000.0,24238000.0,24238000.0,24238000.0,0.0,0.0,0.321,38432000.0,37059000.0,13271000.0,0.303,9.622,39.359,38.816,31290000.0,0.0,92.77,12.078,11.876,46938000.0,135721000.0,75491000.0,75491000.0,0.0,,,,,2983000.0,33829000.0,1.0,37322484.0,36699000,37642000.0,2.057,333665000.0,6061000.0,12821000.0,7059000.0,9.092,
25,MKTX,MRQ,2015-03-31,2015-03-31,2015-03-31,2021-07-27,-4523000.0,378694000.0,,,,,9.39,-3471000.0,161048000.0,161048000.0,0.0,24593000.0,,0.099,0.0,,,0.0,2725000.0,4612000.0,0.0,0.008,0.2,38502000.0,43114000.0,0.562,43114000.0,38502000.0,38502000.0,0.67,0.65,0.67,344670000.0,,344670000.0,2926023564.0,23.0,19.878,6563000.0,0.179,1.0,76771000.0,1.0,65850000.0,0.0,151796000.0,,0.0,62195000.0,,,34024000.0,,,3094947564.0,-7876000.0,0.0,-8247000.0,0.0,-7517000.0,-17241000.0,-1048000.0,2404000.0,10034000.0,379000.0,24593000.0,24593000.0,24593000.0,0.0,0.0,0.32,38269000.0,38502000.0,12756000.0,0.299,8.979,37.778,37.342,31190000.0,0.0,82.9,11.208,11.019,46062000.0,118943000.0,76771000.0,76771000.0,0.0,,,,,3042000.0,33657000.0,1.0,37333505.0,36706000,37626000.0,2.092,312844000.0,5142000.0,13909000.0,9583000.0,8.523,
26,MKTX,MRQ,2014-12-31,2014-12-31,2014-12-31,2021-07-27,-4537000.0,379884000.0,,,,,9.099,-3373000.0,168924000.0,168924000.0,0.0,21636000.0,,0.137,0.0,,,0.0,2465000.0,4425000.0,0.0,0.009,0.16,33489000.0,37914000.0,0.54,37914000.0,33489000.0,33489000.0,0.59,0.57,0.59,334208000.0,,334208000.0,2525306140.0,21.0,18.58,37990000.0,1.034,1.0,70167000.0,1.0,66419000.0,0.0,144541000.0,,0.0,64863000.0,,,45676000.0,,,2680406140.0,13824000.0,0.0,-11411000.0,0.0,-5879000.0,-16262000.0,-11561000.0,-8204000.0,41363000.0,284000.0,21636000.0,21636000.0,21636000.0,0.0,0.0,0.308,36678000.0,33489000.0,11961000.0,0.271,8.02,35.831,35.325,32185000.0,0.0,71.71,10.2,10.078,33836000.0,101813000.0,70167000.0,70167000.0,0.0,,,,,2590000.0,32253000.0,1.0,37378415.0,36729000,37715000.0,1.91,313465000.0,6972000.0,11853000.0,5940000.0,8.535,
27,MKTX,MRQ,2014-09-30,2014-09-30,2014-09-30,2021-07-27,-4580000.0,362909000.0,,,,,8.853,-2689000.0,155100000.0,155100000.0,0.0,17504000.0,,0.112,0.0,,,0.0,3271000.0,4482000.0,0.0,0.01,0.16,28268000.0,32750000.0,0.51,32750000.0,28268000.0,28268000.0,0.47,0.46,0.47,326303000.0,,326303000.0,2186969325.0,19.0,16.295,29488000.0,0.8,1.0,64245000.0,1.0,66989000.0,0.0,140820000.0,,0.0,57021000.0,,,36606000.0,,,2320123325.0,21946000.0,0.0,-11149000.0,0.0,-5898000.0,-16460000.0,6065000.0,8126000.0,32177000.0,164000.0,17504000.0,17504000.0,17504000.0,0.0,0.0,0.272,35977000.0,28268000.0,11283000.0,0.34,7.11,30.407,30.029,32800000.0,0.0,61.86,9.169,9.01,36947000.0,86158000.0,64245000.0,64245000.0,0.0,,,,,2528000.0,31495000.0,1.0,37506035.0,36856000,37805000.0,1.743,295920000.0,5252000.0,10764000.0,3668000.0,8.029,
28,MKTX,MRQ,2014-06-30,2014-06-30,2014-06-30,2021-07-27,-4430000.0,356719000.0,,,,,8.726,-4532000.0,133154000.0,133154000.0,0.0,18191000.0,,0.104,0.0,,,0.0,2950000.0,4351000.0,0.0,0.011,0.16,29071000.0,33422000.0,0.514,33422000.0,29071000.0,29071000.0,0.49,0.48,0.49,322979000.0,,322979000.0,1909074522.0,17.0,14.533,21733000.0,0.587,1.0,64964000.0,1.0,67558000.0,0.0,156007000.0,,0.0,65742000.0,,,33740000.0,,,2039119522.0,3109000.0,0.0,-9936000.0,0.0,-5932000.0,-15585000.0,-7080000.0,-2521000.0,26265000.0,-491000.0,18191000.0,18191000.0,18191000.0,0.0,0.0,0.28,35893000.0,29071000.0,18594000.0,0.327,6.313,26.478,25.99,34396000.0,0.0,54.06,8.159,8.006,40896000.0,74650000.0,64964000.0,64964000.0,0.0,,,,,2335000.0,31542000.0,1.0,37719562.0,37015000,37942000.0,1.755,289161000.0,2617000.0,10880000.0,0.0,7.812,
29,MKTX,MRQ,2014-03-31,2014-03-31,2014-03-31,2021-07-27,-4287000.0,346373000.0,,,,,8.574,-4193000.0,130045000.0,130045000.0,0.0,17475000.0,,0.088,0.0,,,0.0,2722000.0,4121000.0,0.0,0.009,0.16,27708000.0,31829000.0,0.502,31829000.0,27708000.0,27708000.0,0.47,0.46,0.47,318261000.0,,318261000.0,2105271767.0,18.0,15.878,5954000.0,0.16,1.0,63398000.0,1.0,68127000.0,0.0,148201000.0,,0.0,63483000.0,,,28112000.0,,,2237962767.0,-2646000.0,0.0,-2967000.0,0.0,-6232000.0,-11916000.0,-449000.0,3750000.0,10147000.0,-428000.0,17475000.0,17475000.0,17475000.0,0.0,0.0,0.276,35690000.0,27708000.0,19207000.0,0.34,7.032,28.632,28.066,33393000.0,0.0,59.22,9.007,8.847,39077000.0,62471000.0,63398000.0,63398000.0,0.0,,,,,2316000.0,31569000.0,1.0,37790658.0,37121000,38096000.0,1.708,278246000.0,2915000.0,10233000.0,0.0,7.496,
30,MKTX,MRQ,2013-12-31,2013-12-31,2013-12-31,2021-07-27,-4083000.0,353910000.0,,,,,8.392,-8519000.0,132691000.0,132691000.0,0.0,23133000.0,,0.14,0.0,,,0.0,2713000.0,3746000.0,0.0,0.008,0.13,32462000.0,36208000.0,0.599,36208000.0,32462000.0,32462000.0,0.63,0.61,0.63,310362000.0,,310362000.0,2399239991.0,21.0,18.776,15031000.0,0.406,1.0,60442000.0,1.0,68697000.0,0.0,152522000.0,,0.0,67742000.0,,,43548000.0,,,2518248991.0,13026000.0,9346000.0,1223000.0,0.0,-4809000.0,-1691000.0,-8547000.0,-9352000.0,23550000.0,-286000.0,23133000.0,23133000.0,23133000.0,-7663000.0,0.0,0.383,35643000.0,24799000.0,12859000.0,0.206,8.114,33.128,32.489,32703000.0,0.0,66.928,10.548,10.341,34158000.0,51042000.0,60442000.0,60442000.0,0.0,,,,,2460000.0,31671000.0,1.0,37626240.0,36982000,38092000.0,1.634,285213000.0,7279000.0,9329000.0,3975000.0,7.712,
31,MKTX,MRQ,2013-09-30,2013-09-30,2013-09-30,2021-07-27,-3931000.0,332688000.0,,,,,7.763,-4063000.0,119009000.0,119009000.0,0.0,18213000.0,,0.161,0.0,,,0.0,3106000.0,3559000.0,0.0,0.03,0.13,26342000.0,29901000.0,0.489,29901000.0,26342000.0,26342000.0,0.49,0.48,0.49,286620000.0,,286620000.0,2116522110.0,20.0,18.303,33017000.0,0.894,1.0,61133000.0,1.0,69508000.0,0.0,144171000.0,,0.0,58437000.0,,,46068000.0,,,2251990110.0,-15803000.0,0.0,436000.0,0.0,-4770000.0,-3997000.0,-48195000.0,-44073000.0,37080000.0,-691000.0,18213000.0,18213000.0,18213000.0,46000.0,0.0,0.298,34745000.0,26388000.0,20431000.0,0.265,7.857,30.703,29.977,27617000.0,0.0,59.954,9.926,9.756,36876000.0,32794000.0,61133000.0,61133000.0,0.0,,,,,2241000.0,31285000.0,1.0,37561966.0,36919000,37965000.0,1.656,263180000.0,4312000.0,8129000.0,0.0,7.129,
32,MKTX,MRQ,2013-06-30,2013-06-30,2013-06-30,2021-07-27,-3565000.0,305378000.0,,,,,7.339,-8540000.0,135468000.0,135468000.0,0.0,19343000.0,,0.129,0.0,,,0.0,5437000.0,3177000.0,0.0,0.038,0.13,31476000.0,34653000.0,0.546,34653000.0,31476000.0,31476000.0,0.52,0.51,0.52,270564000.0,,270564000.0,1627497907.0,16.0,14.918,11430000.0,0.31,1.0,63507000.0,1.0,71447000.0,0.0,98463000.0,,0.0,14479000.0,,,34814000.0,,,1753416907.0,9549000.0,-709000.0,750000.0,0.0,-4853000.0,-3459000.0,-6835000.0,2415000.0,19970000.0,-127000.0,19343000.0,19343000.0,19343000.0,-54000.0,0.0,0.305,32085000.0,31422000.0,16868000.0,0.25,6.481,25.554,24.867,26443000.0,0.0,46.75,8.265,8.125,41826000.0,19467000.0,63507000.0,63507000.0,0.0,,,,,2181000.0,27680000.0,1.0,37506244.0,36868000,37819000.0,1.723,233931000.0,4511000.0,12133000.0,0.0,6.345,
33,MKTX,MRQ,2013-03-31,2013-03-31,2013-03-31,2021-07-27,-3483000.0,282881000.0,,,,,6.866,-2160000.0,125919000.0,125919000.0,0.0,15326000.0,,0.12,0.0,,,0.0,5398000.0,2569000.0,0.0,0.047,0.13,24452000.0,27021000.0,0.504,27021000.0,24452000.0,24452000.0,0.42,0.41,0.42,252501000.0,,252501000.0,1265361375.0,14.0,12.964,8119000.0,0.221,1.0,53651000.0,1.0,72123000.0,0.0,84839000.0,,0.0,17059000.0,,,30380000.0,,,1394269375.0,-2989000.0,-37118000.0,630000.0,0.0,-5405000.0,-7927000.0,-5544000.0,33670000.0,10279000.0,203000.0,15326000.0,15326000.0,15326000.0,219000.0,0.0,0.286,28980000.0,24671000.0,19231000.0,0.31,5.522,22.524,21.813,18743000.0,0.0,37.3,7.061,6.947,35467000.0,4977000.0,53651000.0,53651000.0,0.0,,,,,1997000.0,26694000.0,1.0,37379876.0,36774000,37673000.0,1.459,210758000.0,4639000.0,9126000.0,0.0,5.731,
34,MKTX,MRQ,2012-12-31,2012-12-31,2012-12-31,2021-07-27,-3093000.0,279841000.0,,,,,6.65,-1532000.0,128908000.0,128908000.0,0.0,20465000.0,,0.153,0.0,,,0.0,4864000.0,2337000.0,0.0,0.049,1.41,21729000.0,24066000.0,0.495,24066000.0,21729000.0,21729000.0,0.57,0.54,0.57,242717000.0,,242717000.0,1166360432.0,13.0,12.164,26780000.0,0.734,1.0,48578000.0,1.0,33134000.0,0.0,117799000.0,,0.0,51208000.0,,,37124000.0,,,1316461432.0,-21193000.0,0.0,-2000.0,0.0,-51653000.0,-50595000.0,1231000.0,2769000.0,28312000.0,-141000.0,20465000.0,20465000.0,20465000.0,462000.0,0.0,0.421,26387000.0,22191000.0,12344000.0,2.474,5.424,21.916,21.394,18009000.0,0.0,35.3,6.898,6.754,31044000.0,-5644000.0,48578000.0,48578000.0,0.0,,,,,2201000.0,24415000.0,1.0,37293525.0,36501000,37588000.0,1.331,246707000.0,9442000.0,1264000.0,0.0,6.759,
35,MKTX,MRQ,2012-09-30,2012-09-30,2012-09-30,2021-07-27,-2817000.0,304928000.0,,,,,7.45,-5226000.0,150101000.0,150101000.0,0.0,13482000.0,,0.121,0.0,,,0.0,5064000.0,2081000.0,0.0,0.013,0.11,21274000.0,23355000.0,0.503,23355000.0,21274000.0,21274000.0,0.37,0.36,0.37,271934000.0,,271934000.0,1048499743.0,12.0,11.304,22149000.0,0.607,1.0,46402000.0,1.0,33480000.0,0.0,121347000.0,,0.0,54181000.0,,,32994000.0,,,1178094743.0,20506000.0,0.0,-891000.0,0.0,-4106000.0,-5115000.0,-1214000.0,4040000.0,27375000.0,-540000.0,13482000.0,13482000.0,13482000.0,226000.0,0.0,0.291,24902000.0,21500000.0,12495000.0,0.297,4.332,23.034,22.579,18466000.0,0.0,31.61,6.478,6.344,33414000.0,26632000.0,46402000.0,46402000.0,0.0,,,,,2156000.0,23187000.0,1.0,37269685.0,36500000,37541000.0,1.271,271448000.0,6702000.0,7792000.0,0.0,7.437,
36,MKTX,MRQ,2012-06-30,2012-06-30,2012-06-30,2021-07-27,-2417000.0,289728000.0,,,,,7.245,-1697000.0,129595000.0,129595000.0,0.0,12629000.0,,0.107,0.0,,,0.0,5126000.0,1961000.0,0.0,0.015,0.11,21200000.0,23161000.0,0.474,23161000.0,21200000.0,21200000.0,0.35,0.34,0.35,261735000.0,,261735000.0,852522016.0,10.0,9.119,10824000.0,0.3,1.0,48825000.0,1.0,33835000.0,0.0,126298000.0,,0.0,58592000.0,,,27993000.0,,,972331016.0,9786000.0,0.0,5075000.0,0.0,-4081000.0,-1747000.0,-879000.0,799000.0,12521000.0,-109000.0,12629000.0,12629000.0,12629000.0,0.0,0.0,0.259,27625000.0,21200000.0,12364000.0,0.314,3.715,19.025,19.165,14960000.0,0.0,26.64,5.341,5.287,33209000.0,17256000.0,48825000.0,48825000.0,0.0,,,,,2066000.0,25664000.0,1.0,36498912.0,36128000,37440000.0,1.351,255893000.0,5822000.0,8571000.0,0.0,7.083,
37,MKTX,MRQ,2012-03-31,2012-03-31,2012-03-31,2021-07-27,-2213000.0,274510000.0,,,,,6.74,-1905000.0,119809000.0,119809000.0,0.0,13493000.0,,0.103,0.0,,,0.0,5229000.0,1854000.0,0.0,0.01,0.11,22748000.0,24602000.0,0.485,24602000.0,22748000.0,22748000.0,0.37,0.35,0.37,248917000.0,,248917000.0,1254511166.0,15.0,13.656,11469000.0,0.311,1.0,50735000.0,1.0,34189000.0,0.0,120512000.0,,0.0,60086000.0,,,25593000.0,,,1424131166.0,-49811000.0,0.0,-70790000.0,0.0,-4201000.0,-78718000.0,15892000.0,17825000.0,13374000.0,-359000.0,13493000.0,13493000.0,13493000.0,0.0,0.0,0.266,27987000.0,22748000.0,14547000.0,0.297,5.721,28.247,27.419,14875000.0,0.0,37.29,7.956,7.694,33039000.0,8708000.0,50735000.0,50735000.0,0.0,,,,,1962000.0,26133000.0,1.0,38190699.0,36934000,38695000.0,1.374,240321000.0,5684000.0,9255000.0,0.0,6.507,
38,MKTX,MRQ,2011-12-31,2011-12-31,2011-12-31,2021-07-27,-1882000.0,349458000.0,,,,,8.303,-1810000.0,169620000.0,169620000.0,0.0,11543000.0,,0.118,0.0,,,0.0,5326000.0,1793000.0,0.0,0.012,0.09,19840000.0,21633000.0,0.602,21633000.0,19840000.0,19840000.0,0.31,0.29,0.31,312439000.0,,312439000.0,991501460.0,12.0,11.464,16877000.0,0.448,1.0,35910000.0,1.0,34544000.0,0.0,145294000.0,,0.0,78110000.0,,,37019000.0,,,1149123460.0,11998000.0,0.0,-4991000.0,0.0,-3447000.0,-6678000.0,215000.0,1991000.0,18687000.0,-226000.0,11543000.0,11543000.0,11543000.0,1743000.0,0.0,0.321,14327000.0,21583000.0,12268000.0,0.29,3.678,24.089,23.341,14460000.0,0.0,30.11,6.686,6.483,36170000.0,-584000.0,35910000.0,35910000.0,0.0,,,,,1862000.0,14109000.0,1.0,38164180.0,37630000,39815000.0,0.954,314914000.0,8089000.0,8297000.0,0.0,8.369,
39,MKTX,MRQ,2011-09-30,2011-09-30,2011-09-30,2021-07-27,-1692000.0,339200000.0,,,,,8.238,-2109000.0,157622000.0,157622000.0,0.0,13444000.0,,0.109,0.0,,,0.0,5037000.0,1799000.0,0.0,0.013,0.09,22296000.0,24095000.0,0.517,24095000.0,22296000.0,22296000.0,0.36,0.34,0.36,305833000.0,,305833000.0,853105629.0,11.0,10.551,25273000.0,0.681,1.0,46564000.0,1.0,34911000.0,0.0,146667000.0,,0.0,80200000.0,,,33367000.0,,,988873629.0,21854000.0,0.0,-1380000.0,0.0,-3432000.0,-2437000.0,-2777000.0,-4191000.0,27382000.0,-314000.0,13444000.0,13444000.0,13444000.0,0.0,0.0,0.289,24268000.0,22296000.0,12658000.0,0.25,3.233,21.922,21.154,14076000.0,0.0,26.02,5.665,5.534,31858000.0,-8680000.0,46564000.0,46564000.0,0.0,,,,,1898000.0,22469000.0,1.0,38004367.0,37126000,39828000.0,1.254,304289000.0,9589000.0,8852000.0,0.0,8.196,
40,MKTX,MRQ,2011-06-30,2011-06-30,2011-06-30,2021-07-27,-1693000.0,321267000.0,,,,,7.966,-1966000.0,135768000.0,135768000.0,0.0,11937000.0,,0.097,0.0,,,0.0,4443000.0,1627000.0,0.0,0.013,0.09,19905000.0,21532000.0,0.47,21532000.0,19905000.0,19905000.0,0.32,0.3,0.32,292857000.0,,292857000.0,833426501.0,13.0,11.601,16377000.0,0.445,1.0,45791000.0,1.0,35278000.0,0.0,150221000.0,,0.0,75696000.0,,,28410000.0,,,949993501.0,19201000.0,0.0,1635000.0,0.0,-3416000.0,-1648000.0,2648000.0,4611000.0,18343000.0,-142000.0,11937000.0,11937000.0,11937000.0,0.0,0.0,0.261,25886000.0,19905000.0,12036000.0,0.281,3.244,23.588,22.577,13409000.0,0.0,25.06,5.743,5.569,34494000.0,-18692000.0,45791000.0,45791000.0,0.0,,,,,809000.0,24259000.0,1.0,37908759.0,36762000,39490000.0,1.246,285989000.0,14296000.0,7968000.0,0.0,7.779,
41,MKTX,MRQ,2011-03-31,2011-03-31,2011-03-31,2021-07-27,-1999000.0,303730000.0,,,,,7.708,-1340000.0,116567000.0,116567000.0,0.0,10780000.0,,0.079,0.0,,,0.0,4679000.0,1562000.0,0.0,0.012,0.09,17666000.0,19228000.0,0.441,19228000.0,17666000.0,17666000.0,0.3,0.27,0.3,281384000.0,,281384000.0,786720980.0,14.0,12.334,-274000.0,-0.008,1.0,43609000.0,1.0,35645000.0,0.0,151518000.0,,0.0,79663000.0,,,22346000.0,,,911714980.0,-8427000.0,0.0,4608000.0,0.0,-3388000.0,-436000.0,-8662000.0,-7294000.0,1066000.0,-395000.0,10780000.0,10780000.0,10780000.0,0.0,0.0,0.247,25943000.0,17666000.0,11695000.0,0.3,3.24,25.677,24.684,12701000.0,0.0,24.19,5.884,5.699,30064000.0,-27213000.0,43609000.0,43609000.0,0.0,,,,,2290000.0,24381000.0,1.0,37689747.0,36507000,39301000.0,1.195,268085000.0,20241000.0,6886000.0,0.0,7.343,
42,MKTX,MRQ,2010-12-31,2010-12-31,2010-12-31,2021-07-27,-1651000.0,299521000.0,,,,,7.252,-1094000.0,124994000.0,124994000.0,0.0,8947000.0,,0.148,0.0,,,0.0,4571000.0,1552000.0,0.0,0.013,0.07,14445000.0,15997000.0,0.414,15997000.0,14445000.0,14445000.0,0.25,0.23,0.25,234476000.0,,234476000.0,588669790.0,12.0,10.281,21469000.0,0.664,1.0,38605000.0,1.0,36012000.0,0.0,138515000.0,,0.0,72552000.0,,,34730000.0,,,697414790.0,16249000.0,0.0,-1939000.0,0.0,-2591000.0,-5938000.0,-19000.0,1071000.0,22563000.0,-357000.0,8947000.0,8947000.0,8947000.0,0.0,0.0,0.232,24160000.0,14445000.0,12368000.0,0.28,2.974,22.191,24.198,12545000.0,0.0,20.81,4.769,4.719,25682000.0,-34605000.0,38605000.0,38605000.0,0.0,,,,,2341000.0,22608000.0,1.0,33513445.0,32334000,38640000.0,1.194,263509000.0,19813000.0,5498000.0,0.0,8.15,
43,MKTX,MRQ,2010-09-30,2010-09-30,2010-09-30,2021-07-27,-1102000.0,287169000.0,,,,,6.852,-1370000.0,108745000.0,108745000.0,0.0,8611000.0,,0.138,0.0,,,0.0,4878000.0,1560000.0,0.0,0.016,0.07,13524000.0,15084000.0,0.403,15084000.0,13524000.0,13524000.0,0.24,0.22,0.24,225751000.0,,225751000.0,476711841.0,10.0,8.833,17656000.0,0.536,1.0,37413000.0,1.0,39419000.0,0.0,139005000.0,,0.0,74218000.0,,,31103000.0,,,590237841.0,-4781000.0,0.0,-21066000.0,0.0,-2658000.0,-22766000.0,-984000.0,435000.0,19026000.0,-57000.0,8611000.0,8611000.0,8611000.0,0.0,0.0,0.23,23889000.0,13524000.0,12674000.0,0.292,2.615,21.143,22.342,9595000.0,0.0,16.98,4.169,3.951,27320000.0,-40961000.0,37413000.0,37413000.0,0.0,,,,,2128000.0,22329000.0,1.0,34760768.0,32945000,38744000.0,1.136,247750000.0,20338000.0,4913000.0,0.0,7.52,
44,MKTX,MRQ,2010-06-30,2010-06-30,2010-06-30,2021-07-27,-1134000.0,285436000.0,,,,,6.822,-1285000.0,113526000.0,113526000.0,0.0,7169000.0,,0.109,0.0,,,0.0,4279000.0,1622000.0,0.0,0.015,0.07,11856000.0,13478000.0,0.382,13478000.0,11856000.0,11856000.0,0.19,0.18,0.19,230110000.0,,230110000.0,378484672.0,9.0,7.711,21353000.0,0.633,1.0,35326000.0,1.0,39824000.0,0.0,132086000.0,,0.0,74087000.0,,,25011000.0,,,483036672.0,8974000.0,0.0,596000.0,0.0,-2700000.0,-1947000.0,-11506000.0,-10241000.0,22638000.0,-211000.0,7169000.0,7169000.0,7169000.0,0.0,0.0,0.203,23470000.0,11856000.0,12224000.0,0.368,2.099,20.172,21.215,9386000.0,0.0,13.79,3.6,3.467,24091000.0,-46914000.0,35326000.0,35326000.0,0.0,,,,,2306000.0,21848000.0,1.0,35028040.0,33733000,39514000.0,1.047,245612000.0,16576000.0,4687000.0,0.0,7.281,
45,MKTX,MRQ,2010-03-31,2010-03-31,2010-03-31,2021-07-27,-1439000.0,272631000.0,,,,,6.608,-3360000.0,104552000.0,104552000.0,0.0,6701000.0,,0.09,0.0,,,0.0,4428000.0,1616000.0,0.0,0.009,0.07,11085000.0,12701000.0,0.364,12701000.0,11085000.0,11085000.0,0.18,0.17,0.18,222213000.0,,222213000.0,444235558.0,12.0,10.327,-3441000.0,-0.102,1.0,34884000.0,1.0,40422000.0,0.0,127657000.0,,0.0,63142000.0,,,20103000.0,,,547576558.0,1211000.0,0.0,-830000.0,0.0,-2681000.0,-3198000.0,4789000.0,8092000.0,-81000.0,-299000.0,6701000.0,6701000.0,6701000.0,0.0,0.0,0.192,23799000.0,11085000.0,11338000.0,0.389,2.464,27.428,28.6,9117000.0,0.0,15.73,4.391,4.242,26685000.0,-51383000.0,34884000.0,34884000.0,0.0,,,,,2194000.0,22183000.0,1.0,34810970.0,33626000,39306000.0,1.037,232209000.0,20628000.0,4384000.0,0.0,6.906,
46,MKTX,MRQ,2009-12-31,2009-12-31,2009-12-31,2021-07-27,-1391000.0,277286000.0,,,,,6.496,-3817000.0,103341000.0,103341000.0,0.0,5436000.0,,0.141,0.0,,,0.0,4262000.0,1666000.0,0.0,0.005,0.07,11039000.0,12705000.0,0.374,12705000.0,11039000.0,11039000.0,0.15,0.14,0.15,216502000.0,,216502000.0,371447690.0,12.0,10.083,15497000.0,0.465,1.0,33959000.0,1.0,40950000.0,0.0,132995000.0,,0.0,70997000.0,,,30469000.0,,,477580690.0,-2792000.0,0.0,31000.0,0.0,-2650000.0,-2628000.0,-19331000.0,-15099000.0,19314000.0,-147000.0,5436000.0,5436000.0,5436000.0,0.0,0.0,0.16,22920000.0,11039000.0,11050000.0,0.467,2.206,29.66,31.591,6856000.0,0.0,13.9,4.173,4.04,23150000.0,-55403000.0,33959000.0,33959000.0,0.0,,,,,2110000.0,21254000.0,1.0,34358323.0,33329160,38760408.0,1.019,236336000.0,23980000.0,5603000.0,0.0,7.091,
47,MKTX,MRQ,2009-09-30,2009-09-30,2009-09-30,2021-07-27,-1102000.0,267500000.0,,,,,6.363,-1058000.0,106133000.0,106133000.0,0.0,4640000.0,,0.12,0.0,,,0.0,4425000.0,1654000.0,0.0,0.0,0.0,8543000.0,10197000.0,0.34,10197000.0,8543000.0,8543000.0,0.13,0.12,0.13,211811000.0,,211811000.0,324277874.0,15.0,11.207,17068000.0,0.513,1.0,30009000.0,1.0,41587000.0,0.0,119780000.0,,0.0,56194000.0,,,25374000.0,,,413014874.0,17396000.0,0.0,-24000.0,0.0,0.0,57000.0,-685000.0,359000.0,18126000.0,-102000.0,4640000.0,4640000.0,4640000.0,0.0,0.0,0.155,21466000.0,8543000.0,10735000.0,0.0,1.95,32.774,33.417,4010000.0,0.0,12.03,4.037,3.914,23653000.0,-58189000.0,30009000.0,30009000.0,0.0,,,,,2152000.0,19812000.0,1.0,34332076.0,33287464,38196823.0,0.902,225913000.0,28988000.0,3903000.0,0.0,6.787,
48,MKTX,MRQ,2009-06-30,2009-06-30,2009-06-30,2021-07-27,-1219000.0,252095000.0,,,,,6.158,-1065000.0,88737000.0,88737000.0,0.0,3187000.0,,0.083,0.0,,,0.0,2091000.0,1679000.0,0.0,0.0,0.0,5736000.0,7415000.0,0.287,7415000.0,5736000.0,5736000.0,0.09,0.08,0.09,204785000.0,,204785000.0,216997047.0,14.0,9.301,7152000.0,0.215,1.0,25839000.0,1.0,42286000.0,0.0,121072000.0,,0.0,56238000.0,,,16995000.0,,,326820047.0,-21086000.0,0.0,390000.0,0.0,0.0,431000.0,-29627000.0,-28298000.0,8217000.0,-107000.0,3187000.0,3187000.0,3187000.0,0.0,0.0,0.123,20103000.0,5736000.0,8676000.0,0.0,1.596,34.471,35.296,3897000.0,0.0,9.53,3.441,3.337,21685000.0,-62829000.0,25839000.0,25839000.0,0.0,,,,,2113000.0,18424000.0,1.0,34293814.0,33255901,37853809.0,0.777,209809000.0,32051000.0,2549000.0,0.0,6.309,
49,MKTX,MRQ,2009-03-31,2009-03-31,2009-03-31,2021-07-27,-1362000.0,243222000.0,,,,,5.992,-858000.0,109823000.0,109823000.0,0.0,2839000.0,,0.071,0.0,,,0.0,2230000.0,1791000.0,0.0,0.0,0.0,4731000.0,6522000.0,0.265,6522000.0,4731000.0,4731000.0,0.08,0.08,0.08,198851000.0,,198851000.0,154466581.0,11.0,6.868,-3188000.0,-0.096,1.0,24632000.0,1.0,42771000.0,0.0,90628000.0,,0.0,27605000.0,,,14056000.0,,,261789581.0,2500000.0,-1368000.0,-155000.0,0.0,0.0,-506000.0,5478000.0,7694000.0,-2330000.0,-142000.0,2839000.0,2839000.0,2839000.0,0.0,0.0,0.115,19901000.0,4731000.0,8873000.0,0.0,1.317,28.636,29.385,4002000.0,0.0,7.64,2.762,2.675,17917000.0,-66016000.0,24632000.0,24632000.0,0.0,,,,,2039000.0,18110000.0,1.0,34265652.0,33183476,37516962.0,0.742,200451000.0,34212000.0,1892000.0,0.0,6.041,
50,MKTX,MRQ,2008-12-31,2008-12-31,2008-12-31,2021-07-27,-1320000.0,246428000.0,,,,,5.889,-845000.0,107323000.0,107323000.0,0.0,1936000.0,,0.111,0.0,,,0.0,2303000.0,1789000.0,0.0,0.0,0.0,3012000.0,4801000.0,0.22,4801000.0,3012000.0,3012000.0,0.06,0.05,0.06,194493000.0,,194493000.0,159675040.0,12.0,7.709,8940000.0,0.271,1.0,21828000.0,1.0,44067000.0,0.0,95038000.0,,0.0,35227000.0,,,21620000.0,,,274637040.0,-7639000.0,0.0,22000.0,0.0,0.0,-41000.0,-17260000.0,-16515000.0,9785000.0,-123000.0,1936000.0,1936000.0,1936000.0,0.0,0.0,0.089,18816000.0,3012000.0,8878000.0,0.0,1.412,34.769,35.478,3369000.0,0.0,8.16,2.95,2.878,13283000.0,-68855000.0,21828000.0,21828000.0,0.0,,,,,1765000.0,17027000.0,1.0,33656500.0,33026712,37386557.0,0.661,202361000.0,35666000.0,1076000.0,0.0,6.127,
51,MKTX,MRQ,2008-09-30,2008-09-30,2008-09-30,2021-07-27,-1721000.0,240074000.0,,,,,5.779,-1172000.0,114962000.0,114962000.0,0.0,1519000.0,,0.102,0.0,,,0.0,2568000.0,2494000.0,0.0,0.0,0.0,2098000.0,4592000.0,0.202,4592000.0,2098000.0,2098000.0,0.04,0.04,0.04,190423000.0,,190423000.0,174910397.0,14.0,8.448,7756000.0,0.235,1.0,22681000.0,1.0,43082000.0,0.0,82030000.0,,0.0,18036000.0,,,19336000.0,,,271166397.0,18706000.0,315000.0,114000.0,0.0,0.0,6988000.0,2973000.0,3772000.0,8928000.0,-183000.0,1519000.0,1519000.0,1519000.0,0.0,0.0,0.067,20583000.0,2098000.0,8126000.0,0.0,1.424,34.451,35.087,3579000.0,0.0,8.07,2.896,2.84,16754000.0,-70791000.0,22681000.0,22681000.0,0.0,,,,,1785000.0,18089000.0,1.0,33601784.0,32952012,37438054.0,0.688,196992000.0,37103000.0,579000.0,0.0,5.978,
52,MKTX,MRQ,2008-06-30,2008-06-30,2008-06-30,2021-07-27,-1420000.0,229064000.0,,,,,5.665,-1018000.0,96256000.0,96256000.0,0.0,2848000.0,,0.098,0.0,,,0.0,1763000.0,1816000.0,0.0,0.0,0.0,4759000.0,6575000.0,0.256,6575000.0,4759000.0,4759000.0,0.08,0.08,0.08,186575000.0,,186575000.0,199511867.0,14.0,9.305,9811000.0,0.298,1.0,25637000.0,1.0,44860000.0,0.0,87948000.0,,0.0,22122000.0,,,18317000.0,,,253810867.0,41957000.0,-6025000.0,3000.0,0.0,0.0,26775000.0,4817000.0,11854000.0,10829000.0,-464000.0,2848000.0,2848000.0,2848000.0,0.0,0.0,0.111,20878000.0,4759000.0,10603000.0,0.0,1.36,28.967,29.077,2822000.0,0.0,7.56,2.725,2.673,18439000.0,-72310000.0,25637000.0,25637000.0,0.0,,,,,1772000.0,19062000.0,1.0,33572866.0,32931838,34758642.0,0.778,184204000.0,37343000.0,1911000.0,0.0,5.593,
53,MKTX,MRQ,2008-03-31,2008-03-31,2008-03-31,2021-07-27,-976000.0,200791000.0,,,,,5.553,-1007000.0,54299000.0,54299000.0,0.0,1596000.0,,0.115,0.0,,,0.0,1745000.0,1780000.0,0.0,0.0,0.0,2964000.0,4744000.0,0.207,4744000.0,2964000.0,2964000.0,0.05,0.05,0.05,180004000.0,,180004000.0,255675567.0,16.0,11.221,-2915000.0,-0.09,1.0,22939000.0,1.0,45705000.0,0.0,100787000.0,,0.0,34290000.0,,,20787000.0,,,328386567.0,-18412000.0,-29208000.0,-3229000.0,0.0,0.0,-3411000.0,-13029000.0,17211000.0,-1908000.0,-64000.0,1596000.0,1596000.0,1596000.0,0.0,0.0,0.07,19975000.0,2964000.0,15589000.0,0.0,1.824,34.691,34.276,2974000.0,0.0,9.94,3.538,3.471,17477000.0,-75158000.0,22939000.0,22939000.0,0.0,,,,,1739000.0,18195000.0,1.0,33036878.0,32413129,33394866.0,0.708,155086000.0,38960000.0,1368000.0,0.0,4.785,
54,MKTX,MRQ,2007-12-31,2007-12-31,2007-12-31,2021-07-27,-884000.0,198366000.0,,,,,5.349,-1121000.0,72711000.0,72711000.0,0.0,1908000.0,,0.137,0.0,,,0.0,826000.0,1694000.0,0.0,0.0,0.0,3100000.0,4794000.0,0.214,4794000.0,3100000.0,3100000.0,0.06,0.06,0.06,174397000.0,,174397000.0,354347399.0,21.0,14.51,5669000.0,0.174,1.0,22376000.0,1.0,9148000.0,0.0,116507000.0,,0.0,51579000.0,,,23969000.0,,,428697399.0,-1639000.0,-3139000.0,-7118000.0,-208000.0,0.0,-5347000.0,-3034000.0,1915000.0,6790000.0,-48000.0,1908000.0,1908000.0,1908000.0,0.0,0.0,0.085,19276000.0,3100000.0,8832000.0,0.0,2.458,41.54,40.094,2931000.0,0.0,12.83,4.578,4.424,18397000.0,-76754000.0,22376000.0,22376000.0,0.0,,,,,1533000.0,17582000.0,1.0,33413671.0,32600710,34034635.0,0.686,189218000.0,37207000.0,1192000.0,0.0,5.804,
55,MKTX,MRQ,2007-09-30,2007-09-30,2007-09-30,2021-07-27,-856000.0,198369000.0,,,,,5.371,-1417000.0,74350000.0,74350000.0,0.0,2410000.0,,0.125,0.0,,,0.0,1144000.0,1686000.0,0.0,0.0,0.0,3643000.0,5329000.0,0.24,5329000.0,3643000.0,3643000.0,0.07,0.07,0.07,176331000.0,,176331000.0,436981655.0,25.0,17.536,8614000.0,0.262,1.0,22198000.0,1.0,5991000.0,0.0,118028000.0,,0.0,53449000.0,,,22038000.0,,,502331655.0,9000000.0,0.0,1592000.0,110000.0,0.0,-2666000.0,1677000.0,3133000.0,10031000.0,-42000.0,2410000.0,2410000.0,2410000.0,0.0,0.0,0.109,18555000.0,3643000.0,9423000.0,0.0,2.849,47.167,45.455,3251000.0,0.0,15.0,5.381,5.275,19682000.0,-78662000.0,22198000.0,22198000.0,0.0,,,,,1270000.0,16869000.0,1.0,33488777.0,32828978,34575086.0,0.676,192378000.0,36558000.0,1233000.0,0.0,5.86,
56,MKTX,MRQ,2007-06-30,2007-06-30,2007-06-30,2021-07-27,-847000.0,193261000.0,,,,,5.325,-1117000.0,65350000.0,65350000.0,0.0,3552000.0,,0.102,0.0,,,0.0,650000.0,1879000.0,0.0,0.0,0.0,6039000.0,7918000.0,0.313,7918000.0,6039000.0,6039000.0,0.11,0.1,0.11,175326000.0,,175326000.0,536763702.0,33.0,22.819,12942000.0,0.393,1.0,25304000.0,1.0,6027000.0,0.0,121884000.0,,0.0,56543000.0,,,17935000.0,,,605054702.0,-2941000.0,0.0,-5318000.0,98000.0,0.0,-3734000.0,-13184000.0,-12105000.0,14059000.0,-82000.0,3552000.0,3552000.0,3552000.0,0.0,0.0,0.14,19265000.0,6039000.0,8757000.0,0.0,3.451,63.443,59.967,3473000.0,0.0,17.99,6.582,6.444,19007000.0,-81072000.0,25304000.0,25304000.0,0.0,,,,,1235000.0,17386000.0,1.0,33632835.0,32927868,34631142.0,0.768,187234000.0,37671000.0,2487000.0,0.0,5.686,
57,MKTX,MRQ,2007-03-31,2007-03-31,2007-03-31,2021-07-27,-774000.0,189174000.0,,,,,5.658,-1248000.0,68291000.0,68291000.0,0.0,2450000.0,,0.085,0.0,,,0.0,952000.0,1911000.0,0.0,0.0,0.0,4469000.0,6380000.0,0.268,6380000.0,4469000.0,4469000.0,0.08,0.07,0.08,174346000.0,,174346000.0,466672349.0,40.0,25.052,-3008000.0,-0.098,1.0,23765000.0,1.0,6357000.0,0.0,114526000.0,,0.0,44438000.0,,,14828000.0,,,548672349.0,-13709000.0,0.0,-18539000.0,0.0,0.0,-15268000.0,3362000.0,4577000.0,-1760000.0,-43000.0,2450000.0,2450000.0,2450000.0,0.0,0.0,0.103,19296000.0,4469000.0,8464000.0,0.0,3.147,80.865,76.091,3896000.0,0.0,16.74,6.325,5.947,19998000.0,-84624000.0,23765000.0,23765000.0,0.0,,,,,1596000.0,17385000.0,1.0,32776126.0,30813478,34526548.0,0.771,182817000.0,40326000.0,2019000.0,0.0,5.933,
58,MKTX,MRQ,2006-12-31,2006-12-31,2006-12-31,2021-07-27,-733000.0,204278000.0,,,,,5.895,-1654000.0,82000000.0,82000000.0,0.0,2238000.0,,0.103,0.0,,,0.0,857000.0,1703000.0,0.0,0.0,0.0,3589000.0,5292000.0,0.24,5292000.0,3589000.0,3589000.0,0.07,0.06,0.07,185285000.0,,185285000.0,330469034.0,38.0,21.554,7368000.0,0.234,1.0,22080000.0,1.0,6812000.0,0.0,115466000.0,,0.0,49015000.0,,,18993000.0,,,395762034.0,16707000.0,0.0,-372000.0,0.0,0.0,226000.0,7496000.0,9191000.0,9022000.0,-37000.0,2238000.0,2238000.0,2238000.0,0.0,0.0,0.101,18491000.0,3589000.0,5323000.0,0.0,2.136,73.005,75.389,4304000.0,0.0,13.57,4.75,4.978,17429000.0,-87074000.0,22080000.0,22080000.0,0.0,,,,,1891000.0,16788000.0,1.0,29164483.0,31430404,35224504.0,0.703,197466000.0,38901000.0,1351000.0,0.0,6.283,
59,MKTX,MRQ,2006-09-30,2006-09-30,2006-09-30,2021-07-27,-706000.0,197455000.0,,,,,5.778,-1100000.0,65293000.0,65293000.0,0.0,1297000.0,,0.091,0.0,,,0.0,347000.0,1703000.0,0.0,0.0,0.0,2230000.0,3933000.0,0.189,3933000.0,2230000.0,2230000.0,0.04,0.04,0.04,180956000.0,,180956000.0,246717228.0,37.0,18.767,6367000.0,0.203,1.0,20774000.0,1.0,6315000.0,0.0,125847000.0,,0.0,58208000.0,,,16499000.0,,,298008228.0,14002000.0,0.0,462000.0,0.0,0.0,972000.0,5715000.0,6773000.0,7467000.0,-152000.0,1297000.0,1297000.0,1297000.0,0.0,0.0,0.062,18544000.0,2230000.0,7401000.0,0.0,1.647,56.516,58.167,4635000.0,0.0,10.47,3.72,4.093,18796000.0,-89312000.0,20774000.0,20774000.0,0.0,,,,,1281000.0,16841000.0,1.0,28463059.0,31319771,34792784.0,0.663,191140000.0,39042000.0,933000.0,0.0,6.103,
60,MKTX,MRQ,2006-06-30,2006-06-30,2006-06-30,2021-07-27,-639000.0,189430000.0,,,,,5.948,-1594000.0,51291000.0,51291000.0,0.0,800000.0,,0.067,0.0,,,0.0,465000.0,1637000.0,0.0,0.0,0.0,1386000.0,3023000.0,0.15,3023000.0,1386000.0,1386000.0,0.03,0.02,0.03,177476000.0,,177476000.0,284679826.0,46.0,22.811,3837000.0,0.129,1.0,20122000.0,1.0,6623000.0,0.0,131516000.0,,0.0,64896000.0,,,11954000.0,,,336837826.0,-867000.0,0.0,420000.0,0.0,0.0,373000.0,-6483000.0,-4854000.0,5431000.0,-188000.0,800000.0,800000.0,800000.0,0.0,0.0,0.04,18736000.0,1386000.0,5738000.0,0.0,1.898,65.444,61.167,4931000.0,0.0,11.01,4.295,4.189,16893000.0,-90609000.0,20122000.0,20122000.0,0.0,,,,,1300000.0,17099000.0,1.0,30593808.0,29837704,34944312.0,0.674,182807000.0,39596000.0,586000.0,0.0,6.127,
61,MKTX,MRQ,2006-03-31,2006-03-31,2006-03-31,2021-07-27,-426000.0,185499000.0,,,,,5.877,-2439000.0,52158000.0,52158000.0,0.0,1086000.0,,0.059,0.0,,,0.0,652000.0,1685000.0,0.0,0.0,0.0,1399000.0,3084000.0,0.152,3084000.0,1399000.0,1399000.0,0.04,0.03,0.04,175216000.0,,175216000.0,309467794.0,41.0,22.595,-7258000.0,-0.243,1.0,20340000.0,1.0,6742000.0,0.0,126599000.0,,0.0,60066000.0,,,10283000.0,,,367656794.0,-6031000.0,0.0,634000.0,0.0,0.0,1247000.0,-2497000.0,-93000.0,-4819000.0,38000.0,1086000.0,1086000.0,1086000.0,0.0,0.0,0.053,18941000.0,1399000.0,6795000.0,0.0,2.098,59.578,54.682,4855000.0,0.0,12.03,4.738,4.622,15866000.0,-91409000.0,20340000.0,20340000.0,0.0,,,,,1960000.0,17256000.0,1.0,30561662.0,29814296,35672980.0,0.682,178757000.0,40252000.0,313000.0,0.0,5.996,
62,MKTX,MRQ,2005-12-31,2005-12-31,2005-12-31,2021-07-27,-482000.0,190462000.0,,,,,5.861,-1754000.0,58189000.0,58189000.0,0.0,2090000.0,,0.115,0.0,,,0.0,1317000.0,1474000.0,0.0,0.0,0.0,1632000.0,3106000.0,0.164,3106000.0,1632000.0,1632000.0,0.07,0.06,0.07,170864000.0,,170864000.0,222552598.0,19.0,12.932,6030000.0,0.207,1.0,18882000.0,1.0,6199000.0,0.0,126074000.0,,0.0,59956000.0,,,19598000.0,,,277045598.0,3696000.0,0.0,217000.0,0.0,0.0,217000.0,-4309000.0,-2529000.0,7784000.0,4000.0,2090000.0,2090000.0,2090000.0,0.0,0.0,0.111,17200000.0,1682000.0,6433000.0,0.0,1.621,34.027,39.414,4643000.0,0.0,11.43,3.527,4.097,14796000.0,-92495000.0,18882000.0,18882000.0,0.0,,,,,719000.0,15726000.0,1.0,24238460.0,29154074,35633495.0,0.648,184263000.0,39804000.0,-458000.0,0.0,6.32,
63,MKTX,MRQ,2005-09-30,2005-09-30,2005-09-30,2021-07-27,-478000.0,185695000.0,,,,,5.913,-1331000.0,54493000.0,54493000.0,0.0,1171000.0,,0.109,0.0,,,0.0,1339000.0,1526000.0,0.0,0.0,0.0,1741000.0,3267000.0,0.171,3267000.0,1741000.0,1741000.0,0.04,0.03,0.04,167433000.0,,167433000.0,283473058.0,19.0,14.013,4368000.0,0.154,1.0,19088000.0,1.0,6082000.0,0.0,125120000.0,,0.0,57435000.0,,,18262000.0,,,321103058.0,16863000.0,0.0,833000.0,0.0,0.0,833000.0,10343000.0,11649000.0,5699000.0,-12000.0,1171000.0,1171000.0,1171000.0,0.0,0.0,0.061,17347000.0,1741000.0,8030000.0,0.0,1.918,37.394,-1.918,4345000.0,0.0,13.6,4.047,4.853,17245000.0,-94585000.0,19088000.0,19088000.0,0.0,,,,,985000.0,15822000.0,1.0,23610519.0,28316845,35508128.0,0.674,179613000.0,36829000.0,570000.0,0.0,6.343,
64,MKTX,MRQ,2005-06-30,2005-06-30,2005-06-30,2021-07-27,-412000.0,179256000.0,,,,,5.925,-1000000.0,37630000.0,37630000.0,0.0,1824000.0,,0.091,0.0,,,0.0,1586000.0,1424000.0,0.0,0.0,0.0,2815000.0,4239000.0,0.22,4239000.0,2815000.0,2815000.0,0.07,0.05,0.07,164298000.0,,164298000.0,203285536.0,11.0,9.024,6216000.0,0.224,1.0,19282000.0,1.0,5590000.0,0.0,136036000.0,,0.0,69138000.0,,,14958000.0,,,260327536.0,-19412000.0,0.0,1638000.0,0.0,0.0,1638000.0,-28304000.0,-27285000.0,7216000.0,38000.0,1824000.0,1824000.0,1824000.0,0.0,0.0,0.095,16467000.0,2815000.0,7442000.0,0.0,1.584,15.777,-2.148,4680000.0,0.0,11.3,3.296,3.967,16027000.0,-95756000.0,19282000.0,19282000.0,0.0,,,,,376000.0,15043000.0,1.0,23037835.0,27727594,35424799.0,0.695,173666000.0,37322000.0,991000.0,0.0,6.263,
65,MKTX,MRQ,2005-03-31,2005-03-31,2005-03-31,2021-07-27,-478000.0,169253000.0,,,,,5.788,-696000.0,57042000.0,57042000.0,0.0,3057000.0,,0.066,0.0,,,0.0,2003000.0,1225000.0,0.0,0.0,0.0,5373000.0,6598000.0,0.31,6598000.0,5373000.0,5373000.0,0.11,0.09,0.11,158749000.0,,158749000.0,159617015.0,8.0,6.755,-4487000.0,-0.164,1.0,21308000.0,1.0,5397000.0,0.0,106814000.0,,0.0,41825000.0,,,10504000.0,,,257269015.0,-40610000.0,0.0,21000.0,0.0,0.0,21000.0,-36764000.0,-36088000.0,-3791000.0,-76000.0,3057000.0,3057000.0,3057000.0,0.0,0.0,0.143,15985000.0,5323000.0,5379000.0,0.0,1.621,4.457,1.631,4956000.0,0.0,11.17,3.301,3.931,14554000.0,-97580000.0,21308000.0,21308000.0,0.0,,,,,427000.0,14760000.0,1.0,23032141.0,27427508,35482963.0,0.777,163856000.0,38347000.0,2316000.0,0.0,5.974,
66,MKTX,MRQ,2004-12-31,2004-12-31,2004-12-31,2021-07-27,-342000.0,175646000.0,,,,,21.869,-914000.0,97652000.0,97652000.0,0.0,2535000.0,,0.132,0.0,,,0.0,2804000.0,997000.0,0.0,0.0,0.0,5129000.0,6126000.0,0.311,6126000.0,5129000.0,5129000.0,-7.31,0.04,-7.31,155218000.0,,155218000.0,432034269.0,25.0,20.787,9645000.0,1.359,1.0,19673000.0,1.0,5587000.0,0.0,72407000.0,,0.0,5797000.0,,,20428000.0,,,450205983.0,79480000.0,0.0,58952000.0,0.0,0.0,54069000.0,15027000.0,15744000.0,10559000.0,-175000.0,2535000.0,2535000.0,2535000.0,0.0,0.0,0.129,14343000.0,5330000.0,5821000.0,0.0,2.9,7.818,2.516,5079000.0,0.0,17.01,5.94,1.593,14375000.0,-100637000.0,19673000.0,19673000.0,0.0,,,,,447000.0,13346000.0,1.0,26467136.0,7097682,32791057.0,2.772,170059000.0,40351000.0,2594000.0,0.0,23.96,
67,MKTX,MRQ,2004-09-30,2004-09-30,2004-09-30,2021-07-27,-169451.0,116385006.0,,,,,-20.778,-3233000.0,18171714.0,18171714.0,0.0,9084000.0,,-0.247,0.0,,,0.0,2904429.0,644000.0,0.0,,0.0,4921000.0,5565000.0,0.297,5565000.0,4921000.0,4921000.0,1.87,0.3,1.87,-68907050.0,,-68907050.0,,,,3512000.0,1.059,1.0,18718000.0,1.0,5814043.0,0.0,92399249.0,,0.0,21541034.0,,,17053067.0,,,,-1070000.0,0.0,53000.0,0.0,0.0,53000.0,-7682000.0,-3960000.0,6745000.0,-186000.0,9084000.0,9084000.0,9084000.0,0.0,0.0,0.485,13578000.0,5140000.0,5361840.0,0.0,,,,5135980.0,0.0,,,,12558744.0,-101113266.0,18718000.0,18718000.0,0.0,,,,,455000.0,12934000.0,1.0,26467136.0,3316386,29921357.0,5.644,110570963.0,44127879.0,-4163000.0,0.0,33.341,
68,MKTX,MRQ,2004-06-30,2004-06-30,2004-06-30,2021-07-27,,,,,,,,-994000.0,,,0.0,43052000.0,,,,,,,,1081000.0,,,0.0,4258000.0,5339000.0,0.293,5339000.0,4258000.0,4258000.0,12.18,1.44,12.18,,,,,,,6251000.0,1.894,1.0,18234000.0,1.0,,0.0,,,,,,,,,,,6281000.0,0.0,45000.0,0.0,0.0,45000.0,-1009000.0,-9000.0,7245000.0,0.0,43052000.0,43052000.0,43052000.0,0.0,0.0,2.361,13620000.0,4614000.0,,0.0,,,,,0.0,,,,,,18234000.0,18234000.0,0.0,,,,,474000.0,12539000.0,1.0,,3300453,29981009.0,5.525,,,-38794000.0,,,
69,MKTX,MRQ,2004-03-31,2004-03-31,2004-03-31,2021-07-27,,,,,,,,-1841000.0,,,0.0,2916000.0,,,,,,,,746000.0,,,0.0,3008000.0,3754000.0,0.196,3754000.0,3008000.0,3008000.0,0.02,0.02,0.02,,,,,,,-5657000.0,-1.716,1.0,19172000.0,1.0,,0.0,,,,,,,,,,,-7630000.0,0.0,2000.0,0.0,0.0,2000.0,-3816000.0,-1981000.0,-3816000.0,0.0,2916000.0,2916000.0,2916000.0,0.0,0.0,0.152,15700000.0,3472000.0,,0.0,,,,,0.0,,,,,,19172000.0,19172000.0,0.0,,,,,527000.0,12430000.0,1.0,,3295931,3295931.0,5.817,,,92000.0,,,
70,MKTX,MRQ,2003-12-31,2003-12-31,2003-12-31,2021-07-27,19000.0,57183000.0,,,,,-36.496,-2365260.0,20591000.0,20591000.0,0.0,1680399.0,,-0.148,0.0,,,0.0,3671000.0,1050460.0,0.0,,0.0,1870399.0,2920859.0,0.169,2920859.0,1870399.0,1870399.0,-0.36,,-0.36,-120269000.0,,-120269000.0,,,,7249392.0,2.2,1.0,17251820.0,1.0,4113000.0,0.0,32479000.0,,0.0,15591000.0,,,17788000.0,,,,8870317.0,0.0,9004.0,0.0,0.0,9004.0,-645339.0,1477290.0,9614652.0,-108000.0,1680399.0,1680399.0,1680399.0,0.0,0.0,0.097,13575421.0,3676399.0,4771000.0,0.0,,,,3038000.0,0.0,,,,9063000.0,-148585000.0,17251820.0,17251820.0,0.0,,,,,424080.0,11689085.0,1.0,,3295424,,5.235,53070000.0,0.0,190000.0,0.0,16.104,
0,MKTX,MRT,2021-06-30,2021-06-30,2021-06-30,2021-07-27,-5444000.0,1537923000.0,1415181250.0,,,0.5,27.244,-49629000.0,463720000.0,463720000.0,0.0,288452000.0,,0.505,91265000.0,,,91265000.0,0.0,51385000.0,0.0,0.005,2.52,367612000.0,418997000.0,0.593,418997000.0,367612000.0,366108000.0,7.7,7.57,7.7,1021860000.0,965673250.0,1021860000.0,17260149111.0,47.0,41.194,203205000.0,5.418,1.0,707150000.0,1.0,274778000.0,1504000.0,890690000.0,823477500.0,0.0,35838000.0,,,516063000.0,,,17608397111.0,120510000.0,-39842000.0,-10870000.0,1046000.0,-95136000.0,-153882000.0,12590000.0,102061000.0,252834000.0,8968000.0,288452000.0,288452000.0,288452000.0,0.0,0.0,0.408,336995000.0,370155000.0,344175000.0,0.327,17.232,61.044,60.206,167014000.0,0.0,463.59,24.901,24.589,562864000.0,896977000.0,707150000.0,707150000.0,0.0,0.204,0.299,0.446,0.52,26703000.0,273594000.0,1.0,37982694.0,37508000,38104000.0,18.853,1263145000.0,0.0,77656000.0,41345000.0,33.677,
1,MKTX,MRT,2021-03-31,2021-03-31,2021-03-31,2021-07-27,-6582000.0,1545869000.0,1290504750.0,,,0.555,26.374,-46891000.0,440998000.0,440998000.0,0.0,305018000.0,,0.564,92750000.0,,,92750000.0,0.0,46569000.0,0.0,0.005,2.46,385791000.0,432360000.0,0.604,432360000.0,385791000.0,384458000.0,8.16,8.0,8.16,988233000.0,923579250.0,988233000.0,18501602076.0,48.0,42.792,214070000.0,5.713,1.0,715611000.0,1.0,238333000.0,1333000.0,959288000.0,731511000.0,0.0,24308000.0,,,557636000.0,,,18918907076.0,186685000.0,-22764000.0,-7069000.0,34302000.0,-92776000.0,-114140000.0,31978000.0,101633000.0,260961000.0,7886000.0,305018000.0,305018000.0,305018000.0,0.0,0.0,0.426,328498000.0,387113000.0,388470000.0,0.301,19.144,62.026,61.02,163878000.0,0.0,497.92,26.437,26.072,652409000.0,854747000.0,715611000.0,715611000.0,0.0,0.236,0.33,0.527,0.539,26360000.0,268548000.0,1.0,37995877.0,37470000,38155000.0,19.098,1307536000.0,0.0,79440000.0,48193000.0,34.896,
2,MKTX,MRT,2020-12-31,2020-12-31,2020-12-31,2021-07-27,-4650000.0,1331429000.0,1147938250.0,,,0.6,25.564,-45628000.0,510917000.0,510917000.0,0.0,299377000.0,,0.394,93612000.0,,,93612000.0,0.0,42838000.0,0.0,0.004,2.4,375501000.0,418339000.0,0.607,418339000.0,375501000.0,374359000.0,8.01,7.85,8.01,955061000.0,875991750.0,955061000.0,21393751290.0,57.0,51.14,358861000.0,9.606,1.0,689125000.0,1.0,242742000.0,1142000.0,671382000.0,616792500.0,0.0,28111000.0,,,376368000.0,,,21660444290.0,333797000.0,-23297000.0,-12128000.0,0.0,-90566000.0,-145112000.0,68867000.0,137792000.0,404489000.0,5553000.0,299377000.0,299377000.0,299377000.0,0.0,0.0,0.434,314397000.0,374728000.0,177680000.0,0.3,22.68,72.352,71.231,161128000.0,0.0,570.56,31.432,30.931,359492000.0,799369000.0,689125000.0,689125000.0,0.0,0.261,0.342,0.609,0.545,25613000.0,257343000.0,1.0,37963482.0,37359000,38144000.0,18.446,1088687000.0,0.0,74982000.0,42750000.0,29.141,
3,MKTX,MRT,2020-09-30,2020-09-30,2020-09-30,2021-07-27,-10599000.0,1245504000.0,1053813500.0,,,0.614,24.007,-46300000.0,360401000.0,360401000.0,0.0,276719000.0,,0.388,93708000.0,,,93708000.0,5092000.0,39771000.0,0.0,0.005,2.31,347073000.0,386844000.0,0.597,386844000.0,347073000.0,346027000.0,7.43,7.26,7.43,897539000.0,829749250.0,897539000.0,17977360859.0,52.0,46.472,219710000.0,5.877,1.0,647553000.0,1.0,206261000.0,1046000.0,772550000.0,592684500.0,0.0,31274000.0,,,347965000.0,,,18286807859.0,115659000.0,-97957000.0,-20199000.0,0.0,-87102000.0,-149412000.0,-3642000.0,140667000.0,266010000.0,2703000.0,276719000.0,276719000.0,276719000.0,0.0,0.0,0.427,303671000.0,343882000.0,163417000.0,0.311,20.374,66.084,64.817,158766000.0,0.0,481.59,28.24,27.804,462559000.0,749211000.0,647553000.0,647553000.0,0.0,0.263,0.333,0.586,0.536,25144000.0,251131000.0,1.0,37971735.0,37386000,38160000.0,17.321,1039243000.0,52000.0,69308000.0,34822000.0,27.798,
4,MKTX,MRT,2020-06-30,2020-06-30,2020-06-30,2021-07-27,-14151000.0,1039217000.0,956194000.0,,,0.643,22.857,-43543000.0,404148000.0,404148000.0,0.0,262945000.0,,0.218,94701000.0,,,94701000.0,4068000.0,37087000.0,0.0,0.004,2.22,325400000.0,362487000.0,0.589,362487000.0,325400000.0,325400000.0,7.08,6.9,7.08,853484000.0,779020250.0,853484000.0,18722474397.0,58.0,51.65,338512000.0,9.066,1.0,615144000.0,1.0,206946000.0,0.0,522824000.0,540582750.0,0.0,131372000.0,,,185733000.0,,,18989984397.0,137420000.0,-97963000.0,-18450000.0,0.0,-83576000.0,-143563000.0,-98384000.0,43154000.0,382055000.0,-2688000.0,262945000.0,262945000.0,262945000.0,0.0,0.0,0.427,293104000.0,322040000.0,22624000.0,0.314,22.25,72.22,70.751,156394000.0,0.0,500.92,30.871,30.406,99222000.0,704219000.0,615144000.0,615144000.0,0.0,0.275,0.338,0.602,0.529,26637000.0,244952000.0,1.0,37910214.0,37340000,38153000.0,16.474,832271000.0,33000.0,62455000.0,24906000.0,22.289,
5,MKTX,MRT,2020-03-31,2020-03-31,2020-03-31,2021-07-27,-14620000.0,975603000.0,899392000.0,,,0.618,21.389,-41936000.0,363811000.0,363811000.0,0.0,227196000.0,,0.223,96301000.0,,,96301000.0,3950000.0,34991000.0,0.0,0.006,2.13,283906000.0,318897000.0,0.574,318897000.0,283906000.0,283906000.0,6.13,5.97,6.13,797883000.0,731126250.0,797883000.0,12439440542.0,44.0,39.008,304999000.0,8.176,1.0,555839000.0,1.0,207679000.0,0.0,500414000.0,548141500.0,0.0,135617000.0,,,177720000.0,,,12611573542.0,103892000.0,-97963000.0,-16372000.0,0.0,-80063000.0,-131695000.0,-108056000.0,31858000.0,346935000.0,-3292000.0,227196000.0,227196000.0,227196000.0,0.0,0.0,0.409,277057000.0,278782000.0,34764000.0,0.347,15.806,55.51,54.253,154577000.0,0.0,332.57,22.689,22.319,93572000.0,643129000.0,555839000.0,555839000.0,0.0,0.253,0.311,0.518,0.511,26775000.0,233968000.0,1.0,37921561.0,37303000,38075000.0,14.901,767924000.0,58000.0,56710000.0,20776000.0,20.586,
6,MKTX,MRT,2019-12-31,2019-12-31,2019-12-31,2021-07-27,-10270000.0,954930000.0,849193500.0,,,0.602,20.767,-34700000.0,270124000.0,270124000.0,0.0,204902000.0,,0.24,97991000.0,,,97991000.0,0.0,32652000.0,0.0,0.005,2.04,257424000.0,290076000.0,0.567,290076000.0,257424000.0,257424000.0,5.53,5.4,5.53,770091000.0,689442000.0,770091000.0,14093172041.0,55.0,48.584,231235000.0,6.236,1.0,511352000.0,1.0,207847000.0,0.0,574950000.0,558568500.0,0.0,230477000.0,,,184839000.0,,,14321668041.0,26795000.0,-97430000.0,-16049000.0,0.0,-76231000.0,-118100000.0,-122051000.0,10109000.0,265935000.0,1011000.0,204902000.0,204902000.0,204902000.0,0.0,0.0,0.401,260470000.0,250882000.0,22793000.0,0.369,18.597,69.895,68.555,153194000.0,0.0,379.11,28.007,27.493,62017000.0,591086000.0,511352000.0,511352000.0,0.0,0.241,0.297,0.461,0.503,25294000.0,222299000.0,1.0,37777078.0,37083000,37956000.0,13.789,747083000.0,0.0,52522000.0,16690000.0,20.146,
7,MKTX,MRT,2019-09-30,2019-09-30,2019-09-30,2021-07-27,-12804000.0,855026000.0,784345750.0,,,0.63,18.74,-37147000.0,320527000.0,320527000.0,0.0,200460000.0,,0.231,92031000.0,,,92031000.0,3731000.0,29279000.0,0.0,0.006,1.95,251533000.0,280812000.0,0.568,280812000.0,251533000.0,251533000.0,5.42,5.29,5.42,694623000.0,648888750.0,694623000.0,12168841770.0,48.0,43.334,209752000.0,5.659,1.0,494022000.0,1.0,62387000.0,0.0,564143000.0,511466500.0,0.0,235625000.0,,,160403000.0,,,12365308770.0,110421000.0,0.0,-15155000.0,0.0,-72772000.0,-106301000.0,-28602000.0,8509000.0,246899000.0,-1575000.0,200460000.0,200460000.0,200460000.0,0.0,0.0,0.406,250026000.0,243996000.0,16285000.0,0.36,17.801,61.685,60.424,141921000.0,0.0,327.5,25.03,24.572,72812000.0,560164000.0,494022000.0,494022000.0,0.0,0.256,0.309,0.492,0.509,23368000.0,214825000.0,1.0,37756668.0,37066000,37995000.0,13.328,792639000.0,3163000.0,51073000.0,13274000.0,21.385,
8,MKTX,MRT,2019-06-30,2019-06-30,2019-06-30,2021-07-27,-11458000.0,812009000.0,732122000.0,,,0.634,17.866,-38446000.0,286179000.0,286179000.0,0.0,185052000.0,,0.227,89712000.0,,,89712000.0,3810000.0,27283000.0,0.0,0.006,1.86,231992000.0,259275000.0,0.559,259275000.0,231992000.0,231992000.0,5.0,4.89,5.0,661908000.0,619887500.0,661908000.0,11946617629.0,51.0,46.077,208755000.0,5.635,1.0,463868000.0,1.0,62483000.0,0.0,553059000.0,463749500.0,0.0,231895000.0,,,150101000.0,,,12116725629.0,115491000.0,0.0,-17813000.0,0.0,-69405000.0,-99325000.0,-31620000.0,6801000.0,247201000.0,-765000.0,185052000.0,185052000.0,185052000.0,0.0,0.0,0.399,239425000.0,224443000.0,17050000.0,0.372,18.306,65.477,64.284,140928000.0,0.0,321.42,26.121,25.672,66332000.0,525430000.0,463868000.0,463868000.0,0.0,0.253,0.299,0.5,0.5,19374000.0,205773000.0,1.0,37697485.0,37049000,37910000.0,12.52,749526000.0,1595000.0,46940000.0,12860000.0,20.231,
9,MKTX,MRT,2019-03-31,2019-03-31,2019-03-31,2021-07-27,-10817000.0,774809000.0,683519250.0,,,0.652,17.038,-45558000.0,260953000.0,260953000.0,0.0,177434000.0,,0.228,90845000.0,,,90845000.0,3545000.0,25184000.0,0.0,0.007,1.77,222293000.0,247477000.0,0.556,247477000.0,222293000.0,222293000.0,4.8,4.69,4.8,631146000.0,593755000.0,631146000.0,9027168595.0,41.0,36.477,186289000.0,5.029,1.0,445342000.0,1.0,62579000.0,0.0,542122000.0,421496000.0,0.0,222458000.0,,,143663000.0,,,9273490595.0,104800000.0,0.0,-21200000.0,0.0,-66030000.0,-99455000.0,-27005000.0,18505000.0,231847000.0,-587000.0,177434000.0,177434000.0,177434000.0,0.0,0.0,0.398,229742000.0,215600000.0,13717000.0,0.369,14.693,52.264,51.267,139237000.0,0.0,246.08,20.823,20.469,70946000.0,496562000.0,445342000.0,445342000.0,0.0,0.26,0.299,0.527,0.499,17095000.0,197243000.0,1.0,37684861.0,37043000,37832000.0,12.022,712230000.0,1417000.0,44859000.0,18857000.0,19.227,
10,MKTX,MRT,2018-12-31,2018-12-31,2018-12-31,2021-07-27,-12394000.0,695539000.0,637135250.0,,,0.684,16.448,-47593000.0,246322000.0,246322000.0,0.0,172852000.0,,0.144,0.0,,,0.0,2810000.0,23080000.0,0.0,0.008,1.68,218086000.0,241166000.0,0.554,241166000.0,218086000.0,218086000.0,4.68,4.57,4.68,607878000.0,570259500.0,607878000.0,7733607095.0,35.0,32.068,176324000.0,4.771,1.0,435565000.0,1.0,62675000.0,0.0,386542000.0,378500750.0,0.0,240105000.0,,,87661000.0,,,7943692095.0,79308000.0,0.0,-22198000.0,0.0,-62432000.0,-92673000.0,-50296000.0,-2742000.0,223917000.0,-1640000.0,172852000.0,172852000.0,172852000.0,0.0,0.0,0.397,222981000.0,212584000.0,29366000.0,0.359,13.068,45.957,45.152,63010000.0,0.0,211.31,18.238,17.93,57535000.0,463252000.0,435565000.0,435565000.0,0.0,0.271,0.303,0.576,0.501,15850000.0,192147000.0,1.0,37592599.0,36958000,37855000.0,11.785,632864000.0,3424000.0,45234000.0,16432000.0,17.124,
11,MKTX,MRT,2018-09-30,2018-09-30,2018-09-30,2021-07-27,-12033000.0,646131000.0,608558500.0,,,0.693,15.659,-41210000.0,210085000.0,210085000.0,0.0,160494000.0,,0.117,0.0,,,0.0,3785000.0,22440000.0,0.0,0.009,1.59,211391000.0,233831000.0,0.555,233831000.0,211391000.0,211391000.0,4.35,4.24,4.35,578618000.0,546982000.0,578618000.0,6535356435.0,31.0,27.949,159054000.0,4.304,1.0,421681000.0,1.0,62771000.0,0.0,373275000.0,369655000.0,0.0,236101000.0,,,67513000.0,,,6706042435.0,71093000.0,0.0,-23375000.0,0.0,-59064000.0,-105164000.0,-22730000.0,18461000.0,200264000.0,-1277000.0,160494000.0,160494000.0,160494000.0,0.0,0.0,0.381,214225000.0,207456000.0,19339000.0,0.366,11.59,41.784,41.032,54320000.0,0.0,178.49,15.903,15.641,62004000.0,433227000.0,421681000.0,421681000.0,0.0,0.264,0.293,0.572,0.501,14983000.0,184811000.0,1.0,37570970.0,36951000,37828000.0,11.412,583360000.0,2256000.0,50897000.0,12921000.0,15.787,
12,MKTX,MRT,2018-06-30,2018-06-30,2018-06-30,2021-07-27,-11523000.0,617598000.0,587612500.0,,,0.708,15.085,-35684000.0,170686000.0,170686000.0,0.0,156030000.0,,0.108,0.0,,,0.0,3595000.0,20850000.0,0.0,0.008,1.5,210811000.0,231661000.0,0.557,231661000.0,210811000.0,210811000.0,4.24,4.12,4.24,557378000.0,530054500.0,557378000.0,7284644186.0,35.0,31.445,149051000.0,4.034,1.0,415822000.0,1.0,62867000.0,0.0,384045000.0,366386250.0,0.0,249591000.0,,,60220000.0,,,7440813186.0,42543000.0,0.0,-30213000.0,0.0,-55703000.0,-113493000.0,-28728000.0,6966000.0,184735000.0,29000.0,156030000.0,156030000.0,156030000.0,0.0,0.0,0.375,208143000.0,207679000.0,20041000.0,0.354,13.35,47.688,46.665,50088000.0,0.0,197.86,17.894,17.582,61883000.0,410419000.0,415822000.0,415822000.0,0.0,0.266,0.294,0.575,0.507,14554000.0,180603000.0,1.0,37606455.0,36950000,37862000.0,11.254,554731000.0,1453000.0,54781000.0,12972000.0,15.013,
13,MKTX,MRT,2018-03-31,2018-03-31,2018-03-31,2021-07-27,-10292000.0,589273000.0,569973250.0,,,0.711,14.536,-24104000.0,156169000.0,156169000.0,0.0,153566000.0,,0.097,0.0,,,0.0,3554000.0,19850000.0,0.0,0.006,1.41,207174000.0,227024000.0,0.56,227024000.0,207174000.0,207174000.0,4.17,4.05,4.17,537164000.0,516017000.0,537164000.0,8015089250.0,39.0,35.305,144821000.0,3.919,1.0,405172000.0,1.0,62963000.0,0.0,370141000.0,359286750.0,0.0,244271000.0,,,52109000.0,,,8182103250.0,18514000.0,0.0,-34792000.0,0.0,-52346000.0,-114808000.0,-37375000.0,-13193000.0,168925000.0,1772000.0,153566000.0,153566000.0,153566000.0,0.0,0.0,0.379,200542000.0,204630000.0,14532000.0,0.338,15.232,53.281,52.144,39623000.0,0.0,217.44,20.194,19.832,67529000.0,385725000.0,405172000.0,405172000.0,0.0,0.269,0.298,0.577,0.511,14429000.0,174497000.0,1.0,37629246.0,36954000,37886000.0,10.964,526310000.0,830000.0,53608000.0,18412000.0,14.242,
14,MKTX,MRT,2017-12-31,2017-12-31,2017-12-31,2021-07-27,-10226000.0,581232000.0,555333500.0,,,0.708,13.964,-25557000.0,167014000.0,167014000.0,0.0,148089000.0,,0.129,0.0,,,0.0,2660000.0,19274000.0,0.0,0.007,1.32,201768000.0,221042000.0,0.562,221042000.0,201768000.0,201768000.0,4.02,3.89,4.02,514768000.0,502314750.0,514768000.0,7434085443.0,37.0,33.632,142478000.0,3.865,1.0,393422000.0,1.0,63059000.0,0.0,351159000.0,349179500.0,0.0,239521000.0,,,66464000.0,,,7573077443.0,-1229000.0,0.0,-40489000.0,0.0,-48888000.0,-117068000.0,-53653000.0,-28037000.0,168035000.0,1457000.0,148089000.0,148089000.0,148089000.0,0.0,0.0,0.376,193807000.0,199615000.0,14241000.0,0.328,14.712,51.139,50.187,38548000.0,0.0,201.75,19.249,18.904,52636000.0,353583000.0,393422000.0,393422000.0,0.0,0.267,0.295,0.578,0.513,14421000.0,168736000.0,1.0,37536939.0,36864000,38038000.0,10.672,518173000.0,1737000.0,53679000.0,13061000.0,14.056,
15,MKTX,MRT,2017-09-30,2017-09-30,2017-09-30,2021-07-27,-10150000.0,562347000.0,542036000.0,,,0.714,13.859,-22030000.0,138992000.0,138992000.0,0.0,147781000.0,,0.101,0.0,,,0.0,3191000.0,18358000.0,0.0,0.007,1.25,202724000.0,221082000.0,0.571,221082000.0,202724000.0,202724000.0,4.01,3.89,4.01,510908000.0,490626000.0,510908000.0,6797822708.0,34.0,30.748,156160000.0,4.236,1.0,387109000.0,1.0,63155000.0,0.0,360200000.0,335478750.0,0.0,237221000.0,,,51439000.0,,,6925965708.0,-22452000.0,0.0,-44636000.0,0.0,-46298000.0,-103084000.0,-97188000.0,-75136000.0,178190000.0,-370000.0,147781000.0,147781000.0,147781000.0,0.0,0.0,0.382,187621000.0,199488000.0,12714000.0,0.312,13.556,46.866,46.012,35321000.0,0.0,184.51,17.892,17.571,63027000.0,332506000.0,387109000.0,387109000.0,0.0,0.273,0.301,0.604,0.524,14864000.0,163637000.0,1.0,37537075.0,36865000,38019000.0,10.501,499192000.0,8457000.0,54943000.0,4507000.0,13.541,
16,MKTX,MRT,2017-06-30,2017-06-30,2017-06-30,2021-07-27,-11278000.0,547041000.0,526987000.0,,,0.724,13.601,-20901000.0,128143000.0,128143000.0,0.0,144569000.0,,0.091,0.0,,,0.0,3076000.0,18100000.0,0.0,0.006,1.18,201861000.0,219961000.0,0.576,219961000.0,201861000.0,201861000.0,3.92,3.81,3.92,501228000.0,475824000.0,501228000.0,7409481197.0,37.0,33.685,158060000.0,4.289,1.0,381796000.0,1.0,63251000.0,0.0,355647000.0,314720750.0,0.0,237361000.0,,,45813000.0,,,7547136197.0,-25132000.0,0.0,-41173000.0,0.0,-43717000.0,-92589000.0,-109505000.0,-88886000.0,178961000.0,-1999000.0,144569000.0,144569000.0,144569000.0,0.0,0.0,0.379,182589000.0,199207000.0,14971000.0,0.301,15.057,52.204,51.301,34643000.0,0.0,201.1,19.767,19.411,55215000.0,310777000.0,381796000.0,381796000.0,0.0,0.274,0.304,0.641,0.529,15042000.0,159304000.0,1.0,37529270.0,36853000,38077000.0,10.36,483790000.0,7370000.0,57292000.0,4686000.0,13.128,
17,MKTX,MRT,2017-03-31,2017-03-31,2017-03-31,2021-07-27,-12570000.0,530714000.0,509505500.0,,,0.75,13.09,-20137000.0,137655000.0,137655000.0,0.0,139672000.0,,0.1,0.0,,,0.0,3190000.0,17850000.0,0.0,0.006,1.11,202839000.0,220689000.0,0.578,220689000.0,202839000.0,202839000.0,3.79,3.69,3.79,482355000.0,459554750.0,482355000.0,6878820824.0,34.0,31.17,152902000.0,4.149,1.0,382121000.0,1.0,63347000.0,0.0,329712000.0,290860250.0,0.0,218559000.0,,,48359000.0,,,7047063824.0,-340000.0,0.0,-32965000.0,0.0,-41124000.0,-81674000.0,-88526000.0,-68772000.0,173039000.0,-3179000.0,139672000.0,139672000.0,139672000.0,0.0,0.0,0.366,181348000.0,200773000.0,16269000.0,0.293,14.61,50.454,49.47,33888000.0,0.0,187.49,18.442,18.081,56642000.0,285150000.0,382121000.0,382121000.0,0.0,0.274,0.304,0.697,0.531,14960000.0,157877000.0,1.0,37586345.0,36850000,38112000.0,10.37,467367000.0,6829000.0,63167000.0,15028000.0,12.683,
18,MKTX,MRT,2016-12-31,2016-12-31,2016-12-31,2021-07-27,-12228000.0,528042000.0,489787500.0,,,0.751,12.703,-18503000.0,168243000.0,168243000.0,0.0,126172000.0,,0.128,0.0,,,0.0,2515000.0,17838000.0,0.0,0.007,1.04,191602000.0,209440000.0,0.57,209440000.0,191602000.0,191602000.0,3.42,3.34,3.42,468013000.0,441570000.0,468013000.0,5359757884.0,28.0,25.591,71244000.0,1.934,1.0,367730000.0,1.0,63443000.0,0.0,296356000.0,270961250.0,0.0,194404000.0,,,60029000.0,,,5521201884.0,-31485000.0,0.0,-21626000.0,0.0,-38495000.0,-65294000.0,-53180000.0,-35091000.0,89747000.0,-2758000.0,126172000.0,126172000.0,126172000.0,0.0,0.0,0.343,177745000.0,189985000.0,15149000.0,0.304,11.797,43.759,42.959,31104000.0,0.0,146.92,15.014,14.72,50668000.0,255140000.0,367730000.0,367730000.0,0.0,0.258,0.286,0.707,0.521,14511000.0,153847000.0,1.0,37579648.0,36844000,37738000.0,9.981,464599000.0,8562000.0,65430000.0,7582000.0,12.61,
19,MKTX,MRT,2016-09-30,2016-09-30,2016-09-30,2021-07-27,-10145000.0,502151000.0,467537250.0,,,0.753,12.245,-17949000.0,161444000.0,161444000.0,0.0,117498000.0,,0.112,0.0,,,0.0,3006000.0,18231000.0,0.0,0.006,0.98,178261000.0,196492000.0,0.558,196492000.0,178261000.0,178261000.0,3.2,3.12,3.2,451700000.0,422245000.0,451700000.0,6077453618.0,34.0,30.93,63359000.0,1.718,1.0,352127000.0,1.0,63539000.0,0.0,277168000.0,240665000.0,0.0,170655000.0,,,50451000.0,,,6230728618.0,1068000.0,0.0,-14541000.0,0.0,-36247000.0,-60965000.0,-18337000.0,-270000.0,81308000.0,-938000.0,117498000.0,117498000.0,117498000.0,0.0,0.0,0.334,173866000.0,178261000.0,15265000.0,0.306,13.794,53.028,51.747,30773000.0,0.0,165.59,17.695,17.347,56583000.0,231743000.0,352127000.0,352127000.0,0.0,0.251,0.278,0.741,0.506,13879000.0,147568000.0,1.0,37627445.0,36889000,37792000.0,9.546,438612000.0,7399000.0,60763000.0,3634000.0,11.89,
20,MKTX,MRT,2016-06-30,2016-06-30,2016-06-30,2021-07-27,-9049000.0,477115000.0,446080000.0,,,0.753,11.828,-18269000.0,153275000.0,153275000.0,0.0,109295000.0,,0.094,0.0,,,0.0,2606000.0,18548000.0,0.0,0.006,0.92,167260000.0,185808000.0,0.553,185808000.0,167260000.0,167260000.0,2.98,2.9,2.98,436151000.0,402687750.0,436151000.0,5323812781.0,32.0,28.652,45546000.0,1.235,1.0,336048000.0,1.0,63635000.0,0.0,260205000.0,219181500.0,0.0,146330000.0,,,40964000.0,,,5461807781.0,-15988000.0,0.0,-11122000.0,0.0,-33985000.0,-54700000.0,-25030000.0,-6222000.0,63815000.0,-73000.0,109295000.0,109295000.0,109295000.0,0.0,0.0,0.325,168788000.0,167260000.0,15146000.0,0.309,12.523,49.973,48.792,31495000.0,0.0,145.4,16.253,15.955,62860000.0,210606000.0,336048000.0,336048000.0,0.0,0.245,0.271,0.763,0.498,13431000.0,143208000.0,1.0,37564015.0,36876000,37748000.0,9.113,413480000.0,6057000.0,57965000.0,3000000.0,11.213,
21,MKTX,MRT,2016-03-31,2016-03-31,2016-03-31,2021-07-27,-7279000.0,451842000.0,426537750.0,,,0.738,11.16,-17600000.0,137995000.0,137995000.0,0.0,100407000.0,,0.101,0.0,,,0.0,2602000.0,18611000.0,0.0,0.007,0.86,153768000.0,172379000.0,0.547,172379000.0,153768000.0,153768000.0,2.74,2.66,2.74,410416000.0,383614250.0,410416000.0,4484207547.0,29.0,26.014,44129000.0,1.2,1.0,314900000.0,1.0,63731000.0,0.0,250116000.0,195230750.0,0.0,147226000.0,,,41426000.0,,,4683935547.0,-23053000.0,0.0,-13455000.0,0.0,-31744000.0,-53448000.0,-30566000.0,-12331000.0,61729000.0,-768000.0,100407000.0,100407000.0,100407000.0,0.0,0.0,0.319,161132000.0,153768000.0,16999000.0,0.314,11.413,46.649,45.558,32094000.0,0.0,124.83,14.874,14.578,52755000.0,187228000.0,314900000.0,314900000.0,0.0,0.235,0.262,0.788,0.488,12971000.0,137442000.0,1.0,37522515.0,36775000,37671000.0,8.563,388111000.0,5197000.0,53361000.0,10915000.0,10.554,
22,MKTX,MRT,2015-12-31,2015-12-31,2015-12-31,2021-07-27,-5229000.0,439041000.0,408250750.0,,,0.742,10.649,-15384000.0,199728000.0,199728000.0,0.0,96037000.0,,0.124,0.0,,,0.0,2312000.0,18542000.0,0.0,0.007,0.8,147900000.0,166442000.0,0.549,166442000.0,147900000.0,147900000.0,2.62,2.55,2.62,390713000.0,367177750.0,390713000.0,4001009378.0,27.0,24.038,109122000.0,2.974,1.0,303098000.0,1.0,64142000.0,0.0,175171000.0,170650750.0,0.0,84706000.0,,,48328000.0,,,4161385378.0,30804000.0,0.0,-21334000.0,0.0,-29534000.0,-55364000.0,-37953000.0,-21927000.0,124506000.0,-385000.0,96037000.0,96037000.0,96037000.0,0.0,0.0,0.317,155198000.0,147900000.0,12257000.0,0.305,10.651,43.331,42.592,30897000.0,0.0,111.59,13.73,13.508,40459000.0,168011000.0,303098000.0,303098000.0,0.0,0.235,0.262,0.867,0.488,12519000.0,133343000.0,1.0,37291741.0,36690000,37637000.0,8.261,374899000.0,9229000.0,51863000.0,4463000.0,10.218,
23,MKTX,MRT,2015-09-30,2015-09-30,2015-09-30,2021-07-27,-4969000.0,416322000.0,393461500.0,,,0.754,10.182,-14620000.0,160376000.0,160376000.0,0.0,93182000.0,,0.115,0.0,,,0.0,2215000.0,18282000.0,0.0,0.008,0.76,144403000.0,162685000.0,0.548,162685000.0,144403000.0,144403000.0,2.54,2.46,2.54,373471000.0,353051500.0,373471000.0,3300220773.0,23.0,20.286,103081000.0,2.81,1.0,296621000.0,1.0,64712000.0,0.0,191234000.0,162993250.0,0.0,95516000.0,,,42851000.0,,,3469483773.0,5276000.0,0.0,-29906000.0,0.0,-28080000.0,-57206000.0,-55076000.0,-40331000.0,117701000.0,-143000.0,93182000.0,93182000.0,93182000.0,0.0,0.0,0.314,152218000.0,144403000.0,13388000.0,0.299,9.29,37.233,36.622,31027000.0,0.0,93.02,11.697,11.503,49280000.0,150975000.0,296621000.0,296621000.0,0.0,0.237,0.264,0.886,0.487,11866000.0,133936000.0,1.0,37298256.0,36681000,37643000.0,8.087,351610000.0,8238000.0,51221000.0,4410000.0,9.586,
24,MKTX,MRT,2015-06-30,2015-06-30,2015-06-30,2021-07-27,-4859000.0,398946000.0,380108250.0,,,0.754,9.806,-13223000.0,169263000.0,169263000.0,0.0,87971000.0,,0.109,0.0,,,0.0,2650000.0,18122000.0,0.0,0.008,0.72,137318000.0,155440000.0,0.542,155440000.0,137318000.0,137318000.0,2.39,2.32,2.39,359857000.0,341259500.0,359857000.0,3301358841.0,24.0,21.239,100912000.0,2.75,1.0,286674000.0,1.0,65281000.0,0.0,164402000.0,150389750.0,0.0,67517000.0,,,39089000.0,,,3462406841.0,36109000.0,0.0,-36034000.0,0.0,-26639000.0,-61546000.0,-16431000.0,-3848000.0,114135000.0,-49000.0,87971000.0,87971000.0,87971000.0,0.0,0.0,0.307,149356000.0,137318000.0,13271000.0,0.301,9.622,39.359,38.816,31290000.0,0.0,92.77,12.078,11.876,46938000.0,135721000.0,286674000.0,286674000.0,0.0,0.231,0.258,0.913,0.479,11143000.0,131234000.0,1.0,37322484.0,36699000,37642000.0,7.811,333665000.0,6061000.0,49347000.0,7059000.0,9.092,
25,MKTX,MRT,2015-03-31,2015-03-31,2015-03-31,2021-07-27,-4523000.0,378694000.0,369551500.0,,,0.747,9.39,-14065000.0,161048000.0,161048000.0,0.0,81924000.0,,0.099,0.0,,,0.0,2725000.0,17870000.0,0.0,0.008,0.68,129330000.0,147200000.0,0.533,147200000.0,129330000.0,129330000.0,2.22,2.16,2.22,344670000.0,332040000.0,344670000.0,2926023564.0,23.0,19.878,95774000.0,2.609,1.0,276147000.0,1.0,65850000.0,0.0,151796000.0,148291000.0,0.0,62195000.0,,,34024000.0,,,3094947564.0,31003000.0,0.0,-40743000.0,0.0,-25226000.0,-65548000.0,-13624000.0,-195000.0,109839000.0,336000.0,81924000.0,81924000.0,81924000.0,0.0,0.0,0.297,146817000.0,129330000.0,12756000.0,0.306,8.979,37.778,37.342,31190000.0,0.0,82.9,11.208,11.019,46062000.0,118943000.0,276147000.0,276147000.0,0.0,0.222,0.247,0.872,0.468,10495000.0,128947000.0,1.0,37333505.0,36706000,37626000.0,7.523,312844000.0,5142000.0,47406000.0,9583000.0,8.523,
26,MKTX,MRT,2014-12-31,2014-12-31,2014-12-31,2021-07-27,-4537000.0,379884000.0,361471250.0,,,0.727,9.05,-14787000.0,168924000.0,168924000.0,0.0,74806000.0,,0.137,0.0,,,0.0,2465000.0,17379000.0,0.0,0.009,0.64,118536000.0,135915000.0,0.517,135915000.0,118536000.0,118536000.0,2.03,1.97,2.03,334208000.0,325437750.0,334208000.0,2525306140.0,21.0,18.58,95165000.0,2.577,1.0,262774000.0,1.0,66419000.0,0.0,144541000.0,147392250.0,0.0,64863000.0,,,45676000.0,,,2680406140.0,36233000.0,0.0,-35463000.0,0.0,-23941000.0,-60223000.0,-13025000.0,1151000.0,109952000.0,-471000.0,74806000.0,74806000.0,74806000.0,0.0,0.0,0.285,144238000.0,118536000.0,11961000.0,0.315,8.02,35.831,35.325,32185000.0,0.0,71.71,10.2,10.078,33836000.0,101813000.0,262774000.0,262774000.0,0.0,0.207,0.23,0.804,0.451,9769000.0,126859000.0,1.0,37378415.0,36930000,37889000.0,7.115,313465000.0,6972000.0,43730000.0,5940000.0,8.488,
27,MKTX,MRT,2014-09-30,2014-09-30,2014-09-30,2021-07-27,-4580000.0,362909000.0,354977750.0,,,0.713,8.853,-19933000.0,155100000.0,155100000.0,0.0,76303000.0,,0.112,0.0,,,0.0,3271000.0,16700000.0,0.0,0.01,0.61,117509000.0,134209000.0,0.53,134209000.0,117509000.0,117509000.0,2.06,2.01,2.06,326303000.0,319476250.0,326303000.0,2186969325.0,19.0,16.295,72206000.0,1.959,1.0,253049000.0,1.0,66989000.0,0.0,140820000.0,149387500.0,0.0,57021000.0,,,36606000.0,,,2320123325.0,35435000.0,9346000.0,-22829000.0,0.0,-22871000.0,-45652000.0,-10011000.0,3000.0,92139000.0,-1041000.0,76303000.0,76303000.0,76303000.0,-7663000.0,0.0,0.302,143203000.0,109846000.0,11283000.0,0.296,7.11,30.407,30.029,32800000.0,0.0,61.86,9.169,9.01,36947000.0,86158000.0,253049000.0,253049000.0,0.0,0.215,0.239,0.787,0.464,9639000.0,126277000.0,1.0,37506035.0,36856000,37805000.0,6.866,295920000.0,5252000.0,41206000.0,3668000.0,8.029,
28,MKTX,MRT,2014-06-30,2014-06-30,2014-06-30,2021-07-27,-4430000.0,356719000.0,347422500.0,,,0.719,8.726,-21307000.0,133154000.0,133154000.0,0.0,77012000.0,,0.104,0.0,,,0.0,2950000.0,15777000.0,0.0,0.011,0.58,115583000.0,131360000.0,0.526,131360000.0,115583000.0,115583000.0,2.08,2.03,2.08,322979000.0,309555500.0,322979000.0,1909074522.0,17.0,14.533,75735000.0,2.046,1.0,249937000.0,1.0,67558000.0,0.0,156007000.0,150225250.0,0.0,65742000.0,,,33740000.0,,,2039119522.0,-2314000.0,9346000.0,-11244000.0,0.0,-21743000.0,-33189000.0,-64271000.0,-52196000.0,97042000.0,-1896000.0,77012000.0,77012000.0,77012000.0,-7617000.0,0.0,0.308,141971000.0,107966000.0,18594000.0,0.279,6.313,26.478,25.99,34396000.0,0.0,54.06,8.159,8.006,40896000.0,74650000.0,249937000.0,249937000.0,0.0,0.222,0.249,0.769,0.462,9352000.0,126067000.0,1.0,37719562.0,37015000,37942000.0,6.752,289161000.0,2617000.0,38571000.0,0.0,7.812,
29,MKTX,MRT,2014-03-31,2014-03-31,2014-03-31,2021-07-27,-4287000.0,346373000.0,334587250.0,,,0.743,8.574,-25315000.0,130045000.0,130045000.0,0.0,78164000.0,,0.088,0.0,,,0.0,2722000.0,14603000.0,0.0,0.009,0.55,117988000.0,132591000.0,0.534,132591000.0,117988000.0,117988000.0,2.11,2.06,2.11,318261000.0,296451750.0,318261000.0,2105271767.0,18.0,15.878,65432000.0,1.763,1.0,248480000.0,1.0,68127000.0,0.0,148201000.0,135839250.0,0.0,63483000.0,,,28112000.0,,,2237962767.0,4126000.0,8637000.0,-558000.0,0.0,-20664000.0,-21063000.0,-64026000.0,-47260000.0,90747000.0,-1532000.0,78164000.0,78164000.0,78164000.0,-7671000.0,0.0,0.315,138163000.0,110317000.0,19207000.0,0.261,7.032,28.632,28.066,33393000.0,0.0,59.22,9.007,8.847,39077000.0,62471000.0,248480000.0,248480000.0,0.0,0.234,0.264,0.869,0.475,9198000.0,122205000.0,1.0,37790658.0,37121000,38096000.0,6.694,278246000.0,2915000.0,39824000.0,0.0,7.496,
30,MKTX,MRT,2013-12-31,2013-12-31,2013-12-31,2021-07-27,-4083000.0,353910000.0,318714250.0,,,0.749,8.414,-23282000.0,132691000.0,132691000.0,0.0,76016000.0,,0.14,0.0,,,0.0,2713000.0,13051000.0,0.0,0.008,0.52,114733000.0,127784000.0,0.535,127784000.0,114733000.0,114733000.0,2.06,2.01,2.06,310362000.0,280011750.0,310362000.0,2399239991.0,21.0,18.776,67597000.0,1.833,1.0,238733000.0,1.0,68697000.0,0.0,152522000.0,119998750.0,0.0,67742000.0,,,43548000.0,,,2518248991.0,3783000.0,-28481000.0,3039000.0,0.0,-19837000.0,-17074000.0,-69121000.0,-17340000.0,90879000.0,-901000.0,76016000.0,76016000.0,76016000.0,-7453000.0,0.0,0.318,131453000.0,107280000.0,12859000.0,0.252,8.114,33.128,32.489,32703000.0,0.0,66.928,10.548,10.341,34158000.0,51042000.0,238733000.0,238733000.0,0.0,0.239,0.271,0.956,0.481,8879000.0,117330000.0,1.0,37626240.0,36886000,37888000.0,6.472,285213000.0,7279000.0,38717000.0,3975000.0,7.732,
31,MKTX,MRT,2013-09-30,2013-09-30,2013-09-30,2021-07-27,-3931000.0,332688000.0,300197000.0,,,0.756,7.763,-16295000.0,119009000.0,119009000.0,0.0,73347000.0,,0.161,0.0,,,0.0,3106000.0,11642000.0,0.0,0.03,1.8,103999000.0,115641000.0,0.51,115641000.0,103999000.0,103999000.0,2.0,1.94,2.0,286620000.0,263100500.0,286620000.0,2116522110.0,20.0,18.303,79346000.0,2.149,1.0,226869000.0,1.0,69508000.0,0.0,144171000.0,111318000.0,0.0,58437000.0,,,46068000.0,,,2251990110.0,-30436000.0,-37827000.0,1814000.0,0.0,-66681000.0,-65978000.0,-59343000.0,-5219000.0,95641000.0,-756000.0,73347000.0,73347000.0,73347000.0,673000.0,0.0,0.323,122197000.0,104672000.0,20431000.0,0.9,7.857,30.703,29.977,27617000.0,0.0,59.954,9.926,9.756,36876000.0,32794000.0,226869000.0,226869000.0,0.0,0.244,0.279,0.934,0.458,8620000.0,110074000.0,1.0,37561966.0,36919000,37965000.0,6.145,263180000.0,4312000.0,30652000.0,0.0,7.129,
32,MKTX,MRT,2013-06-30,2013-06-30,2013-06-30,2021-07-27,-3565000.0,305378000.0,293257000.0,,,0.723,7.339,-17458000.0,135468000.0,135468000.0,0.0,68616000.0,,0.129,0.0,,,0.0,5437000.0,10164000.0,0.0,0.038,1.78,98931000.0,109095000.0,0.514,109095000.0,98931000.0,98931000.0,1.88,1.82,1.88,270564000.0,259429000.0,270564000.0,1627497907.0,16.0,14.918,68478000.0,1.857,1.0,212138000.0,1.0,71447000.0,0.0,98463000.0,105612000.0,0.0,14479000.0,,,34814000.0,,,1753416907.0,5873000.0,-37827000.0,487000.0,0.0,-66017000.0,-67096000.0,-12362000.0,42894000.0,85936000.0,-605000.0,68616000.0,68616000.0,68616000.0,853000.0,0.0,0.323,112354000.0,99784000.0,16868000.0,0.947,6.481,25.554,24.867,26443000.0,0.0,46.75,8.265,8.125,41826000.0,19467000.0,212138000.0,212138000.0,0.0,0.234,0.264,0.937,0.466,8535000.0,101976000.0,1.0,37506244.0,36868000,37819000.0,5.754,233931000.0,4511000.0,30315000.0,0.0,6.345,
33,MKTX,MRT,2013-03-31,2013-03-31,2013-03-31,2021-07-27,-3483000.0,282881000.0,289344500.0,,,0.682,6.866,-10615000.0,125919000.0,125919000.0,0.0,61902000.0,,0.12,0.0,,,0.0,5398000.0,8948000.0,0.0,0.047,1.76,88655000.0,97603000.0,0.494,97603000.0,88655000.0,88655000.0,1.71,1.65,1.71,252501000.0,257221750.0,252501000.0,1265361375.0,14.0,12.964,67872000.0,1.846,1.0,197456000.0,1.0,72123000.0,0.0,84839000.0,112570750.0,0.0,17059000.0,,,30380000.0,,,1394269375.0,6110000.0,-37118000.0,4812000.0,0.0,-65245000.0,-65384000.0,-6406000.0,41278000.0,78487000.0,-587000.0,61902000.0,61902000.0,61902000.0,907000.0,0.0,0.313,107894000.0,89562000.0,19231000.0,1.029,5.522,22.524,21.813,18743000.0,0.0,37.3,7.061,6.947,35467000.0,4977000.0,197456000.0,197456000.0,0.0,0.214,0.241,0.788,0.449,8420000.0,99960000.0,1.0,37379876.0,36774000,37673000.0,5.369,210758000.0,4639000.0,26753000.0,0.0,5.731,
34,MKTX,MRT,2012-12-31,2012-12-31,2012-12-31,2021-07-27,-3093000.0,279841000.0,287251750.0,,,0.664,6.647,-10360000.0,128908000.0,128908000.0,0.0,60069000.0,,0.153,0.0,,,0.0,4864000.0,8233000.0,0.0,0.049,1.74,87655000.0,95888000.0,0.502,95888000.0,87655000.0,87655000.0,1.65,1.59,1.65,242717000.0,256325750.0,242717000.0,1166360432.0,13.0,12.164,71222000.0,1.95,1.0,190840000.0,1.0,33134000.0,0.0,117799000.0,121489000.0,0.0,51208000.0,,,37124000.0,,,1316461432.0,-40712000.0,0.0,-66608000.0,0.0,-64041000.0,-136175000.0,15030000.0,25433000.0,81582000.0,-1149000.0,60069000.0,60069000.0,60069000.0,1715000.0,0.0,0.315,101470000.0,89370000.0,12344000.0,1.055,5.424,21.916,21.394,18009000.0,0.0,35.3,6.898,6.754,31044000.0,-5644000.0,190840000.0,190840000.0,0.0,0.209,0.234,0.722,0.459,8385000.0,94712000.0,1.0,37293525.0,36516000,37816000.0,5.226,246707000.0,9442000.0,27586000.0,0.0,6.756,
35,MKTX,MRT,2012-09-30,2012-09-30,2012-09-30,2021-07-27,-2817000.0,304928000.0,304656000.0,,,0.597,7.45,-10638000.0,150101000.0,150101000.0,0.0,51147000.0,,0.121,0.0,,,0.0,5064000.0,7689000.0,0.0,0.013,0.42,85062000.0,92751000.0,0.51,92751000.0,85062000.0,85062000.0,1.4,1.34,1.4,271934000.0,273756250.0,271934000.0,1048499743.0,12.0,11.304,61319000.0,1.68,1.0,181872000.0,1.0,33480000.0,0.0,121347000.0,128362750.0,0.0,54181000.0,,,32994000.0,,,1178094743.0,-7521000.0,0.0,-71597000.0,0.0,-15835000.0,-92258000.0,14014000.0,24655000.0,71957000.0,-1234000.0,51147000.0,51147000.0,51147000.0,1969000.0,0.0,0.281,94841000.0,87031000.0,12495000.0,0.3,4.332,23.034,22.579,18466000.0,0.0,31.61,6.478,6.344,33414000.0,26632000.0,181872000.0,181872000.0,0.0,0.168,0.187,0.663,0.468,8046000.0,89093000.0,1.0,37269685.0,36500000,37541000.0,4.983,271448000.0,6702000.0,33915000.0,0.0,7.437,
36,MKTX,MRT,2012-06-30,2012-06-30,2012-06-30,2021-07-27,-2417000.0,289728000.0,313224000.0,,,0.581,7.245,-7521000.0,129595000.0,129595000.0,0.0,51109000.0,,0.107,0.0,,,0.0,5126000.0,7407000.0,0.0,0.015,0.4,86084000.0,93491000.0,0.514,93491000.0,86084000.0,86084000.0,1.39,1.32,1.39,261735000.0,282231000.0,261735000.0,852522016.0,10.0,9.119,64443000.0,1.784,1.0,182034000.0,1.0,33835000.0,0.0,126298000.0,134692750.0,0.0,58592000.0,,,27993000.0,,,972331016.0,-6173000.0,0.0,-72086000.0,0.0,-15161000.0,-89580000.0,12451000.0,16424000.0,71964000.0,-1008000.0,51109000.0,51109000.0,51109000.0,1743000.0,0.0,0.281,94207000.0,87827000.0,12364000.0,0.288,3.715,19.025,19.165,14960000.0,0.0,26.64,5.341,5.287,33209000.0,17256000.0,182034000.0,182034000.0,0.0,0.163,0.181,0.639,0.473,7788000.0,88375000.0,1.0,36498912.0,36128000,37440000.0,5.039,255893000.0,5822000.0,34975000.0,0.0,7.083,
37,MKTX,MRT,2012-03-31,2012-03-31,2012-03-31,2021-07-27,-2213000.0,274510000.0,321108750.0,,,0.557,6.74,-7790000.0,119809000.0,119809000.0,0.0,50417000.0,,0.103,0.0,,,0.0,5229000.0,7073000.0,0.0,0.01,0.38,84789000.0,91862000.0,0.513,91862000.0,84789000.0,84789000.0,1.36,1.28,1.36,248917000.0,290011500.0,248917000.0,1254511166.0,15.0,13.656,69996000.0,1.895,1.0,179000000.0,1.0,34189000.0,0.0,120512000.0,140673500.0,0.0,60086000.0,,,25593000.0,,,1424131166.0,3242000.0,0.0,-75526000.0,0.0,-14496000.0,-89481000.0,15978000.0,20236000.0,77786000.0,-1041000.0,50417000.0,50417000.0,50417000.0,1743000.0,0.0,0.282,92468000.0,86532000.0,14547000.0,0.279,5.721,28.247,27.419,14875000.0,0.0,37.29,7.956,7.694,33039000.0,8708000.0,179000000.0,179000000.0,0.0,0.157,0.174,0.603,0.474,6531000.0,86970000.0,1.0,38190699.0,36934000,38695000.0,4.846,240321000.0,5684000.0,34372000.0,0.0,6.507,
38,MKTX,MRT,2011-12-31,2011-12-31,2011-12-31,2021-07-27,-1882000.0,349458000.0,328413750.0,,,0.523,8.443,-7225000.0,169620000.0,169620000.0,0.0,47704000.0,,0.118,0.0,,,0.0,5326000.0,6781000.0,0.0,0.012,0.36,79707000.0,86488000.0,0.503,86488000.0,79707000.0,79707000.0,1.29,1.2,1.29,312439000.0,298128250.0,312439000.0,991501460.0,12.0,11.464,58253000.0,1.574,1.0,171874000.0,1.0,34544000.0,0.0,145294000.0,148425000.0,0.0,78110000.0,,,37019000.0,,,1149123460.0,44626000.0,0.0,-128000.0,0.0,-13683000.0,-11199000.0,-8576000.0,-4883000.0,65478000.0,-1077000.0,47704000.0,47704000.0,47704000.0,1743000.0,0.0,0.278,90424000.0,81450000.0,12268000.0,0.279,3.678,24.089,23.341,14460000.0,0.0,30.11,6.686,6.483,36170000.0,-584000.0,171874000.0,171874000.0,0.0,0.145,0.16,0.537,0.464,6859000.0,85218000.0,1.0,38164180.0,37006000,39608000.0,4.644,314914000.0,8089000.0,32003000.0,0.0,8.51,
39,MKTX,MRT,2011-09-30,2011-09-30,2011-09-30,2021-07-27,-1692000.0,339200000.0,315929500.0,,,0.553,8.238,-6509000.0,157622000.0,157622000.0,0.0,45108000.0,,0.109,0.0,,,0.0,5037000.0,6540000.0,0.0,0.013,0.34,74312000.0,80852000.0,0.463,80852000.0,74312000.0,74312000.0,1.23,1.14,1.23,305833000.0,278637500.0,305833000.0,853105629.0,11.0,10.551,62845000.0,1.693,1.0,174569000.0,1.0,34911000.0,0.0,146667000.0,146730250.0,0.0,80200000.0,,,33367000.0,,,988873629.0,48877000.0,0.0,2924000.0,0.0,-12827000.0,-10459000.0,-8810000.0,-5803000.0,69354000.0,-1208000.0,45108000.0,45108000.0,45108000.0,0.0,0.0,0.258,100257000.0,74312000.0,12658000.0,0.276,3.233,21.922,21.154,14076000.0,0.0,26.02,5.665,5.534,31858000.0,-8680000.0,174569000.0,174569000.0,0.0,0.143,0.162,0.506,0.426,7338000.0,93717000.0,1.0,38004367.0,37126000,39828000.0,4.702,304289000.0,9589000.0,29204000.0,0.0,8.196,
40,MKTX,MRT,2011-06-30,2011-06-30,2011-06-30,2021-07-27,-1693000.0,321267000.0,302921750.0,,,0.546,7.966,-5770000.0,135768000.0,135768000.0,0.0,40275000.0,,0.097,0.0,,,0.0,4443000.0,6301000.0,0.0,0.013,0.32,65540000.0,71841000.0,0.434,71841000.0,65540000.0,65540000.0,1.11,1.02,1.11,292857000.0,258617000.0,292857000.0,833426501.0,13.0,11.601,55228000.0,1.502,1.0,165418000.0,1.0,35278000.0,0.0,150221000.0,144814750.0,0.0,75696000.0,,,28410000.0,,,949993501.0,22242000.0,0.0,-16762000.0,0.0,-12053000.0,-30788000.0,-7017000.0,-1177000.0,60998000.0,-951000.0,40275000.0,40275000.0,40275000.0,0.0,0.0,0.243,99878000.0,65540000.0,12036000.0,0.288,3.244,23.588,22.577,13409000.0,0.0,25.06,5.743,5.569,34494000.0,-18692000.0,165418000.0,165418000.0,0.0,0.133,0.156,0.453,0.396,7568000.0,93577000.0,1.0,37908759.0,36762000,39490000.0,4.5,285989000.0,14296000.0,25265000.0,0.0,7.779,
41,MKTX,MRT,2011-03-31,2011-03-31,2011-03-31,2021-07-27,-1999000.0,303730000.0,293964000.0,,,0.527,7.708,-5089000.0,116567000.0,116567000.0,0.0,35507000.0,,0.079,0.0,,,0.0,4679000.0,6296000.0,0.0,0.012,0.3,57491000.0,63787000.0,0.412,63787000.0,57491000.0,57491000.0,0.98,0.9,0.98,281384000.0,242930250.0,281384000.0,786720980.0,14.0,12.334,60204000.0,1.649,1.0,154953000.0,1.0,35645000.0,0.0,151518000.0,140281000.0,0.0,79663000.0,,,22346000.0,,,911714980.0,12015000.0,0.0,-17801000.0,0.0,-11337000.0,-31087000.0,-21171000.0,-16029000.0,65293000.0,-1020000.0,35507000.0,35507000.0,35507000.0,0.0,0.0,0.229,97462000.0,57491000.0,11695000.0,0.306,3.24,25.677,24.684,12701000.0,0.0,24.19,5.884,5.699,30064000.0,-27213000.0,154953000.0,154953000.0,0.0,0.121,0.146,0.41,0.371,9065000.0,91166000.0,1.0,37689747.0,36507000,39301000.0,4.244,268085000.0,20241000.0,21984000.0,0.0,7.343,
42,MKTX,MRT,2010-12-31,2010-12-31,2010-12-31,2021-07-27,-1651000.0,299521000.0,286189250.0,,,0.511,7.071,-7109000.0,124994000.0,124994000.0,0.0,31428000.0,,0.148,0.0,,,0.0,4571000.0,6350000.0,0.0,0.013,0.28,50910000.0,57260000.0,0.392,57260000.0,50910000.0,50910000.0,0.86,0.8,0.86,234476000.0,228137500.0,234476000.0,588669790.0,12.0,10.281,57037000.0,1.72,1.0,146228000.0,1.0,36012000.0,0.0,138515000.0,134315750.0,0.0,72552000.0,,,34730000.0,,,697414790.0,21653000.0,0.0,-23239000.0,0.0,-10630000.0,-33849000.0,-7720000.0,-643000.0,64146000.0,-924000.0,31428000.0,31428000.0,31428000.0,0.0,0.0,0.215,95318000.0,50910000.0,12368000.0,0.326,2.974,22.191,24.198,12545000.0,0.0,20.81,4.769,4.719,25682000.0,-34605000.0,146228000.0,146228000.0,0.0,0.11,0.138,0.379,0.348,8969000.0,88968000.0,1.0,33513445.0,33159000,39051000.0,4.41,263509000.0,19813000.0,19482000.0,0.0,7.947,
43,MKTX,MRT,2010-09-30,2010-09-30,2010-09-30,2021-07-27,-1102000.0,287169000.0,280630500.0,,,0.505,6.852,-9832000.0,108745000.0,108745000.0,0.0,27917000.0,,0.138,0.0,,,0.0,4878000.0,6464000.0,0.0,0.016,0.28,47504000.0,53968000.0,0.381,53968000.0,47504000.0,47504000.0,0.76,0.71,0.76,225751000.0,223644000.0,225751000.0,476711841.0,10.0,8.833,51065000.0,1.55,1.0,141582000.0,1.0,39419000.0,0.0,139005000.0,132935750.0,0.0,74218000.0,,,31103000.0,,,590237841.0,2612000.0,0.0,-21269000.0,0.0,-10689000.0,-30539000.0,-27032000.0,-16813000.0,60897000.0,-714000.0,27917000.0,27917000.0,27917000.0,0.0,0.0,0.197,94078000.0,47504000.0,12674000.0,0.368,2.615,21.143,22.342,9595000.0,0.0,16.98,4.169,3.951,27320000.0,-40961000.0,141582000.0,141582000.0,0.0,0.099,0.125,0.357,0.336,8738000.0,87614000.0,1.0,34760768.0,32945000,38744000.0,4.298,247750000.0,20338000.0,19587000.0,0.0,7.52,
44,MKTX,MRT,2010-06-30,2010-06-30,2010-06-30,2021-07-27,-1134000.0,285436000.0,275713250.0,,,0.487,6.822,-9520000.0,113526000.0,113526000.0,0.0,23946000.0,,0.109,0.0,,,0.0,4279000.0,6558000.0,0.0,0.015,0.21,42523000.0,49081000.0,0.366,49081000.0,42523000.0,42523000.0,0.65,0.61,0.65,230110000.0,220159000.0,230110000.0,378484672.0,9.0,7.711,50477000.0,1.496,1.0,134178000.0,1.0,39824000.0,0.0,132086000.0,128129500.0,0.0,74087000.0,,,25011000.0,,,483036672.0,24789000.0,0.0,-227000.0,0.0,-8031000.0,-7716000.0,-26733000.0,-16889000.0,59997000.0,-759000.0,23946000.0,23946000.0,23946000.0,0.0,0.0,0.178,91655000.0,42523000.0,12224000.0,0.323,2.099,20.172,21.215,9386000.0,0.0,13.79,3.6,3.467,24091000.0,-46914000.0,134178000.0,134178000.0,0.0,0.087,0.109,0.332,0.317,8762000.0,85097000.0,1.0,35028040.0,33733000,39514000.0,3.978,245612000.0,16576000.0,18577000.0,0.0,7.281,
45,MKTX,MRT,2010-03-31,2010-03-31,2010-03-31,2021-07-27,-1439000.0,272631000.0,267378000.0,,,0.466,6.608,-9300000.0,104552000.0,104552000.0,0.0,19964000.0,,0.09,0.0,,,0.0,4428000.0,6615000.0,0.0,0.009,0.14,36403000.0,43018000.0,0.345,43018000.0,36403000.0,36403000.0,0.55,0.51,0.55,222213000.0,213827750.0,222213000.0,444235558.0,12.0,10.327,36276000.0,1.079,1.0,124691000.0,1.0,40422000.0,0.0,127657000.0,125376000.0,0.0,63142000.0,,,20103000.0,,,547576558.0,-5271000.0,0.0,-433000.0,0.0,-5331000.0,-5338000.0,-44854000.0,-34946000.0,45576000.0,-655000.0,19964000.0,19964000.0,19964000.0,0.0,0.0,0.16,88288000.0,36403000.0,11338000.0,0.255,2.464,27.428,28.6,9117000.0,0.0,15.73,4.391,4.242,26685000.0,-51383000.0,124691000.0,124691000.0,0.0,0.075,0.093,0.29,0.292,8569000.0,81673000.0,1.0,34810970.0,33626000,39306000.0,3.708,232209000.0,20628000.0,16439000.0,0.0,6.906,
46,MKTX,MRT,2009-12-31,2009-12-31,2009-12-31,2021-07-27,-1391000.0,277286000.0,260025750.0,,,0.44,6.509,-6798000.0,103341000.0,103341000.0,0.0,16102000.0,,0.141,0.0,,,0.0,4262000.0,6790000.0,0.0,0.005,0.07,30049000.0,36839000.0,0.322,36839000.0,30049000.0,30049000.0,0.44,0.42,0.44,216502000.0,207987250.0,216502000.0,371447690.0,12.0,10.083,36529000.0,1.098,1.0,114439000.0,1.0,40950000.0,0.0,132995000.0,116118750.0,0.0,70997000.0,,,30469000.0,,,477580690.0,-3982000.0,-1368000.0,242000.0,0.0,-2650000.0,-2646000.0,-44165000.0,-35344000.0,43327000.0,-498000.0,16102000.0,16102000.0,16102000.0,0.0,0.0,0.141,84390000.0,30049000.0,11050000.0,0.159,2.206,29.66,31.591,6856000.0,0.0,13.9,4.173,4.04,23150000.0,-55403000.0,114439000.0,114439000.0,0.0,0.062,0.077,0.259,0.263,8414000.0,77600000.0,1.0,34358323.0,33264000,38082000.0,3.44,236336000.0,23980000.0,13947000.0,0.0,7.105,
47,MKTX,MRT,2009-09-30,2009-09-30,2009-09-30,2021-07-27,-1102000.0,267500000.0,252311250.0,,,0.405,6.363,-3826000.0,106133000.0,106133000.0,0.0,12602000.0,,0.12,0.0,,,0.0,4425000.0,6913000.0,0.0,0.0,0.0,22022000.0,28935000.0,0.283,28935000.0,22022000.0,22022000.0,0.36,0.33,0.36,211811000.0,202485000.0,211811000.0,324277874.0,15.0,11.207,29972000.0,0.9,1.0,102308000.0,1.0,41587000.0,0.0,119780000.0,106629500.0,0.0,56194000.0,,,25374000.0,,,413014874.0,-8829000.0,-1368000.0,233000.0,0.0,0.0,-59000.0,-42094000.0,-36760000.0,33798000.0,-474000.0,12602000.0,12602000.0,12602000.0,0.0,0.0,0.123,80286000.0,22022000.0,10735000.0,0.0,1.95,32.774,33.417,4010000.0,0.0,12.03,4.037,3.914,23653000.0,-58189000.0,102308000.0,102308000.0,0.0,0.05,0.062,0.207,0.215,8069000.0,73373000.0,1.0,34332076.0,33287464,38196823.0,3.073,225913000.0,28988000.0,9420000.0,0.0,6.787,
48,MKTX,MRT,2009-06-30,2009-06-30,2009-06-30,2021-07-27,-1219000.0,252095000.0,245454750.0,,,0.387,6.158,-3940000.0,88737000.0,88737000.0,0.0,9481000.0,,0.083,0.0,,,0.0,2091000.0,7753000.0,0.0,0.0,0.0,15577000.0,23330000.0,0.246,23330000.0,15577000.0,15577000.0,0.27,0.25,0.27,204785000.0,197138000.0,204785000.0,216997047.0,14.0,9.301,20660000.0,0.621,1.0,94980000.0,1.0,42286000.0,0.0,121072000.0,97192000.0,0.0,56238000.0,,,16995000.0,,,326820047.0,-7519000.0,-1053000.0,371000.0,0.0,0.0,6872000.0,-38436000.0,-33347000.0,24600000.0,-555000.0,9481000.0,9481000.0,9481000.0,0.0,0.0,0.1,79403000.0,15577000.0,8676000.0,0.0,1.596,34.471,35.296,3897000.0,0.0,9.53,3.441,3.337,21685000.0,-62829000.0,94980000.0,94980000.0,0.0,0.039,0.048,0.16,0.164,7702000.0,71650000.0,1.0,34293814.0,33255901,37853809.0,2.856,209809000.0,32051000.0,6096000.0,0.0,6.309,
49,MKTX,MRT,2009-03-31,2009-03-31,2009-03-31,2021-07-27,-1362000.0,243222000.0,239697000.0,,,0.395,5.992,-3893000.0,109823000.0,109823000.0,0.0,9142000.0,,0.071,0.0,,,0.0,2230000.0,7890000.0,0.0,0.0,0.0,14600000.0,22490000.0,0.237,22490000.0,14600000.0,14600000.0,0.26,0.25,0.26,198851000.0,192585500.0,198851000.0,154466581.0,11.0,6.868,23319000.0,0.703,1.0,94778000.0,1.0,42771000.0,0.0,90628000.0,88911000.0,0.0,27605000.0,,,14056000.0,,,261789581.0,55524000.0,-7078000.0,-16000.0,0.0,0.0,33216000.0,-3992000.0,6805000.0,27212000.0,-912000.0,9142000.0,9142000.0,9142000.0,0.0,0.0,0.096,80178000.0,14600000.0,8873000.0,0.0,1.317,28.636,29.385,4002000.0,0.0,7.64,2.762,2.675,17917000.0,-66016000.0,94778000.0,94778000.0,0.0,0.038,0.047,0.164,0.154,7361000.0,72288000.0,1.0,34265652.0,33183476,37516962.0,2.856,200451000.0,34212000.0,5458000.0,0.0,6.041,
50,MKTX,MRT,2008-12-31,2008-12-31,2008-12-31,2021-07-27,-1320000.0,246428000.0,229089250.0,,,0.406,5.924,-4042000.0,107323000.0,107323000.0,0.0,7899000.0,,0.111,0.0,,,0.0,2303000.0,7879000.0,0.0,0.0,0.0,12834000.0,20713000.0,0.223,20713000.0,12834000.0,12834000.0,0.23,0.22,0.23,194493000.0,187873750.0,194493000.0,159675040.0,12.0,7.709,23592000.0,0.719,1.0,93085000.0,1.0,44067000.0,0.0,95038000.0,91450750.0,0.0,35227000.0,,,21620000.0,,,274637040.0,34612000.0,-34918000.0,-3090000.0,0.0,0.0,30311000.0,-22499000.0,16322000.0,27634000.0,-834000.0,7899000.0,7899000.0,7899000.0,0.0,0.0,0.085,80251000.0,12834000.0,8878000.0,0.0,1.412,34.769,35.478,3369000.0,0.0,8.16,2.95,2.878,13283000.0,-68855000.0,93085000.0,93085000.0,0.0,0.034,0.042,0.14,0.138,7061000.0,72372000.0,1.0,33656500.0,32830923,35737379.0,2.835,202361000.0,35666000.0,4935000.0,0.0,6.164,
51,MKTX,MRT,2008-09-30,2008-09-30,2008-09-30,2021-07-27,-1721000.0,240074000.0,217073750.0,,,0.431,5.779,-4318000.0,114962000.0,114962000.0,0.0,7871000.0,,0.102,0.0,,,0.0,2568000.0,7784000.0,0.0,0.0,0.0,12921000.0,20705000.0,0.221,20705000.0,12921000.0,12921000.0,0.23,0.23,0.23,190423000.0,182849750.0,190423000.0,174910397.0,14.0,8.448,20321000.0,0.617,1.0,93633000.0,1.0,43082000.0,0.0,82030000.0,96818000.0,0.0,18036000.0,,,19336000.0,,,271166397.0,40612000.0,-38057000.0,-10230000.0,-208000.0,0.0,25005000.0,-8273000.0,34752000.0,24639000.0,-759000.0,7871000.0,7871000.0,7871000.0,0.0,0.0,0.084,80712000.0,12921000.0,8126000.0,0.0,1.424,34.451,35.087,3579000.0,0.0,8.07,2.896,2.84,16754000.0,-70791000.0,93633000.0,93633000.0,0.0,0.036,0.043,0.133,0.138,6829000.0,72928000.0,1.0,33601784.0,32952012,37438054.0,2.841,196992000.0,37103000.0,5050000.0,0.0,5.978,
52,MKTX,MRT,2008-06-30,2008-06-30,2008-06-30,2021-07-27,-1420000.0,229064000.0,206647500.0,,,0.451,5.665,-4563000.0,96256000.0,96256000.0,0.0,8762000.0,,0.098,0.0,,,0.0,1763000.0,6976000.0,0.0,0.0,0.0,14466000.0,21442000.0,0.23,21442000.0,14466000.0,14466000.0,0.26,0.26,0.26,186575000.0,179326750.0,186575000.0,199511867.0,14.0,9.305,21179000.0,0.643,1.0,93150000.0,1.0,44860000.0,0.0,87948000.0,105817500.0,0.0,22122000.0,,,18317000.0,,,253810867.0,30906000.0,-38372000.0,-8752000.0,-98000.0,0.0,15351000.0,-9569000.0,34113000.0,25742000.0,-618000.0,8762000.0,8762000.0,8762000.0,0.0,0.0,0.094,78684000.0,14466000.0,10603000.0,0.0,1.36,28.967,29.077,2822000.0,0.0,7.56,2.725,2.673,18439000.0,-72310000.0,93150000.0,93150000.0,0.0,0.042,0.049,0.137,0.155,6314000.0,71708000.0,1.0,33572866.0,32931838,34758642.0,2.829,184204000.0,37343000.0,5704000.0,0.0,5.593,
53,MKTX,MRT,2008-03-31,2008-03-31,2008-03-31,2021-07-27,-976000.0,200791000.0,197696750.0,,,0.469,5.553,-4662000.0,54299000.0,54299000.0,0.0,9466000.0,,0.115,0.0,,,0.0,1745000.0,7039000.0,0.0,0.0,0.0,15746000.0,22785000.0,0.245,22785000.0,15746000.0,15746000.0,0.29,0.28,0.29,180004000.0,176514500.0,180004000.0,255675567.0,16.0,11.221,24310000.0,0.75,1.0,92817000.0,1.0,45705000.0,0.0,100787000.0,114301500.0,0.0,34290000.0,,,20787000.0,,,328386567.0,-13992000.0,-32347000.0,-14073000.0,0.0,0.0,-15158000.0,-27570000.0,10154000.0,28972000.0,-236000.0,9466000.0,9466000.0,9466000.0,0.0,0.0,0.102,77071000.0,15746000.0,15589000.0,0.0,1.824,34.691,34.276,2974000.0,0.0,9.94,3.538,3.471,17477000.0,-75158000.0,92817000.0,92817000.0,0.0,0.048,0.054,0.138,0.17,5777000.0,70032000.0,1.0,33036878.0,32413129,33394866.0,2.864,155086000.0,38960000.0,6280000.0,0.0,4.785,
54,MKTX,MRT,2007-12-31,2007-12-31,2007-12-31,2021-07-27,-884000.0,198366000.0,194792500.0,,,0.481,5.4,-4903000.0,72711000.0,72711000.0,0.0,10320000.0,,0.137,0.0,,,0.0,826000.0,7170000.0,0.0,0.0,0.0,17251000.0,24421000.0,0.261,24421000.0,17251000.0,17251000.0,0.32,0.3,0.32,174397000.0,175100000.0,174397000.0,354347399.0,21.0,14.51,24217000.0,0.75,1.0,93643000.0,1.0,9148000.0,0.0,116507000.0,117736250.0,0.0,51579000.0,,,23969000.0,,,428697399.0,-9289000.0,-3139000.0,-29383000.0,0.0,0.0,-27015000.0,-11179000.0,-2480000.0,29120000.0,-215000.0,10320000.0,10320000.0,10320000.0,0.0,0.0,0.11,76392000.0,17251000.0,8832000.0,0.0,2.458,41.54,40.094,2931000.0,0.0,12.83,4.578,4.424,18397000.0,-76754000.0,93643000.0,93643000.0,0.0,0.053,0.059,0.147,0.184,5634000.0,69222000.0,1.0,33413671.0,32293036,34453195.0,2.9,189218000.0,37207000.0,6931000.0,0.0,5.859,
55,MKTX,MRT,2007-09-30,2007-09-30,2007-09-30,2021-07-27,-856000.0,198369000.0,196270500.0,,,0.476,5.371,-5436000.0,74350000.0,74350000.0,0.0,10650000.0,,0.125,0.0,,,0.0,1144000.0,7179000.0,0.0,0.0,0.0,17740000.0,24919000.0,0.267,24919000.0,17740000.0,17740000.0,0.33,0.3,0.33,176331000.0,177822000.0,176331000.0,436981655.0,25.0,17.536,25916000.0,0.789,1.0,93347000.0,1.0,5991000.0,0.0,118028000.0,117476000.0,0.0,53449000.0,,,22038000.0,,,502331655.0,9057000.0,0.0,-22637000.0,208000.0,0.0,-21442000.0,-649000.0,4796000.0,31352000.0,-204000.0,10650000.0,10650000.0,10650000.0,0.0,0.0,0.114,75607000.0,17740000.0,9423000.0,0.0,2.849,47.167,45.455,3251000.0,0.0,15.0,5.381,5.275,19682000.0,-78662000.0,93347000.0,93347000.0,0.0,0.054,0.06,0.151,0.19,5992000.0,68428000.0,1.0,33488777.0,32828978,34575086.0,2.843,192378000.0,36558000.0,7090000.0,0.0,5.86,
56,MKTX,MRT,2007-06-30,2007-06-30,2007-06-30,2021-07-27,-847000.0,193261000.0,196042000.0,,,0.469,5.325,-5119000.0,65350000.0,65350000.0,0.0,9537000.0,,0.102,0.0,,,0.0,650000.0,7196000.0,0.0,0.0,0.0,16327000.0,23523000.0,0.256,23523000.0,16327000.0,16327000.0,0.3,0.27,0.3,175326000.0,178978250.0,175326000.0,536763702.0,33.0,22.819,23669000.0,0.719,1.0,91923000.0,1.0,6027000.0,0.0,121884000.0,119430750.0,0.0,56543000.0,,,17935000.0,,,605054702.0,14059000.0,0.0,-23767000.0,98000.0,0.0,-17804000.0,3389000.0,8436000.0,28788000.0,-314000.0,9537000.0,9537000.0,9537000.0,0.0,0.0,0.104,75596000.0,16327000.0,8757000.0,0.0,3.451,63.443,59.967,3473000.0,0.0,17.99,6.582,6.444,19007000.0,-81072000.0,91923000.0,91923000.0,0.0,0.049,0.053,0.137,0.178,6003000.0,68400000.0,1.0,33632835.0,32927868,34631142.0,2.792,187234000.0,37671000.0,6790000.0,0.0,5.686,
57,MKTX,MRT,2007-03-31,2007-03-31,2007-03-31,2021-07-27,-774000.0,189174000.0,195084250.0,,,0.445,5.658,-5596000.0,68291000.0,68291000.0,0.0,6785000.0,,0.085,0.0,,,0.0,952000.0,6954000.0,0.0,0.0,0.0,11674000.0,18628000.0,0.215,18628000.0,11674000.0,11674000.0,0.22,0.19,0.22,174346000.0,179515750.0,174346000.0,466672349.0,40.0,25.052,14564000.0,0.473,1.0,86741000.0,1.0,6357000.0,0.0,114526000.0,121838750.0,0.0,44438000.0,,,14828000.0,,,548672349.0,16133000.0,0.0,-18029000.0,0.0,0.0,-13697000.0,10090000.0,15687000.0,20160000.0,-420000.0,6785000.0,6785000.0,6785000.0,0.0,0.0,0.078,75067000.0,11674000.0,8464000.0,0.0,3.147,80.865,76.091,3896000.0,0.0,16.74,6.325,5.947,19998000.0,-84624000.0,86741000.0,86741000.0,0.0,0.035,0.038,0.096,0.135,6068000.0,68113000.0,1.0,32776126.0,30813478,34526548.0,2.815,182817000.0,40326000.0,4889000.0,0.0,5.933,
58,MKTX,MRT,2006-12-31,2006-12-31,2006-12-31,2021-07-27,-733000.0,204278000.0,194165500.0,,,0.429,6.062,-6787000.0,82000000.0,82000000.0,0.0,5421000.0,,0.103,0.0,,,0.0,857000.0,6728000.0,0.0,0.0,0.0,8604000.0,15332000.0,0.184,15332000.0,8604000.0,8604000.0,0.18,0.15,0.18,185285000.0,179733250.0,185285000.0,330469034.0,38.0,21.554,10314000.0,0.337,1.0,83316000.0,1.0,6812000.0,0.0,115466000.0,124857000.0,0.0,49015000.0,,,18993000.0,,,395762034.0,23811000.0,0.0,1144000.0,0.0,0.0,2818000.0,4231000.0,11017000.0,17101000.0,-339000.0,5421000.0,5421000.0,5421000.0,0.0,0.0,0.065,74712000.0,8604000.0,5323000.0,0.0,2.136,73.005,75.389,4304000.0,0.0,13.57,4.75,4.978,17429000.0,-87074000.0,83316000.0,83316000.0,0.0,0.028,0.03,0.069,0.103,6432000.0,67984000.0,1.0,29164483.0,30563437,35077348.0,2.726,197466000.0,38901000.0,3183000.0,0.0,6.461,
59,MKTX,MRT,2006-09-30,2006-09-30,2006-09-30,2021-07-27,-706000.0,197455000.0,190711500.0,,,0.42,5.778,-6887000.0,65293000.0,65293000.0,0.0,5273000.0,,0.091,0.0,,,0.0,347000.0,6499000.0,0.0,0.0,0.0,6647000.0,13146000.0,0.164,13146000.0,6647000.0,6647000.0,0.18,0.15,0.18,180956000.0,176128000.0,180956000.0,246717228.0,37.0,18.767,8976000.0,0.287,1.0,80118000.0,1.0,6315000.0,0.0,125847000.0,127509000.0,0.0,58208000.0,,,16499000.0,,,298008228.0,10800000.0,0.0,1733000.0,0.0,0.0,2809000.0,-7574000.0,-703000.0,15863000.0,-298000.0,5273000.0,5273000.0,5273000.0,0.0,0.0,0.066,73421000.0,6697000.0,7401000.0,0.0,1.647,56.516,58.167,4635000.0,0.0,10.47,3.72,4.093,18796000.0,-89312000.0,80118000.0,80118000.0,0.0,0.028,0.03,0.052,0.083,5260000.0,66922000.0,1.0,28463059.0,31319771,34792784.0,2.558,191140000.0,39042000.0,1374000.0,0.0,6.103,
60,MKTX,MRT,2006-06-30,2006-06-30,2006-06-30,2021-07-27,-639000.0,189430000.0,187771500.0,,,0.418,5.948,-7118000.0,51291000.0,51291000.0,0.0,5147000.0,,0.067,0.0,,,0.0,465000.0,6322000.0,0.0,0.0,0.0,6158000.0,12480000.0,0.159,12480000.0,6158000.0,6158000.0,0.18,0.14,0.18,177476000.0,172747250.0,177476000.0,284679826.0,46.0,22.811,6977000.0,0.234,1.0,78432000.0,1.0,6623000.0,0.0,131516000.0,127327250.0,0.0,64896000.0,,,11954000.0,,,336837826.0,13661000.0,0.0,2104000.0,0.0,0.0,2670000.0,-2946000.0,4173000.0,14095000.0,-158000.0,5147000.0,5147000.0,5147000.0,0.0,0.0,0.066,72224000.0,6208000.0,5738000.0,0.0,1.898,65.444,61.167,4931000.0,0.0,11.01,4.295,4.189,16893000.0,-90609000.0,78432000.0,78432000.0,0.0,0.027,0.03,0.048,0.079,4964000.0,65903000.0,1.0,30593808.0,29837704,34944312.0,2.629,182807000.0,39596000.0,1011000.0,0.0,6.127,
61,MKTX,MRT,2006-03-31,2006-03-31,2006-03-31,2021-07-27,-426000.0,185499000.0,185228000.0,,,0.419,5.877,-6524000.0,52158000.0,52158000.0,0.0,6171000.0,,0.059,0.0,,,0.0,652000.0,6109000.0,0.0,0.0,0.0,7587000.0,13696000.0,0.177,13696000.0,7587000.0,7587000.0,0.22,0.17,0.22,175216000.0,169452750.0,175216000.0,309467794.0,41.0,22.595,9356000.0,0.314,1.0,77592000.0,1.0,6742000.0,0.0,126599000.0,128457250.0,0.0,60066000.0,,,10283000.0,,,367656794.0,-4884000.0,0.0,3322000.0,0.0,0.0,3935000.0,-24767000.0,-18258000.0,15880000.0,68000.0,6171000.0,6171000.0,6171000.0,0.0,0.0,0.08,69955000.0,7637000.0,6795000.0,0.0,2.098,59.578,54.682,4855000.0,0.0,12.03,4.738,4.622,15866000.0,-91409000.0,77592000.0,77592000.0,0.0,0.033,0.036,0.059,0.098,4040000.0,63847000.0,1.0,30561662.0,29814296,35672980.0,2.603,178757000.0,40252000.0,1416000.0,0.0,5.996,
62,MKTX,MRT,2005-12-31,2005-12-31,2005-12-31,2021-07-27,-482000.0,190462000.0,181166500.0,,,0.434,6.068,-4781000.0,58189000.0,58189000.0,0.0,8142000.0,,0.115,0.0,,,0.0,1317000.0,5649000.0,0.0,0.0,0.0,11561000.0,17210000.0,0.219,17210000.0,11561000.0,11561000.0,0.29,0.23,0.29,170864000.0,165336000.0,170864000.0,222552598.0,19.0,12.932,12127000.0,0.431,1.0,78560000.0,1.0,6199000.0,0.0,126074000.0,123511000.0,0.0,59956000.0,,,19598000.0,,,277045598.0,-39463000.0,0.0,2709000.0,0.0,0.0,2709000.0,-59034000.0,-54253000.0,16908000.0,-46000.0,8142000.0,8142000.0,8142000.0,0.0,0.0,0.104,66999000.0,11561000.0,6433000.0,0.0,1.621,34.027,39.414,4643000.0,0.0,11.43,3.527,4.097,14796000.0,-92495000.0,78560000.0,78560000.0,0.0,0.045,0.049,0.094,0.147,2507000.0,61350000.0,1.0,24238460.0,28156505,35512346.0,2.79,184263000.0,39804000.0,3419000.0,0.0,6.544,
63,MKTX,MRT,2005-09-30,2005-09-30,2005-09-30,2021-07-27,-478000.0,185695000.0,177462500.0,,,0.447,5.913,-3941000.0,54493000.0,54493000.0,0.0,8587000.0,,0.109,0.0,,,0.0,1339000.0,5172000.0,0.0,0.0,0.0,15058000.0,20230000.0,0.255,20230000.0,15058000.0,15058000.0,-7.09,0.21,-7.09,167433000.0,161424500.0,167433000.0,283473058.0,19.0,14.013,15742000.0,0.556,1.0,79351000.0,1.0,6082000.0,0.0,125120000.0,110094250.0,0.0,57435000.0,,,18262000.0,,,321103058.0,36321000.0,0.0,61444000.0,0.0,0.0,56561000.0,-39698000.0,-35980000.0,19683000.0,-225000.0,8587000.0,8587000.0,8587000.0,0.0,0.0,0.108,64142000.0,15209000.0,8030000.0,0.0,1.918,37.394,-1.918,4345000.0,0.0,13.6,4.047,4.853,17245000.0,-94585000.0,79351000.0,79351000.0,0.0,0.048,0.053,0.137,0.19,2235000.0,58971000.0,1.0,23610519.0,28316845,35508128.0,2.802,179613000.0,36829000.0,6471000.0,0.0,6.343,
64,MKTX,MRT,2005-06-30,2005-06-30,2005-06-30,2021-07-27,-412000.0,179256000.0,160135002.0,,,0.493,5.925,-5843000.0,37630000.0,37630000.0,0.0,16500000.0,,0.091,0.0,,,0.0,1586000.0,4290000.0,0.0,0.0,0.0,18238000.0,22528000.0,0.285,22528000.0,18238000.0,18238000.0,-5.26,0.48,-5.26,164298000.0,102339488.0,164298000.0,203285536.0,11.0,9.024,14886000.0,0.537,1.0,78981000.0,1.0,5590000.0,0.0,136036000.0,101914062.0,0.0,69138000.0,,,14958000.0,,,260327536.0,18388000.0,0.0,60664000.0,0.0,0.0,55781000.0,-57723000.0,-51589000.0,20729000.0,-399000.0,16500000.0,16500000.0,16500000.0,0.0,0.0,0.209,60373000.0,18608000.0,7442000.0,0.0,1.584,15.777,-2.148,4680000.0,0.0,11.3,3.296,3.967,16027000.0,-95756000.0,78981000.0,78981000.0,0.0,0.103,0.161,0.179,0.231,1705000.0,56083000.0,1.0,23037835.0,27727594,35424799.0,2.848,173666000.0,37322000.0,1738000.0,0.0,6.263,
65,MKTX,MRT,2005-03-31,2005-03-31,2005-03-31,2021-07-27,-478000.0,169253000.0,,,,,5.788,-5837000.0,57042000.0,57042000.0,0.0,57728000.0,,0.066,0.0,,,0.0,2003000.0,3947000.0,0.0,0.0,0.0,19681000.0,23628000.0,0.303,23628000.0,19681000.0,19681000.0,6.85,1.87,6.85,158749000.0,,158749000.0,159617015.0,8.0,6.755,14921000.0,0.544,1.0,77933000.0,1.0,5397000.0,0.0,106814000.0,,0.0,41825000.0,,,10504000.0,,,257269015.0,44081000.0,0.0,59071000.0,0.0,0.0,54188000.0,-30428000.0,-24313000.0,20758000.0,-437000.0,57728000.0,57728000.0,57728000.0,0.0,0.0,0.741,57526000.0,20407000.0,5379000.0,0.0,1.621,4.457,1.631,4956000.0,0.0,11.17,3.301,3.931,14554000.0,-97580000.0,77933000.0,77933000.0,0.0,,,,0.253,1803000.0,53579000.0,1.0,23032141.0,27427508,35482963.0,2.841,163856000.0,38347000.0,-38047000.0,0.0,5.974,
66,MKTX,MRT,2004-12-31,2004-12-31,2004-12-31,2021-07-27,-342000.0,175646000.0,116414500.0,,,0.651,21.869,-6982000.0,97652000.0,97652000.0,0.0,57587000.0,,0.132,0.0,,,0.0,2804000.0,3468000.0,0.0,0.0,0.0,17316000.0,20784000.0,0.274,20784000.0,17316000.0,17316000.0,6.76,1.88,6.76,155218000.0,17474500.0,155218000.0,432034269.0,25.0,20.787,13751000.0,1.937,1.0,75797000.0,1.0,5587000.0,0.0,72407000.0,52443000.0,0.0,5797000.0,,,20428000.0,,,450205983.0,77061000.0,0.0,59052000.0,0.0,0.0,54169000.0,2520000.0,9794000.0,20733000.0,-361000.0,57587000.0,57587000.0,57587000.0,0.0,0.0,0.76,57241000.0,18556000.0,5821000.0,0.0,2.9,7.818,2.516,5079000.0,0.0,17.01,5.94,1.593,14375000.0,-100637000.0,75797000.0,75797000.0,0.0,0.495,3.295,0.33,0.228,1903000.0,51249000.0,1.0,26467136.0,7097682,30638644.0,10.679,170059000.0,40351000.0,-40271000.0,0.0,23.96,
67,MKTX,MRT,2004-09-30,2004-09-30,2004-09-30,2021-07-27,-169451.0,116385006.0,,,,,-20.778,-8433260.0,18171714.0,18171714.0,0.0,56732399.0,,-0.247,0.0,,,0.0,2904429.0,3521460.0,0.0,,0.0,14057399.0,17578859.0,0.24,17578859.0,14057399.0,14057399.0,13.71,,13.71,-68907050.0,,-68907050.0,,,,11355392.0,3.424,1.0,73375820.0,1.0,5814043.0,0.0,92399249.0,,0.0,21541034.0,,,17053067.0,,,,6451317.0,0.0,109004.0,0.0,0.0,109004.0,-13152339.0,-4472710.0,19788652.0,-294000.0,56732399.0,56732399.0,56732399.0,0.0,0.0,0.773,56473421.0,16902399.0,5361840.0,0.0,,,,5135980.0,0.0,,,,12558744.0,-101113266.0,73375820.0,73375820.0,0.0,,,,0.192,1880080.0,49592085.0,1.0,26467136.0,3316386,,22.125,110570963.0,44127879.0,-42675000.0,0.0,33.341,
68,MKTX,MRT,2004-06-30,2004-06-30,2004-06-30,2021-07-27,,,,,,,,,,,,,,,,,,,,,,,0.0,,,,,,,,,,,,,,,,,,1.0,,,,,,,,,,,,,,,,,,,,,,,,,,,,,,,,,,,,,,,,,,,,,,,,,,,,,,1.0,,3300453,,,,,,,,
69,MKTX,MRT,2004-03-31,2004-03-31,2004-03-31,2021-07-27,,,,,,,,,,,,,,,,,,,,,,,0.0,,,,,,,,,,,,,,,,,,1.0,,,,,,,,,,,,,,,,,,,,,,,,,,,,,,,,,,,,,,,,,,,,,,,,,,,,,,1.0,,3295931,,,,,,,,
70,MKTX,MRT,2003-12-31,2003-12-31,2003-12-31,2021-07-27,19000.0,57183000.0,,,,,-36.573,-4721000.0,20591000.0,20591000.0,0.0,4212000.0,,-0.148,0.0,,,0.0,3671000.0,4688000.0,0.0,,0.0,4402000.0,9090000.0,0.155,9090000.0,4402000.0,4402000.0,-2.2,-2.2,-2.2,-120269000.0,,-120269000.0,,,,12301000.0,3.741,1.0,58460000.0,1.0,4113000.0,0.0,32479000.0,,0.0,15591000.0,,,17788000.0,,,,8375000.0,0.0,80000.0,0.0,0.0,80000.0,-8619000.0,-4002000.0,17022000.0,-108000.0,4212000.0,4212000.0,4212000.0,0.0,0.0,0.072,52252000.0,6208000.0,4771000.0,0.0,,,,3038000.0,0.0,,,,9063000.0,-148585000.0,58460000.0,58460000.0,0.0,,,,0.075,1578000.0,42164000.0,1.0,,3288464,3288464.0,17.777,53070000.0,0.0,190000.0,0.0,16.138,
71,MKTX,MRT,2002-12-31,2002-12-31,2002-12-31,2021-07-27,,,,,,,,-2430000.0,,,0.0,-36076000.0,,,,,,,,6658000.0,,,0.0,-36076000.0,-29418000.0,-1.573,-29418000.0,-36076000.0,-36076000.0,-14.39,-14.39,-14.39,,,,,,,-21073000.0,-6.405,1.0,18701000.0,1.0,,0.0,,,,,,,,,,,311000.0,0.0,0.0,0.0,0.0,8400000.0,10554000.0,13706000.0,-18643000.0,0.0,-36076000.0,-36076000.0,-36076000.0,0.0,0.0,-1.929,54069000.0,-35368000.0,,0.0,,,,,0.0,,,,,,18701000.0,18701000.0,0.0,,,,-1.929,1193000.0,39461000.0,1.0,,3290326,3290326.0,5.684,,,0.0,,,
