None,ticker,dimension,calendardate,datekey,reportperiod,lastupdated,accoci,assets,assetsavg,assetsc,assetsnc,assetturnover,bvps,capex,cashneq,cashnequsd,cor,consolinc,currentratio,de,debt,debtc,debtnc,debtusd,deferredrev,depamor,deposits,divyield,dps,ebit,ebitda,ebitdamargin,ebitdausd,ebitusd,ebt,eps,epsdil,epsusd,equity,equityavg,equityusd,ev,evebit,evebitda,fcf,fcfps,fxusd,gp,grossmargin,intangibles,intexp,invcap,invcapavg,inventory,investments,investmentsc,investmentsnc,liabilities,liabilitiesc,liabilitiesnc,marketcap,ncf,ncfbus,ncfcommon,ncfdebt,ncfdiv,ncff,ncfi,ncfinv,ncfo,ncfx,netinc,netinccmn,netinccmnusd,netincdis,netincnci,netmargin,opex,opinc,payables,payoutratio,pb,pe,pe1,ppnenet,prefdivis,price,ps,ps1,receivables,retearn,revenue,revenueusd,rnd,roa,roe,roic,ros,sbcomp,sgna,sharefactor,sharesbas,shareswa,shareswadil,sps,tangibles,taxassets,taxexp,taxliabilities,tbvps,workingcapital
0,FLS,MRY,2020-12-31,2020-12-31,2020-12-31,2021-09-07,-609625000.0,5314677000.0,5001507250.0,2904333000.0,2410344000.0,0.745,13.288,-41700000.0,1095274000.0,1095274000.0,2611365000.0,126781000.0,2.544,2.053,1938142000.0,43985000.0,1894157000.0,1938142000.0,194227000.0,100753000.0,0.0,0.022,0.8,233743000.0,334496000.0,0.09,334496000.0,233743000.0,176357000.0,0.89,0.89,0.89,1730991000.0,1681603500.0,1730991000.0,5756674469.0,25.0,17.21,268837000.0,2.064,1.0,1116769000.0,0.3,1393382000.0,57386000.0,3622530000.0,3451943000.0,667228000.0,0.0,0.0,0.0,3553356000.0,1141633000.0,2411723000.0,4800207469.0,424294000.0,0.0,-32112000.0,299515000.0,-104159000.0,147587000.0,-41700000.0,0.0,310537000.0,7870000.0,116326000.0,116326000.0,116326000.0,0.0,10455000.0,0.031,866492000.0,250277000.0,440199000.0,0.899,2.773,41.265,41.404,764998000.0,0.0,36.85,1.288,1.288,1031196000.0,3670543000.0,3728134000.0,3728134000.0,0.0,0.023,0.069,0.068,0.063,27252000.0,878245000.0,1.0,130263432.0,130263432.0,,28.62,3921295000.0,30538000.0,60031000.0,0.0,30.103,1762700000.0
1,FLS,MRY,2019-12-31,2019-12-31,2019-12-31,2021-09-07,-584292000.0,4938277000.0,4842618750.0,2506747000.0,2431530000.0,0.814,13.348,-33383000.0,670980000.0,670980000.0,2650354000.0,246940000.0,2.243,1.812,1564880000.0,47380000.0,1517500000.0,1564880000.0,221095000.0,105904000.0,0.0,0.019,0.95,369301000.0,475205000.0,0.121,475205000.0,369301000.0,314321000.0,1.82,1.81,1.82,1746739000.0,1726046000.0,1746739000.0,7507524566.0,20.0,15.798,290714000.0,2.222,1.0,1289343000.0,0.327,1373815000.0,54980000.0,3340920000.0,3374655000.0,660837000.0,0.0,0.0,0.0,3165936000.0,1117442000.0,2048494000.0,6512909566.0,51297000.0,0.0,-15000000.0,-111452000.0,-99557000.0,-231464000.0,-33383000.0,0.0,324097000.0,-7953000.0,238828000.0,238828000.0,238828000.0,0.0,8112000.0,0.061,902720000.0,386623000.0,447582000.0,0.522,3.729,27.27,27.346,749782000.0,0.0,49.77,1.653,1.653,795538000.0,3652244000.0,3939697000.0,3939697000.0,0.0,0.049,0.138,0.109,0.094,23882000.0,913203000.0,1.0,130860148.0,130860148.0,,30.106,3564462000.0,54879000.0,75493000.0,0.0,27.239,1389305000.0
2,FLS,MRY,2018-12-31,2018-12-31,2018-12-31,2021-09-07,-573947000.0,4616277000.0,4660569750.0,2383145000.0,2233132000.0,0.823,12.55,-77803000.0,619683000.0,619683000.0,2644830000.0,109887000.0,2.205,1.8,1483047000.0,68218000.0,1414829000.0,1483047000.0,202458000.0,112473000.0,0.0,0.02,0.76,209218000.0,321691000.0,0.084,321691000.0,209218000.0,151058000.0,0.8,0.8,0.8,1642315000.0,1640560250.0,1642315000.0,5949254505.0,28.0,18.494,113028000.0,0.864,1.0,1190869000.0,0.31,1388190000.0,58160000.0,3010476000.0,3165530000.0,633871000.0,0.0,0.0,0.0,2955497000.0,1080975000.0,1874522000.0,4975181505.0,-83762000.0,-3663000.0,0.0,-66476000.0,-99416000.0,-173284000.0,-81466000.0,0.0,190831000.0,-19843000.0,104508000.0,104508000.0,104508000.0,0.0,5379000.0,0.027,955441000.0,235428000.0,418893000.0,0.95,3.029,47.606,47.525,610096000.0,0.0,38.02,1.297,1.297,792434000.0,3543007000.0,3835699000.0,3835699000.0,0.0,0.022,0.064,0.066,0.055,19912000.0,966584000.0,1.0,130856957.0,130856957.0,,29.312,3228087000.0,44682000.0,46550000.0,0.0,24.669,1302170000.0
3,FLS,MRY,2017-12-31,2017-12-31,2017-12-31,2021-09-07,-505473000.0,4910474000.0,4800976250.0,2558745000.0,2351729000.0,0.763,12.666,-56167000.0,703445000.0,703445000.0,2571878000.0,4328000.0,2.059,1.958,1575257000.0,75599000.0,1499658000.0,1575257000.0,0.0,118454000.0,0.0,0.014,0.57,321061000.0,439515000.0,0.12,439515000.0,321061000.0,261331000.0,0.02,0.02,0.02,1654587000.0,1689419250.0,1654587000.0,6588202266.0,21.0,14.99,254899000.0,1.951,1.0,1088953000.0,0.297,1428237000.0,59730000.0,3111141000.0,3288682500.0,884273000.0,0.0,0.0,0.0,3239520000.0,1242908000.0,1996612000.0,5503653266.0,336283000.0,232767000.0,0.0,-71671000.0,-99233000.0,-185353000.0,176600000.0,0.0,311066000.0,33970000.0,2652000.0,2652000.0,2652000.0,0.0,1676000.0,0.001,889135000.0,199818000.0,443113000.0,28.5,3.326,2075.284,2106.5,671796000.0,0.0,42.13,1.503,1.503,856711000.0,3503947000.0,3660831000.0,3660831000.0,0.0,0.001,0.002,0.098,0.088,22820000.0,901727000.0,1.0,130635017.0,130635017.0,,28.023,3482237000.0,51974000.0,258679000.0,0.0,26.656,1315837000.0
4,FLS,MRY,2016-12-31,2016-12-31,2016-12-31,2021-09-07,-624788000.0,4708923000.0,4868811750.0,2297689000.0,2411234000.0,0.82,12.391,-86405000.0,367162000.0,367162000.0,2753689000.0,135532000.0,1.95,1.9,1570623000.0,85365000.0,1485258000.0,1570623000.0,0.0,116752000.0,0.0,0.02,0.95,269972000.0,386724000.0,0.097,386724000.0,269972000.0,209835000.0,1.02,1.01,1.02,1616427000.0,1694372250.0,1616427000.0,7618241300.0,28.0,19.699,154071000.0,1.181,1.0,1236798000.0,0.31,1419581000.0,60137000.0,3314365000.0,3504313750.0,897690000.0,0.0,0.0,0.0,3071535000.0,1178438000.0,1893097000.0,6268222300.0,718000.0,-5064000.0,0.0,-36956000.0,-97746000.0,-143721000.0,-91469000.0,0.0,240476000.0,-4568000.0,132455000.0,132455000.0,132455000.0,0.0,3077000.0,0.033,952450000.0,284348000.0,412087000.0,0.931,3.878,47.323,47.108,724805000.0,0.0,48.05,1.571,1.571,882638000.0,3598396000.0,3990487000.0,3990487000.0,0.0,0.027,0.078,0.077,0.068,30213000.0,965376000.0,1.0,130452077.0,130452077.0,,30.59,3289342000.0,83722000.0,77380000.0,0.0,25.215,1119251000.0
5,FLS,MRY,2015-12-31,2015-12-31,2015-12-31,2021-09-07,-538232000.0,4963106000.0,5171291000.0,2457322000.0,2505784000.0,0.881,12.586,-171641000.0,366444000.0,366444000.0,3080254000.0,264016000.0,1.82,2.003,1620996000.0,60434000.0,1560562000.0,1620996000.0,0.0,127087000.0,0.0,0.017,0.72,472032000.0,599119000.0,0.131,599119000.0,472032000.0,406762000.0,1.94,1.93,1.94,1647126000.0,1713972250.0,1647126000.0,6948082906.0,15.0,11.597,269118000.0,2.056,1.0,1477537000.0,0.324,1452763000.0,65270000.0,3414519000.0,3717234250.0,978641000.0,0.0,0.0,0.0,3298724000.0,1350376000.0,1948348000.0,5506972906.0,-83906000.0,-353654000.0,-303651000.0,455809000.0,-93650000.0,37655000.0,-525295000.0,0.0,440759000.0,-37025000.0,258411000.0,258411000.0,258411000.0,0.0,5605000.0,0.057,962872000.0,514665000.0,491378000.0,0.371,3.343,21.311,21.691,758427000.0,0.0,42.08,1.208,1.208,985772000.0,3565958000.0,4557791000.0,4557791000.0,0.0,0.05,0.151,0.127,0.104,34816000.0,972733000.0,1.0,130869128.0,130869128.0,,34.827,3510343000.0,70264000.0,148351000.0,0.0,26.823,1106946000.0
6,FLS,MRY,2014-12-31,2014-12-31,2014-12-31,2021-09-07,-380406000.0,4968020000.0,4851828000.0,2794163000.0,2173857000.0,1.005,14.171,-130888000.0,450350000.0,450350000.0,3167714000.0,519433000.0,1.898,1.567,1154922000.0,53131000.0,1101791000.0,1154922000.0,0.0,110277000.0,0.0,0.044,2.64,783005000.0,893282000.0,0.183,893282000.0,783005000.0,722683000.0,3.75,3.72,3.75,1931562000.0,1908445000.0,1931562000.0,9159217580.0,12.0,10.253,463593000.0,3.401,1.0,1710171000.0,0.351,1213592000.0,60322000.0,2987125000.0,3197210250.0,995564000.0,0.0,0.0,0.0,3026177000.0,1471875000.0,1554302000.0,8155328580.0,86546000.0,46805000.0,-246504000.0,-41217000.0,-85118000.0,-391177000.0,-84083000.0,0.0,594481000.0,-32675000.0,513372000.0,513372000.0,513372000.0,0.0,6061000.0,0.105,924785000.0,785386000.0,611715000.0,0.704,4.222,15.886,15.955,693881000.0,0.0,59.83,1.672,1.672,1082447000.0,3415738000.0,4877885000.0,4877885000.0,0.0,0.106,0.269,0.245,0.161,42675000.0,936900000.0,1.0,136308350.0,136308350.0,,35.786,3754428000.0,190331000.0,209311000.0,12957000.0,27.544,1322288000.0
7,FLS,MRY,2013-12-31,2013-12-31,2013-12-31,2021-09-07,-221477000.0,5036733000.0,4759841000.0,2847382000.0,2189351000.0,1.041,13.411,-137437000.0,363804000.0,363804000.0,3266524000.0,488320000.0,1.827,1.689,1200297000.0,72678000.0,1127619000.0,1200297000.0,0.0,106392000.0,0.0,0.012,0.98,744644000.0,851036000.0,0.172,851036000.0,744644000.0,690231000.0,3.43,3.41,3.43,1870379000.0,1793373750.0,1870379000.0,11988717053.0,16.0,14.087,350322000.0,2.512,1.0,1688095000.0,0.341,1268099000.0,54413000.0,3047028000.0,2901945500.0,1060670000.0,0.0,0.0,0.0,3159612000.0,1558099000.0,1601513000.0,10994310053.0,59552000.0,-30561000.0,-458310000.0,273195000.0,-76897000.0,-255824000.0,-167998000.0,0.0,487759000.0,-4385000.0,485530000.0,485530000.0,485530000.0,0.0,2790000.0,0.098,927812000.0,760283000.0,612092000.0,0.286,5.878,22.644,22.983,716289000.0,0.0,78.83,2.219,2.219,1155327000.0,2985391000.0,4954619000.0,4954619000.0,0.0,0.102,0.271,0.257,0.15,25646000.0,966829000.0,1.0,139468604.0,139468604.0,,35.525,3768634000.0,176981000.0,204701000.0,12319000.0,27.021,1289283000.0
8,FLS,MRY,2012-12-31,2012-12-31,2012-12-31,2021-09-07,-224310000.0,4810958000.0,4694749750.0,2740216000.0,2070742000.0,1.012,12.605,-118606000.0,304252000.0,304252000.0,3170388000.0,450799000.0,1.723,1.543,928594000.0,59478000.0,869116000.0,928594000.0,0.0,107226000.0,0.0,0.01,0.48,652625000.0,759851000.0,0.16,759851000.0,652625000.0,609105000.0,2.86,2.84,2.86,1890219000.0,2063074250.0,1890219000.0,8048260230.0,12.0,10.592,398524000.0,2.658,1.0,1580951000.0,0.333,1203927000.0,43520000.0,2640748000.0,2527305250.0,1086663000.0,0.0,0.0,0.0,2916483000.0,1590625000.0,1325858000.0,7337684230.0,-33104000.0,-7821000.0,-771942000.0,423882000.0,-73765000.0,-428922000.0,-126427000.0,0.0,517130000.0,5115000.0,448339000.0,448339000.0,448339000.0,0.0,2460000.0,0.094,905173000.0,675778000.0,616900000.0,0.168,3.882,16.366,17.11,654179000.0,0.0,48.933,1.544,1.544,1103724000.0,2579308000.0,4751339000.0,4751339000.0,0.0,0.095,0.217,0.258,0.137,24196000.0,922125000.0,1.0,149952675.0,149952675.0,,31.686,3607031000.0,177799000.0,160766000.0,7654000.0,24.054,1149591000.0
9,FLS,MRY,2011-12-31,2011-12-31,2011-12-31,2021-09-07,-216097000.0,4622614000.0,4528982250.0,2628354000.0,1994260000.0,0.996,13.618,-103698000.0,337356000.0,337356000.0,2996555000.0,429231000.0,1.788,1.033,505216000.0,53623000.0,451593000.0,505216000.0,0.0,107561000.0,0.0,0.013,0.427,623287000.0,730848000.0,0.162,730848000.0,623287000.0,587106000.0,2.57,2.55,2.57,2269813000.0,2276735250.0,2269813000.0,5797993267.0,9.0,7.933,114515000.0,0.687,1.0,1513646000.0,0.336,1208559000.0,36181000.0,2111594000.0,2238326750.0,1008379000.0,0.0,0.0,0.0,2344384000.0,1470321000.0,874063000.0,5517990267.0,-220223000.0,-90505000.0,-150000000.0,-23419000.0,-69557000.0,-238956000.0,-194203000.0,0.0,218213000.0,-5277000.0,428582000.0,428582000.0,428582000.0,0.0,649000.0,0.095,894969000.0,618677000.0,597342000.0,0.166,2.431,12.875,12.882,598746000.0,0.0,33.107,1.223,1.223,1060249000.0,2205524000.0,4510201000.0,4510201000.0,0.0,0.095,0.188,0.278,0.138,26422000.0,914080000.0,1.0,166673085.0,166673085.0,,27.06,3414055000.0,139748000.0,158524000.0,10755000.0,20.484,1158033000.0
10,FLS,MRY,2010-12-31,2010-12-31,2010-12-31,2021-09-07,-150506000.0,4459910000.0,4179335000.0,2523744000.0,1936166000.0,0.965,12.556,-90972000.0,557579000.0,557579000.0,2622343000.0,388681000.0,1.733,1.116,527711000.0,51481000.0,476230000.0,527711000.0,0.0,104541000.0,0.0,0.01,0.387,564187000.0,668728000.0,0.166,668728000.0,564187000.0,529886000.0,2.32,2.293,2.32,2103022000.0,1943251500.0,2103022000.0,6909950460.0,12.0,10.333,264803000.0,1.581,1.0,1409693000.0,0.35,1159642000.0,34301000.0,1814025000.0,1923713000.0,886731000.0,0.0,0.0,0.0,2346877000.0,1456375000.0,890502000.0,6656202460.0,-96741000.0,-199396000.0,-46015000.0,-41595000.0,-63582000.0,-142913000.0,-286717000.0,0.0,355775000.0,-22886000.0,388290000.0,388290000.0,388290000.0,0.0,391000.0,0.096,828341000.0,581352000.0,571021000.0,0.167,3.165,17.142,17.129,581245000.0,0.0,39.74,1.651,1.651,839566000.0,1848680000.0,4032036000.0,4032036000.0,0.0,0.093,0.2,0.293,0.14,22380000.0,844990000.0,1.0,167493771.0,167493771.0,,24.073,3300268000.0,156339000.0,141596000.0,16036000.0,19.704,1067369000.0
11,FLS,MRY,2009-12-31,2009-12-31,2009-12-31,2021-09-07,-149028000.0,4248894000.0,4003229500.0,2499322000.0,1749572000.0,1.09,10.72,-107892000.0,654320000.0,654320000.0,2817130000.0,428331000.0,1.714,1.362,566728000.0,27355000.0,539373000.0,566728000.0,0.0,95445000.0,0.0,0.011,0.36,624352000.0,719797000.0,0.165,719797000.0,624352000.0,584347000.0,2.553,2.53,2.553,1796113000.0,1627932250.0,1796113000.0,5557125060.0,9.0,7.72,323385000.0,1.93,1.0,1548132000.0,0.355,989605000.0,40005000.0,1713614000.0,1878395000.0,795233000.0,0.0,0.0,0.0,2447147000.0,1458083000.0,989064000.0,5279413060.0,182264000.0,-30750000.0,-38016000.0,-6366000.0,-59204000.0,-107078000.0,-138642000.0,0.0,431277000.0,-3293000.0,427887000.0,427887000.0,427887000.0,0.0,444000.0,0.098,918615000.0,629517000.0,493306000.0,0.141,2.939,12.338,12.342,560472000.0,0.0,31.51,1.209,1.209,791722000.0,1526774000.0,4365262000.0,4365262000.0,0.0,0.107,0.263,0.332,0.143,39577000.0,934451000.0,1.0,167547225.0,167547225.0,,26.054,3259289000.0,177188000.0,156460000.0,20477000.0,19.453,1041239000.0
12,FLS,MRY,2008-12-31,2008-12-31,2008-12-31,2021-09-07,-211320000.0,4023694000.0,3814471250.0,2332425000.0,1691269000.0,1.173,8.064,-119621000.0,472056000.0,472056000.0,2893161000.0,445219000.0,1.451,1.937,573348000.0,27731000.0,545617000.0,573348000.0,0.0,81442000.0,0.0,0.019,0.333,641427000.0,722869000.0,0.162,722869000.0,641427000.0,590134000.0,2.583,2.57,2.583,1367767000.0,1423691750.0,1367767000.0,3326777158.0,5.0,4.602,289169000.0,1.705,1.0,1580312000.0,0.353,950314000.0,51293000.0,1566676000.0,1749085250.0,834612000.0,0.0,0.0,0.0,2649496000.0,1607996000.0,1041500000.0,2911841158.0,98818000.0,0.0,-153010000.0,9256000.0,-51481000.0,-185469000.0,-119621000.0,0.0,408790000.0,-4882000.0,442413000.0,442413000.0,442413000.0,0.0,2806000.0,0.099,964634000.0,615678000.0,598498000.0,0.129,2.129,6.582,6.646,547235000.0,0.0,17.167,0.651,0.651,808522000.0,1159634000.0,4473473000.0,4473473000.0,0.0,0.116,0.311,0.367,0.143,20172000.0,981597000.0,1.0,169621815.0,169621815.0,,26.373,3073380000.0,159451000.0,147721000.0,14668000.0,18.119,724429000.0
13,FLS,MRY,2007-12-31,2007-12-31,2007-12-31,2021-09-07,-21384000.0,3520421000.0,3220887250.0,1896771000.0,1623650000.0,1.168,7.543,-75571000.0,373238000.0,373238000.0,2514972000.0,257748000.0,1.517,1.723,557976000.0,7181000.0,550795000.0,557976000.0,0.0,77711000.0,0.0,0.006,0.2,420187000.0,497898000.0,0.132,497898000.0,420187000.0,360068000.0,1.493,1.48,1.493,1292977000.0,1138047000.0,1292977000.0,6038634356.0,14.0,12.128,342097000.0,1.996,1.0,1247722000.0,0.332,987999000.0,60119000.0,1466980000.0,1624200000.0,680199000.0,0.0,0.0,0.0,2227444000.0,1250180000.0,977264000.0,5496808356.0,302781000.0,-2312000.0,-28105000.0,-7991000.0,-25681000.0,-50144000.0,-77883000.0,0.0,417668000.0,13140000.0,255774000.0,255774000.0,255774000.0,0.0,1974000.0,0.068,835832000.0,411890000.0,513169000.0,0.134,4.251,21.491,21.478,488892000.0,0.0,32.067,1.461,1.461,666733000.0,774366000.0,3762694000.0,3762694000.0,0.0,0.079,0.225,0.259,0.112,13409000.0,854527000.0,1.0,171418140.0,171418140.0,,21.95,2532422000.0,119037000.0,104294000.0,6804000.0,14.773,646591000.0
14,FLS,MRY,2006-12-31,2006-12-31,2006-12-31,2021-09-07,-90340000.0,2869235000.0,2719455750.0,1302881000.0,1566354000.0,1.126,5.851,-73528000.0,70457000.0,70457000.0,2053761000.0,115032000.0,1.474,1.811,564569000.0,8050000.0,556519000.0,564569000.0,0.0,70996000.0,0.0,0.0,0.0,253958000.0,324954000.0,0.106,324954000.0,253958000.0,188270000.0,0.687,0.673,0.687,1020586000.0,934252750.0,1020586000.0,3536484358.0,14.0,10.883,89658000.0,0.514,1.0,1007302000.0,0.329,994481000.0,65688000.0,1484830000.0,1561211750.0,547373000.0,0.0,0.0,0.0,1848649000.0,884036000.0,964613000.0,2934337358.0,-25864000.0,-4322000.0,-23250000.0,-108693000.0,0.0,-114537000.0,-77679000.0,0.0,163186000.0,3166000.0,115032000.0,115032000.0,115032000.0,-994000.0,0.0,0.038,767683000.0,239619000.0,412869000.0,0.0,2.875,25.509,24.488,442892000.0,0.0,16.823,0.959,0.959,551815000.0,582767000.0,3061063000.0,3061063000.0,0.0,0.042,0.123,0.163,0.083,7683000.0,782503000.0,1.0,174420687.0,174420687.0,,17.55,1874754000.0,120758000.0,73238000.0,4887000.0,10.748,418845000.0
15,FLS,MRY,2005-12-31,2005-12-31,2005-12-31,2021-09-07,-130657000.0,2613664000.0,2592626750.0,1109832000.0,1503832000.0,1.04,5.147,-49271000.0,96492000.0,96492000.0,1824716000.0,17074000.0,1.56,2.063,665136000.0,12367000.0,652769000.0,665136000.0,0.0,69888000.0,0.0,0.0,0.0,131782000.0,201670000.0,0.075,201670000.0,131782000.0,57657000.0,0.103,0.1,0.103,853406000.0,861653750.0,853406000.0,3083227245.0,23.0,15.288,78174000.0,0.471,1.0,870561000.0,0.323,981114000.0,74125000.0,1489718000.0,1539155750.0,416413000.0,0.0,0.0,0.0,1760258000.0,711476000.0,1048782000.0,2186628245.0,29105000.0,13590000.0,1111000.0,-54384000.0,0.0,-53273000.0,-39309000.0,0.0,127445000.0,-5758000.0,17074000.0,17074000.0,17074000.0,34345000.0,0.0,0.006,671738000.0,198823000.0,316713000.0,0.0,2.562,128.068,128.026,397622000.0,0.0,13.187,0.811,0.811,472946000.0,467735000.0,2695277000.0,2695277000.0,0.0,0.007,0.02,0.086,0.049,13796000.0,684271000.0,1.0,165821151.0,165821151.0,,16.254,1632550000.0,131701000.0,40583000.0,5044000.0,9.845,398356000.0
16,FLS,MRY,2004-12-31,2004-12-31,2004-12-31,2021-09-07,-66914000.0,2634035000.0,2652022750.0,1049668000.0,1584367000.0,0.951,5.248,-32648000.0,63759000.0,63759000.0,1759331000.0,27069000.0,1.482,2.027,701844000.0,44098000.0,657746000.0,701844000.0,0.0,73156000.0,0.0,0.0,0.0,149573000.0,222729000.0,0.088,222729000.0,149573000.0,69166000.0,0.163,0.163,0.163,870225000.0,835883250.0,870225000.0,2418837166.0,16.0,10.86,234853000.0,1.416,1.0,763158000.0,0.303,1023244000.0,80407000.0,1540467000.0,1788597500.0,388402000.0,0.0,0.0,0.0,1763810000.0,708409000.0,1055401000.0,1522238166.0,10237000.0,18571000.0,6787000.0,-257392000.0,0.0,-250605000.0,-14077000.0,0.0,267501000.0,7418000.0,27069000.0,27069000.0,27069000.0,1682000.0,0.0,0.011,597079000.0,166079000.0,316545000.0,0.0,1.749,56.235,56.319,432809000.0,0.0,9.18,0.603,0.603,462120000.0,434328000.0,2522489000.0,2522489000.0,0.0,0.01,0.032,0.084,0.059,1821000.0,605145000.0,1.0,165821151.0,165821151.0,,15.212,1610791000.0,91655000.0,42097000.0,0.0,9.714,341259000.0
17,FLS,MRY,2003-12-31,2003-12-31,2003-12-31,2021-09-07,-81996000.0,2680512000.0,2611646250.0,1062521000.0,1617991000.0,0.861,4.961,-26581000.0,53522000.0,53522000.0,1565932000.0,44463000.0,1.747,2.259,950801000.0,71035000.0,879766000.0,950801000.0,0.0,72168000.0,0.0,0.0,0.0,145918000.0,218086000.0,0.097,218086000.0,145918000.0,62198000.0,0.27,0.267,0.27,822463000.0,795294250.0,822463000.0,2106223601.0,14.0,9.658,154723000.0,0.933,1.0,682920000.0,0.304,1041044000.0,83720000.0,1928665000.0,2013345000.0,412374000.0,0.0,0.0,0.0,1858049000.0,608082000.0,1249967000.0,1153823601.0,4531000.0,0.0,0.0,-162798000.0,0.0,-162798000.0,-26581000.0,0.0,181304000.0,12606000.0,44463000.0,44463000.0,44463000.0,6014000.0,0.0,0.02,529363000.0,153557000.0,250614000.0,0.0,1.403,25.95,25.778,443864000.0,0.0,6.96,0.513,0.513,505949000.0,410128000.0,2248852000.0,2248852000.0,0.0,0.017,0.056,0.072,0.065,608000.0,511415000.0,1.0,165779253.0,165779253.0,,13.565,1639468000.0,96326000.0,17735000.0,0.0,9.889,454439000.0
18,FLS,MRY,2002-12-31,2002-12-31,2002-12-31,2021-09-07,-161978000.0,2617062000.0,2522853000.0,1014499000.0,1602563000.0,0.883,4.355,-22155000.0,49245000.0,49245000.0,1561701000.0,34759000.0,1.984,2.628,1094358000.0,38610000.0,1055748000.0,1094358000.0,0.0,64475000.0,0.0,0.0,0.0,159908000.0,224383000.0,0.101,224383000.0,159908000.0,64428000.0,0.223,0.223,0.223,721283000.0,664781750.0,721283000.0,1971838553.0,12.0,8.788,226873000.0,1.37,1.0,666335000.0,0.299,1019118000.0,95480000.0,2131745000.0,2248809750.0,419218000.0,0.0,0.0,0.0,1895779000.0,511312000.0,1384467000.0,816484553.0,27491000.0,-535067000.0,292775000.0,40953000.0,0.0,327648000.0,-557222000.0,0.0,249028000.0,8037000.0,34759000.0,34759000.0,34759000.0,-2063000.0,0.0,0.016,498746000.0,167589000.0,233505000.0,0.0,1.132,23.49,22.108,463698000.0,0.0,4.93,0.366,0.366,490423000.0,390085000.0,2228036000.0,2228036000.0,0.0,0.014,0.052,0.071,0.072,719000.0,478220000.0,1.0,165615528.0,165615528.0,,13.453,1597944000.0,26069000.0,29669000.0,0.0,9.649,503187000.0
19,FLS,MRY,2001-12-31,2001-12-31,2001-12-31,2021-09-07,-142137000.0,2043928000.0,2062194250.0,898903000.0,1145025000.0,0.93,3.518,-35225000.0,21500000.0,21500000.0,1313790000.0,-10488000.0,2.14,4.115,1040745000.0,44523000.0,996222000.0,1040745000.0,0.0,73855000.0,0.0,0.0,0.0,115708000.0,189563000.0,0.099,189563000.0,115708000.0,-3928000.0,-0.09,-0.09,-0.09,399624000.0,298417500.0,399624000.0,2178073495.0,19.0,11.49,-82974000.0,-0.731,1.0,603542000.0,0.315,646954000.0,119636000.0,1996133000.0,2132832250.0,342657000.0,0.0,0.0,0.0,1644304000.0,420086000.0,1224218000.0,1007466495.0,-20841000.0,7038000.0,162018000.0,-102480000.0,0.0,59538000.0,-28187000.0,0.0,-47749000.0,-4443000.0,-10488000.0,-10488000.0,-10488000.0,0.0,0.0,-0.005,473173000.0,130369000.0,181340000.0,0.0,2.521,-96.059,-98.556,361688000.0,0.0,8.87,0.525,0.525,455683000.0,344588000.0,1917332000.0,1917332000.0,0.0,-0.005,-0.035,0.054,0.06,0.0,411338000.0,1.0,113581341.0,113581341.0,,16.881,1396974000.0,39646000.0,6560000.0,0.0,12.299,478817000.0
20,FLS,MRY,2000-12-31,2000-12-31,2000-12-31,2021-09-07,-84224000.0,2110143000.0,1520876000.0,898052000.0,1212091000.0,1.011,2.686,-27819000.0,42341000.0,42341000.0,1033580000.0,10822000.0,2.069,5.921,1129206000.0,18098000.0,1111108000.0,1129206000.0,0.0,57037000.0,0.0,0.0,0.0,90446000.0,147483000.0,0.096,147483000.0,90446000.0,17697000.0,0.097,0.097,0.097,304911000.0,302938500.0,304911000.0,1877087022.0,21.0,12.727,-9388000.0,-0.083,1.0,504713000.0,0.328,645771000.0,72749000.0,2117220000.0,1512781500.0,305958000.0,0.0,0.0,0.0,1805232000.0,434017000.0,1371215000.0,800602022.0,11878000.0,-765310000.0,615000.0,833957000.0,0.0,788098000.0,-793129000.0,0.0,18431000.0,-1522000.0,10822000.0,10822000.0,10822000.0,0.0,0.0,0.007,416194000.0,88519000.0,172366000.0,0.0,2.626,73.979,73.471,405412000.0,0.0,7.127,0.52,0.526,487274000.0,357495000.0,1538293000.0,1538293000.0,0.0,0.007,0.036,0.06,0.059,0.0,361619000.0,1.0,112338918.0,113526000.0,113526000.0,13.55,1464372000.0,39726000.0,6875000.0,0.0,12.899,464035000.0
21,FLS,MRY,1999-12-31,1999-12-31,1999-12-31,2021-09-07,-62351000.0,838151000.0,844693750.0,453788000.0,384363000.0,1.256,2.714,-40535000.0,30463000.0,30463000.0,697928000.0,12177000.0,2.319,1.719,201869000.0,3859000.0,198010000.0,201869000.0,0.0,39599000.0,0.0,0.033,0.187,32922000.0,72521000.0,0.068,72521000.0,32922000.0,18245000.0,0.107,0.107,0.107,308274000.0,334494750.0,308274000.0,832882138.0,25.0,11.485,43580000.0,0.384,1.0,363344000.0,0.342,96435000.0,14677000.0,717462000.0,749406000.0,168356000.0,0.0,0.0,0.0,529877000.0,195660000.0,334217000.0,634503138.0,5535000.0,-5743000.0,-5779000.0,-1239000.0,-21172000.0,-31215000.0,-46278000.0,0.0,84115000.0,-1087000.0,12177000.0,12177000.0,12177000.0,0.0,0.0,0.011,331596000.0,31748000.0,72103000.0,1.748,2.058,52.107,52.96,209976000.0,0.0,5.667,0.598,0.606,213625000.0,344254000.0,1061272000.0,1061272000.0,0.0,0.014,0.036,0.044,0.031,0.0,301529000.0,1.0,111971142.0,113568000.0,113568000.0,9.345,741716000.0,25097000.0,6068000.0,7878000.0,6.531,258128000.0
22,FLS,MRY,1998-12-31,1998-12-31,1998-12-31,2021-09-07,-40635000.0,870197000.0,859636500.0,487290000.0,382907000.0,1.26,2.88,-38249000.0,24928000.0,24928000.0,667753000.0,48875000.0,2.224,1.524,204173000.0,17881000.0,186292000.0,204173000.0,0.0,39299000.0,0.0,0.034,0.187,85755000.0,125054000.0,0.115,125054000.0,85755000.0,74377000.0,0.41,0.41,0.41,344764000.0,367408250.0,344764000.0,822922334.0,10.0,6.581,15855000.0,0.132,1.0,415333000.0,0.383,99875000.0,11378000.0,730441000.0,722820000.0,199286000.0,0.0,0.0,0.0,525433000.0,219126000.0,306307000.0,636183334.0,-33674000.0,-19951000.0,-59744000.0,54424000.0,-22307000.0,-27627000.0,-58627000.0,0.0,54104000.0,-1524000.0,48875000.0,48875000.0,48875000.0,0.0,0.0,0.045,330254000.0,85079000.0,76745000.0,0.456,1.845,13.017,13.463,209032000.0,0.0,5.52,0.587,0.61,234191000.0,353249000.0,1083086000.0,1083086000.0,26372000.0,0.057,0.133,0.119,0.079,0.0,265556000.0,1.0,115250604.0,119694000.0,119694000.0,9.049,770322000.0,0.0,25502000.0,17472000.0,6.436,268164000.0
23,FLS,MRY,1997-12-31,1997-12-31,1997-12-31,2021-09-07,-30774000.0,880025000.0,644775500.0,514664000.0,365361000.0,1.787,3.222,-39560000.0,58602000.0,58602000.0,703319000.0,51566000.0,2.233,1.226,146789000.0,17853000.0,128936000.0,146789000.0,0.0,38933000.0,0.0,0.02,0.187,103064000.0,141997000.0,0.123,141997000.0,103064000.0,89789000.0,0.42,0.42,0.42,395273000.0,303955500.0,395273000.0,1266608912.0,12.0,8.92,50443000.0,0.411,1.0,448877000.0,0.39,79748000.0,13275000.0,658020000.0,478299000.0,184944000.0,0.0,0.0,0.0,484752000.0,230444000.0,254308000.0,1133635912.0,19669000.0,8332000.0,2584000.0,-14255000.0,-26121000.0,-37792000.0,-29451000.0,0.0,90003000.0,-3091000.0,51566000.0,51566000.0,51566000.0,0.0,0.0,0.045,364296000.0,84581000.0,68241000.0,0.445,2.868,21.984,22.175,209509000.0,0.0,9.313,0.984,0.992,234437000.0,326681000.0,1152196000.0,1152196000.0,26893000.0,0.08,0.17,0.215,0.089,0.0,285890000.0,1.0,121721823.0,122688000.0,122688000.0,9.391,800277000.0,0.0,38223000.0,15548000.0,6.523,284220000.0
24,FLS,MRY,1996-12-31,1996-12-31,1996-12-31,2021-09-07,-6966000.0,829776000.0,612574500.0,469035000.0,360741000.0,1.792,3.132,-35691000.0,38933000.0,38933000.0,668718000.0,71097000.0,2.481,1.135,166358000.0,22396000.0,143962000.0,166358000.0,0.0,36665000.0,0.0,0.019,0.173,120495000.0,157160000.0,0.143,157160000.0,120495000.0,108351000.0,0.573,0.573,0.573,388624000.0,292198000.0,388624000.0,,,,52664000.0,0.424,1.0,428927000.0,0.391,87884000.0,12144000.0,680254000.0,480809500.0,182423000.0,0.0,0.0,0.0,441152000.0,189063000.0,252089000.0,637278789.0,10337000.0,-13240000.0,-25371000.0,23505000.0,-23296000.0,-25162000.0,-49189000.0,0.0,88355000.0,-3667000.0,71097000.0,71097000.0,71097000.0,0.0,0.0,0.065,313660000.0,115267000.0,68011000.0,0.302,1.64,8.964,15.782,211738000.0,0.0,9.043,0.581,1.022,223274000.0,298563000.0,1097645000.0,1097645000.0,24522000.0,0.116,0.243,0.251,0.11,0.0,283360000.0,1.0,70469457.0,124089000.0,124089000.0,8.846,741892000.0,0.0,37254000.0,4961000.0,5.979,279972000.0
25,FLS,MRY,1995-12-31,1995-12-31,1995-12-31,2021-09-07,700000.0,395373000.0,,224722000.0,170651000.0,,1.567,-39928000.0,19434000.0,19434000.0,591550000.0,54021000.0,2.505,1.02,62076000.0,10320000.0,51756000.0,62076000.0,0.0,34451000.0,0.0,0.02,0.153,100705000.0,135156000.0,0.137,135156000.0,100705000.0,88412000.0,0.433,0.433,0.433,195772000.0,,195772000.0,,,,18106000.0,0.145,1.0,392367000.0,0.399,66928000.0,12293000.0,281365000.0,,93155000.0,0.0,0.0,0.0,199601000.0,89722000.0,109879000.0,,-181000.0,-21523000.0,526000.0,24817000.0,-20926000.0,1454000.0,-59833000.0,0.0,58034000.0,164000.0,54021000.0,54021000.0,54021000.0,0.0,0.0,0.055,294117000.0,98250000.0,31499000.0,0.353,,,17.998,103723000.0,0.0,7.793,,0.99,103963000.0,158754000.0,983917000.0,983917000.0,24649000.0,,,,0.102,0.0,264426000.0,1.0,,124956000.0,124956000.0,7.874,328445000.0,0.0,34391000.0,3448000.0,2.628,135000000.0
26,FLS,MRY,1994-12-31,1994-12-31,1994-12-31,2021-09-07,,,,,,,,-14363000.0,,,275077000.0,24396000.0,,,,,,,,18313000.0,,0.028,0.163,43472000.0,61785000.0,0.134,61785000.0,43472000.0,38571000.0,0.33,,0.33,,,,,,,24336000.0,,1.0,185430000.0,0.403,,4901000.0,,,,,,,,,,,-6628000.0,-14900000.0,-4026000.0,-1591000.0,-9895000.0,-15512000.0,-29263000.0,0.0,38699000.0,-552000.0,24396000.0,24396000.0,24396000.0,0.0,0.0,0.053,139994000.0,45436000.0,,0.494,,,17.929,,0.0,5.917,,,,,460507000.0,460507000.0,14913000.0,,,,0.094,0.0,125081000.0,1.0,,,,,,,14175000.0,,,
0,FLS,MRQ,2021-06-30,2021-06-30,2021-06-30,2021-09-07,-600143000.0,4818669000.0,,2440688000.0,2377981000.0,,13.36,-9034000.0,630397000.0,630397000.0,619940000.0,47744000.0,2.282,1.751,1525392000.0,44855000.0,1480537000.0,1525392000.0,209092000.0,26540000.0,0.0,0.02,0.2,62388000.0,88928000.0,0.099,88928000.0,62388000.0,48065000.0,0.35,0.34,0.35,1740984000.0,,1740984000.0,6115543025.0,24.0,17.066,15894000.0,0.122,1.0,278238000.0,0.31,1373756000.0,14323000.0,3270192000.0,,690145000.0,0.0,0.0,0.0,3047977000.0,1069716000.0,1978261000.0,5254309025.0,-28908000.0,-3384000.0,-12450000.0,-319000.0,-25703000.0,-41171000.0,-14352000.0,0.0,24928000.0,1687000.0,45354000.0,45354000.0,45354000.0,0.0,2390000.0,0.05,207882000.0,70356000.0,393608000.0,0.571,3.018,31.327,31.5,730176000.0,0.0,40.32,1.434,1.434,991782000.0,3677117000.0,898178000.0,898178000.0,0.0,,,,,6712000.0,210789000.0,1.0,130315204.0,130315204.0,,6.892,3444913000.0,46904000.0,2711000.0,0.0,26.435,1370972000.0
1,FLS,MRQ,2021-03-31,2021-03-31,2021-03-31,2021-09-07,-616200000.0,4809638000.0,,2448963000.0,2360675000.0,,13.142,-11422000.0,659305000.0,659305000.0,606408000.0,17161000.0,2.26,1.792,1520539000.0,44388000.0,1476151000.0,1520539000.0,199538000.0,25384000.0,0.0,0.021,0.2,34650000.0,60034000.0,0.07,60034000.0,34650000.0,17872000.0,0.11,0.11,0.11,1712032000.0,,1712032000.0,5898882277.0,27.0,18.609,24956000.0,0.192,1.0,250900000.0,0.293,1372355000.0,16778000.0,3214786000.0,,672123000.0,0.0,0.0,0.0,3067852000.0,1083731000.0,1984121000.0,5056014277.0,-435969000.0,0.0,-5081000.0,-409024000.0,-26465000.0,-449923000.0,-9488000.0,0.0,36378000.0,-12936000.0,14080000.0,14080000.0,14080000.0,0.0,3081000.0,0.016,194797000.0,56103000.0,386210000.0,1.818,2.953,39.346,39.602,735205000.0,0.0,38.81,1.37,1.37,1004668000.0,3658158000.0,857308000.0,857308000.0,0.0,,,,,9760000.0,198315000.0,1.0,130276070.0,130276070.0,,6.581,3437283000.0,33684000.0,3792000.0,0.0,26.385,1365232000.0
2,FLS,MRQ,2020-12-31,2020-12-31,2020-12-31,2021-09-07,-609625000.0,5314677000.0,,2904333000.0,2410344000.0,,13.288,6219000.0,1095274000.0,1095274000.0,685988000.0,60854000.0,2.544,2.053,1938142000.0,43985000.0,1894157000.0,1938142000.0,194227000.0,28078000.0,0.0,0.022,0.2,73741000.0,101819000.0,0.103,101819000.0,73741000.0,56928000.0,0.43,0.43,0.43,1730991000.0,,1730991000.0,5756674469.0,25.0,17.21,201127000.0,1.544,1.0,298423000.0,0.303,1393382000.0,16813000.0,3622530000.0,,667228000.0,0.0,0.0,0.0,3553356000.0,1141633000.0,2411723000.0,4800207469.0,174096000.0,0.0,0.0,-1888000.0,-26053000.0,-31385000.0,-7540000.0,0.0,194908000.0,18113000.0,57288000.0,57288000.0,57288000.0,0.0,3566000.0,0.058,203908000.0,94515000.0,440199000.0,0.465,2.773,41.265,41.404,764998000.0,0.0,36.85,1.288,1.288,1031196000.0,3670543000.0,984411000.0,984411000.0,0.0,,,,,3148000.0,206537000.0,1.0,130263432.0,130263432.0,,7.557,3921295000.0,30538000.0,-360000.0,0.0,30.103,1762700000.0
3,FLS,MRQ,2020-09-30,2020-09-30,2020-09-30,2021-09-07,-618856000.0,5173576000.0,,2806145000.0,2367431000.0,,12.857,-15948000.0,921178000.0,921178000.0,639092000.0,53650000.0,2.566,2.073,1877645000.0,43215000.0,1834430000.0,1877645000.0,198380000.0,23189000.0,0.0,0.029,0.2,84385000.0,107574000.0,0.116,107574000.0,84385000.0,69675000.0,0.39,0.39,0.39,1673421000.0,,1673421000.0,4541272759.0,17.0,12.683,78450000.0,0.603,1.0,285209000.0,0.309,1375855000.0,14710000.0,3660606000.0,,714489000.0,0.0,0.0,0.0,3469733000.0,1093582000.0,2376151000.0,3552058759.0,359473000.0,0.0,0.0,302423000.0,-26052000.0,270853000.0,-12999000.0,0.0,94398000.0,7221000.0,51003000.0,51003000.0,51003000.0,0.0,2647000.0,0.055,197887000.0,87322000.0,428870000.0,0.513,2.123,26.745,27.02,717861000.0,0.0,27.29,0.933,0.933,1061027000.0,3625291000.0,924301000.0,924301000.0,0.0,,,,,5629000.0,200729000.0,1.0,130159720.0,130159720.0,,7.101,3797721000.0,32206000.0,18672000.0,0.0,29.177,1712563000.0
4,FLS,MRQ,2020-06-30,2020-06-30,2020-06-30,2021-09-07,-643173000.0,4755702000.0,,2430555000.0,2325147000.0,,12.777,-2307000.0,561705000.0,561705000.0,655306000.0,8274000.0,2.232,1.844,1550919000.0,44706000.0,1506213000.0,1550919000.0,214135000.0,24010000.0,0.0,0.027,0.2,23550000.0,47560000.0,0.051,47560000.0,23550000.0,10615000.0,0.05,0.05,0.05,1662572000.0,,1662572000.0,4638852410.0,17.0,12.486,-29627000.0,-0.228,1.0,269707000.0,0.292,1360444000.0,12935000.0,3295734000.0,,684431000.0,0.0,0.0,0.0,3065351000.0,1088738000.0,1976613000.0,3711191410.0,-60594000.0,0.0,0.0,-1210000.0,-26031000.0,-28251000.0,-13044000.0,0.0,-27320000.0,8021000.0,6131000.0,6131000.0,6131000.0,0.0,2143000.0,0.007,226256000.0,43451000.0,428856000.0,4.0,2.232,26.2,26.407,714980000.0,0.0,28.52,0.957,0.957,1068530000.0,3643868000.0,925013000.0,925013000.0,0.0,,,,,4164000.0,229343000.0,1.0,130125926.0,130125926.0,,7.109,3395258000.0,31119000.0,4484000.0,0.0,26.092,1341817000.0
5,FLS,MRQ,2020-03-31,2020-03-31,2020-03-31,2021-09-07,-660122000.0,4762074000.0,,2425514000.0,2336560000.0,,12.677,-15955000.0,622299000.0,622299000.0,627054000.0,14223000.0,2.193,1.854,1549960000.0,45821000.0,1504139000.0,1549960000.0,223632000.0,23837000.0,0.0,0.032,0.2,62055000.0,85892000.0,0.096,85892000.0,62055000.0,49092000.0,0.09,0.09,0.09,1659430000.0,,1659430000.0,4021125224.0,12.0,9.021,31548000.0,0.241,1.0,266459000.0,0.298,1354802000.0,12963000.0,3228902000.0,,684113000.0,0.0,0.0,0.0,3076649000.0,1106031000.0,1970618000.0,3127225224.0,-48681000.0,0.0,-32112000.0,-1662000.0,-26023000.0,-65481000.0,-5218000.0,0.0,47503000.0,-25485000.0,12123000.0,12123000.0,12123000.0,0.0,2100000.0,0.014,242255000.0,24204000.0,425795000.0,2.222,1.885,16.146,16.252,733317000.0,0.0,23.89,0.793,0.793,1008806000.0,3661579000.0,893513000.0,893513000.0,0.0,,,,,14311000.0,245451000.0,1.0,130901014.0,130901014.0,,6.826,3407272000.0,31517000.0,36969000.0,0.0,26.029,1319483000.0
6,FLS,MRQ,2019-12-31,2019-12-31,2019-12-31,2021-09-07,-584292000.0,4938277000.0,,2506747000.0,2431530000.0,,13.348,11893000.0,670980000.0,670980000.0,719472000.0,65007000.0,2.243,1.812,1564880000.0,47380000.0,1517500000.0,1564880000.0,221095000.0,26450000.0,0.0,0.019,0.19,90591000.0,117041000.0,0.11,117041000.0,90591000.0,77636000.0,0.48,0.48,0.48,1746739000.0,,1746739000.0,7507524566.0,20.0,15.798,192767000.0,1.473,1.0,344381000.0,0.324,1373815000.0,12955000.0,3340920000.0,,660837000.0,0.0,0.0,0.0,3165936000.0,1117442000.0,2048494000.0,6512909566.0,125131000.0,0.0,-9568000.0,-121000.0,-24862000.0,-35919000.0,-28880000.0,0.0,180874000.0,9056000.0,63553000.0,63553000.0,63553000.0,0.0,1454000.0,0.06,251585000.0,92796000.0,447582000.0,0.396,3.729,27.27,27.346,749782000.0,0.0,49.77,1.653,1.653,795538000.0,3652244000.0,1063853000.0,1063853000.0,0.0,,,,,1375000.0,254011000.0,1.0,130860148.0,130860148.0,,8.13,3564462000.0,54879000.0,14083000.0,0.0,27.239,1389305000.0
7,FLS,MRQ,2019-09-30,2019-09-30,2019-09-30,2021-09-07,-593849000.0,4764492000.0,,2395660000.0,2368832000.0,,13.298,-20009000.0,547270000.0,547270000.0,662856000.0,61963000.0,2.286,1.717,1541885000.0,44781000.0,1497104000.0,1541885000.0,219680000.0,24785000.0,0.0,0.016,0.19,96233000.0,121018000.0,0.122,121018000.0,96233000.0,82252000.0,0.46,0.45,0.46,1744335000.0,,1744335000.0,7178128511.0,20.0,15.693,73864000.0,0.563,1.0,332853000.0,0.334,1360410000.0,13981000.0,3350501000.0,,687239000.0,0.0,0.0,0.0,2994688000.0,1048196000.0,1946492000.0,6126955511.0,-50621000.0,0.0,-5432000.0,-77906000.0,-24923000.0,-108717000.0,-19538000.0,0.0,93873000.0,-16239000.0,59842000.0,59842000.0,59842000.0,0.0,2121000.0,0.06,228275000.0,104578000.0,398215000.0,0.413,3.512,27.449,27.476,758118000.0,0.0,46.71,1.585,1.585,789448000.0,3651126000.0,995709000.0,995709000.0,0.0,,,,,7153000.0,230362000.0,1.0,131170103.0,131170103.0,,7.591,3404082000.0,44113000.0,22410000.0,0.0,25.952,1347464000.0
8,FLS,MRQ,2019-06-30,2019-06-30,2019-06-30,2021-09-07,-567007000.0,4821209000.0,,2409324000.0,2411885000.0,,13.164,-14629000.0,596470000.0,596470000.0,672051000.0,60474000.0,2.275,1.779,1647643000.0,107767000.0,1539876000.0,1647643000.0,209689000.0,27203000.0,0.0,0.014,0.19,94598000.0,121801000.0,0.123,121801000.0,94598000.0,80585000.0,0.44,0.44,0.44,1726311000.0,,1726311000.0,7934528137.0,25.0,18.851,-3798000.0,-0.029,1.0,318033000.0,0.321,1378229000.0,14013000.0,3435282000.0,,680898000.0,0.0,0.0,0.0,3071421000.0,1058871000.0,2012550000.0,6909681137.0,-41240000.0,0.0,0.0,-17601000.0,-24863000.0,-43042000.0,-13538000.0,0.0,10831000.0,4509000.0,58172000.0,58172000.0,58172000.0,0.0,2302000.0,0.059,220015000.0,98018000.0,402118000.0,0.432,4.003,36.067,36.089,780179000.0,0.0,52.69,1.808,1.808,806724000.0,3607928000.0,990084000.0,990084000.0,0.0,,,,,7745000.0,223676000.0,1.0,131138378.0,131138378.0,,7.55,3442980000.0,54576000.0,22413000.0,0.0,26.255,1350453000.0
9,FLS,MRQ,2019-03-31,2019-03-31,2019-03-31,2021-09-07,-566400000.0,4846497000.0,,2436623000.0,2409874000.0,,12.878,-10638000.0,637710000.0,637710000.0,595975000.0,59496000.0,2.173,1.861,1662557000.0,110004000.0,1552553000.0,1662557000.0,207742000.0,27466000.0,0.0,0.017,0.38,87879000.0,115345000.0,0.13,115345000.0,87879000.0,73848000.0,0.44,0.44,0.44,1686799000.0,,1686799000.0,6775935627.0,26.0,18.337,27881000.0,0.213,1.0,294076000.0,0.33,1377996000.0,14031000.0,3371917000.0,,680191000.0,0.0,0.0,0.0,3138511000.0,1121431000.0,2017080000.0,5912571627.0,18027000.0,0.0,0.0,-15824000.0,-24909000.0,-43786000.0,28573000.0,0.0,38519000.0,-5279000.0,57261000.0,57261000.0,57261000.0,0.0,2235000.0,0.064,202845000.0,91231000.0,398052000.0,0.864,3.505,40.324,40.304,786571000.0,0.0,45.14,1.554,1.554,781382000.0,3575014000.0,890051000.0,890051000.0,0.0,,,,,7609000.0,205154000.0,1.0,130982978.0,130982978.0,,6.795,3468501000.0,47745000.0,16587000.0,0.0,26.481,1315192000.0
10,FLS,MRQ,2018-12-31,2018-12-31,2018-12-31,2021-09-07,-573947000.0,4616277000.0,,2383145000.0,2233132000.0,,12.55,-27827000.0,619683000.0,619683000.0,665022000.0,49202000.0,2.205,1.8,1483047000.0,68218000.0,1414829000.0,1483047000.0,202458000.0,27257000.0,0.0,0.02,0.0,71978000.0,99235000.0,0.1,99235000.0,71978000.0,57462000.0,0.36,0.37,0.36,1642315000.0,,1642315000.0,5949254505.0,28.0,18.494,136666000.0,1.044,1.0,324878000.0,0.328,1388190000.0,14516000.0,3010476000.0,,633871000.0,0.0,0.0,0.0,2955497000.0,1080975000.0,1874522000.0,4975181505.0,89741000.0,0.0,0.0,-15103000.0,-24868000.0,-40058000.0,-31889000.0,0.0,164493000.0,-2805000.0,47940000.0,47940000.0,47940000.0,0.0,1262000.0,0.048,251504000.0,73374000.0,418893000.0,0.0,3.029,47.606,47.525,610096000.0,0.0,38.02,1.297,1.297,792434000.0,3543007000.0,989900000.0,989900000.0,0.0,,,,,5782000.0,254739000.0,1.0,130856957.0,130856957.0,,7.565,3228087000.0,44682000.0,9522000.0,0.0,24.669,1302170000.0
11,FLS,MRQ,2018-09-30,2018-09-30,2018-09-30,2021-09-07,-559559000.0,4605064000.0,,2324667000.0,2280397000.0,,12.327,-18229000.0,529942000.0,529942000.0,644215000.0,29439000.0,2.235,1.844,1504015000.0,67269000.0,1436746000.0,1504015000.0,174245000.0,27580000.0,0.0,0.014,0.19,56943000.0,84523000.0,0.089,84523000.0,56943000.0,43117000.0,0.22,0.21,0.22,1613039000.0,,1613039000.0,8163756694.0,37.0,24.372,64846000.0,0.496,1.0,308501000.0,0.324,1399632000.0,13826000.0,3139425000.0,,655652000.0,0.0,0.0,0.0,2974337000.0,1040080000.0,1934257000.0,7156328694.0,12500000.0,-3663000.0,0.0,-17344000.0,-24867000.0,-45978000.0,-18738000.0,0.0,83075000.0,-5859000.0,28205000.0,28205000.0,28205000.0,0.0,1234000.0,0.03,238583000.0,69918000.0,400281000.0,0.864,4.437,-145.118,-147.811,608739000.0,0.0,54.69,1.844,1.844,780408000.0,3505051000.0,952716000.0,952716000.0,0.0,,,,,5735000.0,241878000.0,1.0,130852600.0,130852600.0,,7.281,3205432000.0,61153000.0,14912000.0,0.0,24.497,1284587000.0
12,FLS,MRQ,2018-06-30,2018-06-30,2018-06-30,2021-09-07,-542198000.0,4650622000.0,,2372991000.0,2277631000.0,,12.395,-18257000.0,517442000.0,517442000.0,687072000.0,14787000.0,2.254,1.856,1524870000.0,69923000.0,1454947000.0,1524870000.0,171940000.0,28723000.0,0.0,0.019,0.19,41704000.0,70427000.0,0.072,70427000.0,41704000.0,26765000.0,0.1,0.1,0.1,1621660000.0,,1621660000.0,6322925582.0,26.0,17.406,45733000.0,0.35,1.0,286057000.0,0.294,1407130000.0,14939000.0,3198065000.0,,675325000.0,0.0,0.0,0.0,3009071000.0,1052855000.0,1956216000.0,5285675582.0,-18215000.0,0.0,0.0,-14907000.0,-24855000.0,-40393000.0,-17949000.0,0.0,63990000.0,-23863000.0,13220000.0,13220000.0,13220000.0,0.0,1567000.0,0.014,239346000.0,46711000.0,428835000.0,1.9,3.259,-176.696,-175.652,625979000.0,0.0,40.4,1.387,1.387,815708000.0,3502006000.0,973129000.0,973129000.0,0.0,,,,,4433000.0,240791000.0,1.0,130833554.0,130833554.0,,7.438,3243492000.0,54576000.0,13545000.0,0.0,24.791,1320136000.0
13,FLS,MRQ,2018-03-31,2018-03-31,2018-03-31,2021-09-07,-487111000.0,4770316000.0,,2411313000.0,2359003000.0,,12.884,-13490000.0,535657000.0,535657000.0,648521000.0,16459000.0,2.29,1.82,1572907000.0,71484000.0,1501423000.0,1572907000.0,176906000.0,28913000.0,0.0,0.018,0.38,38593000.0,67506000.0,0.073,67506000.0,38593000.0,23714000.0,0.12,0.12,0.12,1685227000.0,,1685227000.0,6539281801.0,20.0,14.885,-134217000.0,-1.026,1.0,271433000.0,0.295,1440451000.0,14879000.0,3314154000.0,,701847000.0,0.0,0.0,0.0,3066769000.0,1052961000.0,2013808000.0,5667469801.0,-167788000.0,0.0,0.0,-19122000.0,-24826000.0,-46855000.0,-12890000.0,0.0,-120727000.0,12684000.0,15143000.0,15143000.0,15143000.0,0.0,1316000.0,0.016,226008000.0,45425000.0,399362000.0,3.167,3.363,-4512.317,-4333.0,668456000.0,0.0,43.33,1.526,1.526,775244000.0,3514296000.0,919954000.0,919954000.0,0.0,,,,,3962000.0,229176000.0,1.0,130797826.0,130797826.0,,7.033,3329865000.0,47745000.0,8571000.0,0.0,25.458,1358352000.0
14,FLS,MRQ,2017-12-31,2017-12-31,2017-12-31,2021-09-07,-505473000.0,4910474000.0,,2558745000.0,2351729000.0,,12.666,-15547000.0,703445000.0,703445000.0,726082000.0,-105888000.0,2.059,1.958,1575257000.0,75599000.0,1499658000.0,1575257000.0,0.0,30510000.0,0.0,0.014,0.0,82002000.0,112512000.0,0.109,112512000.0,82002000.0,66961000.0,-0.81,-0.81,-0.81,1654587000.0,,1654587000.0,6588202266.0,21.0,14.99,223159000.0,1.708,1.0,307987000.0,0.298,1428237000.0,15041000.0,3111141000.0,,884273000.0,0.0,0.0,0.0,3239520000.0,1242908000.0,1996612000.0,5503653266.0,201302000.0,23992000.0,0.0,-20345000.0,-24821000.0,-49139000.0,5468000.0,0.0,238706000.0,6267000.0,-105882000.0,-105882000.0,-105882000.0,0.0,-6000.0,-0.102,358139000.0,-50152000.0,443113000.0,0.0,3.326,2075.284,2106.5,671796000.0,0.0,42.13,1.503,1.503,856711000.0,3503947000.0,1034069000.0,1034069000.0,0.0,,,,,2529000.0,220546000.0,1.0,130635017.0,130635017.0,,7.916,3482237000.0,51974000.0,172843000.0,0.0,26.656,1315837000.0
15,FLS,MRQ,2017-09-30,2017-09-30,2017-09-30,2021-09-07,-540504000.0,4834140000.0,,2439010000.0,2395130000.0,,13.386,-11173000.0,502143000.0,502143000.0,615368000.0,48741000.0,2.124,1.754,1586692000.0,80635000.0,1506057000.0,1586692000.0,0.0,30549000.0,0.0,0.022,0.19,82276000.0,112825000.0,0.128,112825000.0,82276000.0,67233000.0,0.36,0.36,0.36,1748688000.0,,1748688000.0,6649516614.0,19.0,14.47,14587000.0,0.112,1.0,268012000.0,0.303,1423969000.0,15043000.0,3346403000.0,,951598000.0,0.0,0.0,0.0,3066511000.0,1148317000.0,1918194000.0,5563850614.0,-3018000.0,26937000.0,0.0,-25280000.0,-24833000.0,-53752000.0,16358000.0,0.0,25760000.0,8616000.0,47605000.0,47605000.0,47605000.0,0.0,1136000.0,0.054,203083000.0,64929000.0,360844000.0,0.528,3.182,33.002,33.016,673555000.0,0.0,42.59,1.505,1.505,851246000.0,3634750000.0,883380000.0,883380000.0,0.0,,,,,4548000.0,206001000.0,1.0,130637488.0,130637488.0,,6.762,3410171000.0,93638000.0,19628000.0,0.0,26.104,1290693000.0
16,FLS,MRQ,2017-06-30,2017-06-30,2017-06-30,2021-09-07,-557792000.0,4795115000.0,,2415555000.0,2379560000.0,,13.046,-13585000.0,505161000.0,505161000.0,631603000.0,42185000.0,2.107,1.801,1590827000.0,89839000.0,1500988000.0,1590827000.0,0.0,28770000.0,0.0,0.02,0.19,117716000.0,146486000.0,0.167,146486000.0,117716000.0,102765000.0,0.32,0.32,0.32,1703992000.0,,1703992000.0,7307004369.0,28.0,19.345,29088000.0,0.223,1.0,245460000.0,0.28,1417085000.0,14951000.0,3317373000.0,,941816000.0,0.0,0.0,0.0,3069327000.0,1146323000.0,1923004000.0,6064606369.0,179378000.0,181838000.0,0.0,-15447000.0,-24794000.0,-43636000.0,170269000.0,0.0,42673000.0,10072000.0,41878000.0,41878000.0,41878000.0,0.0,307000.0,0.048,249876000.0,-4416000.0,367347000.0,0.594,3.559,57.679,57.321,678907000.0,0.0,46.43,1.613,1.613,832036000.0,3612173000.0,877063000.0,877063000.0,0.0,,,,,4436000.0,252530000.0,1.0,130618272.0,130618272.0,,6.715,3378030000.0,93846000.0,60887000.0,0.0,25.862,1269232000.0
17,FLS,MRQ,2017-03-31,2017-03-31,2017-03-31,2021-09-07,-590948000.0,4664176000.0,,2251778000.0,2412398000.0,,12.645,-15862000.0,325783000.0,325783000.0,597332000.0,19289000.0,2.049,1.813,1568181000.0,90632000.0,1477549000.0,1568181000.0,0.0,28625000.0,0.0,0.02,0.19,39066000.0,67691000.0,0.078,67691000.0,39066000.0,24370000.0,0.15,0.15,0.15,1650410000.0,,1650410000.0,7523258816.0,31.0,20.888,-11935000.0,-0.091,1.0,268986000.0,0.31,1427877000.0,14696000.0,3379813000.0,,940000000.0,0.0,0.0,0.0,2992277000.0,1098884000.0,1893393000.0,6319797816.0,-41379000.0,0.0,0.0,-10599000.0,-24785000.0,-38826000.0,-15495000.0,0.0,3927000.0,9015000.0,19050000.0,19050000.0,19050000.0,0.0,239000.0,0.022,218317000.0,50669000.0,354566000.0,1.267,3.829,53.722,53.209,715563000.0,0.0,48.42,1.616,1.616,831362000.0,3595368000.0,866318000.0,866318000.0,0.0,,,,,11307000.0,221772000.0,1.0,130520401.0,130520401.0,,6.637,3236299000.0,82290000.0,5320000.0,0.0,24.795,1152894000.0
18,FLS,MRQ,2016-12-31,2016-12-31,2016-12-31,2021-09-07,-624788000.0,4708923000.0,,2297689000.0,2411234000.0,,12.391,-22562000.0,367162000.0,367162000.0,737934000.0,61912000.0,1.95,1.9,1570623000.0,85365000.0,1485258000.0,1570623000.0,0.0,29453000.0,0.0,0.02,0.38,103074000.0,132527000.0,0.124,132527000.0,103074000.0,87919000.0,0.46,0.46,0.46,1616427000.0,,1616427000.0,7618241300.0,28.0,19.699,146974000.0,1.127,1.0,333000000.0,0.311,1419581000.0,15155000.0,3314365000.0,,897690000.0,0.0,0.0,0.0,3071535000.0,1178438000.0,1893097000.0,6268222300.0,106292000.0,0.0,0.0,-4597000.0,-24786000.0,-29460000.0,-22562000.0,0.0,169536000.0,-11222000.0,60057000.0,60057000.0,60057000.0,0.0,1855000.0,0.056,213459000.0,119541000.0,412087000.0,0.826,3.878,47.323,47.108,724805000.0,0.0,48.05,1.571,1.571,882638000.0,3598396000.0,1070934000.0,1070934000.0,0.0,,,,,247000.0,217863000.0,1.0,130452077.0,130452077.0,,8.209,3289342000.0,83722000.0,27862000.0,0.0,25.215,1119251000.0
19,FLS,MRQ,2016-09-30,2016-09-30,2016-09-30,2021-09-07,-540006000.0,4853602000.0,,2382880000.0,2470722000.0,,12.996,-28358000.0,260870000.0,260870000.0,667960000.0,-15035000.0,1.983,1.853,1610889000.0,75211000.0,1535678000.0,1610889000.0,0.0,28887000.0,0.0,0.016,0.19,2128000.0,31015000.0,0.033,31015000.0,2128000.0,-13012000.0,-0.12,-0.13,-0.12,1694421000.0,,1694421000.0,7637729656.0,27.0,19.18,31886000.0,0.245,1.0,277979000.0,0.294,1449097000.0,15140000.0,3552785000.0,,1038944000.0,0.0,0.0,0.0,3140062000.0,1201739000.0,1938323000.0,6289529656.0,-2204000.0,0.0,0.0,-10412000.0,-24779000.0,-35479000.0,-28358000.0,0.0,60244000.0,1389000.0,-15841000.0,-15841000.0,-15841000.0,0.0,806000.0,-0.017,277866000.0,113000.0,394600000.0,-1.583,3.712,46.758,47.294,750128000.0,0.0,48.24,1.496,1.496,896755000.0,3591867000.0,945939000.0,945939000.0,0.0,,,,,6001000.0,281260000.0,1.0,130379968.0,130379968.0,,7.255,3404505000.0,76095000.0,2829000.0,0.0,26.112,1181141000.0
20,FLS,MRQ,2016-06-30,2016-06-30,2016-06-30,2021-09-07,-528550000.0,4931672000.0,,2423362000.0,2508310000.0,,13.377,-15273000.0,266013000.0,266013000.0,706728000.0,54364000.0,1.957,1.817,1614213000.0,70656000.0,1543557000.0,1614213000.0,0.0,29784000.0,0.0,0.016,0.19,99159000.0,128943000.0,0.126,128943000.0,99159000.0,83885000.0,0.42,0.42,0.42,1743976000.0,,1743976000.0,7214371551.0,16.0,12.845,4048000.0,0.031,1.0,320665000.0,0.312,1449630000.0,15274000.0,3591640000.0,,1057967000.0,0.0,0.0,0.0,3169385000.0,1238602000.0,1930783000.0,5888673551.0,-44304000.0,-5064000.0,0.0,-9939000.0,-24766000.0,-40861000.0,-20438000.0,0.0,19321000.0,-2326000.0,54373000.0,54373000.0,54373000.0,0.0,-9000.0,0.053,226895000.0,93770000.0,417218000.0,0.452,3.377,24.136,24.416,755105000.0,0.0,45.17,1.352,1.352,945966000.0,3637837000.0,1027393000.0,1027393000.0,0.0,,,,,8008000.0,228704000.0,1.0,130366915.0,130366915.0,,7.881,3482042000.0,71439000.0,29512000.0,0.0,26.71,1184760000.0
21,FLS,MRQ,2016-03-31,2016-03-31,2016-03-31,2021-09-07,-503637000.0,4981050000.0,,2429189000.0,2551861000.0,,13.244,-20212000.0,310318000.0,310318000.0,641067000.0,34291000.0,1.898,1.881,1636016000.0,62566000.0,1573450000.0,1636016000.0,0.0,28628000.0,0.0,0.016,0.19,65611000.0,94239000.0,0.1,94239000.0,65611000.0,51043000.0,0.26,0.26,0.26,1722665000.0,,1722665000.0,7041216847.0,15.0,11.989,-28837000.0,-0.222,1.0,305154000.0,0.322,1468481000.0,14568000.0,3558465000.0,,1088155000.0,0.0,0.0,0.0,3240064000.0,1279802000.0,1960262000.0,5776390847.0,-59066000.0,0.0,0.0,-12008000.0,-23415000.0,-37921000.0,-20111000.0,0.0,-8625000.0,7591000.0,33866000.0,33866000.0,33866000.0,0.0,425000.0,0.036,234230000.0,70924000.0,410115000.0,0.731,3.353,21.83,22.317,767633000.0,0.0,44.41,1.287,1.287,914684000.0,3599869000.0,946221000.0,946221000.0,0.0,,,,,15957000.0,237549000.0,1.0,130069598.0,130069598.0,,7.275,3512569000.0,82969000.0,17177000.0,0.0,27.005,1149387000.0
22,FLS,MRQ,2015-12-31,2015-12-31,2015-12-31,2021-09-07,-538232000.0,4963106000.0,,2457322000.0,2505784000.0,,12.586,-37212000.0,366444000.0,366444000.0,896483000.0,63203000.0,1.82,2.003,1620996000.0,60434000.0,1560562000.0,1620996000.0,0.0,27517000.0,0.0,0.017,0.18,116498000.0,144015000.0,0.112,144015000.0,116498000.0,98940000.0,0.46,0.47,0.46,1647126000.0,,1647126000.0,6948082906.0,15.0,11.597,272506000.0,2.082,1.0,387965000.0,0.302,1452763000.0,17558000.0,3414519000.0,,978641000.0,0.0,0.0,0.0,3298724000.0,1350376000.0,1948348000.0,5506972906.0,128602000.0,0.0,-53969000.0,-33156000.0,-23650000.0,-133534000.0,-37212000.0,0.0,309718000.0,-10370000.0,62114000.0,62114000.0,62114000.0,0.0,1089000.0,0.048,262102000.0,125863000.0,491378000.0,0.391,3.343,21.311,21.691,758427000.0,0.0,42.08,1.208,1.208,985772000.0,3565958000.0,1284448000.0,1284448000.0,0.0,,,,,15611000.0,265696000.0,1.0,130869128.0,130869128.0,,9.815,3510343000.0,70264000.0,36826000.0,0.0,26.823,1106946000.0
23,FLS,MRQ,2015-09-30,2015-09-30,2015-09-30,2021-09-07,-515890000.0,5158255000.0,,2649729000.0,2508526000.0,,12.659,-22507000.0,237842000.0,237842000.0,707726000.0,94536000.0,2.016,2.046,1678952000.0,68893000.0,1610059000.0,1678952000.0,0.0,32467000.0,0.0,0.017,0.18,162005000.0,194472000.0,0.177,194472000.0,162005000.0,145722000.0,0.71,0.7,0.71,1688323000.0,,1688323000.0,6864974963.0,12.0,9.555,90470000.0,0.678,1.0,388750000.0,0.355,1470729000.0,16283000.0,3814357000.0,,1116445000.0,0.0,0.0,0.0,3453709000.0,1314279000.0,2139430000.0,5486763963.0,-77462000.0,-12109000.0,-110038000.0,-12638000.0,-24072000.0,-145752000.0,-34616000.0,0.0,112977000.0,-10071000.0,93623000.0,93623000.0,93623000.0,0.0,913000.0,0.085,220901000.0,167849000.0,459013000.0,0.254,3.25,15.683,15.762,756179000.0,0.0,41.14,1.179,1.179,999700000.0,3539468000.0,1096476000.0,1096476000.0,0.0,,,,,7667000.0,223516000.0,1.0,133368108.0,133368108.0,,8.221,3687526000.0,162691000.0,52099000.0,13584000.0,27.649,1335450000.0
24,FLS,MRQ,2015-06-30,2015-06-30,2015-06-30,2021-09-07,-466676000.0,5312122000.0,,2778940000.0,2533182000.0,,13.154,-29604000.0,315304000.0,315304000.0,793155000.0,76632000.0,2.035,1.995,1693515000.0,67365000.0,1626150000.0,1693515000.0,0.0,33259000.0,0.0,0.013,0.18,121320000.0,154579000.0,0.133,154579000.0,121320000.0,105928000.0,0.56,0.56,0.56,1768576000.0,,1768576000.0,8425927920.0,13.0,11.264,81661000.0,0.607,1.0,369092000.0,0.318,1479045000.0,15392000.0,3845870000.0,,1129695000.0,0.0,0.0,0.0,3528209000.0,1365418000.0,2162791000.0,7080182920.0,-18472000.0,0.0,-59745000.0,-13798000.0,-24242000.0,-101934000.0,-29604000.0,0.0,111265000.0,1801000.0,75008000.0,75008000.0,75008000.0,0.0,1624000.0,0.065,241515000.0,127577000.0,502969000.0,0.321,4.003,18.4,18.542,767904000.0,0.0,52.66,1.487,1.487,1042404000.0,3469687000.0,1162247000.0,1162247000.0,0.0,,,,,8243000.0,243594000.0,1.0,134450872.0,134450872.0,,8.644,3833077000.0,180442000.0,30920000.0,13272000.0,28.509,1413522000.0
25,FLS,MRQ,2015-03-31,2015-03-31,2015-03-31,2021-09-07,-484114000.0,5251681000.0,,2760338000.0,2491343000.0,,13.004,-82318000.0,333776000.0,333776000.0,682890000.0,29645000.0,2.059,1.991,1679521000.0,58739000.0,1620782000.0,1679521000.0,0.0,33844000.0,0.0,0.012,0.18,72209000.0,106053000.0,0.105,106053000.0,72209000.0,56172000.0,0.21,0.2,0.21,1751864000.0,,1751864000.0,8314572300.0,12.0,10.251,-175519000.0,-1.303,1.0,331730000.0,0.327,1462469000.0,16037000.0,3794191000.0,,1118940000.0,0.0,0.0,0.0,3487539000.0,1340766000.0,2146773000.0,7610000300.0,-116574000.0,-341545000.0,-79899000.0,515401000.0,-21686000.0,418875000.0,-423863000.0,0.0,-93201000.0,-18385000.0,27666000.0,27666000.0,27666000.0,0.0,1979000.0,0.027,238354000.0,93376000.0,484542000.0,0.857,4.344,17.563,17.764,752015000.0,0.0,56.49,1.577,1.577,1015544000.0,3418920000.0,1014620000.0,1014620000.0,0.0,,,,,3295000.0,239927000.0,1.0,134714114.0,134714114.0,,7.532,3789212000.0,186643000.0,28506000.0,13727000.0,28.128,1419572000.0
26,FLS,MRQ,2014-12-31,2014-12-31,2014-12-31,2021-09-07,-380406000.0,4968020000.0,,2794163000.0,2173857000.0,,14.171,-48899000.0,450350000.0,450350000.0,900106000.0,155080000.0,1.898,1.567,1154922000.0,53131000.0,1101791000.0,1154922000.0,0.0,26974000.0,0.0,0.044,0.16,236356000.0,263330000.0,0.191,263330000.0,236356000.0,221340000.0,1.13,1.11,1.13,1931562000.0,,1931562000.0,9159217580.0,12.0,10.253,415730000.0,3.05,1.0,481253000.0,0.348,1213592000.0,15016000.0,2987125000.0,,995564000.0,0.0,0.0,0.0,3026177000.0,1471875000.0,1554302000.0,8155328580.0,287481000.0,0.0,-58180000.0,-9228000.0,-21831000.0,-113568000.0,-48899000.0,0.0,464629000.0,-14681000.0,153563000.0,153563000.0,153563000.0,0.0,1517000.0,0.111,246951000.0,234302000.0,611715000.0,0.142,4.222,15.886,15.955,693881000.0,0.0,59.83,1.672,1.672,1082447000.0,3415738000.0,1381359000.0,1381359000.0,0.0,,,,,24480000.0,251623000.0,1.0,136308350.0,136308350.0,,10.134,3754428000.0,190331000.0,67777000.0,12957000.0,27.544,1322288000.0
27,FLS,MRQ,2014-09-30,2014-09-30,2014-09-30,2021-09-07,-302184000.0,4793774000.0,,2673210000.0,2120564000.0,,13.997,-29112000.0,162869000.0,162869000.0,782522000.0,130600000.0,2.033,1.499,1166758000.0,54122000.0,1112636000.0,1166758000.0,0.0,27660000.0,0.0,0.037,0.16,196417000.0,224077000.0,0.186,224077000.0,196417000.0,181287000.0,0.94,0.93,0.94,1914914000.0,,1914914000.0,10693410689.0,14.0,12.367,112007000.0,0.819,1.0,421490000.0,0.35,1225283000.0,15130000.0,3257775000.0,,1118283000.0,0.0,0.0,0.0,2870075000.0,1314605000.0,1555470000.0,9647420689.0,19300000.0,0.0,-35256000.0,-20433000.0,-21905000.0,-77594000.0,-29112000.0,0.0,141119000.0,-15113000.0,128562000.0,128562000.0,128562000.0,0.0,2038000.0,0.107,229047000.0,192443000.0,490514000.0,0.17,5.038,19.26,19.481,678307000.0,0.0,70.52,1.975,1.975,1131075000.0,3278771000.0,1204012000.0,1204012000.0,0.0,,,,,8413000.0,230872000.0,1.0,136804037.0,136804037.0,,8.801,3568491000.0,179207000.0,52725000.0,11170000.0,26.085,1358605000.0
28,FLS,MRQ,2014-06-30,2014-06-30,2014-06-30,2021-09-07,-206574000.0,4886110000.0,,2728990000.0,2157120000.0,,14.067,-21515000.0,143569000.0,143569000.0,794072000.0,125165000.0,2.02,1.526,1189559000.0,65698000.0,1123861000.0,1189559000.0,0.0,28280000.0,0.0,0.035,0.16,189334000.0,217614000.0,0.178,217614000.0,189334000.0,174307000.0,0.9,0.9,0.9,1931818000.0,,1931818000.0,11238557338.0,15.0,13.026,51883000.0,0.378,1.0,430306000.0,0.351,1253828000.0,15027000.0,3327556000.0,,1160181000.0,0.0,0.0,0.0,2947367000.0,1350716000.0,1596651000.0,10210641338.0,-20847000.0,0.0,-43463000.0,-3365000.0,-21995000.0,-70800000.0,-21515000.0,0.0,73398000.0,-1930000.0,123513000.0,123513000.0,123513000.0,0.0,1652000.0,0.101,235991000.0,194315000.0,516020000.0,0.178,5.286,20.479,20.768,696751000.0,0.0,74.35,2.079,2.079,1157758000.0,3172209000.0,1224378000.0,1224378000.0,0.0,,,,,8219000.0,238178000.0,1.0,137332096.0,137332096.0,,8.915,3632282000.0,178987000.0,50794000.0,12394000.0,26.449,1378274000.0
29,FLS,MRQ,2014-03-31,2014-03-31,2014-03-31,2021-09-07,-215755000.0,4759408000.0,,2607267000.0,2152141000.0,,13.486,-31362000.0,164416000.0,164416000.0,691014000.0,108588000.0,1.984,1.561,1192332000.0,75088000.0,1117244000.0,1192332000.0,0.0,27363000.0,0.0,0.038,2.16,160898000.0,188261000.0,0.176,188261000.0,160898000.0,145749000.0,0.78,0.78,0.78,1855486000.0,,1855486000.0,11615055368.0,16.0,13.577,-116027000.0,-0.843,1.0,377122000.0,0.353,1256929000.0,15149000.0,3216385000.0,,1121248000.0,0.0,0.0,0.0,2896535000.0,1314010000.0,1582525000.0,10778562368.0,-199388000.0,46805000.0,-109605000.0,-8191000.0,-19387000.0,-129215000.0,15443000.0,0.0,-84665000.0,-951000.0,107734000.0,107734000.0,107734000.0,0.0,854000.0,0.101,212796000.0,164326000.0,470222000.0,2.769,5.809,21.754,22.193,694921000.0,0.0,78.34,2.188,2.188,1064216000.0,3070775000.0,1068136000.0,1068136000.0,0.0,,,,,1563000.0,216227000.0,1.0,137586959.0,137586959.0,,7.763,3502479000.0,175930000.0,38015000.0,12280000.0,25.456,1293257000.0
30,FLS,MRQ,2013-12-31,2013-12-31,2013-12-31,2021-09-07,-221477000.0,5036733000.0,,2847382000.0,2189351000.0,,13.411,-43704000.0,363804000.0,363804000.0,918968000.0,141996000.0,1.827,1.689,1200297000.0,72678000.0,1127619000.0,1200297000.0,0.0,27808000.0,0.0,0.012,0.14,206937000.0,234745000.0,0.169,234745000.0,206937000.0,190787000.0,1.0,1.0,1.0,1870379000.0,,1870379000.0,11988717053.0,16.0,14.087,335167000.0,2.403,1.0,470472000.0,0.339,1268099000.0,16150000.0,3047028000.0,,1060670000.0,0.0,0.0,0.0,3159612000.0,1558099000.0,1601513000.0,10994310053.0,250053000.0,-66658000.0,-88183000.0,92766000.0,-19560000.0,-18815000.0,-110362000.0,0.0,378871000.0,359000.0,141084000.0,141084000.0,141084000.0,0.0,912000.0,0.102,257577000.0,212895000.0,612092000.0,0.14,5.878,22.644,22.983,716289000.0,0.0,78.83,2.219,2.219,1155327000.0,2985391000.0,1389440000.0,1389440000.0,0.0,,,,,11355000.0,260551000.0,1.0,139468604.0,139468604.0,,9.962,3768634000.0,176981000.0,49703000.0,12319000.0,27.021,1289283000.0
31,FLS,MRQ,2013-09-30,2013-09-30,2013-09-30,2021-09-07,-242778000.0,4696194000.0,,2626651000.0,2069543000.0,,12.834,-32910000.0,113751000.0,113751000.0,806318000.0,126530000.0,1.648,1.599,1108158000.0,268934000.0,839224000.0,1108158000.0,0.0,26961000.0,0.0,0.015,0.14,195187000.0,222148000.0,0.181,222148000.0,195187000.0,182141000.0,0.9,0.9,0.9,1804657000.0,,1804657000.0,9795150126.0,13.0,11.58,108804000.0,0.774,1.0,422739000.0,0.344,1201869000.0,13046000.0,2894483000.0,,1184188000.0,0.0,0.0,0.0,2885727000.0,1594249000.0,1291478000.0,8772778126.0,9039000.0,0.0,-63810000.0,-19200000.0,-19716000.0,-101026000.0,-32910000.0,0.0,141714000.0,1261000.0,126271000.0,126271000.0,126271000.0,0.0,259000.0,0.103,229351000.0,193388000.0,495295000.0,0.156,4.861,18.049,18.568,678934000.0,0.0,62.39,1.793,1.793,1089748000.0,2863863000.0,1229057000.0,1229057000.0,0.0,,,,,6405000.0,231569000.0,1.0,140611927.0,140611927.0,,8.741,3494325000.0,177001000.0,55870000.0,7606000.0,24.851,1032402000.0
32,FLS,MRQ,2013-06-30,2013-06-30,2013-06-30,2021-09-07,-281369000.0,4638143000.0,,2611866000.0,2026277000.0,,12.002,-26777000.0,104712000.0,104712000.0,817950000.0,120894000.0,1.612,1.699,1127084000.0,277873000.0,849211000.0,1127084000.0,0.0,26413000.0,0.0,0.017,0.56,183906000.0,210319000.0,0.17,210319000.0,183906000.0,170781000.0,0.85,0.84,0.85,1716132000.0,,1716132000.0,8622695614.0,12.0,10.695,48467000.0,0.339,1.0,421576000.0,0.34,1190123000.0,13125000.0,2850302000.0,,1184242000.0,0.0,0.0,0.0,2916194000.0,1620090000.0,1296104000.0,7722478614.0,-64725000.0,0.0,-150765000.0,58642000.0,-20107000.0,-110601000.0,-26777000.0,0.0,75244000.0,-2591000.0,120386000.0,120386000.0,120386000.0,0.0,508000.0,0.097,238055000.0,183521000.0,526116000.0,0.659,4.5,16.569,17.092,660119000.0,0.0,54.01,1.599,1.599,1080240000.0,2757262000.0,1239526000.0,1239526000.0,0.0,,,,,6669000.0,240200000.0,1.0,142982385.0,142982385.0,,8.669,3448020000.0,173658000.0,50395000.0,10172000.0,24.115,991776000.0
33,FLS,MRQ,2013-03-31,2013-03-31,2013-03-31,2021-09-07,-255231000.0,4668294000.0,,2633838000.0,2034456000.0,,12.346,-34046000.0,169437000.0,169437000.0,723288000.0,98900000.0,1.685,1.616,1069654000.0,210365000.0,859289000.0,1069654000.0,0.0,25210000.0,0.0,0.009,0.14,158614000.0,183824000.0,0.168,183824000.0,158614000.0,146522000.0,0.68,0.67,0.68,1782327000.0,,1782327000.0,8695048821.0,13.0,11.169,-142116000.0,-0.984,1.0,373308000.0,0.34,1189416000.0,12092000.0,2815969000.0,,1155773000.0,0.0,0.0,0.0,2880534000.0,1563126000.0,1317408000.0,8070706821.0,-134815000.0,36097000.0,-155552000.0,140987000.0,-17514000.0,-25382000.0,2051000.0,0.0,-108070000.0,-3414000.0,97789000.0,97789000.0,97789000.0,0.0,1111000.0,0.089,202829000.0,170479000.0,514067000.0,0.206,4.528,17.816,18.823,666422000.0,0.0,55.903,1.691,1.691,1056321000.0,2656814000.0,1096596000.0,1096596000.0,0.0,,,,,1217000.0,234509000.0,1.0,144368973.0,144368973.0,,7.596,3478878000.0,179226000.0,48733000.0,6808000.0,24.097,1070712000.0
34,FLS,MRQ,2012-12-31,2012-12-31,2012-12-31,2021-09-07,-224310000.0,4810958000.0,,2740216000.0,2070742000.0,,12.605,-45899000.0,304252000.0,304252000.0,880649000.0,141938000.0,1.723,1.543,928594000.0,59478000.0,869116000.0,928594000.0,0.0,26448000.0,0.0,0.01,0.12,203149000.0,229597000.0,0.173,229597000.0,203149000.0,189504000.0,0.93,0.927,0.93,1890219000.0,,1890219000.0,8048260230.0,12.0,10.592,348667000.0,2.325,1.0,447562000.0,0.337,1203927000.0,13645000.0,2640748000.0,,1086663000.0,0.0,0.0,0.0,2916483000.0,1590625000.0,1325858000.0,7337684230.0,86832000.0,0.0,-238078000.0,10170000.0,-18196000.0,-264009000.0,-45899000.0,0.0,394566000.0,2174000.0,141602000.0,141602000.0,141602000.0,0.0,336000.0,0.107,244809000.0,202753000.0,616900000.0,0.129,3.882,16.366,17.11,654179000.0,0.0,48.933,1.544,1.544,1103724000.0,2579308000.0,1328211000.0,1328211000.0,0.0,,,,,9310000.0,248547000.0,1.0,149952675.0,149952675.0,,8.858,3607031000.0,177799000.0,47902000.0,7654000.0,24.054,1149591000.0
35,FLS,MRQ,2012-09-30,2012-09-30,2012-09-30,2021-09-07,-205427000.0,4743748000.0,,2721070000.0,2022678000.0,,13.148,-23724000.0,217420000.0,217420000.0,776319000.0,106834000.0,1.929,1.347,927996000.0,48861000.0,879135000.0,927996000.0,0.0,26266000.0,0.0,0.011,0.12,156209000.0,182475000.0,0.157,182475000.0,156209000.0,144065000.0,0.7,0.69,0.7,2016808000.0,,2016808000.0,7152880225.0,11.0,9.569,38465000.0,0.251,1.0,389604000.0,0.334,1199620000.0,12144000.0,2844265000.0,,1155725000.0,0.0,0.0,0.0,2716523000.0,1410439000.0,1306084000.0,6531318225.0,42207000.0,-2205000.0,-100966000.0,121386000.0,-18487000.0,2255000.0,-25929000.0,0.0,62189000.0,3692000.0,106296000.0,106296000.0,106296000.0,0.0,538000.0,0.091,223898000.0,165706000.0,516500000.0,0.171,3.238,15.125,15.87,605360000.0,0.0,42.58,1.393,1.393,1105641000.0,2455401000.0,1165923000.0,1165923000.0,0.0,,,,,10407000.0,227797000.0,1.0,153389343.0,153389343.0,,7.601,3544128000.0,148270000.0,37769000.0,8748000.0,23.105,1310631000.0
36,FLS,MRQ,2012-06-30,2012-06-30,2012-06-30,2021-09-07,-237302000.0,4605883000.0,,2617647000.0,1988236000.0,,12.121,-28085000.0,175213000.0,175213000.0,797623000.0,108485000.0,1.494,1.312,796775000.0,370635000.0,426140000.0,796775000.0,0.0,26784000.0,0.0,0.012,0.12,155818000.0,182602000.0,0.154,182602000.0,155818000.0,146896000.0,0.66,0.66,0.66,1987600000.0,,1987600000.0,6598975885.0,10.0,8.915,140181000.0,0.855,1.0,384602000.0,0.325,1197249000.0,8922000.0,2277606000.0,,1149178000.0,0.0,0.0,0.0,2608279000.0,1752590000.0,855689000.0,6272248885.0,2519000.0,0.0,-410848000.0,298136000.0,-19672000.0,-132602000.0,-28085000.0,0.0,168266000.0,-5060000.0,107316000.0,107316000.0,107316000.0,0.0,1169000.0,0.091,219806000.0,164796000.0,541925000.0,0.182,3.156,14.475,14.544,591805000.0,0.0,38.25,1.35,1.35,1057642000.0,2367469000.0,1182225000.0,1182225000.0,0.0,,,,,7572000.0,223892000.0,1.0,163980363.0,163980363.0,,7.21,3408634000.0,145896000.0,39580000.0,8848000.0,20.787,865057000.0
37,FLS,MRQ,2012-03-31,2012-03-31,2012-03-31,2021-09-07,-181339000.0,4618410000.0,,2606223000.0,2012187000.0,,14.421,-20898000.0,172694000.0,172694000.0,715797000.0,93542000.0,1.889,0.955,499421000.0,60773000.0,438648000.0,499421000.0,0.0,27728000.0,0.0,0.011,0.12,137449000.0,165177000.0,0.154,165177000.0,137449000.0,128640000.0,0.57,0.563,0.57,2357670000.0,,2357670000.0,6462849130.0,10.0,8.833,-128789000.0,-0.788,1.0,359183000.0,0.334,1218715000.0,8809000.0,2346602000.0,,1141341000.0,0.0,0.0,0.0,2251758000.0,1379820000.0,871938000.0,6294989130.0,-164662000.0,-5616000.0,-22050000.0,-5810000.0,-17410000.0,-34566000.0,-26514000.0,0.0,-107891000.0,4309000.0,93125000.0,93125000.0,93125000.0,0.0,417000.0,0.087,216660000.0,142523000.0,501496000.0,0.211,2.67,14.821,15.04,602854000.0,0.0,38.503,1.372,1.372,1049125000.0,2278806000.0,1074980000.0,1074980000.0,0.0,,,,,-3093000.0,221889000.0,1.0,163492056.0,163492056.0,,6.575,3399695000.0,139944000.0,35515000.0,9723000.0,20.794,1226403000.0
38,FLS,MRQ,2011-12-31,2011-12-31,2011-12-31,2021-09-07,-216097000.0,4622614000.0,,2628354000.0,1994260000.0,,13.618,-36064000.0,337356000.0,337356000.0,845402000.0,125555000.0,1.788,1.033,505216000.0,53623000.0,451593000.0,505216000.0,0.0,28010000.0,0.0,0.013,0.107,189211000.0,217221000.0,0.172,217221000.0,189211000.0,179713000.0,0.753,0.75,0.753,2269813000.0,,2269813000.0,5797993267.0,9.0,7.933,332234000.0,1.993,1.0,420027000.0,0.332,1208559000.0,9498000.0,2111594000.0,,1008379000.0,0.0,0.0,0.0,2344384000.0,1470321000.0,874063000.0,5517990267.0,109471000.0,-89615000.0,-108912000.0,-2922000.0,-17763000.0,-128920000.0,-125679000.0,0.0,368298000.0,-4228000.0,125097000.0,125097000.0,125097000.0,0.0,458000.0,0.099,226666000.0,193361000.0,597342000.0,0.142,2.431,12.875,12.882,598746000.0,0.0,33.107,1.223,1.223,1060249000.0,2205524000.0,1265429000.0,1265429000.0,0.0,,,,,7968000.0,232462000.0,1.0,166673085.0,166673085.0,,7.592,3414055000.0,139748000.0,54616000.0,10755000.0,20.484,1158033000.0
39,FLS,MRQ,2011-09-30,2011-09-30,2011-09-30,2021-09-07,-179951000.0,4480505000.0,,2577466000.0,1903039000.0,,13.748,-22871000.0,227885000.0,227885000.0,745227000.0,107956000.0,1.986,0.946,507888000.0,50033000.0,457855000.0,507888000.0,0.0,26879000.0,0.0,0.017,0.107,148367000.0,175246000.0,0.156,175246000.0,148367000.0,139823000.0,0.647,0.64,0.647,2298704000.0,,2298704000.0,4423319918.0,7.0,6.251,64839000.0,0.388,1.0,376586000.0,0.336,1153337000.0,8544000.0,2309105000.0,,1076704000.0,0.0,0.0,0.0,2173636000.0,1298066000.0,875570000.0,4124471918.0,6573000.0,0.0,-15063000.0,-12345000.0,-17817000.0,-47127000.0,-22871000.0,0.0,87710000.0,-11139000.0,107771000.0,107771000.0,107771000.0,0.0,185000.0,0.096,221629000.0,154957000.0,459900000.0,0.165,1.794,9.915,9.906,564759000.0,0.0,24.667,0.941,0.941,1022897000.0,2098054000.0,1121813000.0,1121813000.0,0.0,,,,,7204000.0,225996000.0,1.0,167208321.0,167208321.0,,6.709,3327168000.0,150292000.0,32052000.0,18513000.0,19.898,1279400000.0
40,FLS,MRQ,2011-06-30,2011-06-30,2011-06-30,2021-09-07,-74787000.0,4563276000.0,,2589622000.0,1973654000.0,,13.858,-24035000.0,221312000.0,221312000.0,756414000.0,98724000.0,1.941,0.962,520160000.0,55697000.0,464463000.0,520160000.0,0.0,27545000.0,0.0,0.011,0.107,146493000.0,174038000.0,0.155,174038000.0,146493000.0,136959000.0,0.59,0.587,0.59,2321017000.0,,2321017000.0,6371220195.0,11.0,9.038,-33643000.0,-0.201,1.0,369338000.0,0.328,1182429000.0,9534000.0,2345406000.0,,1090575000.0,0.0,0.0,0.0,2231816000.0,1334289000.0,897527000.0,6134944195.0,-67546000.0,-890000.0,-12429000.0,-5362000.0,-17845000.0,-35378000.0,-24925000.0,0.0,-9608000.0,2365000.0,98732000.0,98732000.0,98732000.0,0.0,-8000.0,0.088,229232000.0,140106000.0,479221000.0,0.181,2.643,14.886,14.872,593233000.0,0.0,36.63,1.449,1.449,1000702000.0,2008272000.0,1125752000.0,1125752000.0,0.0,,,,,7627000.0,232983000.0,1.0,167484144.0,167484144.0,,6.722,3380847000.0,157363000.0,38227000.0,17572000.0,20.186,1255333000.0
41,FLS,MRQ,2011-03-31,2011-03-31,2011-03-31,2021-09-07,-102286000.0,4449534000.0,,2493220000.0,1956314000.0,,13.263,-20728000.0,288858000.0,288858000.0,649512000.0,96996000.0,1.883,1.002,525134000.0,54277000.0,470857000.0,525134000.0,0.0,25127000.0,0.0,0.009,0.107,139216000.0,164343000.0,0.165,164343000.0,139216000.0,130611000.0,0.58,0.573,0.58,2217407000.0,,2217407000.0,7148088380.0,12.0,10.384,-248915000.0,-1.489,1.0,347695000.0,0.349,1174713000.0,8605000.0,2187202000.0,,1021443000.0,0.0,0.0,0.0,2221680000.0,1323895000.0,897785000.0,7177956380.0,-268721000.0,0.0,-13596000.0,-2790000.0,-16132000.0,-27531000.0,-20728000.0,0.0,-228187000.0,7725000.0,96982000.0,96982000.0,96982000.0,0.0,14000.0,0.097,217442000.0,130253000.0,461967000.0,0.184,3.237,17.721,17.741,586348000.0,0.0,42.933,1.763,1.763,909342000.0,1927584000.0,997207000.0,997207000.0,0.0,,,,,3623000.0,222639000.0,1.0,167188425.0,167188425.0,,5.965,3274821000.0,156598000.0,33629000.0,18608000.0,19.588,1169325000.0
42,FLS,MRQ,2010-12-31,2010-12-31,2010-12-31,2021-09-07,-150506000.0,4459910000.0,,2523744000.0,1936166000.0,,12.556,-51291000.0,557579000.0,557579000.0,755833000.0,112447000.0,1.733,1.116,527711000.0,51481000.0,476230000.0,527711000.0,0.0,32622000.0,0.0,0.01,0.097,161325000.0,193947000.0,0.17,193947000.0,161325000.0,152967000.0,0.673,0.667,0.673,2103022000.0,,2103022000.0,6909950460.0,12.0,10.333,321103000.0,1.917,1.0,384520000.0,0.337,1159642000.0,8358000.0,1814025000.0,,886731000.0,0.0,0.0,0.0,2346877000.0,1456375000.0,890502000.0,6656202460.0,246966000.0,0.0,-17517000.0,-37772000.0,-16163000.0,-74539000.0,-51966000.0,0.0,372394000.0,1077000.0,112504000.0,112504000.0,112504000.0,0.0,-57000.0,0.099,220567000.0,163953000.0,571021000.0,0.144,3.165,17.142,17.129,581245000.0,0.0,39.74,1.651,1.651,839566000.0,1848680000.0,1140353000.0,1140353000.0,0.0,,,,,8056000.0,224679000.0,1.0,167493771.0,167493771.0,,6.808,3300268000.0,156339000.0,40463000.0,16036000.0,19.704,1067369000.0
43,FLS,MRQ,2010-09-30,2010-09-30,2010-09-30,2021-09-07,-145569000.0,4229824000.0,,2334225000.0,1895599000.0,,12.01,-17339000.0,310613000.0,310613000.0,638183000.0,104225000.0,1.841,1.095,564361000.0,28536000.0,535825000.0,564361000.0,0.0,24689000.0,0.0,0.01,0.097,147898000.0,172587000.0,0.178,172587000.0,147898000.0,139632000.0,0.62,0.613,0.62,2015459000.0,,2015459000.0,6183201567.0,11.0,9.403,18738000.0,0.112,1.0,333498000.0,0.343,1156443000.0,8266000.0,2058880000.0,,947818000.0,0.0,0.0,0.0,2206736000.0,1268249000.0,938487000.0,6120768567.0,-192889000.0,-199396000.0,-10869000.0,-2914000.0,-16247000.0,-29176000.0,-217482000.0,0.0,36077000.0,17692000.0,103919000.0,103919000.0,103919000.0,0.0,306000.0,0.107,204302000.0,129196000.0,437139000.0,0.156,3.037,15.848,15.837,544449000.0,0.0,36.473,1.496,1.496,839710000.0,1752543000.0,971681000.0,971681000.0,0.0,,,,,9475000.0,207741000.0,1.0,167814894.0,167814894.0,,5.79,3073381000.0,149519000.0,35713000.0,21827000.0,18.314,1065976000.0
44,FLS,MRQ,2010-06-30,2010-06-30,2010-06-30,2021-09-07,-241440000.0,3958565000.0,,2293907000.0,1664658000.0,,10.904,-10299000.0,503502000.0,503502000.0,617731000.0,91804000.0,1.982,1.155,565935000.0,29554000.0,536381000.0,565935000.0,0.0,23519000.0,0.0,0.013,0.097,133974000.0,157493000.0,0.164,157493000.0,133974000.0,125292000.0,0.547,0.54,0.547,1834004000.0,,1834004000.0,4851896043.0,8.0,7.159,85964000.0,0.511,1.0,343365000.0,0.357,967053000.0,8682000.0,1896450000.0,,798035000.0,0.0,0.0,0.0,2118548000.0,1157495000.0,961053000.0,4754194043.0,35146000.0,0.0,-10252000.0,-264000.0,-16155000.0,-26019000.0,-10299000.0,0.0,96263000.0,-24799000.0,91647000.0,91647000.0,91647000.0,0.0,157000.0,0.095,197336000.0,146029000.0,387575000.0,0.177,2.592,11.908,11.862,503334000.0,0.0,28.267,1.14,1.14,762859000.0,1665151000.0,961096000.0,961096000.0,0.0,,,,,6411000.0,201330000.0,1.0,168190827.0,168190827.0,,5.714,2991512000.0,161985000.0,33645000.0,18051000.0,17.786,1136412000.0
45,FLS,MRQ,2010-03-31,2010-03-31,2010-03-31,2021-09-07,-183140000.0,4069041000.0,,2358390000.0,1710651000.0,,10.89,-12043000.0,468356000.0,468356000.0,610596000.0,80205000.0,1.867,1.232,566058000.0,28211000.0,537847000.0,566058000.0,0.0,23711000.0,0.0,0.01,0.097,120990000.0,144701000.0,0.151,144701000.0,120990000.0,111995000.0,0.48,0.473,0.48,1820521000.0,,1820521000.0,6057143432.0,10.0,8.585,-161002000.0,-0.963,1.0,348310000.0,0.363,978261000.0,8995000.0,1925497000.0,,797069000.0,0.0,0.0,0.0,2242846000.0,1262985000.0,979861000.0,6144735432.0,-185964000.0,0.0,-7377000.0,-645000.0,-15017000.0,-13179000.0,-6970000.0,0.0,-148959000.0,-16856000.0,80220000.0,80220000.0,80220000.0,0.0,-15000.0,0.084,206136000.0,142174000.0,397458000.0,0.202,3.375,14.778,14.803,534133000.0,0.0,36.757,1.429,1.429,815871000.0,1590281000.0,958906000.0,958906000.0,0.0,,,,,-1562000.0,211240000.0,1.0,167173359.0,167173359.0,,5.736,3090780000.0,172449000.0,31775000.0,20484000.0,18.488,1095405000.0
46,FLS,MRQ,2009-12-31,2009-12-31,2009-12-31,2021-09-07,-149028000.0,4248894000.0,,2499322000.0,1749572000.0,,10.72,-20825000.0,654320000.0,654320000.0,790240000.0,110263000.0,1.714,1.362,566728000.0,27355000.0,539373000.0,566728000.0,0.0,24630000.0,0.0,0.011,0.09,158133000.0,182763000.0,0.152,182763000.0,158133000.0,148287000.0,0.657,0.653,0.657,1796113000.0,,1796113000.0,5557125060.0,9.0,7.72,405646000.0,2.421,1.0,408833000.0,0.341,989605000.0,9846000.0,1713614000.0,,795233000.0,0.0,0.0,0.0,2447147000.0,1458083000.0,989064000.0,5279413060.0,363095000.0,0.0,-12985000.0,-2193000.0,-15053000.0,-34498000.0,-20825000.0,0.0,426471000.0,-8053000.0,110420000.0,110420000.0,110420000.0,0.0,-157000.0,0.092,246411000.0,162422000.0,493306000.0,0.137,2.939,12.338,12.342,560472000.0,0.0,31.51,1.209,1.209,791722000.0,1526774000.0,1199073000.0,1199073000.0,0.0,,,,,9224000.0,250530000.0,1.0,167547225.0,167547225.0,,7.157,3259289000.0,177188000.0,37867000.0,20477000.0,19.453,1041239000.0
47,FLS,MRQ,2009-09-30,2009-09-30,2009-09-30,2021-09-07,-141392000.0,4017027000.0,,2267793000.0,1749234000.0,,10.255,-22806000.0,291225000.0,291225000.0,665859000.0,116639000.0,1.723,1.335,568937000.0,27786000.0,541151000.0,568937000.0,0.0,23706000.0,0.0,0.011,0.09,169069000.0,192775000.0,0.183,192775000.0,169069000.0,158950000.0,0.7,0.69,0.7,1720575000.0,,1720575000.0,5830461945.0,9.0,7.997,58926000.0,0.351,1.0,385205000.0,0.366,993271000.0,10119000.0,1985126000.0,,884422000.0,0.0,0.0,0.0,2296452000.0,1316342000.0,980110000.0,5511021945.0,39687000.0,-2381000.0,-9504000.0,-2100000.0,-15074000.0,-26197000.0,-25187000.0,0.0,81732000.0,9339000.0,116944000.0,116944000.0,116944000.0,0.0,-305000.0,0.111,224000000.0,161205000.0,398507000.0,0.129,3.203,12.76,12.766,561679000.0,0.0,32.847,1.271,1.271,841251000.0,1431507000.0,1051064000.0,1051064000.0,0.0,,,,,9273000.0,227265000.0,1.0,167780250.0,167780250.0,,6.265,3023756000.0,168658000.0,42006000.0,20390000.0,18.022,951451000.0
48,FLS,MRQ,2009-06-30,2009-06-30,2009-06-30,2021-09-07,-177887000.0,3953335000.0,,2221050000.0,1732285000.0,,9.409,-20010000.0,251538000.0,251538000.0,704078000.0,108604000.0,1.654,1.5,570978000.0,28344000.0,542634000.0,570978000.0,0.0,26534000.0,0.0,0.015,0.09,158753000.0,185287000.0,0.17,185287000.0,158753000.0,148822000.0,0.647,0.64,0.647,1581554000.0,,1581554000.0,4279022428.0,7.0,5.995,83093000.0,0.494,1.0,386321000.0,0.354,992378000.0,9931000.0,1937433000.0,,891610000.0,0.0,0.0,0.0,2371781000.0,1342964000.0,1028817000.0,3911282428.0,49999000.0,-28369000.0,-8658000.0,1611000.0,-15107000.0,-22072000.0,-48379000.0,0.0,103103000.0,17347000.0,108218000.0,108218000.0,108218000.0,0.0,386000.0,0.099,227568000.0,158753000.0,437655000.0,0.139,2.473,9.054,9.101,550511000.0,0.0,23.27,0.881,0.881,853139000.0,1329739000.0,1090399000.0,1090399000.0,0.0,,,,,11300000.0,231345000.0,1.0,168082614.0,168082614.0,,6.487,2960957000.0,155694000.0,40604000.0,17805000.0,17.616,878086000.0
49,FLS,MRQ,2009-03-31,2009-03-31,2009-03-31,2021-09-07,-249570000.0,3793662000.0,,2125280000.0,1668382000.0,,8.426,-44251000.0,201539000.0,201539000.0,656953000.0,92825000.0,1.585,1.684,569279000.0,25178000.0,544101000.0,569279000.0,0.0,20575000.0,0.0,0.018,0.09,138397000.0,158972000.0,0.155,158972000.0,138397000.0,128288000.0,0.55,0.547,0.55,1413487000.0,,1413487000.0,3239394278.0,5.0,4.479,-224280000.0,-1.337,1.0,367773000.0,0.359,943131000.0,10109000.0,1877407000.0,,884033000.0,0.0,0.0,0.0,2380175000.0,1340864000.0,1039311000.0,3138102278.0,-270517000.0,0.0,-6869000.0,-3684000.0,-13970000.0,-24311000.0,-44251000.0,0.0,-180029000.0,-21926000.0,92305000.0,92305000.0,92305000.0,0.0,520000.0,0.09,220636000.0,147137000.0,445414000.0,0.164,2.22,7.026,7.132,533784000.0,0.0,18.707,0.697,0.697,828445000.0,1236723000.0,1024726000.0,1024726000.0,0.0,,,,,9780000.0,225311000.0,1.0,167753151.0,167753151.0,,6.109,2850531000.0,150553000.0,35983000.0,15491000.0,16.992,784416000.0
50,FLS,MRQ,2008-12-31,2008-12-31,2008-12-31,2021-09-07,-211320000.0,4023694000.0,,2332425000.0,1691269000.0,,8.064,-54671000.0,472056000.0,472056000.0,757385000.0,114991000.0,1.451,1.937,573348000.0,27731000.0,545617000.0,573348000.0,0.0,19509000.0,0.0,0.019,0.083,172542000.0,192051000.0,0.164,192051000.0,172542000.0,159944000.0,0.677,0.677,0.677,1367767000.0,,1367767000.0,3326777158.0,5.0,4.602,358922000.0,2.116,1.0,411572000.0,0.352,950314000.0,12598000.0,1566676000.0,,834612000.0,0.0,0.0,0.0,2649496000.0,1607996000.0,1041500000.0,2911841158.0,318106000.0,0.0,-29227000.0,3873000.0,-14133000.0,-46135000.0,-54671000.0,0.0,413593000.0,5319000.0,114435000.0,114435000.0,114435000.0,0.0,556000.0,0.098,252055000.0,159517000.0,598498000.0,0.123,2.129,6.582,6.646,547235000.0,0.0,17.167,0.651,0.651,808522000.0,1159634000.0,1168957000.0,1168957000.0,0.0,,,,,12605000.0,255145000.0,1.0,169621815.0,169621815.0,,6.892,3073380000.0,159451000.0,45509000.0,14668000.0,18.119,724429000.0
51,FLS,MRQ,2008-09-30,2008-09-30,2008-09-30,2021-09-07,-89436000.0,3745307000.0,,2104612000.0,1640695000.0,,8.191,-29422000.0,153950000.0,153950000.0,748668000.0,117923000.0,1.465,1.656,568886000.0,21695000.0,547191000.0,568886000.0,0.0,20411000.0,0.0,0.01,0.083,157102000.0,177513000.0,0.154,177513000.0,157102000.0,143997000.0,0.683,0.68,0.683,1409966000.0,,1409966000.0,5528052373.0,9.0,7.953,144029000.0,0.837,1.0,404924000.0,0.351,968627000.0,13105000.0,1754834000.0,,859289000.0,0.0,0.0,0.0,2335341000.0,1436782000.0,898559000.0,5093609373.0,16848000.0,0.0,-98732000.0,-2592000.0,-14351000.0,-109327000.0,-29422000.0,0.0,173451000.0,-17854000.0,117049000.0,117049000.0,117049000.0,0.0,874000.0,0.101,240410000.0,164514000.0,470580000.0,0.122,3.613,12.017,12.063,493711000.0,0.0,29.59,1.154,1.154,912042000.0,1059258000.0,1153592000.0,1153592000.0,0.0,,,,,1241000.0,243799000.0,1.0,172139553.0,172139553.0,,6.701,2776680000.0,141260000.0,26948000.0,7906000.0,16.13,667830000.0
52,FLS,MRQ,2008-06-30,2008-06-30,2008-06-30,2021-09-07,12057000.0,3793268000.0,,2146404000.0,1646864000.0,,8.698,-21272000.0,137102000.0,137102000.0,739635000.0,123613000.0,1.6,1.523,571545000.0,23242000.0,548303000.0,571545000.0,0.0,20885000.0,0.0,0.006,0.083,173761000.0,194646000.0,0.168,194646000.0,173761000.0,161029000.0,0.713,0.707,0.713,1503304000.0,,1503304000.0,8239026961.0,15.0,12.741,-27095000.0,-0.157,1.0,417970000.0,0.361,989296000.0,12732000.0,1896624000.0,,892810000.0,0.0,0.0,0.0,2289964000.0,1341791000.0,948173000.0,7875658961.0,-62292000.0,0.0,-33283000.0,8783000.0,-14405000.0,-37117000.0,-21272000.0,0.0,-5823000.0,1920000.0,122864000.0,122864000.0,122864000.0,0.0,749000.0,0.106,245640000.0,172330000.0,490552000.0,0.116,5.239,21.292,21.263,508743000.0,0.0,45.567,1.884,1.884,919856000.0,956409000.0,1157605000.0,1157605000.0,0.0,,,,,7632000.0,250152000.0,1.0,172838163.0,172838163.0,,6.698,2803972000.0,123860000.0,38165000.0,6807000.0,16.223,804613000.0
53,FLS,MRQ,2008-03-31,2008-03-31,2008-03-31,2021-09-07,8481000.0,3695616000.0,,2045085000.0,1650531000.0,,8.221,-14256000.0,199394000.0,199394000.0,647473000.0,88692000.0,1.586,1.614,562762000.0,12878000.0,549884000.0,562762000.0,0.0,20637000.0,0.0,0.007,0.083,138022000.0,158659000.0,0.16,158659000.0,138022000.0,125164000.0,0.51,0.507,0.51,1413730000.0,,1413730000.0,6168250730.0,13.0,10.807,-186687000.0,-1.086,1.0,345846000.0,0.348,991670000.0,12858000.0,1778207000.0,,853881000.0,0.0,0.0,0.0,2281886000.0,1289107000.0,992779000.0,5983512730.0,-173844000.0,0.0,8232000.0,-808000.0,-8592000.0,7110000.0,-14256000.0,0.0,-172431000.0,5733000.0,88065000.0,88065000.0,88065000.0,0.0,627000.0,0.089,226529000.0,119317000.0,477854000.0,0.163,4.232,19.288,19.297,501640000.0,0.0,34.793,1.514,1.514,788459000.0,847961000.0,993319000.0,993319000.0,0.0,,,,,-1306000.0,232501000.0,1.0,171972966.0,171972966.0,,5.776,2703946000.0,130235000.0,37099000.0,6258000.0,15.723,755978000.0
54,FLS,MRQ,2007-12-31,2007-12-31,2007-12-31,2021-09-07,-21384000.0,3520421000.0,,1896771000.0,1623650000.0,,7.543,-18536000.0,373238000.0,373238000.0,743120000.0,97874000.0,1.517,1.723,557976000.0,7181000.0,550795000.0,557976000.0,0.0,21274000.0,0.0,0.006,0.05,142977000.0,164251000.0,0.148,164251000.0,142977000.0,128023000.0,0.547,0.547,0.547,1292977000.0,,1292977000.0,6038634356.0,14.0,12.128,354032000.0,2.065,1.0,366250000.0,0.33,987999000.0,14954000.0,1466980000.0,,680199000.0,0.0,0.0,0.0,2227444000.0,1250180000.0,977264000.0,5496808356.0,298674000.0,-2312000.0,3352000.0,-60085000.0,-8505000.0,-61782000.0,-20574000.0,0.0,372568000.0,8462000.0,95900000.0,95900000.0,95900000.0,0.0,1974000.0,0.086,226919000.0,139331000.0,513169000.0,0.091,4.251,21.491,21.478,488892000.0,0.0,32.067,1.461,1.461,666733000.0,774366000.0,1109370000.0,1109370000.0,0.0,,,,,2373000.0,231273000.0,1.0,171418140.0,171418140.0,,6.472,2532422000.0,119037000.0,32123000.0,6804000.0,14.773,646591000.0
55,FLS,MRQ,2007-09-30,2007-09-30,2007-09-30,2021-09-07,-48024000.0,3274656000.0,,1691396000.0,1583260000.0,,6.82,-12800000.0,74837000.0,74837000.0,605664000.0,63055000.0,1.508,1.807,616663000.0,64554000.0,552109000.0,616663000.0,0.0,18710000.0,0.0,0.006,0.05,110372000.0,129082000.0,0.14,129082000.0,110372000.0,95040000.0,0.373,0.367,0.373,1166673000.0,,1166673000.0,4977175447.0,14.0,11.813,93966000.0,0.549,1.0,313583000.0,0.341,992711000.0,15332000.0,1702312000.0,,729871000.0,0.0,0.0,0.0,2107983000.0,1121459000.0,986524000.0,4343996447.0,23152000.0,0.0,773000.0,-67495000.0,-8588000.0,-72539000.0,-13507000.0,0.0,106766000.0,2432000.0,63055000.0,63055000.0,63055000.0,0.0,0.0,0.069,205354000.0,108229000.0,412583000.0,0.134,3.723,22.459,22.216,472704000.0,0.0,25.393,1.228,1.228,704734000.0,687079000.0,919247000.0,919247000.0,0.0,,,,,4606000.0,210135000.0,1.0,171068382.0,171068382.0,,5.374,2281945000.0,100219000.0,31985000.0,4507000.0,13.339,569937000.0
56,FLS,MRQ,2007-06-30,2007-06-30,2007-06-30,2021-09-07,-69855000.0,3128344000.0,,1558281000.0,1570063000.0,,6.306,-21789000.0,50979000.0,50979000.0,628262000.0,63205000.0,1.471,1.898,684158000.0,130580000.0,553578000.0,684158000.0,0.0,19026000.0,0.0,0.004,0.05,99732000.0,118758000.0,0.128,118758000.0,99732000.0,83971000.0,0.373,0.37,0.373,1079324000.0,,1079324000.0,4695134728.0,16.0,12.59,-9642000.0,-0.056,1.0,302415000.0,0.325,991383000.0,15761000.0,1710738000.0,,680955000.0,0.0,0.0,0.0,2049020000.0,1059402000.0,989618000.0,4084815728.0,9961000.0,0.0,-8793000.0,33376000.0,-8588000.0,18384000.0,-22344000.0,0.0,12147000.0,1774000.0,63205000.0,63205000.0,63205000.0,0.0,0.0,0.068,205507000.0,96908000.0,405050000.0,0.134,3.785,25.587,25.202,462929000.0,0.0,23.867,1.206,1.206,664408000.0,632613000.0,930677000.0,930677000.0,0.0,,,,,4165000.0,209537000.0,1.0,171151497.0,171151497.0,,5.438,2136961000.0,97716000.0,20766000.0,5684000.0,12.486,498879000.0
57,FLS,MRQ,2007-03-31,2007-03-31,2007-03-31,2021-09-07,-85984000.0,2960128000.0,,1400763000.0,1559365000.0,,5.961,-22446000.0,40463000.0,40463000.0,537926000.0,33614000.0,1.455,1.922,650782000.0,95708000.0,555074000.0,650782000.0,0.0,18701000.0,0.0,0.003,0.05,67106000.0,85807000.0,0.107,85807000.0,67106000.0,53034000.0,0.2,0.197,0.2,1013214000.0,,1013214000.0,3734355740.0,13.0,10.662,-96259000.0,-0.566,1.0,265474000.0,0.33,991277000.0,14072000.0,1616770000.0,,627427000.0,0.0,0.0,0.0,1946914000.0,962400000.0,984514000.0,3240243740.0,-29006000.0,0.0,-23437000.0,86213000.0,0.0,65793000.0,-21458000.0,0.0,-73813000.0,472000.0,33614000.0,33614000.0,33614000.0,0.0,0.0,0.042,198052000.0,67422000.0,384083000.0,0.25,3.198,24.916,24.661,450815000.0,0.0,19.063,1.009,1.009,579506000.0,577974000.0,803400000.0,803400000.0,0.0,,,,,2265000.0,203582000.0,1.0,169972569.0,169972569.0,,4.727,1968851000.0,99115000.0,19420000.0,5053000.0,11.583,438363000.0
58,FLS,MRQ,2006-12-31,2006-12-31,2006-12-31,2021-09-07,-90340000.0,2869235000.0,,1302881000.0,1566354000.0,,5.851,-30008000.0,70457000.0,70457000.0,596684000.0,33544000.0,1.474,1.811,564569000.0,8050000.0,556519000.0,564569000.0,0.0,18357000.0,0.0,0.0,0.0,69318000.0,87675000.0,0.099,87675000.0,69318000.0,51957000.0,0.197,0.203,0.197,1020586000.0,,1020586000.0,3536484358.0,14.0,10.883,118758000.0,0.681,1.0,286906000.0,0.325,994481000.0,17361000.0,1484830000.0,,547373000.0,0.0,0.0,0.0,1848649000.0,884036000.0,964613000.0,2934337358.0,18263000.0,-4322000.0,-23250000.0,-91796000.0,0.0,-98817000.0,-34107000.0,0.0,148766000.0,2421000.0,33544000.0,33544000.0,33544000.0,-189000.0,0.0,0.038,223645000.0,63261000.0,412869000.0,0.0,2.875,25.509,24.488,442892000.0,0.0,16.823,0.959,0.959,551815000.0,582767000.0,883590000.0,883590000.0,0.0,,,,,-11081000.0,227339000.0,1.0,174420687.0,174420687.0,,5.066,1874754000.0,120758000.0,18413000.0,4887000.0,10.748,418845000.0
59,FLS,MRQ,2006-09-30,2006-09-30,2006-09-30,2021-09-07,-108760000.0,2747320000.0,,1210577000.0,1536743000.0,,5.591,-14062000.0,52417000.0,52417000.0,520954000.0,29279000.0,1.616,1.898,654564000.0,11039000.0,643525000.0,654564000.0,0.0,18218000.0,0.0,0.0,0.0,62481000.0,80699000.0,0.105,80699000.0,62481000.0,46096000.0,0.177,0.17,0.177,948155000.0,,948155000.0,3454894991.0,15.0,11.343,-7584000.0,-0.045,1.0,249803000.0,0.324,989765000.0,16385000.0,1610551000.0,,489735000.0,0.0,0.0,0.0,1799165000.0,749151000.0,1050014000.0,2859971991.0,-9510000.0,0.0,0.0,-1041000.0,0.0,136000.0,-15306000.0,0.0,6478000.0,-818000.0,29279000.0,29279000.0,29279000.0,-805000.0,0.0,0.038,187926000.0,61877000.0,339106000.0,0.0,3.016,30.24,29.585,418969000.0,0.0,16.863,0.981,0.981,519063000.0,521309000.0,770757000.0,770757000.0,0.0,,,,,9443000.0,191252000.0,1.0,169597074.0,169597074.0,,4.545,1757555000.0,147157000.0,16817000.0,5488000.0,10.363,461426000.0
60,FLS,MRQ,2006-06-30,2006-06-30,2006-06-30,2021-09-07,-105335000.0,2679146000.0,,1154953000.0,1524193000.0,,5.383,-16976000.0,60683000.0,60683000.0,500260000.0,33609000.0,1.669,1.936,655606000.0,10731000.0,644875000.0,655606000.0,0.0,17256000.0,0.0,0.0,0.0,78820000.0,96076000.0,0.128,96076000.0,78820000.0,62560000.0,0.2,0.193,0.2,912655000.0,,912655000.0,3784321667.0,20.0,14.892,36647000.0,0.216,1.0,252599000.0,0.336,991446000.0,16260000.0,1590562000.0,,429407000.0,0.0,0.0,0.0,1766491000.0,692061000.0,1074430000.0,3215677667.0,12463000.0,0.0,0.0,-25072000.0,0.0,-25072000.0,-16492000.0,0.0,53623000.0,404000.0,33609000.0,33609000.0,33609000.0,0.0,0.0,0.045,179241000.0,73358000.0,321143000.0,0.0,3.523,58.1,56.957,421893000.0,0.0,18.967,1.151,1.151,506107000.0,493126000.0,752859000.0,752859000.0,0.0,,,,,5439000.0,183255000.0,1.0,169543638.0,169543638.0,,4.441,1687700000.0,139058000.0,28951000.0,5322000.0,9.954,462892000.0
61,FLS,MRQ,2006-03-31,2006-03-31,2006-03-31,2021-09-07,-123847000.0,2582122000.0,,1074391000.0,1507731000.0,,5.073,-12482000.0,48704000.0,48704000.0,435863000.0,18600000.0,1.609,2.018,674353000.0,22833000.0,651520000.0,674353000.0,0.0,17165000.0,0.0,0.0,0.0,43339000.0,60504000.0,0.093,60504000.0,43339000.0,27657000.0,0.113,0.107,0.113,855615000.0,,855615000.0,3917878474.0,25.0,17.338,-58163000.0,-0.345,1.0,217994000.0,0.333,981174000.0,15682000.0,1558904000.0,,391675000.0,0.0,0.0,0.0,1726507000.0,667693000.0,1058814000.0,3279793474.0,-47080000.0,0.0,0.0,9216000.0,0.0,9216000.0,-11774000.0,0.0,-45681000.0,1159000.0,18600000.0,18600000.0,18600000.0,0.0,0.0,0.028,176871000.0,41123000.0,310435000.0,0.0,3.833,82.639,81.028,400686000.0,0.0,19.447,1.2,1.2,481280000.0,460055000.0,653857000.0,653857000.0,0.0,,,,,3882000.0,180657000.0,1.0,168655818.0,168655818.0,,3.877,1600948000.0,151109000.0,9057000.0,5246000.0,9.492,406698000.0
62,FLS,MRQ,2005-12-31,2005-12-31,2005-12-31,2021-09-07,-130657000.0,2613664000.0,,1109832000.0,1503832000.0,,5.147,-23749000.0,96492000.0,96492000.0,493009000.0,13088000.0,1.56,2.063,665136000.0,12367000.0,652769000.0,665136000.0,0.0,16543000.0,0.0,0.0,0.0,50771000.0,67314000.0,0.091,67314000.0,50771000.0,35514000.0,0.08,0.08,0.08,853406000.0,,853406000.0,3083227245.0,23.0,15.288,83774000.0,0.505,1.0,245500000.0,0.332,981114000.0,15257000.0,1489718000.0,,416413000.0,0.0,0.0,0.0,1760258000.0,711476000.0,1048782000.0,2186628245.0,57630000.0,13590000.0,0.0,-34030000.0,0.0,-34030000.0,-11628000.0,0.0,107523000.0,-4235000.0,13088000.0,13088000.0,13088000.0,11688000.0,0.0,0.018,183618000.0,61882000.0,316713000.0,0.0,2.562,128.068,128.026,397622000.0,0.0,13.187,0.811,0.811,472946000.0,467735000.0,738509000.0,738509000.0,0.0,,,,,2391000.0,196151000.0,1.0,165821151.0,165821151.0,,4.454,1632550000.0,131701000.0,22426000.0,5044000.0,9.845,398356000.0
63,FLS,MRQ,2005-09-30,2005-09-30,2005-09-30,2021-09-07,-89375000.0,2570028000.0,,1047546000.0,1522482000.0,,5.203,-7637000.0,37393000.0,37393000.0,438269000.0,-9950000.0,1.589,1.979,699184000.0,18837000.0,680347000.0,699184000.0,0.0,16705000.0,0.0,0.0,0.0,13522000.0,30227000.0,0.047,30227000.0,13522000.0,-5450000.0,-0.06,-0.063,-0.06,862733000.0,,862733000.0,2905798613.0,25.0,15.462,14885000.0,0.09,1.0,211216000.0,0.325,986341000.0,18972000.0,1586362000.0,,405298000.0,0.0,0.0,0.0,1707295000.0,659116000.0,1048179000.0,2009199613.0,-5957000.0,0.0,0.0,-21424000.0,0.0,-21424000.0,-8060000.0,0.0,22522000.0,1005000.0,-9950000.0,-9950000.0,-9950000.0,15133000.0,0.0,-0.015,156405000.0,54811000.0,297259000.0,0.0,2.329,178.247,180.846,397322000.0,0.0,12.117,0.781,0.781,424006000.0,438314000.0,649485000.0,649485000.0,0.0,,,,,1837000.0,156405000.0,1.0,165821151.0,165821151.0,,3.917,1583687000.0,141822000.0,4500000.0,5217000.0,9.551,388430000.0
64,FLS,MRQ,2005-06-30,2005-06-30,2005-06-30,2021-09-07,-91242000.0,2589701000.0,,1055037000.0,1534664000.0,,5.248,-8920000.0,42927000.0,42927000.0,468463000.0,17950000.0,1.427,1.976,691427000.0,106972000.0,584455000.0,691427000.0,0.0,17478000.0,0.0,0.0,0.0,50444000.0,67922000.0,0.098,67922000.0,50444000.0,30583000.0,0.107,0.107,0.107,870254000.0,,870254000.0,2569181676.0,18.0,12.011,35220000.0,0.212,1.0,222702000.0,0.322,997147000.0,19861000.0,1501822000.0,,403152000.0,0.0,0.0,0.0,1719447000.0,739232000.0,980215000.0,1672582676.0,13470000.0,0.0,597000.0,-19298000.0,0.0,-18701000.0,-10656000.0,0.0,44140000.0,-1313000.0,17950000.0,17950000.0,17950000.0,611000.0,0.0,0.026,166399000.0,56303000.0,289646000.0,0.0,1.922,60.623,60.399,401558000.0,0.0,10.087,0.657,0.657,434045000.0,448264000.0,691165000.0,691165000.0,0.0,,,,,8320000.0,166399000.0,1.0,165821151.0,165821151.0,,4.168,1592554000.0,126036000.0,12633000.0,5517000.0,9.604,315805000.0
65,FLS,MRQ,2005-03-31,2005-03-31,2005-03-31,2021-09-07,-74662000.0,2597114000.0,,1020641000.0,1576473000.0,,5.188,-8965000.0,27721000.0,27721000.0,424975000.0,-4014000.0,1.461,2.019,717520000.0,86586000.0,630934000.0,717520000.0,0.0,19162000.0,0.0,0.0,0.0,17045000.0,36207000.0,0.059,36207000.0,17045000.0,-2990000.0,-0.023,-0.023,-0.023,860222000.0,,860222000.0,2326530059.0,18.0,11.303,-55705000.0,-0.336,1.0,191143000.0,0.31,1009579000.0,20035000.0,1578721000.0,,409564000.0,0.0,0.0,0.0,1736892000.0,698613000.0,1038279000.0,1429931059.0,-36038000.0,0.0,514000.0,20368000.0,0.0,20882000.0,-8965000.0,0.0,-46740000.0,-1215000.0,-4014000.0,-4014000.0,-4014000.0,6913000.0,0.0,-0.007,165316000.0,25827000.0,289890000.0,0.0,1.662,89.865,88.9,418959000.0,0.0,8.623,0.578,0.578,432921000.0,430314000.0,616118000.0,616118000.0,0.0,,,,,1248000.0,165316000.0,1.0,165821151.0,165821151.0,,3.716,1587535000.0,114408000.0,1024000.0,6955000.0,9.574,322028000.0
66,FLS,MRQ,2004-12-31,2004-12-31,2004-12-31,2021-09-07,-66914000.0,2634035000.0,,1049668000.0,1584367000.0,,5.248,-4121000.0,63759000.0,63759000.0,423972000.0,7286000.0,1.482,2.027,701844000.0,44098000.0,657746000.0,701844000.0,0.0,18475000.0,0.0,0.0,0.0,35106000.0,53581000.0,0.087,53581000.0,35106000.0,15687000.0,0.043,0.047,0.043,870225000.0,,870225000.0,2418837166.0,16.0,10.86,176536000.0,1.065,1.0,192757000.0,0.313,1023244000.0,19419000.0,1540467000.0,,388402000.0,0.0,0.0,0.0,1763810000.0,708409000.0,1055401000.0,1522238166.0,23276000.0,23907000.0,4300000.0,-188892000.0,0.0,-184592000.0,19786000.0,0.0,180657000.0,7425000.0,7286000.0,7286000.0,7286000.0,2657000.0,0.0,0.012,148904000.0,43853000.0,316545000.0,0.0,1.749,56.235,56.319,432809000.0,0.0,9.18,0.603,0.603,462120000.0,434328000.0,616729000.0,616729000.0,0.0,,,,,1086000.0,156970000.0,1.0,165821151.0,165821151.0,,3.719,1610791000.0,91655000.0,8401000.0,0.0,9.714,341259000.0
67,FLS,MRQ,2004-09-30,2004-09-30,2004-09-30,2021-09-07,-97380000.0,2665630000.0,,1088123000.0,1577507000.0,,5.006,-7717000.0,40483000.0,40483000.0,433975000.0,6368000.0,1.671,2.211,882037000.0,70636000.0,811401000.0,882037000.0,0.0,18234000.0,0.0,0.0,0.0,37966000.0,56200000.0,0.09,56200000.0,37966000.0,16941000.0,0.04,0.037,0.04,830053000.0,,830053000.0,2233117477.0,15.0,9.826,43037000.0,0.26,1.0,189451000.0,0.304,1032965000.0,21025000.0,1822994000.0,,436096000.0,0.0,0.0,0.0,1835577000.0,651225000.0,1184352000.0,1336518477.0,16033000.0,467000.0,1371000.0,-30301000.0,0.0,-28930000.0,-7250000.0,0.0,50754000.0,1459000.0,6368000.0,6368000.0,6368000.0,902000.0,0.0,0.01,146271000.0,43180000.0,267669000.0,0.0,1.61,38.798,38.381,431831000.0,0.0,8.06,0.57,0.57,500828000.0,429911000.0,623426000.0,623426000.0,0.0,,,,,587000.0,146271000.0,1.0,165821151.0,165821151.0,,3.76,1632665000.0,100185000.0,10573000.0,0.0,9.846,436898000.0
68,FLS,MRQ,2004-06-30,2004-06-30,2004-06-30,2021-09-07,-95902000.0,2644707000.0,,1056498000.0,1588209000.0,,5.058,-13892000.0,24450000.0,24450000.0,426578000.0,6272000.0,1.695,2.213,914831000.0,83692000.0,831139000.0,914831000.0,0.0,18335000.0,0.0,0.0,0.0,41513000.0,59848000.0,0.097,59848000.0,41513000.0,21901000.0,0.037,0.037,0.037,823136000.0,,823136000.0,2245684437.0,15.0,10.138,14265000.0,0.088,1.0,191698000.0,0.31,1033861000.0,19612000.0,1878067000.0,,431731000.0,0.0,0.0,0.0,1821571000.0,623160000.0,1198411000.0,1352948437.0,-15224000.0,0.0,1116000.0,-29475000.0,0.0,-28359000.0,-13892000.0,0.0,28157000.0,-1130000.0,6272000.0,6272000.0,6272000.0,685000.0,0.0,0.01,148768000.0,42930000.0,256054000.0,0.0,1.644,35.647,36.145,437382000.0,0.0,8.313,0.594,0.594,495358000.0,423542000.0,618276000.0,618276000.0,0.0,,,,,148000.0,148768000.0,1.0,162744399.0,162744399.0,,3.799,1610846000.0,99043000.0,15629000.0,0.0,9.898,433338000.0
69,FLS,MRQ,2004-03-31,2004-03-31,2004-03-31,2021-09-07,-91468000.0,2663719000.0,,1055624000.0,1608095000.0,,4.955,-6918000.0,39674000.0,39674000.0,404065000.0,7144000.0,1.724,2.248,940021000.0,82327000.0,857694000.0,940021000.0,0.0,18112000.0,0.0,0.0,0.0,35682000.0,53794000.0,0.093,53794000.0,35682000.0,15723000.0,0.043,0.043,0.043,820119000.0,,820119000.0,2110091783.0,14.0,9.439,1015000.0,0.006,1.0,172994000.0,0.3,1038839000.0,19959000.0,1912862000.0,,415683000.0,0.0,0.0,0.0,1843600000.0,612365000.0,1231235000.0,1157691783.0,-13848000.0,-5803000.0,0.0,-8724000.0,0.0,-8724000.0,-12721000.0,0.0,7933000.0,-336000.0,7144000.0,7144000.0,7144000.0,279000.0,0.0,0.012,133489000.0,39505000.0,249109000.0,0.0,1.412,24.983,24.94,440894000.0,0.0,6.983,0.51,0.509,500288000.0,417272000.0,577059000.0,577059000.0,0.0,,,,,0.0,133489000.0,1.0,165779253.0,165510000.0,166287000.0,3.487,1624880000.0,100033000.0,8579000.0,0.0,9.817,443259000.0
70,FLS,MRQ,2003-12-31,2003-12-31,2003-12-31,2021-09-07,-81996000.0,2680512000.0,,1062521000.0,1617991000.0,,4.961,-7464000.0,53522000.0,53522000.0,362037000.0,14664000.0,1.747,2.259,950801000.0,71035000.0,879766000.0,950801000.0,0.0,19138000.0,0.0,0.0,0.0,38295000.0,57433000.0,0.109,57433000.0,38295000.0,17888000.0,0.09,0.087,0.09,822463000.0,,822463000.0,2106223601.0,14.0,9.658,58310000.0,0.352,1.0,165491000.0,0.314,1041044000.0,20407000.0,1928665000.0,,412374000.0,0.0,0.0,0.0,1858049000.0,608082000.0,1249967000.0,1153823601.0,20348000.0,-2207000.0,0.0,-41370000.0,0.0,-41370000.0,-9671000.0,0.0,65774000.0,5615000.0,14664000.0,14664000.0,14664000.0,6249000.0,0.0,0.028,122601000.0,42890000.0,250614000.0,0.0,1.403,25.95,25.778,443864000.0,0.0,6.96,0.513,0.513,505949000.0,410128000.0,527528000.0,527528000.0,0.0,,,,,157000.0,122381000.0,1.0,165779253.0,165779253.0,,3.182,1639468000.0,96326000.0,3224000.0,0.0,9.889,454439000.0
71,FLS,MRQ,2003-09-30,2003-09-30,2003-09-30,2021-09-07,-118862000.0,2554250000.0,,973875000.0,1580375000.0,,4.934,-6368000.0,29974000.0,29974000.0,387274000.0,9874000.0,1.932,2.129,982374000.0,43533000.0,938841000.0,982374000.0,0.0,17682000.0,0.0,0.0,0.0,32749000.0,50431000.0,0.091,50431000.0,32749000.0,11874000.0,0.06,0.06,0.06,816212000.0,,816212000.0,2082596925.0,15.0,10.017,14728000.0,0.089,1.0,168681000.0,0.303,1033882000.0,20875000.0,1968795000.0,,438707000.0,0.0,0.0,0.0,1738038000.0,503973000.0,1234065000.0,1121477925.0,-20803000.0,2207000.0,0.0,-37733000.0,0.0,-37733000.0,-4161000.0,0.0,21096000.0,-5000.0,9874000.0,9874000.0,9874000.0,238000.0,0.0,0.018,135717000.0,32964000.0,217594000.0,0.0,1.374,39.871,41.513,439062000.0,0.0,6.767,0.483,0.482,442373000.0,441090000.0,555955000.0,555955000.0,0.0,,,,,262000.0,131881000.0,1.0,165735654.0,165441000.0,166125000.0,3.36,1520368000.0,35421000.0,2000000.0,0.0,9.19,469902000.0
72,FLS,MRQ,2003-06-30,2003-06-30,2003-06-30,2021-09-07,-115713000.0,2615978000.0,,1028191000.0,1587787000.0,,4.887,-7213000.0,55884000.0,55884000.0,426795000.0,14657000.0,2.046,2.235,1017003000.0,32081000.0,984922000.0,1017003000.0,0.0,17461000.0,0.0,0.0,0.0,44435000.0,61896000.0,0.102,61896000.0,44435000.0,23133000.0,0.087,0.087,0.087,808590000.0,,808590000.0,2125250476.0,15.0,9.942,74931000.0,0.453,1.0,181356000.0,0.298,1035180000.0,21302000.0,2039436000.0,,433655000.0,0.0,0.0,0.0,1807388000.0,502481000.0,1304907000.0,1086412476.0,15510000.0,0.0,0.0,-65234000.0,0.0,-65234000.0,-7213000.0,0.0,82144000.0,5813000.0,14657000.0,14657000.0,14657000.0,-217000.0,0.0,0.024,134693000.0,46663000.0,224997000.0,0.0,1.344,39.361,40.979,449744000.0,0.0,6.557,0.462,0.461,472166000.0,430492000.0,608151000.0,608151000.0,0.0,,,,,189000.0,128223000.0,1.0,165695853.0,165474000.0,165939000.0,3.675,1580798000.0,36431000.0,8476000.0,0.0,9.553,525710000.0
73,FLS,MRQ,2003-03-31,2003-03-31,2003-03-31,2021-09-07,-156641000.0,2595845000.0,,1024204000.0,1571641000.0,,4.436,-5536000.0,38467000.0,38467000.0,389826000.0,5268000.0,2.041,2.537,1077354000.0,31600000.0,1045754000.0,1077354000.0,0.0,17887000.0,0.0,0.0,0.0,30439000.0,48326000.0,0.087,48326000.0,30439000.0,9303000.0,0.033,0.033,0.033,733912000.0,,733912000.0,1688489828.0,12.0,7.868,6754000.0,0.041,1.0,167392000.0,0.3,1016469000.0,21136000.0,2116484000.0,,423056000.0,0.0,0.0,0.0,1861933000.0,501779000.0,1360154000.0,643424828.0,-10524000.0,0.0,0.0,-18461000.0,0.0,-18461000.0,-5536000.0,0.0,12290000.0,1183000.0,5268000.0,5268000.0,5268000.0,-256000.0,0.0,0.009,136352000.0,31040000.0,219343000.0,0.0,0.877,23.578,23.253,456623000.0,0.0,3.883,0.275,0.275,491419000.0,397564000.0,557218000.0,557218000.0,0.0,,,,,0.0,128930000.0,1.0,165688797.0,165453000.0,165699000.0,3.368,1579376000.0,37109000.0,4035000.0,0.0,9.546,522425000.0
74,FLS,MRQ,2002-12-31,2002-12-31,2002-12-31,2021-09-07,-161978000.0,2617062000.0,,1014499000.0,1602563000.0,,4.355,-234000.0,49245000.0,49245000.0,434816000.0,-1671000.0,1.984,2.628,1094358000.0,38610000.0,1055748000.0,1094358000.0,0.0,16591000.0,0.0,0.0,0.0,30672000.0,47263000.0,0.079,47263000.0,30672000.0,4704000.0,-0.017,-0.013,-0.017,721283000.0,,721283000.0,1971838553.0,12.0,8.788,121665000.0,0.735,1.0,166730000.0,0.277,1019118000.0,25968000.0,2131745000.0,,419218000.0,0.0,0.0,0.0,1895779000.0,511312000.0,1384467000.0,816484553.0,16194000.0,-9016000.0,1000.0,-100430000.0,0.0,-100502000.0,-9250000.0,0.0,121899000.0,4047000.0,-1671000.0,-1671000.0,-1671000.0,-2063000.0,0.0,-0.003,138165000.0,28565000.0,233505000.0,0.0,1.132,23.49,22.108,463698000.0,0.0,4.93,0.366,0.366,490423000.0,390085000.0,601546000.0,601546000.0,0.0,,,,,719000.0,128593000.0,1.0,165615528.0,165615528.0,,3.632,1597944000.0,26069000.0,6375000.0,0.0,9.649,503187000.0
75,FLS,MRQ,2002-09-30,2002-09-30,2002-09-30,2021-09-07,-129496000.0,2675177000.0,,1106608000.0,1568569000.0,,4.563,-7154000.0,32830000.0,32830000.0,411167000.0,9347000.0,2.259,2.544,1188184000.0,50656000.0,1137528000.0,1188184000.0,0.0,18094000.0,0.0,0.0,0.0,38180000.0,56274000.0,0.096,56274000.0,38180000.0,14380000.0,0.057,0.057,0.057,754923000.0,,754923000.0,1748558760.0,12.0,8.304,39907000.0,0.241,1.0,175544000.0,0.299,958322000.0,23800000.0,2382408000.0,,485762000.0,0.0,0.0,0.0,1920254000.0,489801000.0,1430453000.0,552047760.0,-48686000.0,1993000.0,0.0,-88332000.0,0.0,-88550000.0,-5161000.0,0.0,47061000.0,-2036000.0,9347000.0,9347000.0,9347000.0,0.0,0.0,0.016,135757000.0,39787000.0,205164000.0,0.0,0.731,24.76,25.641,475247000.0,0.0,3.333,0.255,0.255,510329000.0,392428000.0,586711000.0,586711000.0,0.0,,,,,0.0,127452000.0,1.0,165614328.0,165447000.0,165825000.0,3.546,1716855000.0,40948000.0,5033000.0,7088000.0,10.377,616807000.0
76,FLS,MRQ,2002-06-30,2002-06-30,2002-06-30,2021-09-07,-114488000.0,2771652000.0,,1200005000.0,1571647000.0,,4.885,-8658000.0,81516000.0,81516000.0,410703000.0,14345000.0,2.341,2.643,1278027000.0,73420000.0,1204607000.0,1278027000.0,0.0,16776000.0,0.0,0.0,0.0,45963000.0,62739000.0,0.106,62739000.0,45963000.0,22071000.0,0.093,0.09,0.093,760814000.0,,760814000.0,2627698972.0,18.0,12.506,41920000.0,0.269,1.0,182025000.0,0.307,918485000.0,23892000.0,2537125000.0,,486855000.0,0.0,0.0,0.0,2010838000.0,512553000.0,1498285000.0,1643275972.0,62878000.0,-529169000.0,282523000.0,266126000.0,0.0,543023000.0,-537827000.0,0.0,50578000.0,7104000.0,14345000.0,14345000.0,14345000.0,0.0,0.0,0.024,124668000.0,57357000.0,215604000.0,0.0,2.16,87.492,80.759,508941000.0,0.0,9.933,0.802,0.755,557992000.0,383081000.0,592728000.0,592728000.0,0.0,,,,,0.0,122019000.0,1.0,165430467.0,155760000.0,158037000.0,3.805,1853167000.0,31000000.0,7726000.0,12599000.0,11.898,687452000.0
77,FLS,MRQ,2002-03-31,2002-03-31,2002-03-31,2021-09-07,-156116000.0,2027521000.0,,876409000.0,1151112000.0,,3.115,-6109000.0,18638000.0,18638000.0,310528000.0,8987000.0,2.065,3.803,1003061000.0,49960000.0,953101000.0,1003061000.0,0.0,13014000.0,0.0,0.0,0.0,36028000.0,49042000.0,0.11,49042000.0,36028000.0,13826000.0,0.067,0.067,0.067,422107000.0,,422107000.0,2468551657.0,19.0,12.267,23347000.0,0.172,1.0,136523000.0,0.305,643566000.0,22202000.0,1943961000.0,,354672000.0,0.0,0.0,0.0,1605414000.0,424417000.0,1180997000.0,1449339657.0,-2898000.0,1125000.0,10251000.0,-36411000.0,0.0,-26323000.0,-4984000.0,0.0,29456000.0,-1047000.0,8987000.0,8987000.0,8987000.0,0.0,0.0,0.02,100156000.0,36367000.0,193804000.0,0.0,3.434,205.901,213.4,355263000.0,0.0,10.67,0.755,0.753,436302000.0,368735000.0,447051000.0,447051000.0,0.0,,,,,0.0,100156000.0,1.0,135833145.0,135528000.0,137415000.0,3.299,1383955000.0,35162000.0,4839000.0,3715000.0,10.212,451992000.0
78,FLS,MRQ,2001-12-31,2001-12-31,2001-12-31,2021-09-07,-142137000.0,2043928000.0,,898903000.0,1145025000.0,,3.518,-6880000.0,21500000.0,21500000.0,381137000.0,-10383000.0,2.14,4.115,1040745000.0,44523000.0,996222000.0,1040745000.0,0.0,18141000.0,0.0,0.0,0.0,24375000.0,42516000.0,0.079,42516000.0,24375000.0,-3764000.0,-0.087,-0.087,-0.087,399624000.0,,399624000.0,2178073495.0,19.0,11.49,18006000.0,0.159,1.0,157976000.0,0.293,646954000.0,28139000.0,1996133000.0,,342657000.0,0.0,0.0,0.0,1644304000.0,420086000.0,1224218000.0,1007466495.0,-3356000.0,-1415000.0,152921000.0,-171509000.0,0.0,-18588000.0,-8295000.0,0.0,24886000.0,-1359000.0,-10383000.0,-10383000.0,-10383000.0,0.0,0.0,-0.019,118659000.0,39317000.0,181340000.0,0.0,2.521,-96.059,-98.556,361688000.0,0.0,8.87,0.525,0.525,455683000.0,344588000.0,539113000.0,539113000.0,0.0,,,,,0.0,106664000.0,1.0,113581341.0,113581341.0,,4.746,1396974000.0,39646000.0,6619000.0,0.0,12.299,478817000.0
79,FLS,MRQ,2001-09-30,2001-09-30,2001-09-30,2021-09-07,-108540000.0,2098542000.0,,905500000.0,1193042000.0,,2.531,-5928000.0,24856000.0,24856000.0,317291000.0,5833000.0,2.316,6.247,1195463000.0,36613000.0,1158850000.0,1195463000.0,0.0,18373000.0,0.0,0.0,0.0,37440000.0,55813000.0,0.119,55813000.0,37440000.0,9115000.0,0.05,0.05,0.05,289579000.0,,289579000.0,1909691402.0,15.0,9.292,-5557000.0,-0.049,1.0,152314000.0,0.324,670090000.0,28325000.0,2208011000.0,,343241000.0,0.0,0.0,0.0,1808963000.0,391048000.0,1417915000.0,746807402.0,7706000.0,1092000.0,2858000.0,9810000.0,0.0,11257000.0,-4836000.0,0.0,371000.0,914000.0,5833000.0,5833000.0,5833000.0,0.0,0.0,0.012,114755000.0,37559000.0,157174000.0,0.0,2.579,-956.219,-940.476,364768000.0,0.0,6.583,0.389,0.392,469164000.0,357390000.0,469605000.0,469605000.0,0.0,,,,,0.0,100998000.0,1.0,113439099.0,114402000.0,111066000.0,4.105,1428452000.0,41407000.0,3282000.0,0.0,12.486,514452000.0
80,FLS,MRQ,2001-06-30,2001-06-30,2001-06-30,2021-09-07,-141031000.0,2068286000.0,,881699000.0,1186587000.0,,2.212,-14957000.0,17150000.0,17150000.0,308901000.0,2602000.0,2.132,7.282,1180034000.0,28668000.0,1151366000.0,1180034000.0,0.0,18442000.0,0.0,0.0,0.0,35428000.0,53870000.0,0.116,53870000.0,35428000.0,4066000.0,0.02,0.02,0.02,249730000.0,,249730000.0,2315647612.0,25.0,13.78,-25476000.0,-0.226,1.0,155678000.0,0.335,643783000.0,31362000.0,2173877000.0,,341593000.0,0.0,0.0,0.0,1818556000.0,413510000.0,1405046000.0,1166119612.0,-1471000.0,3415000.0,5850000.0,14482000.0,0.0,21743000.0,-11542000.0,0.0,-10519000.0,-1153000.0,2602000.0,2602000.0,2602000.0,0.0,0.0,0.006,120515000.0,35163000.0,175324000.0,0.0,4.67,-59.45,-60.294,380923000.0,0.0,10.25,0.626,0.621,454826000.0,351557000.0,464579000.0,464579000.0,0.0,,,,,0.0,103571000.0,1.0,113767767.0,112911000.0,116247000.0,4.115,1424503000.0,42551000.0,1464000.0,0.0,12.616,468189000.0
81,FLS,MRQ,2001-03-31,2001-03-31,2001-03-31,2021-09-07,-126248000.0,2038021000.0,,845791000.0,1192230000.0,,2.224,-7460000.0,18621000.0,18621000.0,306461000.0,-8540000.0,2.179,7.0,1168149000.0,27020000.0,1141129000.0,1168149000.0,0.0,18899000.0,0.0,0.0,0.0,18465000.0,37364000.0,0.084,37364000.0,18465000.0,-13345000.0,-0.073,-0.073,-0.073,254737000.0,,254737000.0,1937044994.0,23.0,12.923,-69947000.0,-0.611,1.0,137574000.0,0.31,646056000.0,31810000.0,2153308000.0,,314468000.0,0.0,0.0,0.0,1783284000.0,388185000.0,1395099000.0,850179994.0,-23720000.0,3946000.0,389000.0,44737000.0,0.0,45126000.0,-3514000.0,0.0,-62487000.0,-2845000.0,-8540000.0,-8540000.0,-8540000.0,0.0,0.0,-0.019,119244000.0,18330000.0,166625000.0,0.0,3.337,-88.56,-97.143,386009000.0,0.0,7.48,0.501,0.505,449716000.0,348955000.0,444035000.0,444035000.0,0.0,,,,,0.0,100105000.0,1.0,113660427.0,114561000.0,114561000.0,3.876,1391965000.0,42007000.0,-4805000.0,0.0,12.15,457606000.0
82,FLS,MRQ,2000-12-31,2000-12-31,2000-12-31,2021-09-07,-84224000.0,2110143000.0,,898052000.0,1212091000.0,,2.681,-11480000.0,42341000.0,42341000.0,369526000.0,-676000.0,2.069,5.921,1129206000.0,18098000.0,1111108000.0,1129206000.0,0.0,22627000.0,0.0,0.0,0.0,35835000.0,58462000.0,0.108,58462000.0,35835000.0,-602000.0,-0.003,-0.003,-0.003,304911000.0,,304911000.0,1877087022.0,21.0,12.727,-25273000.0,-0.222,1.0,172200000.0,0.318,645771000.0,36437000.0,2117220000.0,,305958000.0,0.0,0.0,0.0,1805232000.0,434017000.0,1371215000.0,800602022.0,-14484000.0,21046000.0,-22000.0,35384000.0,0.0,-11112000.0,9566000.0,0.0,-13793000.0,855000.0,-676000.0,-676000.0,-676000.0,0.0,0.0,-0.001,138185000.0,34015000.0,172366000.0,0.0,2.626,73.979,73.471,405412000.0,0.0,7.127,0.52,0.526,487274000.0,357495000.0,541726000.0,541726000.0,-18358000.0,,,,,0.0,129540000.0,1.0,112338918.0,113733000.0,113733000.0,4.763,1464372000.0,39726000.0,74000.0,0.0,12.876,464035000.0
83,FLS,MRQ,2000-09-30,2000-09-30,2000-09-30,2021-09-07,-102154000.0,2046272000.0,,859090000.0,1187182000.0,,2.46,-3905000.0,56825000.0,56825000.0,281983000.0,-13001000.0,2.164,6.328,1133310000.0,12298000.0,1121012000.0,1133310000.0,0.0,14034000.0,0.0,0.009,0.0,4319000.0,18353000.0,0.045,18353000.0,4319000.0,-19104000.0,-0.113,-0.113,-0.113,279224000.0,,279224000.0,916600454.0,22.0,10.366,34873000.0,0.307,1.0,130122000.0,0.316,646668000.0,23423000.0,2079129000.0,,327127000.0,0.0,0.0,0.0,1767048000.0,396960000.0,1370088000.0,615172454.0,42330000.0,-764653000.0,637000.0,772923000.0,0.0,773321000.0,-768558000.0,0.0,38778000.0,-1211000.0,-13001000.0,-13001000.0,-13001000.0,0.0,0.0,-0.032,123437000.0,6685000.0,142051000.0,0.0,2.203,-10252.874,,406283000.0,0.0,5.48,0.489,0.494,419026000.0,355752000.0,412105000.0,412105000.0,0.0,,,,,0.0,95865000.0,1.0,112257747.0,113511000.0,113511000.0,3.631,1399604000.0,0.0,-6103000.0,4722000.0,12.33,462130000.0
84,FLS,MRQ,2000-06-30,2000-06-30,2000-06-30,2021-09-07,-78554000.0,962076000.0,,508537000.0,453539000.0,,2.792,-8040000.0,14495000.0,14495000.0,195990000.0,12617000.0,2.775,2.039,315923000.0,575000.0,315348000.0,315923000.0,0.0,9761000.0,0.0,0.019,0.0,25946000.0,35707000.0,0.119,35707000.0,25946000.0,19264000.0,0.113,0.113,0.113,316527000.0,,316527000.0,864862793.0,18.0,10.034,-418000.0,-0.004,1.0,103163000.0,0.345,151352000.0,6682000.0,928914000.0,,210617000.0,0.0,0.0,0.0,645549000.0,183238000.0,462311000.0,563584793.0,-9440000.0,469000.0,-168000.0,-9255000.0,0.0,-9184000.0,-7571000.0,0.0,7622000.0,-307000.0,12617000.0,12617000.0,12617000.0,0.0,0.0,0.042,76790000.0,26373000.0,76802000.0,0.0,1.781,31.664,31.975,221336000.0,0.0,5.02,0.512,0.517,246331000.0,368754000.0,299153000.0,299153000.0,0.0,,,,,0.0,76790000.0,1.0,112267887.0,113376000.0,113430000.0,2.639,810724000.0,0.0,6647000.0,8904000.0,7.151,325299000.0
85,FLS,MRQ,2000-03-31,2000-03-31,2000-03-31,2021-09-07,-71604000.0,965013000.0,,508475000.0,456538000.0,,2.743,-4394000.0,23935000.0,23935000.0,186080000.0,11882000.0,2.666,2.102,325213000.0,2947000.0,322266000.0,325213000.0,0.0,10615000.0,0.0,0.033,0.0,24346000.0,34961000.0,0.123,34961000.0,24346000.0,18140000.0,0.103,0.103,0.103,311092000.0,,311092000.0,658599728.0,17.0,8.414,-18570000.0,-0.164,1.0,99229000.0,0.348,149719000.0,6206000.0,925863000.0,,208475000.0,0.0,0.0,0.0,653921000.0,190709000.0,463212000.0,487193728.0,-6528000.0,-22172000.0,168000.0,34905000.0,0.0,35073000.0,-26566000.0,0.0,-14176000.0,-859000.0,11882000.0,11882000.0,11882000.0,0.0,0.0,0.042,77783000.0,21446000.0,78965000.0,0.0,1.566,35.689,36.695,223450000.0,0.0,4.293,0.452,0.452,233364000.0,356136000.0,285309000.0,285309000.0,0.0,,,,,0.0,77783000.0,1.0,113476800.0,113430000.0,113430000.0,2.515,815294000.0,0.0,6258000.0,977000.0,7.188,317766000.0
86,FLS,MRQ,1999-12-31,1999-12-31,1999-12-31,2021-09-07,-62351000.0,838151000.0,,453788000.0,384363000.0,,2.712,-12133000.0,30463000.0,30463000.0,178367000.0,-11558000.0,2.319,1.719,201869000.0,3859000.0,198010000.0,201869000.0,0.0,12690000.0,0.0,0.033,0.047,-13285000.0,-595000.0,-0.002,-595000.0,-13285000.0,-17717000.0,-0.103,-0.103,-0.103,308274000.0,,308274000.0,832882138.0,25.0,11.485,31721000.0,0.279,1.0,84349000.0,0.321,96435000.0,4432000.0,717462000.0,,168356000.0,0.0,0.0,0.0,529877000.0,195660000.0,334217000.0,634503138.0,12546000.0,622000.0,-530000.0,-11618000.0,-5295000.0,-19236000.0,-11511000.0,0.0,43854000.0,-561000.0,-11558000.0,-11558000.0,-11558000.0,0.0,0.0,-0.044,98670000.0,-14321000.0,72103000.0,-0.456,2.058,52.107,52.96,209976000.0,0.0,5.667,0.598,0.606,213625000.0,344254000.0,262716000.0,262716000.0,-19103000.0,,,,,0.0,98527000.0,1.0,111971142.0,113676000.0,113676000.0,2.311,741716000.0,25097000.0,-6159000.0,7878000.0,6.525,258128000.0
87,FLS,MRQ,1999-09-30,1999-09-30,1999-09-30,2021-09-07,-49250000.0,831819000.0,,458165000.0,373654000.0,,2.969,-8201000.0,17917000.0,17917000.0,165658000.0,4858000.0,2.554,1.458,216296000.0,3538000.0,212758000.0,216296000.0,0.0,5714000.0,0.0,0.034,0.047,10403000.0,16117000.0,0.063,16117000.0,10403000.0,7361000.0,0.043,0.043,0.043,338420000.0,,338420000.0,815107696.0,14.0,7.972,9915000.0,0.087,1.0,88315000.0,0.348,97747000.0,3042000.0,753026000.0,,183497000.0,0.0,0.0,0.0,493399000.0,179425000.0,313974000.0,622273696.0,3221000.0,-6365000.0,-1916000.0,7016000.0,-5302000.0,-755000.0,-14566000.0,0.0,18116000.0,426000.0,4858000.0,4858000.0,4858000.0,0.0,0.0,0.019,78575000.0,9740000.0,73873000.0,1.093,1.839,20.13,20.012,214679000.0,0.0,5.543,0.577,0.586,231588000.0,361109000.0,253973000.0,253973000.0,5904000.0,,,,,0.0,69688000.0,1.0,112256229.0,113970000.0,113970000.0,2.228,734072000.0,0.0,2503000.0,6137000.0,6.441,278740000.0
88,FLS,MRQ,1999-06-30,1999-06-30,1999-06-30,2021-09-07,-44513000.0,845008000.0,,458486000.0,386522000.0,,3.033,-8697000.0,14696000.0,14696000.0,181306000.0,8469000.0,2.402,1.447,207530000.0,14661000.0,192869000.0,207530000.0,0.0,10838000.0,0.0,0.03,0.047,16951000.0,27789000.0,0.101,27789000.0,16951000.0,12831000.0,0.073,0.073,0.073,345308000.0,,345308000.0,909843076.0,12.0,7.884,15186000.0,0.133,1.0,93890000.0,0.341,89357000.0,4120000.0,757634000.0,,184060000.0,0.0,0.0,0.0,499700000.0,190851000.0,308849000.0,709655076.0,3356000.0,0.0,0.0,-5557000.0,-5285000.0,-11759000.0,-8697000.0,0.0,23883000.0,-71000.0,8469000.0,8469000.0,8469000.0,0.0,0.0,0.031,76937000.0,16953000.0,71056000.0,0.644,2.055,16.82,17.203,212177000.0,0.0,6.313,0.652,0.66,232705000.0,361552000.0,275196000.0,275196000.0,6327000.0,,,,,0.0,66204000.0,1.0,112405767.0,113853000.0,113853000.0,2.417,755651000.0,0.0,4362000.0,9291000.0,6.637,267635000.0
89,FLS,MRQ,1999-03-31,1999-03-31,1999-03-31,2021-09-07,-41414000.0,863797000.0,,477628000.0,386169000.0,,3.068,-11504000.0,11340000.0,11340000.0,172597000.0,10408000.0,2.342,1.497,211528000.0,16452000.0,195076000.0,211528000.0,0.0,10357000.0,0.0,0.036,0.047,18853000.0,29210000.0,0.108,29210000.0,18853000.0,15770000.0,0.093,0.093,0.093,345977000.0,,345977000.0,767083517.0,9.0,6.332,-13242000.0,-0.117,1.0,96790000.0,0.359,90578000.0,3083000.0,769502000.0,,194808000.0,0.0,0.0,0.0,517820000.0,203905000.0,313915000.0,587838517.0,-13588000.0,0.0,-3333000.0,8920000.0,-5290000.0,535000.0,-11504000.0,0.0,-1738000.0,-881000.0,10408000.0,10408000.0,10408000.0,0.0,0.0,0.039,77414000.0,19376000.0,70641000.0,0.505,1.699,12.731,13.065,212930000.0,0.0,5.187,0.537,0.535,242535000.0,358369000.0,269387000.0,269387000.0,6872000.0,,,,,0.0,67110000.0,1.0,113336475.0,112773000.0,112773000.0,2.389,773219000.0,0.0,5362000.0,16061000.0,6.856,273723000.0
90,FLS,MRQ,1998-12-31,1998-12-31,1998-12-31,2021-09-07,-40635000.0,870197000.0,,487290000.0,382907000.0,,2.88,-14502000.0,24928000.0,24928000.0,170702000.0,7178000.0,2.224,1.524,204173000.0,17881000.0,186292000.0,204173000.0,0.0,16712402.0,0.0,0.034,0.047,12418000.0,29130402.0,0.104,29130402.0,12418000.0,10884000.0,0.067,0.067,0.067,344764000.0,,344764000.0,822922334.0,10.0,6.581,24231000.0,0.202,1.0,108563000.0,0.389,99875000.0,1534000.0,730441000.0,,199286000.0,0.0,0.0,0.0,525433000.0,219126000.0,306307000.0,636183334.0,4119000.0,-7761000.0,-3258000.0,-4154000.0,-5381000.0,-11006000.0,-22690000.0,0.0,38733000.0,-918000.0,7178000.0,7178000.0,7178000.0,0.0,0.0,0.026,93056000.0,15507000.0,76745000.0,0.701,1.845,13.017,13.463,209032000.0,0.0,5.52,0.587,0.61,234191000.0,353249000.0,279265000.0,279265000.0,7502000.0,,,,,0.0,70933000.0,1.0,115250604.0,119694000.0,119694000.0,2.333,770322000.0,0.0,3706000.0,17472000.0,6.436,268164000.0
91,FLS,MRQ,1998-09-30,1998-09-30,1998-09-30,2021-09-07,-39980000.0,862228000.0,,491757000.0,370471000.0,,2.881,-6236000.0,20809000.0,20809000.0,165196000.0,16137000.0,2.365,1.464,207548000.0,18166000.0,189382000.0,207548000.0,0.0,1965598.0,0.0,0.028,0.047,27311000.0,29276598.0,0.111,29276598.0,27311000.0,24170000.0,0.133,0.133,0.133,349977000.0,,349977000.0,951973662.0,11.0,8.118,12385000.0,0.102,1.0,99580000.0,0.376,87696000.0,3141000.0,753376000.0,,204675000.0,0.0,0.0,0.0,512251000.0,207895000.0,304356000.0,798666662.0,-40000.0,-12190000.0,-19896000.0,31518000.0,-5522000.0,-413000.0,-18426000.0,0.0,18621000.0,178000.0,16137000.0,16137000.0,16137000.0,0.0,0.0,0.061,73662000.0,25918000.0,66461000.0,0.353,2.282,17.934,18.392,205060000.0,0.0,6.75,0.719,0.738,230912000.0,351452000.0,264776000.0,264776000.0,6431000.0,,,,,0.0,63077000.0,1.0,118320987.0,121491000.0,121491000.0,2.179,774532000.0,0.0,8033000.0,15111000.0,6.375,283862000.0
92,FLS,MRQ,1998-06-30,1998-06-30,1998-06-30,2021-09-07,-36766000.0,842500000.0,,472702000.0,369798000.0,,3.035,-7572000.0,20849000.0,20849000.0,174736000.0,12449000.0,2.474,1.269,174156000.0,16001000.0,158155000.0,174156000.0,0.0,10804000.0,0.0,0.023,0.047,22730000.0,33534000.0,0.119,33534000.0,22730000.0,19153000.0,0.103,0.103,0.103,371291000.0,,371291000.0,1113566650.0,15.0,9.514,-1931000.0,-0.016,1.0,105992000.0,0.378,80483000.0,3577000.0,724256000.0,,196507000.0,0.0,0.0,0.0,471209000.0,191068000.0,280141000.0,1003775650.0,-19167000.0,0.0,-39786000.0,23787000.0,-5708000.0,-16981000.0,-7572000.0,0.0,5641000.0,-255000.0,12449000.0,12449000.0,12449000.0,0.0,0.0,0.044,84325000.0,21667000.0,62702000.0,0.456,2.703,28.318,28.31,208259000.0,0.0,8.21,0.89,0.89,221368000.0,340837000.0,280728000.0,280728000.0,5074000.0,,,,,0.0,67345000.0,1.0,122262564.0,122343000.0,122343000.0,2.295,762017000.0,0.0,6704000.0,14496000.0,6.229,281634000.0
93,FLS,MRQ,1998-03-31,1998-03-31,1998-03-31,2021-09-07,-33755000.0,863621000.0,,494107000.0,369514000.0,,3.28,-9939000.0,40016000.0,40016000.0,157119000.0,13111000.0,2.319,1.14,149807000.0,24597000.0,125210000.0,149807000.0,0.0,9817000.0,0.0,0.017,0.047,23295000.0,33112000.0,0.128,33112000.0,23295000.0,20170000.0,0.107,0.107,0.107,403601000.0,,403601000.0,1413489756.0,15.0,10.391,-18830000.0,-0.153,1.0,101198000.0,0.392,77142000.0,3125000.0,683207000.0,,195019000.0,0.0,0.0,0.0,460020000.0,213063000.0,246957000.0,1325302756.0,-18586000.0,0.0,3196000.0,3273000.0,-5696000.0,773000.0,-9939000.0,0.0,-8891000.0,-529000.0,13111000.0,13111000.0,13111000.0,0.0,0.0,0.051,79211000.0,21987000.0,66185000.0,0.439,3.284,27.684,27.889,209657000.0,0.0,10.877,1.154,1.162,225516000.0,334096000.0,258317000.0,258317000.0,7365000.0,,,,,0.0,64201000.0,1.0,121848246.0,123054000.0,123054000.0,2.099,786479000.0,0.0,7059000.0,18969000.0,6.391,281044000.0
94,FLS,MRQ,1997-12-31,1997-12-31,1997-12-31,2021-09-07,-30774000.0,880025000.0,,514664000.0,365361000.0,,3.222,-10581000.0,58602000.0,58602000.0,191114000.0,2836000.0,2.233,1.226,146789000.0,17853000.0,128936000.0,146789000.0,0.0,10963000.0,0.0,0.02,0.047,10379000.0,21342000.0,0.069,21342000.0,10379000.0,6716000.0,0.023,0.023,0.023,395273000.0,,395273000.0,1266608912.0,12.0,8.92,31527000.0,0.257,1.0,116108000.0,0.378,79748000.0,3663000.0,658020000.0,,184944000.0,0.0,0.0,0.0,484752000.0,230444000.0,254308000.0,1133635912.0,26461000.0,17332000.0,278000.0,-17622000.0,-5686000.0,-22860000.0,8357000.0,0.0,42108000.0,-1144000.0,2836000.0,2836000.0,2836000.0,0.0,0.0,0.009,120178000.0,-4070000.0,68241000.0,2.043,2.868,21.984,22.175,209509000.0,0.0,9.313,0.984,0.992,234437000.0,326681000.0,307222000.0,307222000.0,7344000.0,,,,,0.0,71521000.0,1.0,121721823.0,122688000.0,,2.504,800277000.0,0.0,3880000.0,15548000.0,6.523,284220000.0
95,FLS,MRQ,1997-09-30,1997-09-30,1997-09-30,2021-09-07,-26238000.0,851324000.0,,486727000.0,364597000.0,,5.701,-10914000.0,32140000.0,32140000.0,174395000.0,7050000.0,2.456,1.114,165113000.0,20263000.0,144850000.0,165113000.0,0.0,9418000.0,0.0,0.018,0.047,19645000.0,29063000.0,0.103,29063000.0,19645000.0,16968000.0,0.057,0.057,0.057,402676000.0,,402676000.0,750185029.0,6.0,3.968,7509000.0,0.106,1.0,107410000.0,0.381,153675000.0,2677000.0,632472000.0,,206387000.0,0.0,0.0,0.0,448648000.0,198150000.0,250498000.0,703490029.0,-6057000.0,0.0,1813000.0,-6839000.0,-8512000.0,-13708000.0,-10743000.0,0.0,18423000.0,-29000.0,7050000.0,7050000.0,7050000.0,0.0,0.0,0.025,88233000.0,19177000.0,71217000.0,0.825,1.747,10.122,17.566,210922000.0,0.0,9.96,0.623,0.623,224216000.0,329528000.0,281805000.0,281805000.0,6495000.0,,,,,0.0,71538000.0,1.0,70631529.0,70631529.0,,3.99,697649000.0,0.0,9918000.0,6265000.0,9.877,288577000.0
96,FLS,MRQ,1997-06-30,1997-06-30,1997-06-30,2021-09-07,-9033000.0,427638000.0,,257987000.0,169651000.0,,3.022,-10701000.0,23407000.0,23407000.0,179448000.0,24876000.0,2.884,1.007,70102000.0,12040000.0,58062000.0,70102000.0,0.0,9484000.0,0.0,0.018,0.047,43031000.0,52515000.0,0.175,52515000.0,43031000.0,39430000.0,0.203,0.203,0.203,213065000.0,,213065000.0,741188758.0,5.0,3.59,20722000.0,0.294,1.0,121210000.0,0.403,73972000.0,3601000.0,310910000.0,,101115000.0,0.0,0.0,0.0,214573000.0,89451000.0,125122000.0,687519758.0,6727000.0,-9000000.0,186000.0,1414000.0,-5963000.0,-4363000.0,-19701000.0,0.0,31423000.0,-632000.0,24876000.0,24876000.0,24876000.0,0.0,0.0,0.083,81090000.0,40120000.0,32196000.0,0.232,3.227,7.334,14.84,95679000.0,0.0,9.75,0.505,0.505,121052000.0,209425000.0,300658000.0,300658000.0,6646000.0,,,,,0.0,74444000.0,1.0,70514847.0,70514847.0,,4.264,353666000.0,0.0,14554000.0,5113000.0,5.015,168536000.0
97,FLS,MRQ,1997-03-31,1997-03-31,1997-03-31,2021-09-07,-4272000.0,420115000.0,,248918000.0,171197000.0,,1.678,-7364000.0,20014000.0,20014000.0,158362000.0,16804000.0,2.804,1.051,73683000.0,12333000.0,61350000.0,73683000.0,0.0,9068000.0,0.0,0.024,0.047,30009000.0,39077000.0,0.149,39077000.0,30009000.0,26675000.0,0.137,0.137,0.137,204808000.0,,204808000.0,563850018.0,4.0,3.247,-9315000.0,-0.076,1.0,104149000.0,0.397,73225000.0,3334000.0,311794000.0,,106089000.0,0.0,0.0,0.0,215307000.0,88765000.0,126542000.0,516776018.0,-7462000.0,0.0,307000.0,8792000.0,-5960000.0,3139000.0,-7364000.0,0.0,-1951000.0,-1286000.0,16804000.0,16804000.0,16804000.0,0.0,0.0,0.064,74795000.0,29354000.0,31980000.0,0.343,2.523,6.643,12.798,97972000.0,0.0,7.333,0.427,0.739,112072000.0,197151000.0,262511000.0,262511000.0,6408000.0,,,,,0.0,68387000.0,1.0,70469457.0,122040000.0,122040000.0,2.151,346890000.0,0.0,9871000.0,8626000.0,2.842,160153000.0
98,FLS,MRQ,1996-12-31,1996-12-31,1996-12-31,2021-09-07,-6966000.0,829776000.0,,469035000.0,360741000.0,,3.132,-12204000.0,38933000.0,38933000.0,177752000.0,20774000.0,2.481,1.135,166358000.0,22396000.0,143962000.0,166358000.0,0.0,36665000.0,0.0,0.019,0.043,31734000.0,68399000.0,0.24,68399000.0,31734000.0,29456000.0,0.17,,0.17,388624000.0,,388624000.0,,,,34614000.0,0.279,1.0,106903000.0,0.376,87884000.0,2278000.0,680254000.0,,182423000.0,0.0,0.0,0.0,441152000.0,189063000.0,252089000.0,637278789.0,8209000.0,-13630000.0,234000.0,-8761000.0,-5724000.0,-14251000.0,-22718000.0,0.0,46818000.0,-1640000.0,20774000.0,20774000.0,20774000.0,0.0,0.0,0.073,86091000.0,20812000.0,68011000.0,0.253,1.64,8.964,15.782,211738000.0,0.0,9.043,0.581,1.022,223274000.0,298563000.0,284655000.0,284655000.0,8771000.0,,,,,0.0,77320000.0,1.0,70469457.0,124089000.0,,2.294,741892000.0,0.0,8682000.0,4961000.0,5.979,279972000.0
99,FLS,MRQ,1996-09-30,1996-09-30,1996-09-30,2021-09-07,,,,,,,,-15326000.0,,,313223000.0,31294000.0,,,,,,,,-10185000.0,,0.019,0.043,56670000.0,46485000.0,0.091,46485000.0,56670000.0,49667000.0,0.147,,0.147,,,,,,,17931000.0,,1.0,199502000.0,0.389,,7003000.0,,,,,,,,,,,5887000.0,390000.0,-27332000.0,31201000.0,-11203000.0,-7334000.0,-18310000.0,0.0,33257000.0,-1726000.0,31294000.0,31294000.0,31294000.0,0.0,0.0,0.061,140218000.0,59284000.0,,0.293,,,,,0.0,8.833,,,,,512725000.0,512725000.0,7509000.0,,,,,0.0,132709000.0,1.0,,,,,,,18373000.0,,,
100,FLS,MRQ,1996-06-30,1996-06-30,1996-06-30,2021-09-07,,,,,,,,-3977000.0,,,88464000.0,8915000.0,,,,,,,,5027000.0,,0.02,0.043,14643000.0,19670000.0,0.13,19670000.0,14643000.0,13174000.0,0.12,,0.12,,,,,,,5728000.0,,1.0,62608000.0,0.414,,1469000.0,,,,,,,,,,,3149000.0,0.0,1218000.0,-525000.0,-3191000.0,-2498000.0,-3977000.0,0.0,9705000.0,-81000.0,8915000.0,8915000.0,8915000.0,0.0,0.0,0.059,46622000.0,15986000.0,,0.358,,,,,0.0,8.0,,,,,151072000.0,151072000.0,3973000.0,,,,,0.0,36871000.0,1.0,,,,,,,4259000.0,,,
101,FLS,MRQ,1996-03-31,1996-03-31,1996-03-31,2021-09-07,,,,,,,,-4184000.0,,,89279000.0,10114000.0,,,,,,,,5158000.0,,0.017,0.043,17448000.0,22606000.0,0.152,22606000.0,17448000.0,16054000.0,0.137,,0.137,,,,,,,-5609000.0,,1.0,59914000.0,0.402,,1394000.0,,,,,,,,,,,-6908000.0,0.0,509000.0,1590000.0,-3178000.0,-1079000.0,-4184000.0,0.0,-1425000.0,-220000.0,10114000.0,10114000.0,10114000.0,0.0,0.0,0.068,40729000.0,19185000.0,,0.314,,,,,0.0,9.167,,,,,149193000.0,149193000.0,4269000.0,,,,,0.0,36460000.0,1.0,,,,,,,5940000.0,,,
102,FLS,MRQ,1995-12-31,1995-12-31,1995-12-31,2021-09-07,700000.0,395373000.0,,224722000.0,170651000.0,,1.567,,19434000.0,19434000.0,,,2.505,1.02,62076000.0,10320000.0,51756000.0,62076000.0,0.0,,0.0,0.02,0.038,,,,,,,,,,195772000.0,,195772000.0,,,,,,1.0,,,66928000.0,,281365000.0,,93155000.0,0.0,0.0,0.0,199601000.0,89722000.0,109879000.0,,,,,,,,,,,,,,,,,,,,31499000.0,,,,17.998,103723000.0,,7.793,,0.99,103963000.0,158754000.0,,,,,,,,,,1.0,,124956000.0,,,328445000.0,0.0,,3448000.0,2.628,135000000.0
0,FLS,MRT,2021-06-30,2021-06-30,2021-06-30,2021-09-07,-600143000.0,4818669000.0,5029140000.0,2440688000.0,2377981000.0,0.729,13.36,-30185000.0,630397000.0,630397000.0,2551428000.0,179409000.0,2.282,1.751,1525392000.0,44855000.0,1480537000.0,1525392000.0,209092000.0,103191000.0,0.0,0.02,0.8,255164000.0,358355000.0,0.098,358355000.0,255164000.0,192540000.0,1.28,1.27,1.28,1740984000.0,1714357000.0,1740984000.0,6115543025.0,24.0,17.066,320427000.0,2.459,1.0,1112770000.0,0.304,1373756000.0,62624000.0,3270192000.0,3442028500.0,690145000.0,0.0,0.0,0.0,3047977000.0,1069716000.0,1978261000.0,5254309025.0,68692000.0,-3384000.0,-17531000.0,-108808000.0,-104273000.0,-251626000.0,-44379000.0,0.0,350612000.0,14085000.0,167725000.0,167725000.0,167725000.0,0.0,11684000.0,0.046,804474000.0,308296000.0,393608000.0,0.625,3.018,31.327,31.5,730176000.0,0.0,40.32,1.434,1.434,991782000.0,3677117000.0,3664198000.0,3664198000.0,0.0,0.033,0.098,0.074,0.07,25249000.0,816370000.0,1.0,130315204.0,130315204.0,,28.118,3444913000.0,46904000.0,24815000.0,0.0,26.435,1370972000.0
1,FLS,MRT,2021-03-31,2021-03-31,2021-03-31,2021-09-07,-616200000.0,4809638000.0,5013398250.0,2448963000.0,2360675000.0,0.736,13.142,-23458000.0,659305000.0,659305000.0,2586794000.0,139939000.0,2.26,1.792,1520539000.0,44388000.0,1476151000.0,1520539000.0,199538000.0,100661000.0,0.0,0.021,0.8,216326000.0,316987000.0,0.086,316987000.0,216326000.0,155090000.0,0.98,0.98,0.98,1712032000.0,1694754000.0,1712032000.0,5898882277.0,27.0,18.609,274906000.0,2.11,1.0,1104239000.0,0.299,1372355000.0,61236000.0,3214786000.0,3448414000.0,672123000.0,0.0,0.0,0.0,3067852000.0,1083731000.0,1984121000.0,5056014277.0,37006000.0,0.0,-5081000.0,-109699000.0,-104601000.0,-238706000.0,-43071000.0,0.0,298364000.0,20419000.0,128502000.0,128502000.0,128502000.0,0.0,11437000.0,0.035,822848000.0,281391000.0,386210000.0,0.816,2.953,39.346,39.602,735205000.0,0.0,38.81,1.37,1.37,1004668000.0,3658158000.0,3691033000.0,3691033000.0,0.0,0.026,0.076,0.063,0.059,22701000.0,834924000.0,1.0,130276070.0,130276070.0,,28.332,3437283000.0,33684000.0,26588000.0,0.0,26.385,1365232000.0
2,FLS,MRT,2020-12-31,2020-12-31,2020-12-31,2021-09-07,-609625000.0,5314677000.0,5001507250.0,2904333000.0,2410344000.0,0.745,13.288,-41700000.0,1095274000.0,1095274000.0,2611365000.0,126781000.0,2.544,2.053,1938142000.0,43985000.0,1894157000.0,1938142000.0,194227000.0,100753000.0,0.0,0.022,0.8,233743000.0,334496000.0,0.09,334496000.0,233743000.0,176357000.0,0.89,0.89,0.89,1730991000.0,1681603500.0,1730991000.0,5756674469.0,25.0,17.21,268837000.0,2.064,1.0,1116769000.0,0.3,1393382000.0,57386000.0,3622530000.0,3451943000.0,667228000.0,0.0,0.0,0.0,3553356000.0,1141633000.0,2411723000.0,4800207469.0,424294000.0,0.0,-32112000.0,299515000.0,-104159000.0,147587000.0,-41700000.0,0.0,310537000.0,7870000.0,116326000.0,116326000.0,116326000.0,0.0,10455000.0,0.031,866492000.0,250277000.0,440199000.0,0.899,2.773,41.265,41.404,764998000.0,0.0,36.85,1.288,1.288,1031196000.0,3670543000.0,3728134000.0,3728134000.0,0.0,0.023,0.069,0.068,0.063,27252000.0,878245000.0,1.0,130263432.0,130263432.0,,28.62,3921295000.0,30538000.0,60031000.0,0.0,30.103,1762700000.0
3,FLS,MRT,2020-09-30,2020-09-30,2020-09-30,2021-09-07,-618856000.0,5173576000.0,4907407250.0,2806145000.0,2367431000.0,0.776,12.857,-22317000.0,921178000.0,921178000.0,2640924000.0,141154000.0,2.566,2.073,1877645000.0,43215000.0,1834430000.0,1877645000.0,198380000.0,97486000.0,0.0,0.029,0.79,260581000.0,358067000.0,0.094,358067000.0,260581000.0,207018000.0,1.01,1.01,1.01,1673421000.0,1685540500.0,1673421000.0,4541272759.0,17.0,12.683,273138000.0,2.098,1.0,1165756000.0,0.306,1375855000.0,53563000.0,3660606000.0,3381540500.0,714489000.0,0.0,0.0,0.0,3469733000.0,1093582000.0,2376151000.0,3552058759.0,375329000.0,0.0,-41680000.0,299430000.0,-102968000.0,141202000.0,-60141000.0,0.0,295455000.0,-1187000.0,132810000.0,132810000.0,132810000.0,0.0,8344000.0,0.035,917983000.0,247773000.0,428870000.0,0.782,2.123,26.745,27.02,717861000.0,0.0,27.29,0.933,0.933,1061027000.0,3625291000.0,3806680000.0,3806680000.0,0.0,0.027,0.079,0.077,0.068,25479000.0,929534000.0,1.0,130159720.0,130159720.0,,29.246,3797721000.0,32206000.0,74208000.0,0.0,29.177,1712563000.0
4,FLS,MRT,2020-06-30,2020-06-30,2020-06-30,2021-09-07,-643173000.0,4755702000.0,4805136250.0,2430555000.0,2325147000.0,0.807,12.777,-26378000.0,561705000.0,561705000.0,2664688000.0,149467000.0,2.232,1.844,1550919000.0,44706000.0,1506213000.0,1550919000.0,214135000.0,99082000.0,0.0,0.027,0.78,272429000.0,371511000.0,0.096,371511000.0,272429000.0,219595000.0,1.08,1.07,1.08,1662572000.0,1703269000.0,1662572000.0,4638852410.0,17.0,12.486,268552000.0,2.064,1.0,1213400000.0,0.313,1360444000.0,52834000.0,3295734000.0,3304014250.0,684431000.0,0.0,0.0,0.0,3065351000.0,1088738000.0,1976613000.0,3711191410.0,-34765000.0,0.0,-47112000.0,-80899000.0,-101839000.0,-238368000.0,-66680000.0,0.0,294930000.0,-24647000.0,141649000.0,141649000.0,141649000.0,0.0,7818000.0,0.037,948371000.0,265029000.0,428856000.0,0.722,2.232,26.2,26.407,714980000.0,0.0,28.52,0.957,0.957,1068530000.0,3643868000.0,3878088000.0,3878088000.0,0.0,0.029,0.083,0.082,0.07,27003000.0,959167000.0,1.0,130125926.0,130125926.0,,29.803,3395258000.0,31119000.0,77946000.0,0.0,26.092,1341817000.0
5,FLS,MRT,2020-03-31,2020-03-31,2020-03-31,2021-09-07,-660122000.0,4762074000.0,4821513000.0,2425514000.0,2336560000.0,0.818,12.677,-38700000.0,622299000.0,622299000.0,2681433000.0,201667000.0,2.193,1.854,1549960000.0,45821000.0,1504139000.0,1549960000.0,223632000.0,102275000.0,0.0,0.032,0.77,343477000.0,445752000.0,0.113,445752000.0,343477000.0,289565000.0,1.47,1.46,1.47,1659430000.0,1719203750.0,1659430000.0,4021125224.0,12.0,9.021,294381000.0,2.249,1.0,1261726000.0,0.32,1354802000.0,53912000.0,3228902000.0,3338901250.0,684113000.0,0.0,0.0,0.0,3076649000.0,1106031000.0,1970618000.0,3127225224.0,-15411000.0,0.0,-47112000.0,-97290000.0,-100671000.0,-253159000.0,-67174000.0,0.0,333081000.0,-28159000.0,193690000.0,193690000.0,193690000.0,0.0,7977000.0,0.049,942130000.0,319596000.0,425795000.0,0.524,1.885,16.146,16.252,733317000.0,0.0,23.89,0.793,0.793,1008806000.0,3661579000.0,3943159000.0,3943159000.0,0.0,0.04,0.113,0.103,0.087,30584000.0,953500000.0,1.0,130901014.0,130901014.0,,30.123,3407272000.0,31517000.0,95875000.0,0.0,26.029,1319483000.0
6,FLS,MRT,2019-12-31,2019-12-31,2019-12-31,2021-09-07,-584292000.0,4938277000.0,4842618750.0,2506747000.0,2431530000.0,0.814,13.348,-33383000.0,670980000.0,670980000.0,2650354000.0,246940000.0,2.243,1.812,1564880000.0,47380000.0,1517500000.0,1564880000.0,221095000.0,105904000.0,0.0,0.019,0.95,369301000.0,475205000.0,0.121,475205000.0,369301000.0,314321000.0,1.82,1.81,1.82,1746739000.0,1726046000.0,1746739000.0,7507524566.0,20.0,15.798,290714000.0,2.222,1.0,1289343000.0,0.327,1373815000.0,54980000.0,3340920000.0,3374655000.0,660837000.0,0.0,0.0,0.0,3165936000.0,1117442000.0,2048494000.0,6512909566.0,51297000.0,0.0,-15000000.0,-111452000.0,-99557000.0,-231464000.0,-33383000.0,0.0,324097000.0,-7953000.0,238828000.0,238828000.0,238828000.0,0.0,8112000.0,0.061,902720000.0,386623000.0,447582000.0,0.522,3.729,27.27,27.346,749782000.0,0.0,49.77,1.653,1.653,795538000.0,3652244000.0,3939697000.0,3939697000.0,0.0,0.049,0.138,0.109,0.094,23882000.0,913203000.0,1.0,130860148.0,130860148.0,,30.106,3564462000.0,54879000.0,75493000.0,0.0,27.239,1389305000.0
7,FLS,MRT,2019-09-30,2019-09-30,2019-09-30,2021-09-07,-593849000.0,4764492000.0,4762118750.0,2395660000.0,2368832000.0,0.812,13.298,-73103000.0,547270000.0,547270000.0,2595904000.0,231135000.0,2.286,1.717,1541885000.0,44781000.0,1497104000.0,1541885000.0,219680000.0,106711000.0,0.0,0.016,0.76,350688000.0,457399000.0,0.118,457399000.0,350688000.0,294147000.0,1.7,1.7,1.7,1744335000.0,1699940000.0,1744335000.0,7178128511.0,20.0,15.693,234613000.0,1.789,1.0,1269840000.0,0.328,1360410000.0,56541000.0,3350501000.0,3292044000.0,687239000.0,0.0,0.0,0.0,2994688000.0,1048196000.0,1946492000.0,6126955511.0,15907000.0,0.0,-5432000.0,-126434000.0,-99563000.0,-235603000.0,-36392000.0,0.0,307716000.0,-19814000.0,223215000.0,223215000.0,223215000.0,0.0,7920000.0,0.058,902639000.0,367201000.0,398215000.0,0.447,3.512,27.449,27.476,758118000.0,0.0,46.71,1.585,1.585,789448000.0,3651126000.0,3865744000.0,3865744000.0,0.0,0.047,0.131,0.107,0.091,28289000.0,913931000.0,1.0,131170103.0,131170103.0,,29.471,3404082000.0,44113000.0,70932000.0,0.0,25.952,1347464000.0
8,FLS,MRT,2019-06-30,2019-06-30,2019-06-30,2021-09-07,-567007000.0,4821209000.0,4722261750.0,2409324000.0,2411885000.0,0.81,13.164,-71323000.0,596470000.0,596470000.0,2577263000.0,198611000.0,2.275,1.779,1647643000.0,107767000.0,1539876000.0,1647643000.0,209689000.0,109506000.0,0.0,0.014,0.76,311398000.0,420904000.0,0.11,420904000.0,311398000.0,255012000.0,1.46,1.46,1.46,1726311000.0,1667116000.0,1726311000.0,7934528137.0,25.0,18.851,225595000.0,1.72,1.0,1245488000.0,0.326,1378229000.0,56386000.0,3435282000.0,3239275000.0,680898000.0,0.0,0.0,0.0,3071421000.0,1058871000.0,2012550000.0,6909681137.0,79028000.0,-3663000.0,0.0,-65872000.0,-99507000.0,-172864000.0,-35592000.0,0.0,296918000.0,-9434000.0,191578000.0,191578000.0,191578000.0,0.0,7033000.0,0.05,912947000.0,332541000.0,402118000.0,0.521,4.003,36.067,36.089,780179000.0,0.0,52.69,1.808,1.808,806724000.0,3607928000.0,3822751000.0,3822751000.0,0.0,0.041,0.115,0.096,0.081,26871000.0,925447000.0,1.0,131138378.0,131138378.0,,29.151,3442980000.0,54576000.0,63434000.0,0.0,26.255,1350453000.0
9,FLS,MRT,2019-03-31,2019-03-31,2019-03-31,2021-09-07,-566400000.0,4846497000.0,4679615000.0,2436623000.0,2409874000.0,0.813,12.878,-74951000.0,637710000.0,637710000.0,2592284000.0,152924000.0,2.173,1.861,1662557000.0,110004000.0,1552553000.0,1662557000.0,207742000.0,111026000.0,0.0,0.017,0.76,258504000.0,369530000.0,0.097,369530000.0,258504000.0,201192000.0,1.12,1.12,1.12,1686799000.0,1640953250.0,1686799000.0,6775935627.0,26.0,18.337,275126000.0,2.1,1.0,1213512000.0,0.319,1377996000.0,57312000.0,3371917000.0,3179970750.0,680191000.0,0.0,0.0,0.0,3138511000.0,1121431000.0,2017080000.0,5912571627.0,102053000.0,-3663000.0,0.0,-63178000.0,-99499000.0,-170215000.0,-40003000.0,0.0,350077000.0,-37806000.0,146626000.0,146626000.0,146626000.0,0.0,6298000.0,0.039,932278000.0,281234000.0,398052000.0,0.679,3.505,40.324,40.304,786571000.0,0.0,45.14,1.554,1.554,781382000.0,3575014000.0,3805796000.0,3805796000.0,0.0,0.031,0.089,0.081,0.068,23559000.0,942562000.0,1.0,130982978.0,130982978.0,,29.056,3468501000.0,47745000.0,54566000.0,0.0,26.481,1315192000.0
10,FLS,MRT,2018-12-31,2018-12-31,2018-12-31,2021-09-07,-573947000.0,4616277000.0,4660569750.0,2383145000.0,2233132000.0,0.823,12.55,-77803000.0,619683000.0,619683000.0,2644830000.0,109887000.0,2.205,1.8,1483047000.0,68218000.0,1414829000.0,1483047000.0,202458000.0,112473000.0,0.0,0.02,0.76,209218000.0,321691000.0,0.084,321691000.0,209218000.0,151058000.0,0.8,0.8,0.8,1642315000.0,1640560250.0,1642315000.0,5949254505.0,28.0,18.494,113028000.0,0.864,1.0,1190869000.0,0.31,1388190000.0,58160000.0,3010476000.0,3165530000.0,633871000.0,0.0,0.0,0.0,2955497000.0,1080975000.0,1874522000.0,4975181505.0,-83762000.0,-3663000.0,0.0,-66476000.0,-99416000.0,-173284000.0,-81466000.0,0.0,190831000.0,-19843000.0,104508000.0,104508000.0,104508000.0,0.0,5379000.0,0.027,955441000.0,235428000.0,418893000.0,0.95,3.029,47.606,47.525,610096000.0,0.0,38.02,1.297,1.297,792434000.0,3543007000.0,3835699000.0,3835699000.0,0.0,0.022,0.064,0.066,0.055,19912000.0,966584000.0,1.0,130856957.0,130856957.0,,29.312,3228087000.0,44682000.0,46550000.0,0.0,24.669,1302170000.0
11,FLS,MRT,2018-09-30,2018-09-30,2018-09-30,2021-09-07,-559559000.0,4605064000.0,4734119000.0,2324667000.0,2280397000.0,0.82,12.327,-65523000.0,529942000.0,529942000.0,2705890000.0,-45203000.0,2.235,1.844,1504015000.0,67269000.0,1436746000.0,1504015000.0,174245000.0,115726000.0,0.0,0.014,0.76,219242000.0,334968000.0,0.086,334968000.0,219242000.0,160557000.0,-0.37,-0.38,-0.37,1613039000.0,1643628250.0,1613039000.0,8163756694.0,37.0,24.372,199521000.0,1.525,1.0,1173978000.0,0.303,1399632000.0,58685000.0,3139425000.0,3190696250.0,655652000.0,0.0,0.0,0.0,2974337000.0,1040080000.0,1934257000.0,7156328694.0,27799000.0,20329000.0,0.0,-71718000.0,-99369000.0,-182365000.0,-44109000.0,0.0,265044000.0,-10771000.0,-49314000.0,-49314000.0,-49314000.0,0.0,4111000.0,-0.013,1062076000.0,111902000.0,400281000.0,-2.054,4.437,-145.118,-147.811,608739000.0,0.0,54.69,1.844,1.844,780408000.0,3505051000.0,3879868000.0,3879868000.0,0.0,-0.01,-0.03,0.069,0.057,16659000.0,932391000.0,1.0,130852600.0,130852600.0,,29.651,3205432000.0,61153000.0,209871000.0,0.0,24.497,1284587000.0
12,FLS,MRT,2018-06-30,2018-06-30,2018-06-30,2021-09-07,-542198000.0,4650622000.0,4791388000.0,2372991000.0,2277631000.0,0.795,12.395,-58467000.0,517442000.0,517442000.0,2677043000.0,-25901000.0,2.254,1.856,1524870000.0,69923000.0,1454947000.0,1524870000.0,171940000.0,118695000.0,0.0,0.019,0.76,244575000.0,363270000.0,0.095,363270000.0,244575000.0,184673000.0,-0.23,-0.23,-0.23,1621660000.0,1677540500.0,1621660000.0,6322925582.0,26.0,17.406,149262000.0,1.141,1.0,1133489000.0,0.297,1407130000.0,59902000.0,3198065000.0,3242440750.0,675325000.0,0.0,0.0,0.0,3009071000.0,1052855000.0,1956216000.0,5285675582.0,12281000.0,50929000.0,0.0,-79654000.0,-99335000.0,-190139000.0,-9013000.0,0.0,207729000.0,3704000.0,-29914000.0,-29914000.0,-29914000.0,0.0,4013000.0,-0.008,1026576000.0,106913000.0,428835000.0,-3.304,3.259,-176.696,-175.652,625979000.0,0.0,40.4,1.387,1.387,815708000.0,3502006000.0,3810532000.0,3810532000.0,0.0,-0.006,-0.018,0.075,0.064,15472000.0,896514000.0,1.0,130833554.0,130833554.0,,29.125,3243492000.0,54576000.0,214587000.0,0.0,24.791,1320136000.0
13,FLS,MRT,2018-03-31,2018-03-31,2018-03-31,2021-09-07,-487111000.0,4770316000.0,4827511250.0,2411313000.0,2359003000.0,0.769,12.884,-53795000.0,535657000.0,535657000.0,2621574000.0,1497000.0,2.29,1.82,1572907000.0,71484000.0,1501423000.0,1572907000.0,176906000.0,118742000.0,0.0,0.018,0.76,320587000.0,439329000.0,0.118,439329000.0,320587000.0,260673000.0,-0.01,-0.01,-0.01,1685227000.0,1698123500.0,1685227000.0,6539281801.0,20.0,14.885,132617000.0,1.014,1.0,1092892000.0,0.294,1440451000.0,59914000.0,3314154000.0,3272267750.0,701847000.0,0.0,0.0,0.0,3066769000.0,1052961000.0,2013808000.0,5667469801.0,209874000.0,232767000.0,0.0,-80194000.0,-99274000.0,-193382000.0,179205000.0,0.0,186412000.0,37639000.0,-1256000.0,-1256000.0,-1256000.0,0.0,2753000.0,0.0,1037106000.0,55786000.0,399362000.0,-76.0,3.363,-4512.317,-4333.0,668456000.0,0.0,43.33,1.526,1.526,775244000.0,3514296000.0,3714466000.0,3714466000.0,0.0,0.0,-0.001,0.098,0.086,15475000.0,908253000.0,1.0,130797826.0,130797826.0,,28.399,3329865000.0,47745000.0,261929000.0,0.0,25.458,1358352000.0
14,FLS,MRT,2017-12-31,2017-12-31,2017-12-31,2021-09-07,-505473000.0,4910474000.0,4800976250.0,2558745000.0,2351729000.0,0.763,12.666,-56167000.0,703445000.0,703445000.0,2571878000.0,4328000.0,2.059,1.958,1575257000.0,75599000.0,1499658000.0,1575257000.0,0.0,118454000.0,0.0,0.014,0.57,321061000.0,439515000.0,0.12,439515000.0,321061000.0,261331000.0,0.02,0.02,0.02,1654587000.0,1689419250.0,1654587000.0,6588202266.0,21.0,14.99,254899000.0,1.951,1.0,1088953000.0,0.297,1428237000.0,59730000.0,3111141000.0,3288682500.0,884273000.0,0.0,0.0,0.0,3239520000.0,1242908000.0,1996612000.0,5503653266.0,336283000.0,232767000.0,0.0,-71671000.0,-99233000.0,-185353000.0,176600000.0,0.0,311066000.0,33970000.0,2652000.0,2652000.0,2652000.0,0.0,1676000.0,0.001,889135000.0,199818000.0,443113000.0,28.5,3.326,2075.284,2106.5,671796000.0,0.0,42.13,1.503,1.503,856711000.0,3503947000.0,3660831000.0,3660831000.0,0.0,0.001,0.002,0.098,0.088,22820000.0,901727000.0,1.0,130635017.0,130635017.0,,28.023,3482237000.0,51974000.0,258679000.0,0.0,26.656,1315837000.0
15,FLS,MRT,2017-09-30,2017-09-30,2017-09-30,2021-09-07,-540504000.0,4834140000.0,4750588500.0,2439010000.0,2395130000.0,0.778,13.386,-63182000.0,502143000.0,502143000.0,2582237000.0,172127000.0,2.124,1.754,1586692000.0,80635000.0,1506057000.0,1586692000.0,0.0,117397000.0,0.0,0.022,0.95,342132000.0,459529000.0,0.124,459529000.0,342132000.0,282287000.0,1.29,1.29,1.29,1748688000.0,1679879250.0,1748688000.0,6649516614.0,19.0,14.47,178714000.0,1.368,1.0,1115458000.0,0.302,1423969000.0,59845000.0,3346403000.0,3339488500.0,951598000.0,0.0,0.0,0.0,3066511000.0,1148317000.0,1918194000.0,5563850614.0,241273000.0,208775000.0,0.0,-55923000.0,-99198000.0,-165674000.0,148570000.0,0.0,241896000.0,16481000.0,168590000.0,168590000.0,168590000.0,0.0,3537000.0,0.046,884735000.0,230723000.0,360844000.0,0.736,3.182,33.002,33.016,673555000.0,0.0,42.59,1.505,1.505,851246000.0,3634750000.0,3697695000.0,3697695000.0,0.0,0.035,0.1,0.102,0.093,20538000.0,898166000.0,1.0,130637488.0,130637488.0,,28.305,3410171000.0,93638000.0,113697000.0,0.0,26.104,1290693000.0
16,FLS,MRT,2017-06-30,2017-06-30,2017-06-30,2021-09-07,-557792000.0,4795115000.0,4755454000.0,2415555000.0,2379560000.0,0.791,13.046,-80367000.0,505161000.0,505161000.0,2634829000.0,108351000.0,2.107,1.801,1590827000.0,89839000.0,1500988000.0,1590827000.0,0.0,115735000.0,0.0,0.02,0.95,261984000.0,377719000.0,0.1,377719000.0,261984000.0,202042000.0,0.81,0.8,0.81,1703992000.0,1666312500.0,1703992000.0,7307004369.0,28.0,19.345,196013000.0,1.501,1.0,1125425000.0,0.299,1417085000.0,59942000.0,3317373000.0,3391084000.0,941816000.0,0.0,0.0,0.0,3069327000.0,1146323000.0,1923004000.0,6064606369.0,242087000.0,181838000.0,0.0,-41055000.0,-99144000.0,-147401000.0,103854000.0,0.0,276380000.0,9254000.0,105144000.0,105144000.0,105144000.0,0.0,3207000.0,0.028,959518000.0,165907000.0,367347000.0,1.173,3.559,57.679,57.321,678907000.0,0.0,46.43,1.613,1.613,832036000.0,3612173000.0,3760254000.0,3760254000.0,0.0,0.022,0.063,0.077,0.07,21991000.0,973425000.0,1.0,130618272.0,130618272.0,,28.788,3378030000.0,93846000.0,96898000.0,0.0,25.862,1269232000.0
17,FLS,MRT,2017-03-31,2017-03-31,2017-03-31,2021-09-07,-590948000.0,4664176000.0,4789593250.0,2251778000.0,2412398000.0,0.816,12.645,-82055000.0,325783000.0,325783000.0,2709954000.0,120530000.0,2.049,1.813,1568181000.0,90632000.0,1477549000.0,1568181000.0,0.0,116749000.0,0.0,0.02,0.95,243427000.0,360176000.0,0.092,360176000.0,243427000.0,183162000.0,0.91,0.9,0.91,1650410000.0,1676308500.0,1650410000.0,7523258816.0,31.0,20.888,170973000.0,1.31,1.0,1200630000.0,0.307,1427877000.0,60265000.0,3379813000.0,3459650750.0,940000000.0,0.0,0.0,0.0,2992277000.0,1098884000.0,1893393000.0,6319797816.0,18405000.0,-5064000.0,0.0,-35547000.0,-99116000.0,-144626000.0,-86853000.0,0.0,253028000.0,-3144000.0,117639000.0,117639000.0,117639000.0,0.0,2891000.0,0.03,936537000.0,264093000.0,354566000.0,1.044,3.829,53.722,53.209,715563000.0,0.0,48.42,1.616,1.616,831362000.0,3595368000.0,3910584000.0,3910584000.0,0.0,0.025,0.07,0.07,0.062,25563000.0,949599000.0,1.0,130520401.0,130520401.0,,29.961,3236299000.0,82290000.0,65523000.0,0.0,24.795,1152894000.0
18,FLS,MRT,2016-12-31,2016-12-31,2016-12-31,2021-09-07,-624788000.0,4708923000.0,4868811750.0,2297689000.0,2411234000.0,0.82,12.391,-86405000.0,367162000.0,367162000.0,2753689000.0,135532000.0,1.95,1.9,1570623000.0,85365000.0,1485258000.0,1570623000.0,0.0,116752000.0,0.0,0.02,0.95,269972000.0,386724000.0,0.097,386724000.0,269972000.0,209835000.0,1.02,1.01,1.02,1616427000.0,1694372250.0,1616427000.0,7618241300.0,28.0,19.699,154071000.0,1.181,1.0,1236798000.0,0.31,1419581000.0,60137000.0,3314365000.0,3504313750.0,897690000.0,0.0,0.0,0.0,3071535000.0,1178438000.0,1893097000.0,6268222300.0,718000.0,-5064000.0,0.0,-36956000.0,-97746000.0,-143721000.0,-91469000.0,0.0,240476000.0,-4568000.0,132455000.0,132455000.0,132455000.0,0.0,3077000.0,0.033,952450000.0,284348000.0,412087000.0,0.931,3.878,47.323,47.108,724805000.0,0.0,48.05,1.571,1.571,882638000.0,3598396000.0,3990487000.0,3990487000.0,0.0,0.027,0.078,0.077,0.068,30213000.0,965376000.0,1.0,130452077.0,130452077.0,,30.59,3289342000.0,83722000.0,77380000.0,0.0,25.215,1119251000.0
19,FLS,MRT,2016-09-30,2016-09-30,2016-09-30,2021-09-07,-540006000.0,4853602000.0,4932357500.0,2382880000.0,2470722000.0,0.852,12.996,-101055000.0,260870000.0,260870000.0,2912238000.0,136823000.0,1.983,1.853,1610889000.0,75211000.0,1535678000.0,1610889000.0,0.0,114816000.0,0.0,0.016,0.75,283396000.0,398212000.0,0.095,398212000.0,283396000.0,220856000.0,1.02,1.02,1.02,1694421000.0,1702047000.0,1694421000.0,7637729656.0,27.0,19.18,279603000.0,2.145,1.0,1291763000.0,0.307,1449097000.0,62540000.0,3552785000.0,3529352250.0,1038944000.0,0.0,0.0,0.0,3140062000.0,1201739000.0,1938323000.0,6289529656.0,23028000.0,-5064000.0,-53969000.0,-65515000.0,-96610000.0,-247795000.0,-106119000.0,0.0,380658000.0,-3716000.0,134512000.0,134512000.0,134512000.0,0.0,2311000.0,0.032,1001093000.0,290670000.0,394600000.0,0.735,3.712,46.758,47.294,750128000.0,0.0,48.24,1.496,1.496,896755000.0,3591867000.0,4204001000.0,4204001000.0,0.0,0.027,0.079,0.08,0.067,45577000.0,1013209000.0,1.0,130379968.0,130379968.0,,32.244,3404505000.0,76095000.0,86344000.0,0.0,26.112,1181141000.0
20,FLS,MRT,2016-06-30,2016-06-30,2016-06-30,2021-09-07,-528550000.0,4931672000.0,5008520750.0,2423362000.0,2508310000.0,0.869,13.377,-95204000.0,266013000.0,266013000.0,2952004000.0,246394000.0,1.957,1.817,1614213000.0,70656000.0,1543557000.0,1614213000.0,0.0,118396000.0,0.0,0.016,0.74,443273000.0,561669000.0,0.129,561669000.0,443273000.0,379590000.0,1.85,1.85,1.85,1743976000.0,1700522500.0,1743976000.0,7214371551.0,16.0,12.845,338187000.0,2.594,1.0,1402534000.0,0.322,1449630000.0,63683000.0,3591640000.0,3594745250.0,1057967000.0,0.0,0.0,0.0,3169385000.0,1238602000.0,1930783000.0,5888673551.0,-52230000.0,-17173000.0,-164007000.0,-67741000.0,-95903000.0,-358068000.0,-112377000.0,0.0,433391000.0,-15176000.0,243976000.0,243976000.0,243976000.0,0.0,2418000.0,0.056,944128000.0,458406000.0,417218000.0,0.4,3.377,24.136,24.416,755105000.0,0.0,45.17,1.352,1.352,945966000.0,3637837000.0,4354538000.0,4354538000.0,0.0,0.049,0.143,0.123,0.102,47243000.0,955465000.0,1.0,130366915.0,130366915.0,,33.402,3482042000.0,71439000.0,135614000.0,0.0,26.71,1184760000.0
21,FLS,MRT,2016-03-31,2016-03-31,2016-03-31,2021-09-07,-503637000.0,4981050000.0,5103633250.0,2429189000.0,2551861000.0,0.88,13.244,-109535000.0,310318000.0,310318000.0,3038431000.0,268662000.0,1.898,1.881,1636016000.0,62566000.0,1573450000.0,1636016000.0,0.0,121871000.0,0.0,0.016,0.73,465434000.0,587305000.0,0.131,587305000.0,465434000.0,401633000.0,1.99,1.99,1.99,1722665000.0,1706672500.0,1722665000.0,7041216847.0,15.0,11.989,415800000.0,3.197,1.0,1450961000.0,0.323,1468481000.0,63801000.0,3558465000.0,3658302750.0,1088155000.0,0.0,0.0,0.0,3240064000.0,1279802000.0,1960262000.0,5776390847.0,-26398000.0,-12109000.0,-223752000.0,-71600000.0,-95379000.0,-419141000.0,-121543000.0,0.0,525335000.0,-11049000.0,264611000.0,264611000.0,264611000.0,0.0,4051000.0,0.059,958748000.0,492213000.0,410115000.0,0.367,3.353,21.83,22.317,767633000.0,0.0,44.41,1.287,1.287,914684000.0,3599869000.0,4489392000.0,4489392000.0,0.0,0.052,0.155,0.127,0.104,47478000.0,970355000.0,1.0,130069598.0,130069598.0,,34.515,3512569000.0,82969000.0,137022000.0,0.0,27.005,1149387000.0
22,FLS,MRT,2015-12-31,2015-12-31,2015-12-31,2021-09-07,-538232000.0,4963106000.0,5171291000.0,2457322000.0,2505784000.0,0.881,12.586,-171641000.0,366444000.0,366444000.0,3080254000.0,264016000.0,1.82,2.003,1620996000.0,60434000.0,1560562000.0,1620996000.0,0.0,127087000.0,0.0,0.017,0.72,472032000.0,599119000.0,0.131,599119000.0,472032000.0,406762000.0,1.94,1.93,1.94,1647126000.0,1713972250.0,1647126000.0,6948082906.0,15.0,11.597,269118000.0,2.056,1.0,1477537000.0,0.324,1452763000.0,65270000.0,3414519000.0,3717234250.0,978641000.0,0.0,0.0,0.0,3298724000.0,1350376000.0,1948348000.0,5506972906.0,-83906000.0,-353654000.0,-303651000.0,455809000.0,-93650000.0,37655000.0,-525295000.0,0.0,440759000.0,-37025000.0,258411000.0,258411000.0,258411000.0,0.0,5605000.0,0.057,962872000.0,514665000.0,491378000.0,0.371,3.343,21.311,21.691,758427000.0,0.0,42.08,1.208,1.208,985772000.0,3565958000.0,4557791000.0,4557791000.0,0.0,0.05,0.151,0.127,0.104,34816000.0,972733000.0,1.0,130869128.0,130869128.0,,34.827,3510343000.0,70264000.0,148351000.0,0.0,26.823,1106946000.0
23,FLS,MRT,2015-09-30,2015-09-30,2015-09-30,2021-09-07,-515890000.0,5158255000.0,5172519500.0,2649729000.0,2508526000.0,0.9,12.659,-183328000.0,237842000.0,237842000.0,3083877000.0,355893000.0,2.016,2.046,1678952000.0,68893000.0,1610059000.0,1678952000.0,0.0,126544000.0,0.0,0.017,0.7,591890000.0,718434000.0,0.154,718434000.0,591890000.0,529162000.0,2.61,2.57,2.61,1688323000.0,1785081250.0,1688323000.0,6864974963.0,12.0,9.555,412342000.0,3.092,1.0,1570825000.0,0.337,1470729000.0,62728000.0,3814357000.0,3610385750.0,1116445000.0,0.0,0.0,0.0,3453709000.0,1314279000.0,2139430000.0,5486763963.0,74973000.0,-353654000.0,-307862000.0,479737000.0,-91831000.0,57621000.0,-536982000.0,0.0,595670000.0,-41336000.0,349860000.0,349860000.0,349860000.0,0.0,6033000.0,0.075,947721000.0,623104000.0,459013000.0,0.268,3.25,15.683,15.762,756179000.0,0.0,41.14,1.179,1.179,999700000.0,3539468000.0,4654702000.0,4654702000.0,0.0,0.068,0.196,0.164,0.127,43685000.0,958660000.0,1.0,133368108.0,133368108.0,,34.901,3687526000.0,162691000.0,179302000.0,13584000.0,27.649,1335450000.0
24,FLS,MRT,2015-06-30,2015-06-30,2015-06-30,2021-09-07,-466676000.0,5312122000.0,5081399250.0,2778940000.0,2533182000.0,0.937,13.154,-189933000.0,315304000.0,315304000.0,3158673000.0,391957000.0,2.035,1.995,1693515000.0,67365000.0,1626150000.0,1693515000.0,0.0,121737000.0,0.0,0.013,0.68,626302000.0,748039000.0,0.157,748039000.0,626302000.0,564727000.0,2.84,2.8,2.84,1768576000.0,1841729000.0,1768576000.0,8425927920.0,13.0,11.264,433879000.0,3.227,1.0,1603565000.0,0.337,1479045000.0,61575000.0,3845870000.0,3471240250.0,1129695000.0,0.0,0.0,0.0,3528209000.0,1365418000.0,2162791000.0,7080182920.0,171735000.0,-341545000.0,-233080000.0,471942000.0,-89664000.0,125779000.0,-531478000.0,0.0,623812000.0,-46378000.0,384799000.0,384799000.0,384799000.0,0.0,7158000.0,0.081,955867000.0,647698000.0,502969000.0,0.239,4.003,18.4,18.542,767904000.0,0.0,52.66,1.487,1.487,1042404000.0,3469687000.0,4762238000.0,4762238000.0,0.0,0.076,0.209,0.18,0.132,44431000.0,966016000.0,1.0,134450872.0,134450872.0,,35.42,3833077000.0,180442000.0,179928000.0,13272000.0,28.509,1413522000.0
25,FLS,MRT,2015-03-31,2015-03-31,2015-03-31,2021-09-07,-484114000.0,5251681000.0,4974896250.0,2760338000.0,2491343000.0,0.97,13.004,-181844000.0,333776000.0,333776000.0,3159590000.0,440490000.0,2.059,1.991,1679521000.0,58739000.0,1620782000.0,1679521000.0,0.0,116758000.0,0.0,0.012,0.66,694316000.0,811074000.0,0.168,811074000.0,694316000.0,633106000.0,3.18,3.14,3.18,1751864000.0,1882539500.0,1751864000.0,8314572300.0,12.0,10.251,404101000.0,3.0,1.0,1664779000.0,0.345,1462469000.0,61210000.0,3794191000.0,3341661750.0,1118940000.0,0.0,0.0,0.0,3487539000.0,1340766000.0,2146773000.0,7610000300.0,169360000.0,-341545000.0,-216798000.0,482375000.0,-87417000.0,156913000.0,-523389000.0,0.0,585945000.0,-50109000.0,433304000.0,433304000.0,433304000.0,0.0,7186000.0,0.09,950343000.0,714436000.0,484542000.0,0.208,4.344,17.563,17.764,752015000.0,0.0,56.49,1.577,1.577,1015544000.0,3418920000.0,4824369000.0,4824369000.0,0.0,0.087,0.23,0.208,0.144,44407000.0,960600000.0,1.0,134714114.0,134714114.0,,35.812,3789212000.0,186643000.0,199802000.0,13727000.0,28.128,1419572000.0
26,FLS,MRT,2014-12-31,2014-12-31,2014-12-31,2021-09-07,-380406000.0,4968020000.0,4851828000.0,2794163000.0,2173857000.0,1.005,14.171,-130888000.0,450350000.0,450350000.0,3167714000.0,519433000.0,1.898,1.567,1154922000.0,53131000.0,1101791000.0,1154922000.0,0.0,110277000.0,0.0,0.044,2.64,783005000.0,893282000.0,0.183,893282000.0,783005000.0,722683000.0,3.75,3.72,3.75,1931562000.0,1908445000.0,1931562000.0,9159217580.0,12.0,10.253,463593000.0,3.401,1.0,1710171000.0,0.351,1213592000.0,60322000.0,2987125000.0,3197210250.0,995564000.0,0.0,0.0,0.0,3026177000.0,1471875000.0,1554302000.0,8155328580.0,86546000.0,46805000.0,-246504000.0,-41217000.0,-85118000.0,-391177000.0,-84083000.0,0.0,594481000.0,-32675000.0,513372000.0,513372000.0,513372000.0,0.0,6061000.0,0.105,924785000.0,785386000.0,611715000.0,0.704,4.222,15.886,15.955,693881000.0,0.0,59.83,1.672,1.672,1082447000.0,3415738000.0,4877885000.0,4877885000.0,0.0,0.106,0.269,0.245,0.161,42675000.0,936900000.0,1.0,136308350.0,136308350.0,,35.786,3754428000.0,190331000.0,209311000.0,12957000.0,27.544,1322288000.0
27,FLS,MRT,2014-09-30,2014-09-30,2014-09-30,2021-09-07,-302184000.0,4793774000.0,4869006250.0,2673210000.0,2120564000.0,1.003,13.997,-125693000.0,162869000.0,162869000.0,3186576000.0,506349000.0,2.033,1.499,1166758000.0,54122000.0,1112636000.0,1166758000.0,0.0,111111000.0,0.0,0.037,2.62,753586000.0,864697000.0,0.177,864697000.0,753586000.0,692130000.0,3.62,3.61,3.62,1914914000.0,1893149250.0,1914914000.0,10693410689.0,14.0,12.367,383030000.0,2.8,1.0,1699390000.0,0.348,1225283000.0,61456000.0,3257775000.0,3212186000.0,1118283000.0,0.0,0.0,0.0,2870075000.0,1314605000.0,1555470000.0,9647420689.0,49118000.0,-19853000.0,-276507000.0,60777000.0,-82847000.0,-296424000.0,-145546000.0,0.0,508723000.0,-17635000.0,500893000.0,500893000.0,500893000.0,0.0,5456000.0,0.103,935411000.0,763979000.0,490514000.0,0.724,5.038,19.26,19.481,678307000.0,0.0,70.52,1.975,1.975,1131075000.0,3278771000.0,4885966000.0,4885966000.0,0.0,0.103,0.265,0.235,0.154,29550000.0,945828000.0,1.0,136804037.0,136804037.0,,35.715,3568491000.0,179207000.0,191237000.0,11170000.0,26.085,1358605000.0
28,FLS,MRT,2014-06-30,2014-06-30,2014-06-30,2021-09-07,-206574000.0,4886110000.0,4844611250.0,2728990000.0,2157120000.0,1.014,14.067,-129491000.0,143569000.0,143569000.0,3210372000.0,502279000.0,2.02,1.526,1189559000.0,65698000.0,1123861000.0,1189559000.0,0.0,110412000.0,0.0,0.035,2.6,752356000.0,862768000.0,0.176,862768000.0,752356000.0,692984000.0,3.58,3.58,3.58,1931818000.0,1865585000.0,1931818000.0,11238557338.0,15.0,13.026,379827000.0,2.766,1.0,1700639000.0,0.346,1253828000.0,59372000.0,3327556000.0,3121363000.0,1160181000.0,0.0,0.0,0.0,2947367000.0,1350716000.0,1596651000.0,10210641338.0,38857000.0,-19853000.0,-305061000.0,62010000.0,-80658000.0,-319856000.0,-149344000.0,0.0,509318000.0,-1261000.0,498602000.0,498602000.0,498602000.0,0.0,3677000.0,0.102,935715000.0,764924000.0,516020000.0,0.726,5.286,20.479,20.768,696751000.0,0.0,74.35,2.079,2.079,1157758000.0,3172209000.0,4911011000.0,4911011000.0,0.0,0.103,0.267,0.241,0.153,27542000.0,946525000.0,1.0,137332096.0,137332096.0,,35.76,3632282000.0,178987000.0,194382000.0,12394000.0,26.449,1378274000.0
29,FLS,MRT,2014-03-31,2014-03-31,2014-03-31,2021-09-07,-215755000.0,4759408000.0,4782619500.0,2607267000.0,2152141000.0,1.03,13.486,-134753000.0,164416000.0,164416000.0,3234250000.0,498008000.0,1.984,1.561,1192332000.0,75088000.0,1117244000.0,1192332000.0,0.0,108545000.0,0.0,0.038,3.0,746928000.0,855473000.0,0.174,855473000.0,746928000.0,689458000.0,3.53,3.52,3.53,1855486000.0,1811663500.0,1855486000.0,11615055368.0,16.0,13.577,376411000.0,2.736,1.0,1691909000.0,0.343,1256929000.0,57470000.0,3216385000.0,3002049500.0,1121248000.0,0.0,0.0,0.0,2896535000.0,1314010000.0,1582525000.0,10778562368.0,-5021000.0,-19853000.0,-412363000.0,124017000.0,-78770000.0,-359657000.0,-154606000.0,0.0,511164000.0,-1922000.0,495475000.0,495475000.0,495475000.0,0.0,2533000.0,0.101,937779000.0,754130000.0,470222000.0,0.85,5.809,21.754,22.193,694921000.0,0.0,78.34,2.188,2.188,1064216000.0,3070775000.0,4926159000.0,4926159000.0,0.0,0.104,0.273,0.249,0.152,25992000.0,948547000.0,1.0,137586959.0,137586959.0,,35.804,3502479000.0,175930000.0,193983000.0,12280000.0,25.456,1293257000.0
30,FLS,MRT,2013-12-31,2013-12-31,2013-12-31,2021-09-07,-221477000.0,5036733000.0,4759841000.0,2847382000.0,2189351000.0,1.041,13.411,-137437000.0,363804000.0,363804000.0,3266524000.0,488320000.0,1.827,1.689,1200297000.0,72678000.0,1127619000.0,1200297000.0,0.0,106392000.0,0.0,0.012,0.98,744644000.0,851036000.0,0.172,851036000.0,744644000.0,690231000.0,3.43,3.41,3.43,1870379000.0,1793373750.0,1870379000.0,11988717053.0,16.0,14.087,350322000.0,2.512,1.0,1688095000.0,0.341,1268099000.0,54413000.0,3047028000.0,2901945500.0,1060670000.0,0.0,0.0,0.0,3159612000.0,1558099000.0,1601513000.0,10994310053.0,59552000.0,-30561000.0,-458310000.0,273195000.0,-76897000.0,-255824000.0,-167998000.0,0.0,487759000.0,-4385000.0,485530000.0,485530000.0,485530000.0,0.0,2790000.0,0.098,927812000.0,760283000.0,612092000.0,0.286,5.878,22.644,22.983,716289000.0,0.0,78.83,2.219,2.219,1155327000.0,2985391000.0,4954619000.0,4954619000.0,0.0,0.102,0.271,0.257,0.15,25646000.0,966829000.0,1.0,139468604.0,139468604.0,,35.525,3768634000.0,176981000.0,204701000.0,12319000.0,27.021,1289283000.0
31,FLS,MRT,2013-09-30,2013-09-30,2013-09-30,2021-09-07,-242778000.0,4696194000.0,4703397250.0,2626651000.0,2069543000.0,1.04,12.834,-139632000.0,113751000.0,113751000.0,3228205000.0,488262000.0,1.648,1.599,1108158000.0,268934000.0,839224000.0,1108158000.0,0.0,105032000.0,0.0,0.015,0.96,740856000.0,845888000.0,0.173,845888000.0,740856000.0,688948000.0,3.36,3.337,3.36,1804657000.0,1798333750.0,1804657000.0,9795150126.0,13.0,11.58,363822000.0,2.587,1.0,1665185000.0,0.34,1201869000.0,51908000.0,2894483000.0,2800375500.0,1184188000.0,0.0,0.0,0.0,2885727000.0,1594249000.0,1291478000.0,8772778126.0,-103669000.0,36097000.0,-608205000.0,190599000.0,-75533000.0,-501018000.0,-103535000.0,0.0,503454000.0,-2570000.0,486048000.0,486048000.0,486048000.0,0.0,2214000.0,0.099,915044000.0,750141000.0,495295000.0,0.286,4.861,18.049,18.568,678934000.0,0.0,62.39,1.793,1.793,1089748000.0,2863863000.0,4893390000.0,4893390000.0,0.0,0.103,0.27,0.265,0.151,23601000.0,954825000.0,1.0,140611927.0,140611927.0,,34.801,3494325000.0,177001000.0,202900000.0,7606000.0,24.851,1032402000.0
32,FLS,MRT,2013-06-30,2013-06-30,2013-06-30,2021-09-07,-281369000.0,4638143000.0,4715285750.0,2611866000.0,2026277000.0,1.024,12.002,-130446000.0,104712000.0,104712000.0,3198206000.0,468566000.0,1.612,1.699,1127084000.0,277873000.0,849211000.0,1127084000.0,0.0,104337000.0,0.0,0.017,0.94,701878000.0,806215000.0,0.167,806215000.0,701878000.0,650872000.0,3.16,3.127,3.16,1716132000.0,1851371500.0,1716132000.0,8622695614.0,12.0,10.695,293483000.0,2.053,1.0,1632050000.0,0.338,1190123000.0,51006000.0,2850302000.0,2787821000.0,1184242000.0,0.0,0.0,0.0,2916194000.0,1620090000.0,1296104000.0,7722478614.0,-70501000.0,33892000.0,-645361000.0,331185000.0,-74304000.0,-397737000.0,-96554000.0,0.0,423929000.0,-139000.0,466073000.0,466073000.0,466073000.0,0.0,2493000.0,0.096,909591000.0,722459000.0,526116000.0,0.297,4.5,16.569,17.092,660119000.0,0.0,54.01,1.599,1.599,1080240000.0,2757262000.0,4830256000.0,4830256000.0,0.0,0.099,0.252,0.252,0.145,27603000.0,951053000.0,1.0,142982385.0,142982385.0,,33.782,3448020000.0,173658000.0,184799000.0,10172000.0,24.115,991776000.0
33,FLS,MRT,2013-03-31,2013-03-31,2013-03-31,2021-09-07,-255231000.0,4668294000.0,4707220750.0,2633838000.0,2034456000.0,1.014,12.346,-131754000.0,169437000.0,169437000.0,3177879000.0,456157000.0,1.685,1.616,1069654000.0,210365000.0,859289000.0,1069654000.0,0.0,104708000.0,0.0,0.009,0.5,673790000.0,778498000.0,0.163,778498000.0,673790000.0,626987000.0,2.97,2.947,2.97,1782327000.0,1919238500.0,1782327000.0,8695048821.0,13.0,11.169,385197000.0,2.668,1.0,1595076000.0,0.334,1189416000.0,46803000.0,2815969000.0,2644647000.0,1155773000.0,0.0,0.0,0.0,2880534000.0,1563126000.0,1317408000.0,8070706821.0,-3257000.0,33892000.0,-905444000.0,570679000.0,-73869000.0,-419738000.0,-97862000.0,0.0,516951000.0,-2608000.0,453003000.0,453003000.0,453003000.0,0.0,3154000.0,0.095,891342000.0,703734000.0,514067000.0,0.168,4.528,17.816,18.823,666422000.0,0.0,55.903,1.691,1.691,1056321000.0,2656814000.0,4772955000.0,4772955000.0,0.0,0.096,0.236,0.255,0.141,28506000.0,934745000.0,1.0,144368973.0,144368973.0,,33.061,3478878000.0,179226000.0,173984000.0,6808000.0,24.097,1070712000.0
34,FLS,MRT,2012-12-31,2012-12-31,2012-12-31,2021-09-07,-224310000.0,4810958000.0,4694749750.0,2740216000.0,2070742000.0,1.012,12.605,-118606000.0,304252000.0,304252000.0,3170388000.0,450799000.0,1.723,1.543,928594000.0,59478000.0,869116000.0,928594000.0,0.0,107226000.0,0.0,0.01,0.48,652625000.0,759851000.0,0.16,759851000.0,652625000.0,609105000.0,2.86,2.84,2.86,1890219000.0,2063074250.0,1890219000.0,8048260230.0,12.0,10.592,398524000.0,2.658,1.0,1580951000.0,0.333,1203927000.0,43520000.0,2640748000.0,2527305250.0,1086663000.0,0.0,0.0,0.0,2916483000.0,1590625000.0,1325858000.0,7337684230.0,-33104000.0,-7821000.0,-771942000.0,423882000.0,-73765000.0,-428922000.0,-126427000.0,0.0,517130000.0,5115000.0,448339000.0,448339000.0,448339000.0,0.0,2460000.0,0.094,905173000.0,675778000.0,616900000.0,0.168,3.882,16.366,17.11,654179000.0,0.0,48.933,1.544,1.544,1103724000.0,2579308000.0,4751339000.0,4751339000.0,0.0,0.095,0.217,0.258,0.137,24196000.0,922125000.0,1.0,149952675.0,149952675.0,,31.686,3607031000.0,177799000.0,160766000.0,7654000.0,24.054,1149591000.0
35,FLS,MRT,2012-09-30,2012-09-30,2012-09-30,2021-09-07,-205427000.0,4743748000.0,4647663750.0,2721070000.0,2022678000.0,1.009,13.148,-108771000.0,217420000.0,217420000.0,3135141000.0,434416000.0,1.929,1.347,927996000.0,48861000.0,879135000.0,927996000.0,0.0,108788000.0,0.0,0.011,0.467,638687000.0,747475000.0,0.159,747475000.0,638687000.0,599314000.0,2.683,2.663,2.683,2016808000.0,2157972750.0,2016808000.0,7152880225.0,11.0,9.569,382091000.0,2.491,1.0,1553416000.0,0.331,1199620000.0,39373000.0,2844265000.0,2395016750.0,1155725000.0,0.0,0.0,0.0,2716523000.0,1410439000.0,1306084000.0,6531318225.0,-10465000.0,-97436000.0,-642776000.0,410790000.0,-73332000.0,-293833000.0,-206207000.0,0.0,490862000.0,-1287000.0,431834000.0,431834000.0,431834000.0,0.0,2582000.0,0.092,887030000.0,666386000.0,516500000.0,0.174,3.238,15.125,15.87,605360000.0,0.0,42.58,1.393,1.393,1105641000.0,2455401000.0,4688557000.0,4688557000.0,0.0,0.093,0.2,0.267,0.136,22854000.0,906040000.0,1.0,153389343.0,153389343.0,,30.566,3544128000.0,148270000.0,167480000.0,8748000.0,23.105,1310631000.0
36,FLS,MRT,2012-06-30,2012-06-30,2012-06-30,2021-09-07,-237302000.0,4605883000.0,4581853000.0,2617647000.0,1988236000.0,1.014,12.121,-107918000.0,175213000.0,175213000.0,3104049000.0,435538000.0,1.494,1.312,796775000.0,370635000.0,426140000.0,796775000.0,0.0,109401000.0,0.0,0.012,0.453,630845000.0,740246000.0,0.159,740246000.0,630845000.0,595072000.0,2.63,2.613,2.63,1987600000.0,2228446750.0,1987600000.0,6598975885.0,10.0,8.915,408465000.0,2.491,1.0,1540398000.0,0.332,1197249000.0,35773000.0,2277606000.0,2261226750.0,1149178000.0,0.0,0.0,0.0,2608279000.0,1752590000.0,855689000.0,6272248885.0,-46099000.0,-95231000.0,-556873000.0,277059000.0,-72662000.0,-343215000.0,-203149000.0,0.0,516383000.0,-16118000.0,433309000.0,433309000.0,433309000.0,0.0,2229000.0,0.093,884761000.0,655637000.0,541925000.0,0.172,3.156,14.475,14.544,591805000.0,0.0,38.25,1.35,1.35,1057642000.0,2367469000.0,4644447000.0,4644447000.0,0.0,0.095,0.194,0.279,0.136,19651000.0,904239000.0,1.0,163980363.0,163980363.0,,28.323,3408634000.0,145896000.0,161763000.0,8848000.0,20.787,865057000.0
37,FLS,MRT,2012-03-31,2012-03-31,2012-03-31,2021-09-07,-181339000.0,4618410000.0,4571201250.0,2606223000.0,2012187000.0,1.004,14.421,-103868000.0,172694000.0,172694000.0,3062840000.0,425777000.0,1.889,0.955,499421000.0,60773000.0,438648000.0,499421000.0,0.0,110162000.0,0.0,0.011,0.44,621520000.0,731682000.0,0.159,731682000.0,621520000.0,585135000.0,2.56,2.54,2.56,2357670000.0,2311801000.0,2357670000.0,6462849130.0,10.0,8.833,234641000.0,1.435,1.0,1525134000.0,0.332,1218715000.0,36385000.0,2346602000.0,2278176750.0,1141341000.0,0.0,0.0,0.0,2251758000.0,1379820000.0,871938000.0,6294989130.0,-116164000.0,-96121000.0,-158454000.0,-26439000.0,-70835000.0,-245991000.0,-199989000.0,0.0,338509000.0,-8693000.0,424725000.0,424725000.0,424725000.0,0.0,1052000.0,0.093,894187000.0,630947000.0,501496000.0,0.172,2.67,14.821,15.04,602854000.0,0.0,38.503,1.372,1.372,1049125000.0,2278806000.0,4587974000.0,4587974000.0,0.0,0.093,0.184,0.273,0.135,19706000.0,913330000.0,1.0,163492056.0,163492056.0,,28.062,3399695000.0,139944000.0,160410000.0,9723000.0,20.794,1226403000.0
38,FLS,MRT,2011-12-31,2011-12-31,2011-12-31,2021-09-07,-216097000.0,4622614000.0,4528982250.0,2628354000.0,1994260000.0,0.996,13.618,-103698000.0,337356000.0,337356000.0,2996555000.0,429231000.0,1.788,1.033,505216000.0,53623000.0,451593000.0,505216000.0,0.0,107561000.0,0.0,0.013,0.427,623287000.0,730848000.0,0.162,730848000.0,623287000.0,587106000.0,2.57,2.55,2.57,2269813000.0,2276735250.0,2269813000.0,5797993267.0,9.0,7.933,114515000.0,0.687,1.0,1513646000.0,0.336,1208559000.0,36181000.0,2111594000.0,2238326750.0,1008379000.0,0.0,0.0,0.0,2344384000.0,1470321000.0,874063000.0,5517990267.0,-220223000.0,-90505000.0,-150000000.0,-23419000.0,-69557000.0,-238956000.0,-194203000.0,0.0,218213000.0,-5277000.0,428582000.0,428582000.0,428582000.0,0.0,649000.0,0.095,894969000.0,618677000.0,597342000.0,0.166,2.431,12.875,12.882,598746000.0,0.0,33.107,1.223,1.223,1060249000.0,2205524000.0,4510201000.0,4510201000.0,0.0,0.095,0.188,0.278,0.138,26422000.0,914080000.0,1.0,166673085.0,166673085.0,,27.06,3414055000.0,139748000.0,158524000.0,10755000.0,20.484,1158033000.0
39,FLS,MRT,2011-09-30,2011-09-30,2011-09-30,2021-09-07,-179951000.0,4480505000.0,4488306250.0,2577466000.0,1903039000.0,0.977,13.748,-118925000.0,227885000.0,227885000.0,2906986000.0,416123000.0,1.986,0.946,507888000.0,50033000.0,457855000.0,507888000.0,0.0,112173000.0,0.0,0.017,0.417,595401000.0,707574000.0,0.161,707574000.0,595401000.0,560360000.0,2.49,2.467,2.49,2298704000.0,2235037500.0,2298704000.0,4423319918.0,7.0,6.251,103384000.0,0.618,1.0,1478139000.0,0.337,1153337000.0,35041000.0,2309105000.0,2163934500.0,1076704000.0,0.0,0.0,0.0,2173636000.0,1298066000.0,875570000.0,4124471918.0,-82728000.0,-890000.0,-58605000.0,-58269000.0,-67957000.0,-184575000.0,-120490000.0,0.0,222309000.0,28000.0,415989000.0,415989000.0,415989000.0,0.0,134000.0,0.095,888870000.0,589269000.0,459900000.0,0.167,1.794,9.915,9.906,564759000.0,0.0,24.667,0.941,0.941,1022897000.0,2098054000.0,4385125000.0,4385125000.0,0.0,0.093,0.186,0.275,0.136,26510000.0,906297000.0,1.0,167208321.0,167208321.0,,26.226,3327168000.0,150292000.0,144371000.0,18513000.0,19.898,1279400000.0
40,FLS,MRT,2011-06-30,2011-06-30,2011-06-30,2021-09-07,-74787000.0,4563276000.0,4425636000.0,2589622000.0,1973654000.0,0.957,13.858,-113393000.0,221312000.0,221312000.0,2799942000.0,412392000.0,1.941,0.962,520160000.0,55697000.0,464463000.0,520160000.0,0.0,109983000.0,0.0,0.011,0.407,594932000.0,704915000.0,0.166,704915000.0,594932000.0,560169000.0,2.463,2.44,2.463,2321017000.0,2164226250.0,2321017000.0,6371220195.0,11.0,9.038,57283000.0,0.342,1.0,1435051000.0,0.339,1182429000.0,34763000.0,2345406000.0,2101378250.0,1090575000.0,0.0,0.0,0.0,2231816000.0,1334289000.0,897527000.0,6134944195.0,-282190000.0,-200286000.0,-54411000.0,-48838000.0,-66387000.0,-166624000.0,-315101000.0,0.0,170676000.0,28859000.0,412137000.0,412137000.0,412137000.0,0.0,255000.0,0.097,871543000.0,563508000.0,479221000.0,0.165,2.643,14.886,14.872,593233000.0,0.0,36.63,1.449,1.449,1000702000.0,2008272000.0,4234993000.0,4234993000.0,0.0,0.093,0.19,0.283,0.14,28781000.0,888042000.0,1.0,167484144.0,167484144.0,,25.286,3380847000.0,157363000.0,148032000.0,17572000.0,20.186,1255333000.0
41,FLS,MRT,2011-03-31,2011-03-31,2011-03-31,2021-09-07,-102286000.0,4449534000.0,4274458250.0,2493220000.0,1956314000.0,0.952,13.263,-99657000.0,288858000.0,288858000.0,2661259000.0,405472000.0,1.883,1.002,525134000.0,54277000.0,470857000.0,525134000.0,0.0,105957000.0,0.0,0.009,0.397,582413000.0,688370000.0,0.169,688370000.0,582413000.0,548502000.0,2.42,2.393,2.42,2217407000.0,2042473000.0,2217407000.0,7148088380.0,12.0,10.384,176890000.0,1.058,1.0,1409078000.0,0.346,1174713000.0,33911000.0,2187202000.0,1989139250.0,1021443000.0,0.0,0.0,0.0,2221680000.0,1323895000.0,897785000.0,7177956380.0,-179498000.0,-199396000.0,-52234000.0,-43740000.0,-64697000.0,-157265000.0,-300475000.0,0.0,276547000.0,1695000.0,405052000.0,405052000.0,405052000.0,0.0,420000.0,0.1,839647000.0,569431000.0,461967000.0,0.164,3.237,17.721,17.741,586348000.0,0.0,42.933,1.763,1.763,909342000.0,1927584000.0,4070337000.0,4070337000.0,0.0,0.095,0.198,0.293,0.143,27565000.0,856389000.0,1.0,167188425.0,167188425.0,,24.346,3274821000.0,156598000.0,143450000.0,18608000.0,19.588,1169325000.0
42,FLS,MRT,2010-12-31,2010-12-31,2010-12-31,2021-09-07,-150506000.0,4459910000.0,4179335000.0,2523744000.0,1936166000.0,0.965,12.556,-90972000.0,557579000.0,557579000.0,2622343000.0,388681000.0,1.733,1.116,527711000.0,51481000.0,476230000.0,527711000.0,0.0,104541000.0,0.0,0.01,0.387,564187000.0,668728000.0,0.166,668728000.0,564187000.0,529886000.0,2.32,2.293,2.32,2103022000.0,1943251500.0,2103022000.0,6909950460.0,12.0,10.333,264803000.0,1.581,1.0,1409693000.0,0.35,1159642000.0,34301000.0,1814025000.0,1923713000.0,886731000.0,0.0,0.0,0.0,2346877000.0,1456375000.0,890502000.0,6656202460.0,-96741000.0,-199396000.0,-46015000.0,-41595000.0,-63582000.0,-142913000.0,-286717000.0,0.0,355775000.0,-22886000.0,388290000.0,388290000.0,388290000.0,0.0,391000.0,0.096,828341000.0,581352000.0,571021000.0,0.167,3.165,17.142,17.129,581245000.0,0.0,39.74,1.651,1.651,839566000.0,1848680000.0,4032036000.0,4032036000.0,0.0,0.093,0.2,0.293,0.14,22380000.0,844990000.0,1.0,167493771.0,167493771.0,,24.073,3300268000.0,156339000.0,141596000.0,16036000.0,19.704,1067369000.0
43,FLS,MRT,2010-09-30,2010-09-30,2010-09-30,2021-09-07,-145569000.0,4229824000.0,4126581000.0,2334225000.0,1895599000.0,0.991,12.01,-60506000.0,310613000.0,310613000.0,2656750000.0,386497000.0,1.841,1.095,564361000.0,28536000.0,535825000.0,564361000.0,0.0,96549000.0,0.0,0.01,0.38,560995000.0,657544000.0,0.161,657544000.0,560995000.0,525206000.0,2.303,2.28,2.303,2015459000.0,1866524250.0,2015459000.0,6183201567.0,11.0,9.403,349346000.0,2.082,1.0,1434006000.0,0.351,1156443000.0,35789000.0,2058880000.0,1898610250.0,947818000.0,0.0,0.0,0.0,2206736000.0,1268249000.0,938487000.0,6120768567.0,19388000.0,-199396000.0,-41483000.0,-6016000.0,-62472000.0,-102872000.0,-255576000.0,0.0,409852000.0,-32016000.0,386206000.0,386206000.0,386206000.0,0.0,291000.0,0.094,854185000.0,579821000.0,437139000.0,0.165,3.037,15.848,15.837,544449000.0,0.0,36.473,1.496,1.496,839710000.0,1752543000.0,4090756000.0,4090756000.0,0.0,0.094,0.207,0.295,0.137,23548000.0,870841000.0,1.0,167814894.0,167814894.0,,24.377,3073381000.0,149519000.0,139000000.0,21827000.0,18.314,1065976000.0
44,FLS,MRT,2010-06-30,2010-06-30,2010-06-30,2021-09-07,-241440000.0,3958565000.0,4073381750.0,2293907000.0,1664658000.0,1.024,10.904,-65973000.0,503502000.0,503502000.0,2684426000.0,398911000.0,1.982,1.155,565935000.0,29554000.0,536381000.0,565935000.0,0.0,95566000.0,0.0,0.013,0.373,582166000.0,677732000.0,0.163,677732000.0,582166000.0,544524000.0,2.383,2.357,2.383,1834004000.0,1792803250.0,1834004000.0,4851896043.0,8.0,7.159,389534000.0,2.316,1.0,1485713000.0,0.356,967053000.0,37642000.0,1896450000.0,1880171750.0,798035000.0,0.0,0.0,0.0,2118548000.0,1157495000.0,961053000.0,4754194043.0,251964000.0,-2381000.0,-40118000.0,-5202000.0,-61299000.0,-99893000.0,-63281000.0,0.0,455507000.0,-40369000.0,399231000.0,399231000.0,399231000.0,0.0,-320000.0,0.096,873883000.0,611830000.0,387575000.0,0.157,2.592,11.908,11.862,503334000.0,0.0,28.267,1.14,1.14,762859000.0,1665151000.0,4170139000.0,4170139000.0,0.0,0.098,0.223,0.31,0.14,23346000.0,890365000.0,1.0,168190827.0,168190827.0,,24.794,2991512000.0,161985000.0,145293000.0,18051000.0,17.786,1136412000.0
45,FLS,MRT,2010-03-31,2010-03-31,2010-03-31,2021-09-07,-183140000.0,4069041000.0,4072074250.0,2358390000.0,1710651000.0,1.056,10.89,-75684000.0,468356000.0,468356000.0,2770773000.0,415711000.0,1.867,1.232,566058000.0,28211000.0,537847000.0,566058000.0,0.0,98581000.0,0.0,0.01,0.367,606945000.0,705526000.0,0.164,705526000.0,606945000.0,568054000.0,2.483,2.457,2.483,1820521000.0,1729690750.0,1820521000.0,6057143432.0,10.0,8.585,386663000.0,2.313,1.0,1528669000.0,0.356,978261000.0,38891000.0,1925497000.0,1890417500.0,797069000.0,0.0,0.0,0.0,2242846000.0,1262985000.0,979861000.0,6144735432.0,266817000.0,-30750000.0,-38524000.0,-3327000.0,-60251000.0,-95946000.0,-101361000.0,0.0,462347000.0,1777000.0,415802000.0,415802000.0,415802000.0,0.0,-91000.0,0.097,904115000.0,624554000.0,397458000.0,0.148,3.375,14.778,14.803,534133000.0,0.0,36.757,1.429,1.429,815871000.0,1590281000.0,4299442000.0,4299442000.0,0.0,0.102,0.24,0.321,0.141,28235000.0,920380000.0,1.0,167173359.0,167173359.0,,25.718,3090780000.0,172449000.0,152252000.0,20484000.0,18.488,1095405000.0
46,FLS,MRT,2009-12-31,2009-12-31,2009-12-31,2021-09-07,-149028000.0,4248894000.0,4003229500.0,2499322000.0,1749572000.0,1.09,10.72,-107892000.0,654320000.0,654320000.0,2817130000.0,428331000.0,1.714,1.362,566728000.0,27355000.0,539373000.0,566728000.0,0.0,95445000.0,0.0,0.011,0.36,624352000.0,719797000.0,0.165,719797000.0,624352000.0,584347000.0,2.553,2.53,2.553,1796113000.0,1627932250.0,1796113000.0,5557125060.0,9.0,7.72,323385000.0,1.93,1.0,1548132000.0,0.355,989605000.0,40005000.0,1713614000.0,1878395000.0,795233000.0,0.0,0.0,0.0,2447147000.0,1458083000.0,989064000.0,5279413060.0,182264000.0,-30750000.0,-38016000.0,-6366000.0,-59204000.0,-107078000.0,-138642000.0,0.0,431277000.0,-3293000.0,427887000.0,427887000.0,427887000.0,0.0,444000.0,0.098,918615000.0,629517000.0,493306000.0,0.141,2.939,12.338,12.342,560472000.0,0.0,31.51,1.209,1.209,791722000.0,1526774000.0,4365262000.0,4365262000.0,0.0,0.107,0.263,0.332,0.143,39577000.0,934451000.0,1.0,167547225.0,167547225.0,,26.054,3259289000.0,177188000.0,156460000.0,20477000.0,19.453,1041239000.0
47,FLS,MRT,2009-09-30,2009-09-30,2009-09-30,2021-09-07,-141392000.0,4017027000.0,3946929500.0,2267793000.0,1749234000.0,1.098,10.255,-141738000.0,291225000.0,291225000.0,2784275000.0,433059000.0,1.723,1.335,568937000.0,27786000.0,541151000.0,568937000.0,0.0,90324000.0,0.0,0.011,0.353,638761000.0,729085000.0,0.168,729085000.0,638761000.0,596004000.0,2.573,2.553,2.573,1720575000.0,1520845750.0,1720575000.0,5830461945.0,9.0,7.997,276661000.0,1.649,1.0,1550871000.0,0.358,993271000.0,42757000.0,1985126000.0,1841660500.0,884422000.0,0.0,0.0,0.0,2296452000.0,1316342000.0,980110000.0,5511021945.0,137275000.0,-30750000.0,-54258000.0,-300000.0,-58284000.0,-118715000.0,-172488000.0,0.0,418399000.0,10079000.0,431902000.0,431902000.0,431902000.0,0.0,1157000.0,0.1,924259000.0,626612000.0,398507000.0,0.137,3.203,12.76,12.766,561679000.0,0.0,32.847,1.271,1.271,841251000.0,1431507000.0,4335146000.0,4335146000.0,0.0,0.109,0.284,0.347,0.147,42958000.0,939066000.0,1.0,167780250.0,167780250.0,,25.838,3023756000.0,168658000.0,164102000.0,20390000.0,18.022,951451000.0
48,FLS,MRT,2009-06-30,2009-06-30,2009-06-30,2021-09-07,-177887000.0,3953335000.0,3878999500.0,2221050000.0,1732285000.0,1.144,9.409,-148354000.0,251538000.0,251538000.0,2867084000.0,434343000.0,1.654,1.5,570978000.0,28344000.0,542634000.0,570978000.0,0.0,87029000.0,0.0,0.015,0.347,626794000.0,713823000.0,0.161,713823000.0,626794000.0,581051000.0,2.557,2.543,2.557,1581554000.0,1443193500.0,1581554000.0,4279022428.0,7.0,5.995,361764000.0,2.152,1.0,1570590000.0,0.354,992378000.0,45743000.0,1937433000.0,1784087500.0,891610000.0,0.0,0.0,0.0,2371781000.0,1342964000.0,1028817000.0,3911282428.0,114436000.0,-28369000.0,-143486000.0,-792000.0,-57561000.0,-201845000.0,-176723000.0,0.0,510118000.0,-17114000.0,432007000.0,432007000.0,432007000.0,0.0,2336000.0,0.097,940669000.0,629921000.0,437655000.0,0.136,2.473,9.054,9.101,550511000.0,0.0,23.27,0.881,0.881,853139000.0,1329739000.0,4437674000.0,4437674000.0,0.0,0.111,0.299,0.351,0.141,34926000.0,955600000.0,1.0,168082614.0,168082614.0,,26.402,2960957000.0,155694000.0,149044000.0,17805000.0,17.616,878086000.0
49,FLS,MRT,2009-03-31,2009-03-31,2009-03-31,2021-09-07,-249570000.0,3793662000.0,3838982750.0,2125280000.0,1668382000.0,1.173,8.426,-149616000.0,201539000.0,201539000.0,2902641000.0,449352000.0,1.585,1.684,569279000.0,25178000.0,544101000.0,569279000.0,0.0,81380000.0,0.0,0.018,0.34,641802000.0,723182000.0,0.161,723182000.0,641802000.0,593258000.0,2.623,2.61,2.623,1413487000.0,1423631000.0,1413487000.0,3239394278.0,5.0,4.479,251576000.0,1.5,1.0,1602239000.0,0.356,943131000.0,48544000.0,1877407000.0,1773885250.0,884033000.0,0.0,0.0,0.0,2380175000.0,1340864000.0,1039311000.0,3138102278.0,2145000.0,0.0,-168111000.0,6380000.0,-56859000.0,-216890000.0,-149616000.0,0.0,401192000.0,-32541000.0,446653000.0,446653000.0,446653000.0,0.0,2699000.0,0.099,958741000.0,643498000.0,445414000.0,0.13,2.22,7.026,7.132,533784000.0,0.0,18.707,0.697,0.697,828445000.0,1236723000.0,4504880000.0,4504880000.0,0.0,0.116,0.314,0.362,0.142,31258000.0,974407000.0,1.0,167753151.0,167753151.0,,26.854,2850531000.0,150553000.0,146605000.0,15491000.0,16.992,784416000.0
50,FLS,MRT,2008-12-31,2008-12-31,2008-12-31,2021-09-07,-211320000.0,4023694000.0,3814471250.0,2332425000.0,1691269000.0,1.173,8.064,-119621000.0,472056000.0,472056000.0,2893161000.0,445219000.0,1.451,1.937,573348000.0,27731000.0,545617000.0,573348000.0,0.0,81442000.0,0.0,0.019,0.333,641427000.0,722869000.0,0.162,722869000.0,641427000.0,590134000.0,2.583,2.57,2.583,1367767000.0,1423691750.0,1367767000.0,3326777158.0,5.0,4.602,289169000.0,1.705,1.0,1580312000.0,0.353,950314000.0,51293000.0,1566676000.0,1749085250.0,834612000.0,0.0,0.0,0.0,2649496000.0,1607996000.0,1041500000.0,2911841158.0,98818000.0,0.0,-153010000.0,9256000.0,-51481000.0,-185469000.0,-119621000.0,0.0,408790000.0,-4882000.0,442413000.0,442413000.0,442413000.0,0.0,2806000.0,0.099,964634000.0,615678000.0,598498000.0,0.129,2.129,6.582,6.646,547235000.0,0.0,17.167,0.651,0.651,808522000.0,1159634000.0,4473473000.0,4473473000.0,0.0,0.116,0.311,0.367,0.143,20172000.0,981597000.0,1.0,169621815.0,169621815.0,,26.373,3073380000.0,159451000.0,147721000.0,14668000.0,18.119,724429000.0
51,FLS,MRT,2008-09-30,2008-09-30,2008-09-30,2021-09-07,-89436000.0,3745307000.0,3688653000.0,2104612000.0,1640695000.0,1.197,8.191,-83486000.0,153950000.0,153950000.0,2878896000.0,428102000.0,1.465,1.656,568886000.0,21695000.0,547191000.0,568886000.0,0.0,83207000.0,0.0,0.01,0.3,611862000.0,695069000.0,0.157,695069000.0,611862000.0,558213000.0,2.453,2.44,2.453,1409966000.0,1404994250.0,1409966000.0,5528052373.0,9.0,7.953,284279000.0,1.651,1.0,1534990000.0,0.348,968627000.0,53649000.0,1754834000.0,1724161250.0,859289000.0,0.0,0.0,0.0,2335341000.0,1436782000.0,898559000.0,5093609373.0,79386000.0,-2312000.0,-120431000.0,-54702000.0,-45853000.0,-201116000.0,-85524000.0,0.0,367765000.0,-1739000.0,423878000.0,423878000.0,423878000.0,0.0,4224000.0,0.096,939498000.0,595492000.0,470580000.0,0.122,3.613,12.017,12.063,493711000.0,0.0,29.59,1.154,1.154,912042000.0,1059258000.0,4413886000.0,4413886000.0,0.0,0.115,0.302,0.355,0.139,9940000.0,957725000.0,1.0,172139553.0,172139553.0,,25.641,2776680000.0,141260000.0,134335000.0,7906000.0,16.13,667830000.0
52,FLS,MRT,2008-06-30,2008-06-30,2008-06-30,2021-09-07,12057000.0,3793268000.0,3570990250.0,2146404000.0,1646864000.0,1.17,8.698,-66864000.0,137102000.0,137102000.0,2735892000.0,373234000.0,1.6,1.523,571545000.0,23242000.0,548303000.0,571545000.0,0.0,81506000.0,0.0,0.006,0.267,565132000.0,646638000.0,0.155,646638000.0,565132000.0,509256000.0,2.143,2.127,2.143,1503304000.0,1344171000.0,1503304000.0,8239026961.0,15.0,12.741,234216000.0,1.355,1.0,1443649000.0,0.345,989296000.0,55876000.0,1896624000.0,1711030750.0,892810000.0,0.0,0.0,0.0,2289964000.0,1341791000.0,948173000.0,7875658961.0,85690000.0,-2312000.0,-20926000.0,-119605000.0,-40090000.0,-164328000.0,-69609000.0,0.0,301080000.0,18547000.0,369884000.0,369884000.0,369884000.0,0.0,3350000.0,0.088,904442000.0,539207000.0,490552000.0,0.125,5.239,21.292,21.263,508743000.0,0.0,45.567,1.884,1.884,919856000.0,956409000.0,4179541000.0,4179541000.0,0.0,0.104,0.275,0.33,0.135,13305000.0,924061000.0,1.0,172838163.0,172838163.0,,24.182,2803972000.0,123860000.0,139372000.0,6807000.0,16.223,804613000.0
53,FLS,MRT,2008-03-31,2008-03-31,2008-03-31,2021-09-07,8481000.0,3695616000.0,3404759250.0,2045085000.0,1650531000.0,1.161,8.221,-67381000.0,199394000.0,199394000.0,2624519000.0,312826000.0,1.586,1.614,562762000.0,12878000.0,549884000.0,562762000.0,0.0,79647000.0,0.0,0.007,0.233,491103000.0,570750000.0,0.144,570750000.0,491103000.0,432198000.0,1.803,1.79,1.803,1413730000.0,1238176000.0,1413730000.0,6168250730.0,13.0,10.807,251669000.0,1.463,1.0,1328094000.0,0.336,991670000.0,58905000.0,1778207000.0,1664559250.0,853881000.0,0.0,0.0,0.0,2281886000.0,1289107000.0,992779000.0,5983512730.0,157943000.0,-2312000.0,3564000.0,-95012000.0,-34273000.0,-108827000.0,-70681000.0,0.0,319050000.0,18401000.0,310225000.0,310225000.0,310225000.0,0.0,2601000.0,0.078,864309000.0,463785000.0,477854000.0,0.129,4.232,19.288,19.297,501640000.0,0.0,34.793,1.514,1.514,788459000.0,847961000.0,3952613000.0,3952613000.0,0.0,0.091,0.251,0.295,0.124,9838000.0,883446000.0,1.0,171972966.0,171972966.0,,22.984,2703946000.0,130235000.0,121973000.0,6258000.0,15.723,755978000.0
54,FLS,MRT,2007-12-31,2007-12-31,2007-12-31,2021-09-07,-21384000.0,3520421000.0,3220887250.0,1896771000.0,1623650000.0,1.168,7.543,-75571000.0,373238000.0,373238000.0,2514972000.0,257748000.0,1.517,1.723,557976000.0,7181000.0,550795000.0,557976000.0,0.0,77711000.0,0.0,0.006,0.2,420187000.0,497898000.0,0.132,497898000.0,420187000.0,360068000.0,1.493,1.48,1.493,1292977000.0,1138047000.0,1292977000.0,6038634356.0,14.0,12.128,342097000.0,1.996,1.0,1247722000.0,0.332,987999000.0,60119000.0,1466980000.0,1624200000.0,680199000.0,0.0,0.0,0.0,2227444000.0,1250180000.0,977264000.0,5496808356.0,302781000.0,-2312000.0,-28105000.0,-7991000.0,-25681000.0,-50144000.0,-77883000.0,0.0,417668000.0,13140000.0,255774000.0,255774000.0,255774000.0,0.0,1974000.0,0.068,835832000.0,411890000.0,513169000.0,0.134,4.251,21.491,21.478,488892000.0,0.0,32.067,1.461,1.461,666733000.0,774366000.0,3762694000.0,3762694000.0,0.0,0.079,0.225,0.259,0.112,13409000.0,854527000.0,1.0,171418140.0,171418140.0,,21.95,2532422000.0,119037000.0,104294000.0,6804000.0,14.773,646591000.0
55,FLS,MRT,2007-09-30,2007-09-30,2007-09-30,2021-09-07,-48024000.0,3274656000.0,3058090750.0,1691396000.0,1583260000.0,1.157,6.82,-87043000.0,74837000.0,74837000.0,2368536000.0,193418000.0,1.508,1.807,616663000.0,64554000.0,552109000.0,616663000.0,0.0,74794000.0,0.0,0.006,0.15,346528000.0,421322000.0,0.119,421322000.0,346528000.0,284002000.0,1.143,1.137,1.143,1166673000.0,1069949250.0,1166673000.0,4977175447.0,14.0,11.813,106823000.0,0.624,1.0,1168378000.0,0.33,992711000.0,62526000.0,1702312000.0,1628662500.0,729871000.0,0.0,0.0,0.0,2107983000.0,1121459000.0,986524000.0,4343996447.0,22370000.0,-4322000.0,-54707000.0,-39702000.0,-17176000.0,-87179000.0,-91416000.0,0.0,193866000.0,7099000.0,193418000.0,193418000.0,193418000.0,-189000.0,0.0,0.055,832558000.0,335820000.0,412583000.0,0.131,3.723,22.459,22.216,472704000.0,0.0,25.393,1.228,1.228,704734000.0,687079000.0,3536914000.0,3536914000.0,0.0,0.063,0.181,0.213,0.098,-45000.0,850593000.0,1.0,171068382.0,171068382.0,,20.675,2281945000.0,100219000.0,90584000.0,4507000.0,13.339,569937000.0
56,FLS,MRT,2007-06-30,2007-06-30,2007-06-30,2021-09-07,-69855000.0,3128344000.0,2926256750.0,1558281000.0,1570063000.0,1.158,6.306,-88305000.0,50979000.0,50979000.0,2283826000.0,159642000.0,1.471,1.898,684158000.0,130580000.0,553578000.0,684158000.0,0.0,74302000.0,0.0,0.004,0.1,298637000.0,372939000.0,0.11,372939000.0,298637000.0,235058000.0,0.947,0.94,0.947,1079324000.0,1015319750.0,1079324000.0,4695134728.0,16.0,12.59,5273000.0,0.031,1.0,1104598000.0,0.326,991383000.0,63579000.0,1710738000.0,1605722250.0,680955000.0,0.0,0.0,0.0,2049020000.0,1059402000.0,989618000.0,4084815728.0,-10292000.0,-4322000.0,-55480000.0,26752000.0,-8588000.0,-14504000.0,-93215000.0,0.0,93578000.0,3849000.0,159642000.0,159642000.0,159642000.0,-994000.0,0.0,0.047,815130000.0,289468000.0,405050000.0,0.106,3.785,25.587,25.202,462929000.0,0.0,23.867,1.206,1.206,664408000.0,632613000.0,3388424000.0,3388424000.0,0.0,0.055,0.157,0.186,0.088,4792000.0,831710000.0,1.0,171151497.0,171151497.0,,19.798,2136961000.0,97716000.0,75416000.0,5684000.0,12.486,498879000.0
57,FLS,MRT,2007-03-31,2007-03-31,2007-03-31,2021-09-07,-85984000.0,2960128000.0,2813957250.0,1400763000.0,1559365000.0,1.141,5.961,-83492000.0,40463000.0,40463000.0,2155824000.0,130046000.0,1.455,1.922,650782000.0,95708000.0,555074000.0,650782000.0,0.0,72532000.0,0.0,0.003,0.05,277725000.0,350257000.0,0.109,350257000.0,277725000.0,213647000.0,0.773,0.763,0.773,1013214000.0,973652500.0,1013214000.0,3734355740.0,13.0,10.662,51562000.0,0.303,1.0,1054782000.0,0.329,991277000.0,64078000.0,1616770000.0,1575678250.0,627427000.0,0.0,0.0,0.0,1946914000.0,962400000.0,984514000.0,3240243740.0,-7790000.0,-4322000.0,-46687000.0,-31696000.0,0.0,-57960000.0,-87363000.0,0.0,135054000.0,2479000.0,130046000.0,130046000.0,130046000.0,-994000.0,0.0,0.041,788864000.0,265918000.0,384083000.0,0.065,3.198,24.916,24.661,450815000.0,0.0,19.063,1.009,1.009,579506000.0,577974000.0,3210606000.0,3210606000.0,0.0,0.046,0.134,0.176,0.087,6066000.0,805428000.0,1.0,169972569.0,169972569.0,,18.889,1968851000.0,99115000.0,83601000.0,5053000.0,11.583,438363000.0
58,FLS,MRT,2006-12-31,2006-12-31,2006-12-31,2021-09-07,-90340000.0,2869235000.0,2719455750.0,1302881000.0,1566354000.0,1.126,5.851,-73528000.0,70457000.0,70457000.0,2053761000.0,115032000.0,1.474,1.811,564569000.0,8050000.0,556519000.0,564569000.0,0.0,70996000.0,0.0,0.0,0.0,253958000.0,324954000.0,0.106,324954000.0,253958000.0,188270000.0,0.687,0.673,0.687,1020586000.0,934252750.0,1020586000.0,3536484358.0,14.0,10.883,89658000.0,0.514,1.0,1007302000.0,0.329,994481000.0,65688000.0,1484830000.0,1561211750.0,547373000.0,0.0,0.0,0.0,1848649000.0,884036000.0,964613000.0,2934337358.0,-25864000.0,-4322000.0,-23250000.0,-108693000.0,0.0,-114537000.0,-77679000.0,0.0,163186000.0,3166000.0,115032000.0,115032000.0,115032000.0,-994000.0,0.0,0.038,767683000.0,239619000.0,412869000.0,0.0,2.875,25.509,24.488,442892000.0,0.0,16.823,0.959,0.959,551815000.0,582767000.0,3061063000.0,3061063000.0,0.0,0.042,0.123,0.163,0.083,7683000.0,782503000.0,1.0,174420687.0,174420687.0,,17.55,1874754000.0,120758000.0,73238000.0,4887000.0,10.748,418845000.0
59,FLS,MRT,2006-09-30,2006-09-30,2006-09-30,2021-09-07,-108760000.0,2747320000.0,2655563000.0,1210577000.0,1536743000.0,1.098,5.591,-67269000.0,52417000.0,52417000.0,1950086000.0,94576000.0,1.616,1.898,654564000.0,11039000.0,643525000.0,654564000.0,0.0,69182000.0,0.0,0.0,0.0,235411000.0,304593000.0,0.104,304593000.0,235411000.0,171827000.0,0.57,0.55,0.57,948155000.0,892457750.0,948155000.0,3454894991.0,15.0,11.343,54674000.0,0.322,1.0,965896000.0,0.331,989765000.0,63584000.0,1610551000.0,1562433750.0,489735000.0,0.0,0.0,0.0,1799165000.0,749151000.0,1050014000.0,2859971991.0,13503000.0,13590000.0,0.0,-50927000.0,0.0,-49750000.0,-55200000.0,0.0,121943000.0,-3490000.0,94576000.0,94576000.0,94576000.0,10883000.0,0.0,0.032,727656000.0,238240000.0,339106000.0,0.0,3.016,30.24,29.585,418969000.0,0.0,16.863,0.981,0.981,519063000.0,521309000.0,2915982000.0,2915982000.0,0.0,0.036,0.106,0.151,0.081,21155000.0,751315000.0,1.0,169597074.0,169597074.0,,17.194,1757555000.0,147157000.0,77251000.0,5488000.0,10.363,461426000.0
60,FLS,MRT,2006-06-30,2006-06-30,2006-06-30,2021-09-07,-105335000.0,2679146000.0,2611240000.0,1154953000.0,1524193000.0,1.07,5.383,-60844000.0,60683000.0,60683000.0,1867401000.0,55347000.0,1.669,1.936,655606000.0,10731000.0,644875000.0,655606000.0,0.0,67669000.0,0.0,0.0,0.0,186452000.0,254121000.0,0.091,254121000.0,186452000.0,120281000.0,0.333,0.317,0.333,912655000.0,871102250.0,912655000.0,3784321667.0,20.0,14.892,77143000.0,0.455,1.0,927309000.0,0.332,991446000.0,66171000.0,1590562000.0,1556386500.0,429407000.0,0.0,0.0,0.0,1766491000.0,692061000.0,1074430000.0,3215677667.0,17056000.0,13590000.0,0.0,-71310000.0,0.0,-71310000.0,-47954000.0,0.0,137987000.0,-1667000.0,55347000.0,55347000.0,55347000.0,26821000.0,0.0,0.02,696135000.0,231174000.0,321143000.0,0.0,3.523,58.1,56.957,421893000.0,0.0,18.967,1.151,1.151,506107000.0,493126000.0,2794710000.0,2794710000.0,0.0,0.021,0.064,0.12,0.067,13549000.0,716468000.0,1.0,169543638.0,169543638.0,,16.484,1687700000.0,139058000.0,64934000.0,5322000.0,9.954,462892000.0
61,FLS,MRT,2006-03-31,2006-03-31,2006-03-31,2021-09-07,-123847000.0,2582122000.0,2588878750.0,1074391000.0,1507731000.0,1.056,5.073,-52788000.0,48704000.0,48704000.0,1835604000.0,39688000.0,1.609,2.018,674353000.0,22833000.0,651520000.0,674353000.0,0.0,67891000.0,0.0,0.0,0.0,158076000.0,225967000.0,0.083,225967000.0,158076000.0,88304000.0,0.24,0.23,0.24,855615000.0,860502000.0,855615000.0,3917878474.0,25.0,17.338,75716000.0,0.449,1.0,897412000.0,0.328,981174000.0,69772000.0,1558904000.0,1534201500.0,391675000.0,0.0,0.0,0.0,1726507000.0,667693000.0,1058814000.0,3279793474.0,18063000.0,13590000.0,597000.0,-65536000.0,0.0,-64939000.0,-42118000.0,0.0,128504000.0,-3384000.0,39688000.0,39688000.0,39688000.0,27432000.0,0.0,0.015,683293000.0,214119000.0,310435000.0,0.0,3.833,82.639,81.028,400686000.0,0.0,19.447,1.2,1.2,481280000.0,460055000.0,2733016000.0,2733016000.0,0.0,0.015,0.046,0.103,0.058,16430000.0,699612000.0,1.0,168655818.0,168655818.0,,16.205,1600948000.0,151109000.0,48616000.0,5246000.0,9.492,406698000.0
62,FLS,MRT,2005-12-31,2005-12-31,2005-12-31,2021-09-07,-130657000.0,2613664000.0,2592626750.0,1109832000.0,1503832000.0,1.04,5.147,-49271000.0,96492000.0,96492000.0,1824716000.0,17074000.0,1.56,2.063,665136000.0,12367000.0,652769000.0,665136000.0,0.0,69888000.0,0.0,0.0,0.0,131782000.0,201670000.0,0.075,201670000.0,131782000.0,57657000.0,0.103,0.1,0.103,853406000.0,861653750.0,853406000.0,3083227245.0,23.0,15.288,78174000.0,0.471,1.0,870561000.0,0.323,981114000.0,74125000.0,1489718000.0,1539155750.0,416413000.0,0.0,0.0,0.0,1760258000.0,711476000.0,1048782000.0,2186628245.0,29105000.0,13590000.0,1111000.0,-54384000.0,0.0,-53273000.0,-39309000.0,0.0,127445000.0,-5758000.0,17074000.0,17074000.0,17074000.0,34345000.0,0.0,0.006,671738000.0,198823000.0,316713000.0,0.0,2.562,128.068,128.026,397622000.0,0.0,13.187,0.811,0.811,472946000.0,467735000.0,2695277000.0,2695277000.0,0.0,0.007,0.02,0.086,0.049,13796000.0,684271000.0,1.0,165821151.0,165821151.0,,16.254,1632550000.0,131701000.0,40583000.0,5044000.0,9.845,398356000.0
63,FLS,MRT,2005-09-30,2005-09-30,2005-09-30,2021-09-07,-89375000.0,2570028000.0,2597719500.0,1047546000.0,1522482000.0,0.991,5.203,-29643000.0,37393000.0,37393000.0,1755679000.0,11272000.0,1.589,1.979,699184000.0,18837000.0,680347000.0,699184000.0,0.0,71820000.0,0.0,0.0,0.0,116117000.0,187937000.0,0.073,187937000.0,116117000.0,37830000.0,0.067,0.067,0.067,862733000.0,865858500.0,862733000.0,2905798613.0,25.0,15.462,170936000.0,1.031,1.0,817818000.0,0.318,986341000.0,78287000.0,1586362000.0,1551843000.0,405298000.0,0.0,0.0,0.0,1707295000.0,659116000.0,1048179000.0,2009199613.0,-5249000.0,23907000.0,5411000.0,-209246000.0,0.0,-203835000.0,-7895000.0,0.0,200579000.0,5902000.0,11272000.0,11272000.0,11272000.0,25314000.0,0.0,0.004,637024000.0,180794000.0,297259000.0,0.0,2.329,178.247,180.846,397322000.0,0.0,12.117,0.781,0.781,424006000.0,438314000.0,2573497000.0,2573497000.0,0.0,0.004,0.013,0.075,0.045,12491000.0,645090000.0,1.0,165821151.0,165821151.0,,15.52,1583687000.0,141822000.0,26558000.0,5217000.0,9.551,388430000.0
64,FLS,MRT,2005-06-30,2005-06-30,2005-06-30,2021-09-07,-91242000.0,2589701000.0,2621620000.0,1055037000.0,1534664000.0,0.972,5.248,-29723000.0,42927000.0,42927000.0,1751385000.0,27590000.0,1.427,1.976,691427000.0,106972000.0,584455000.0,691427000.0,0.0,73349000.0,0.0,0.0,0.0,140561000.0,213910000.0,0.084,213910000.0,140561000.0,60221000.0,0.167,0.167,0.167,870254000.0,857688500.0,870254000.0,2569181676.0,18.0,12.011,199088000.0,1.201,1.0,796053000.0,0.312,997147000.0,80340000.0,1501822000.0,1611001000.0,403152000.0,0.0,0.0,0.0,1719447000.0,739232000.0,980215000.0,1672582676.0,16741000.0,24374000.0,6782000.0,-218123000.0,0.0,-211341000.0,-7085000.0,0.0,228811000.0,6356000.0,27590000.0,27590000.0,27590000.0,11083000.0,0.0,0.011,626890000.0,169163000.0,289646000.0,0.0,1.922,60.623,60.399,401558000.0,0.0,10.087,0.657,0.657,434045000.0,448264000.0,2547438000.0,2547438000.0,0.0,0.011,0.032,0.087,0.055,11241000.0,634956000.0,1.0,165821151.0,165821151.0,,15.363,1592554000.0,126036000.0,32631000.0,5517000.0,9.604,315805000.0
65,FLS,MRT,2005-03-31,2005-03-31,2005-03-31,2021-09-07,-74662000.0,2597114000.0,2635371500.0,1020641000.0,1576473000.0,0.939,5.188,-34695000.0,27721000.0,27721000.0,1709500000.0,15912000.0,1.461,2.019,717520000.0,86586000.0,630934000.0,717520000.0,0.0,74206000.0,0.0,0.0,0.0,131630000.0,205836000.0,0.083,205836000.0,131630000.0,51539000.0,0.097,0.097,0.097,860222000.0,845909000.0,860222000.0,2326530059.0,18.0,11.303,178133000.0,1.074,1.0,765049000.0,0.309,1009579000.0,80091000.0,1578721000.0,1705062250.0,409564000.0,0.0,0.0,0.0,1736892000.0,698613000.0,1038279000.0,1429931059.0,-11953000.0,24374000.0,7301000.0,-228300000.0,0.0,-220999000.0,-10321000.0,0.0,212828000.0,6539000.0,15912000.0,15912000.0,15912000.0,11157000.0,0.0,0.006,609259000.0,155790000.0,289890000.0,0.0,1.662,89.865,88.9,418959000.0,0.0,8.623,0.578,0.578,432921000.0,430314000.0,2474549000.0,2474549000.0,0.0,0.006,0.019,0.077,0.053,3069000.0,617325000.0,1.0,165821151.0,165821151.0,,14.923,1587535000.0,114408000.0,35627000.0,6955000.0,9.574,322028000.0
66,FLS,MRT,2004-12-31,2004-12-31,2004-12-31,2021-09-07,-66914000.0,2634035000.0,2652022750.0,1049668000.0,1584367000.0,0.951,5.248,-32648000.0,63759000.0,63759000.0,1759331000.0,27069000.0,1.482,2.027,701844000.0,44098000.0,657746000.0,701844000.0,0.0,73156000.0,0.0,0.0,0.0,149573000.0,222729000.0,0.088,222729000.0,149573000.0,69166000.0,0.163,0.163,0.163,870225000.0,835883250.0,870225000.0,2418837166.0,16.0,10.86,234853000.0,1.416,1.0,763158000.0,0.303,1023244000.0,80407000.0,1540467000.0,1788597500.0,388402000.0,0.0,0.0,0.0,1763810000.0,708409000.0,1055401000.0,1522238166.0,10237000.0,18571000.0,6787000.0,-257392000.0,0.0,-250605000.0,-14077000.0,0.0,267501000.0,7418000.0,27069000.0,27069000.0,27069000.0,1682000.0,0.0,0.011,597079000.0,166079000.0,316545000.0,0.0,1.749,56.235,56.319,432809000.0,0.0,9.18,0.603,0.603,462120000.0,434328000.0,2522489000.0,2522489000.0,0.0,0.01,0.032,0.084,0.059,1821000.0,605145000.0,1.0,165821151.0,165821151.0,,15.212,1610791000.0,91655000.0,42097000.0,0.0,9.714,341259000.0
67,FLS,MRT,2004-09-30,2004-09-30,2004-09-30,2021-09-07,-97380000.0,2665630000.0,2663642000.0,1088123000.0,1577507000.0,0.881,5.006,-35991000.0,40483000.0,40483000.0,1626655000.0,34448000.0,1.671,2.211,882037000.0,70636000.0,811401000.0,882037000.0,0.0,73819000.0,0.0,0.0,0.0,153456000.0,227275000.0,0.097,227275000.0,153456000.0,72453000.0,0.21,0.203,0.21,830053000.0,823942750.0,830053000.0,2233117477.0,15.0,9.826,116627000.0,0.703,1.0,719634000.0,0.307,1032965000.0,81003000.0,1822994000.0,1885647000.0,436096000.0,0.0,0.0,0.0,1835577000.0,651225000.0,1184352000.0,1336518477.0,7309000.0,-7543000.0,2487000.0,-109870000.0,0.0,-107383000.0,-43534000.0,0.0,152618000.0,5608000.0,34448000.0,34448000.0,34448000.0,8115000.0,0.0,0.015,551129000.0,168505000.0,267669000.0,0.0,1.61,38.798,38.381,431831000.0,0.0,8.06,0.57,0.57,500828000.0,429911000.0,2346289000.0,2346289000.0,0.0,0.013,0.042,0.081,0.065,892000.0,550909000.0,1.0,165821151.0,165821151.0,,14.15,1632665000.0,100185000.0,38005000.0,0.0,9.846,436898000.0
68,FLS,MRT,2004-06-30,2004-06-30,2004-06-30,2021-09-07,-95902000.0,2644707000.0,2635797000.0,1056498000.0,1588209000.0,0.865,5.058,-34642000.0,24450000.0,24450000.0,1579954000.0,37954000.0,1.695,2.213,914831000.0,83692000.0,831139000.0,914831000.0,0.0,73267000.0,0.0,0.0,0.0,148239000.0,221506000.0,0.097,221506000.0,148239000.0,67386000.0,0.23,0.227,0.23,823136000.0,820482500.0,823136000.0,2245684437.0,15.0,10.138,88318000.0,0.543,1.0,698864000.0,0.307,1033861000.0,80853000.0,1878067000.0,1922097250.0,431731000.0,0.0,0.0,0.0,1821571000.0,623160000.0,1198411000.0,1352948437.0,-29527000.0,-5803000.0,1116000.0,-117302000.0,0.0,-116186000.0,-40445000.0,0.0,122960000.0,4144000.0,37954000.0,37954000.0,37954000.0,7451000.0,0.0,0.017,540575000.0,158289000.0,256054000.0,0.0,1.644,35.647,36.145,437382000.0,0.0,8.313,0.594,0.594,495358000.0,423542000.0,2278818000.0,2278818000.0,0.0,0.014,0.046,0.077,0.065,567000.0,536519000.0,1.0,162744399.0,162744399.0,,14.002,1610846000.0,99043000.0,29432000.0,0.0,9.898,433338000.0
69,FLS,MRT,2004-03-31,2004-03-31,2004-03-31,2021-09-07,-91468000.0,2663719000.0,2628614750.0,1055624000.0,1608095000.0,0.863,4.955,-27963000.0,39674000.0,39674000.0,1580171000.0,46339000.0,1.724,2.248,940021000.0,82327000.0,857694000.0,940021000.0,0.0,72393000.0,0.0,0.0,0.0,151161000.0,223554000.0,0.099,223554000.0,151161000.0,68618000.0,0.28,0.277,0.28,820119000.0,816846000.0,820119000.0,2110091783.0,14.0,9.439,148984000.0,0.9,1.0,688522000.0,0.303,1038839000.0,82543000.0,1912862000.0,1962439500.0,415683000.0,0.0,0.0,0.0,1843600000.0,612365000.0,1231235000.0,1157691783.0,1207000.0,-5803000.0,0.0,-153061000.0,0.0,-153061000.0,-33766000.0,0.0,176947000.0,11087000.0,46339000.0,46339000.0,46339000.0,6549000.0,0.0,0.02,526500000.0,162022000.0,249109000.0,0.0,1.412,24.983,24.94,440894000.0,0.0,6.983,0.51,0.509,500288000.0,417272000.0,2268693000.0,2268693000.0,0.0,0.018,0.057,0.077,0.067,608000.0,515974000.0,1.0,165779253.0,165510000.0,,13.707,1624880000.0,100033000.0,22279000.0,0.0,9.817,443259000.0
70,FLS,MRT,2003-12-31,2003-12-31,2003-12-31,2021-09-07,-81996000.0,2680512000.0,2611646250.0,1062521000.0,1617991000.0,0.861,4.961,-26581000.0,53522000.0,53522000.0,1565932000.0,44463000.0,1.747,2.259,950801000.0,71035000.0,879766000.0,950801000.0,0.0,72168000.0,0.0,0.0,0.0,145918000.0,218086000.0,0.097,218086000.0,145918000.0,62198000.0,0.27,0.267,0.27,822463000.0,795294250.0,822463000.0,2106223601.0,14.0,9.658,154723000.0,0.933,1.0,682920000.0,0.304,1041044000.0,83720000.0,1928665000.0,2013345000.0,412374000.0,0.0,0.0,0.0,1858049000.0,608082000.0,1249967000.0,1153823601.0,4531000.0,0.0,0.0,-162798000.0,0.0,-162798000.0,-26581000.0,0.0,181304000.0,12606000.0,44463000.0,44463000.0,44463000.0,6014000.0,0.0,0.02,529363000.0,153557000.0,250614000.0,0.0,1.403,25.95,25.778,443864000.0,0.0,6.96,0.513,0.513,505949000.0,410128000.0,2248852000.0,2248852000.0,0.0,0.017,0.056,0.072,0.065,608000.0,511415000.0,1.0,165779253.0,165779253.0,,13.565,1639468000.0,96326000.0,17735000.0,0.0,9.889,454439000.0
71,FLS,MRT,2003-09-30,2003-09-30,2003-09-30,2021-09-07,-118862000.0,2554250000.0,2595783750.0,973875000.0,1580375000.0,0.895,4.934,-19351000.0,29974000.0,29974000.0,1638711000.0,28128000.0,1.932,2.129,982374000.0,43533000.0,938841000.0,982374000.0,0.0,69621000.0,0.0,0.0,0.0,138295000.0,207916000.0,0.09,207916000.0,138295000.0,49014000.0,0.163,0.167,0.163,816212000.0,769999250.0,816212000.0,2082596925.0,15.0,10.017,218078000.0,1.318,1.0,684159000.0,0.295,1033882000.0,89281000.0,1968795000.0,2064115000.0,438707000.0,0.0,0.0,0.0,1738038000.0,503973000.0,1234065000.0,1121477925.0,377000.0,-6809000.0,1000.0,-221858000.0,0.0,-221930000.0,-26160000.0,0.0,237429000.0,11038000.0,28128000.0,28128000.0,28128000.0,-2298000.0,0.0,0.012,544927000.0,139232000.0,217594000.0,0.0,1.374,39.871,41.513,439062000.0,0.0,6.767,0.483,0.482,442373000.0,441090000.0,2322870000.0,2322870000.0,0.0,0.011,0.037,0.067,0.06,1170000.0,517627000.0,1.0,165735654.0,165441000.0,,14.04,1520368000.0,35421000.0,20886000.0,0.0,9.19,469902000.0
72,FLS,MRT,2003-06-30,2003-06-30,2003-06-30,2021-09-07,-115713000.0,2615978000.0,2626015500.0,1028191000.0,1587787000.0,0.896,4.887,-20137000.0,55884000.0,55884000.0,1662604000.0,27601000.0,2.046,2.235,1017003000.0,32081000.0,984922000.0,1017003000.0,0.0,70033000.0,0.0,0.0,0.0,143726000.0,213759000.0,0.091,213759000.0,143726000.0,51520000.0,0.16,0.163,0.16,808590000.0,754677000.0,808590000.0,2125250476.0,15.0,9.942,243257000.0,1.47,1.0,691022000.0,0.294,1035180000.0,92206000.0,2039436000.0,2167518250.0,433655000.0,0.0,0.0,0.0,1807388000.0,502481000.0,1304907000.0,1086412476.0,-27506000.0,-7023000.0,1000.0,-272457000.0,0.0,-272747000.0,-27160000.0,0.0,263394000.0,9007000.0,27601000.0,27601000.0,27601000.0,-2536000.0,0.0,0.012,544967000.0,146055000.0,224997000.0,0.0,1.344,39.361,40.979,449744000.0,0.0,6.557,0.462,0.461,472166000.0,430492000.0,2353626000.0,2353626000.0,0.0,0.011,0.037,0.066,0.061,908000.0,513198000.0,1.0,165695853.0,165474000.0,,14.224,1580798000.0,36431000.0,23919000.0,0.0,9.553,525710000.0
73,FLS,MRT,2003-03-31,2003-03-31,2003-03-31,2021-09-07,-156641000.0,2595845000.0,2664934000.0,1024204000.0,1571641000.0,0.877,4.436,-21582000.0,38467000.0,38467000.0,1646512000.0,27289000.0,2.041,2.537,1077354000.0,31600000.0,1045754000.0,1077354000.0,0.0,69348000.0,0.0,0.0,0.0,145254000.0,214602000.0,0.092,214602000.0,145254000.0,50458000.0,0.167,0.167,0.167,733912000.0,742733000.0,733912000.0,1688489828.0,12.0,7.868,210246000.0,1.271,1.0,691691000.0,0.296,1016469000.0,94796000.0,2116484000.0,2291940500.0,423056000.0,0.0,0.0,0.0,1861933000.0,501779000.0,1360154000.0,643424828.0,19862000.0,-536192000.0,282524000.0,58903000.0,0.0,335510000.0,-557774000.0,0.0,231828000.0,10298000.0,27289000.0,27289000.0,27289000.0,-2319000.0,0.0,0.012,534942000.0,156749000.0,219343000.0,0.0,0.877,23.578,23.253,456623000.0,0.0,3.883,0.275,0.275,491419000.0,397564000.0,2338203000.0,2338203000.0,0.0,0.01,0.037,0.063,0.062,719000.0,506994000.0,1.0,165688797.0,165453000.0,,14.132,1579376000.0,37109000.0,23169000.0,0.0,9.546,522425000.0
74,FLS,MRT,2002-12-31,2002-12-31,2002-12-31,2021-09-07,-161978000.0,2617062000.0,2522853000.0,1014499000.0,1602563000.0,0.883,4.355,-22155000.0,49245000.0,49245000.0,1561701000.0,34759000.0,1.984,2.628,1094358000.0,38610000.0,1055748000.0,1094358000.0,0.0,64475000.0,0.0,0.0,0.0,159908000.0,224383000.0,0.101,224383000.0,159908000.0,64428000.0,0.223,0.223,0.223,721283000.0,664781750.0,721283000.0,1971838553.0,12.0,8.788,226873000.0,1.37,1.0,666335000.0,0.299,1019118000.0,95480000.0,2131745000.0,2248809750.0,419218000.0,0.0,0.0,0.0,1895779000.0,511312000.0,1384467000.0,816484553.0,27491000.0,-535067000.0,292775000.0,40953000.0,0.0,327648000.0,-557222000.0,0.0,249028000.0,8037000.0,34759000.0,34759000.0,34759000.0,-2063000.0,0.0,0.016,498746000.0,167589000.0,233505000.0,0.0,1.132,23.49,22.108,463698000.0,0.0,4.93,0.366,0.366,490423000.0,390085000.0,2228036000.0,2228036000.0,0.0,0.014,0.052,0.071,0.072,719000.0,478220000.0,1.0,165615528.0,165615528.0,,13.453,1597944000.0,26069000.0,29669000.0,0.0,9.649,503187000.0
75,FLS,MRT,2002-09-30,2002-09-30,2002-09-30,2021-09-07,-129496000.0,2675177000.0,2379569500.0,1106608000.0,1568569000.0,0.91,4.563,-28801000.0,32830000.0,32830000.0,1513535000.0,22296000.0,2.259,2.544,1188184000.0,50656000.0,1137528000.0,1188184000.0,0.0,66025000.0,0.0,0.0,0.0,144546000.0,210571000.0,0.097,210571000.0,144546000.0,46513000.0,0.13,0.127,0.13,754923000.0,584367000.0,754923000.0,1748558760.0,12.0,8.304,123180000.0,0.745,1.0,652068000.0,0.301,958322000.0,98033000.0,2382408000.0,2214906750.0,485762000.0,0.0,0.0,0.0,1920254000.0,489801000.0,1430453000.0,552047760.0,7938000.0,-527466000.0,445695000.0,-30126000.0,0.0,409562000.0,-556267000.0,0.0,151981000.0,2662000.0,22296000.0,22296000.0,22296000.0,0.0,0.0,0.01,479240000.0,172828000.0,205164000.0,0.0,0.731,24.76,25.641,475247000.0,0.0,3.333,0.255,0.255,510329000.0,392428000.0,2165603000.0,2165603000.0,0.0,0.009,0.038,0.065,0.067,0.0,456291000.0,1.0,165614328.0,165447000.0,,13.089,1716855000.0,40948000.0,24217000.0,7088000.0,10.377,616807000.0
76,FLS,MRT,2002-06-30,2002-06-30,2002-06-30,2021-09-07,-114488000.0,2771652000.0,2235410750.0,1200005000.0,1571647000.0,0.916,4.885,-27575000.0,81516000.0,81516000.0,1419659000.0,18782000.0,2.341,2.643,1278027000.0,73420000.0,1204607000.0,1278027000.0,0.0,66304000.0,0.0,0.0,0.0,143806000.0,210110000.0,0.103,210110000.0,143806000.0,41248000.0,0.123,0.12,0.123,760814000.0,468031000.0,760814000.0,2627698972.0,18.0,12.506,77716000.0,0.499,1.0,628838000.0,0.307,918485000.0,102558000.0,2537125000.0,2171307500.0,486855000.0,0.0,0.0,0.0,2010838000.0,512553000.0,1498285000.0,1643275972.0,64330000.0,-528367000.0,448553000.0,68016000.0,0.0,509369000.0,-555942000.0,0.0,105291000.0,5612000.0,18782000.0,18782000.0,18782000.0,0.0,0.0,0.009,458238000.0,170600000.0,215604000.0,0.0,2.16,87.492,80.759,508941000.0,0.0,9.933,0.802,0.755,557992000.0,383081000.0,2048497000.0,2048497000.0,0.0,0.008,0.04,0.066,0.07,0.0,429837000.0,1.0,165430467.0,155760000.0,,13.152,1853167000.0,31000000.0,22466000.0,12599000.0,11.898,687452000.0
77,FLS,MRT,2002-03-31,2002-03-31,2002-03-31,2021-09-07,-156116000.0,2027521000.0,2059569250.0,876409000.0,1151112000.0,0.932,3.115,-33874000.0,18638000.0,18638000.0,1317857000.0,7039000.0,2.065,3.803,1003061000.0,49960000.0,953101000.0,1003061000.0,0.0,67970000.0,0.0,0.0,0.0,133271000.0,201241000.0,0.105,201241000.0,133271000.0,23243000.0,0.05,0.05,0.05,422107000.0,340260000.0,422107000.0,2468551657.0,19.0,12.267,10320000.0,0.076,1.0,602491000.0,0.314,643566000.0,110028000.0,1943961000.0,2080495500.0,354672000.0,0.0,0.0,0.0,1605414000.0,424417000.0,1180997000.0,1449339657.0,-19000.0,4217000.0,171880000.0,-183628000.0,0.0,-11911000.0,-29657000.0,0.0,44194000.0,-2645000.0,7039000.0,7039000.0,7039000.0,0.0,0.0,0.004,454085000.0,148406000.0,193804000.0,0.0,3.434,205.901,213.4,355263000.0,0.0,10.67,0.755,0.753,436302000.0,368735000.0,1920348000.0,1920348000.0,0.0,0.003,0.021,0.064,0.069,0.0,411389000.0,1.0,135833145.0,135528000.0,,14.169,1383955000.0,35162000.0,16204000.0,3715000.0,10.212,451992000.0
78,FLS,MRT,2001-12-31,2001-12-31,2001-12-31,2021-09-07,-142137000.0,2043928000.0,2062194250.0,898903000.0,1145025000.0,0.93,3.518,-35225000.0,21500000.0,21500000.0,1313790000.0,-10488000.0,2.14,4.115,1040745000.0,44523000.0,996222000.0,1040745000.0,0.0,73855000.0,0.0,0.0,0.0,115708000.0,189563000.0,0.099,189563000.0,115708000.0,-3928000.0,-0.09,-0.09,-0.09,399624000.0,298417500.0,399624000.0,2178073495.0,19.0,11.49,-82974000.0,-0.731,1.0,603542000.0,0.315,646954000.0,119636000.0,1996133000.0,2132832250.0,342657000.0,0.0,0.0,0.0,1644304000.0,420086000.0,1224218000.0,1007466495.0,-20841000.0,7038000.0,162018000.0,-102480000.0,0.0,59538000.0,-28187000.0,0.0,-47749000.0,-4443000.0,-10488000.0,-10488000.0,-10488000.0,0.0,0.0,-0.005,473173000.0,130369000.0,181340000.0,0.0,2.521,-96.059,-98.556,361688000.0,0.0,8.87,0.525,0.525,455683000.0,344588000.0,1917332000.0,1917332000.0,0.0,-0.005,-0.035,0.054,0.06,0.0,411338000.0,1.0,113581341.0,113581341.0,,16.881,1396974000.0,39646000.0,6560000.0,0.0,12.299,478817000.0
79,FLS,MRT,2001-09-30,2001-09-30,2001-09-30,2021-09-07,-108540000.0,2098542000.0,2078748000.0,905500000.0,1193042000.0,0.924,2.531,-39825000.0,24856000.0,24856000.0,1302179000.0,-781000.0,2.316,6.247,1195463000.0,36613000.0,1158850000.0,1195463000.0,0.0,78341000.0,0.0,0.0,0.0,127168000.0,205509000.0,0.107,205509000.0,127168000.0,-766000.0,-0.007,-0.007,-0.007,289579000.0,274739250.0,289579000.0,1909691402.0,15.0,9.292,-126253000.0,-1.104,1.0,617766000.0,0.322,670090000.0,127934000.0,2208011000.0,2163104000.0,343241000.0,0.0,0.0,0.0,1808963000.0,391048000.0,1417915000.0,746807402.0,-31969000.0,29499000.0,9075000.0,104413000.0,0.0,67014000.0,-10326000.0,0.0,-86428000.0,-2229000.0,-781000.0,-781000.0,-781000.0,0.0,0.0,0.0,492699000.0,125067000.0,157174000.0,0.0,2.579,-956.219,-940.476,364768000.0,0.0,6.583,0.389,0.392,469164000.0,357390000.0,1919945000.0,1919945000.0,-18358000.0,0.0,-0.003,0.059,0.066,0.0,434214000.0,1.0,113439099.0,114402000.0,111066000.0,16.782,1428452000.0,41407000.0,15000.0,0.0,12.486,514452000.0
80,FLS,MRT,2001-06-30,2001-06-30,2001-06-30,2021-09-07,-141031000.0,2068286000.0,2065680500.0,881699000.0,1186587000.0,0.902,2.212,-37802000.0,17150000.0,17150000.0,1266871000.0,-19615000.0,2.132,7.282,1180034000.0,28668000.0,1151366000.0,1180034000.0,0.0,74002000.0,0.0,0.0,0.0,94047000.0,168049000.0,0.09,168049000.0,94047000.0,-28985000.0,-0.17,-0.17,-0.17,249730000.0,272150500.0,249730000.0,2315647612.0,25.0,13.78,-85823000.0,-0.76,1.0,595574000.0,0.32,643783000.0,123032000.0,2173877000.0,2130883500.0,341593000.0,0.0,0.0,0.0,1818556000.0,413510000.0,1405046000.0,1166119612.0,2655000.0,-736246000.0,6854000.0,867526000.0,0.0,829078000.0,-774048000.0,0.0,-48021000.0,-4354000.0,-19615000.0,-19615000.0,-19615000.0,0.0,0.0,-0.011,501381000.0,94193000.0,175324000.0,0.0,4.67,-59.45,-60.294,380923000.0,0.0,10.25,0.626,0.621,454826000.0,351557000.0,1862445000.0,1862445000.0,-18358000.0,-0.009,-0.072,0.044,0.05,0.0,429081000.0,1.0,113767767.0,112911000.0,116247000.0,16.495,1424503000.0,42551000.0,-9370000.0,0.0,12.616,468189000.0
81,FLS,MRT,2001-03-31,2001-03-31,2001-03-31,2021-09-07,-126248000.0,2038021000.0,1789128000.0,845791000.0,1192230000.0,0.949,2.224,-30885000.0,18621000.0,18621000.0,1153960000.0,-9600000.0,2.179,7.0,1168149000.0,27020000.0,1141129000.0,1168149000.0,0.0,65321000.0,0.0,0.0,0.0,84565000.0,149886000.0,0.088,149886000.0,84565000.0,-13787000.0,-0.077,-0.077,-0.077,254737000.0,288849750.0,254737000.0,1937044994.0,23.0,12.923,-60765000.0,-0.53,1.0,543059000.0,0.32,646056000.0,98352000.0,2153308000.0,1819642750.0,314468000.0,0.0,0.0,0.0,1783284000.0,388185000.0,1395099000.0,850179994.0,-5314000.0,-739192000.0,836000.0,843789000.0,0.0,798151000.0,-770077000.0,0.0,-29880000.0,-3508000.0,-9600000.0,-9600000.0,-9600000.0,0.0,0.0,-0.006,457656000.0,85403000.0,166625000.0,0.0,3.337,-88.56,-97.143,386009000.0,0.0,7.48,0.501,0.505,449716000.0,348955000.0,1697019000.0,1697019000.0,-18358000.0,-0.005,-0.033,0.046,0.05,0.0,402300000.0,1.0,113660427.0,114561000.0,114561000.0,14.813,1391965000.0,42007000.0,-4187000.0,0.0,12.15,457606000.0
82,FLS,MRT,2000-12-31,2000-12-31,2000-12-31,2021-09-07,-84224000.0,2110143000.0,1520876000.0,898052000.0,1212091000.0,1.011,2.686,-27819000.0,42341000.0,42341000.0,1033580000.0,10822000.0,2.069,5.921,1129206000.0,18098000.0,1111108000.0,1129206000.0,0.0,57037000.0,0.0,0.0,0.0,90446000.0,147483000.0,0.096,147483000.0,90446000.0,17697000.0,0.097,0.097,0.097,304911000.0,302938500.0,304911000.0,1877087022.0,21.0,12.727,-9388000.0,-0.083,1.0,504713000.0,0.328,645771000.0,72749000.0,2117220000.0,1512781500.0,305958000.0,0.0,0.0,0.0,1805232000.0,434017000.0,1371215000.0,800602022.0,11878000.0,-765310000.0,615000.0,833957000.0,0.0,788098000.0,-793129000.0,0.0,18431000.0,-1522000.0,10822000.0,10822000.0,10822000.0,0.0,0.0,0.007,416194000.0,88519000.0,172366000.0,0.0,2.626,73.979,73.471,405412000.0,0.0,7.127,0.52,0.526,487274000.0,357495000.0,1538293000.0,1538293000.0,0.0,0.007,0.036,0.06,0.059,0.0,361619000.0,1.0,112338918.0,113526000.0,113526000.0,13.55,1464372000.0,39726000.0,6875000.0,0.0,12.899,464035000.0
83,FLS,MRT,2000-09-30,2000-09-30,2000-09-30,2021-09-07,-102154000.0,2046272000.0,1202878000.0,859090000.0,1187182000.0,1.047,2.46,-28472000.0,56825000.0,56825000.0,842420000.0,-60000.0,2.164,6.328,1133310000.0,12298000.0,1121012000.0,1133310000.0,0.0,47100000.0,0.0,0.009,0.047,41326000.0,88426000.0,0.07,88426000.0,41326000.0,583000.0,0.0,0.0,0.0,279224000.0,303779250.0,279224000.0,916600454.0,22.0,10.366,47606000.0,0.419,1.0,416863000.0,0.331,646668000.0,40743000.0,2079129000.0,1162842000.0,327127000.0,0.0,0.0,0.0,1767048000.0,396960000.0,1370088000.0,615172454.0,38908000.0,-785734000.0,107000.0,786955000.0,-5295000.0,779974000.0,-814206000.0,0.0,76078000.0,-2938000.0,-60000.0,-60000.0,-60000.0,0.0,0.0,0.0,376680000.0,40183000.0,142051000.0,,2.203,-10252.874,,406283000.0,0.0,5.48,0.489,0.494,419026000.0,355752000.0,1259283000.0,1259283000.0,-19103000.0,0.0,0.0,0.036,0.033,0.0,348965000.0,1.0,112257747.0,113511000.0,113511000.0,11.094,1399604000.0,0.0,643000.0,4722000.0,12.33,462130000.0
84,FLS,MRT,2000-06-30,2000-06-30,2000-06-30,2021-09-07,-78554000.0,962076000.0,899264750.0,508537000.0,453539000.0,1.225,2.792,-32768000.0,14495000.0,14495000.0,726095000.0,17799000.0,2.775,2.039,315923000.0,575000.0,315348000.0,315923000.0,0.0,38780000.0,0.0,0.019,0.093,47410000.0,86190000.0,0.078,86190000.0,47410000.0,27048000.0,0.157,0.157,0.157,316527000.0,318578250.0,316527000.0,864862793.0,18.0,10.034,22648000.0,0.2,1.0,375056000.0,0.341,151352000.0,20362000.0,928914000.0,831316250.0,210617000.0,0.0,0.0,0.0,645549000.0,183238000.0,462311000.0,563584793.0,-201000.0,-27446000.0,-2446000.0,21048000.0,-10597000.0,5898000.0,-60214000.0,0.0,55416000.0,-1301000.0,17799000.0,17799000.0,17799000.0,0.0,0.0,0.016,331818000.0,43238000.0,76802000.0,0.592,1.781,31.664,31.975,221336000.0,0.0,5.02,0.512,0.517,246331000.0,368754000.0,1101151000.0,1101151000.0,-13199000.0,0.02,0.056,0.057,0.043,0.0,322788000.0,1.0,112267887.0,113376000.0,113430000.0,9.712,810724000.0,0.0,9249000.0,8904000.0,7.151,325299000.0
85,FLS,MRT,2000-03-31,2000-03-31,2000-03-31,2021-09-07,-71604000.0,965013000.0,869997750.0,508475000.0,456538000.0,1.238,2.743,-33425000.0,23935000.0,23935000.0,711411000.0,13651000.0,2.666,2.102,325213000.0,2947000.0,322266000.0,325213000.0,0.0,39857000.0,0.0,0.033,0.14,38415000.0,78272000.0,0.073,78272000.0,38415000.0,20615000.0,0.117,0.117,0.117,311092000.0,325773500.0,311092000.0,658599728.0,17.0,8.414,38252000.0,0.337,1.0,365783000.0,0.34,149719000.0,17800000.0,925863000.0,788496250.0,208475000.0,0.0,0.0,0.0,653921000.0,190709000.0,463212000.0,487193728.0,12595000.0,-27915000.0,-2278000.0,24746000.0,-15882000.0,3323000.0,-61340000.0,0.0,71677000.0,-1065000.0,13651000.0,13651000.0,13651000.0,0.0,0.0,0.013,331965000.0,33818000.0,78965000.0,1.197,1.566,35.689,36.695,223450000.0,0.0,4.293,0.452,0.452,233364000.0,356136000.0,1077194000.0,1077194000.0,-6872000.0,0.016,0.042,0.049,0.036,0.0,312202000.0,1.0,113476800.0,113430000.0,113430000.0,9.497,815294000.0,0.0,6964000.0,977000.0,7.188,317766000.0
86,FLS,MRT,1999-12-31,1999-12-31,1999-12-31,2021-09-07,-62351000.0,838151000.0,844693750.0,453788000.0,384363000.0,1.256,2.714,-40535000.0,30463000.0,30463000.0,697928000.0,12177000.0,2.319,1.719,201869000.0,3859000.0,198010000.0,201869000.0,0.0,39599000.0,0.0,0.033,0.187,32922000.0,72521000.0,0.068,72521000.0,32922000.0,18245000.0,0.107,0.107,0.107,308274000.0,334494750.0,308274000.0,832882138.0,25.0,11.485,43580000.0,0.384,1.0,363344000.0,0.342,96435000.0,14677000.0,717462000.0,749406000.0,168356000.0,0.0,0.0,0.0,529877000.0,195660000.0,334217000.0,634503138.0,5535000.0,-5743000.0,-5779000.0,-1239000.0,-21172000.0,-31215000.0,-46278000.0,0.0,84115000.0,-1087000.0,12177000.0,12177000.0,12177000.0,0.0,0.0,0.011,331596000.0,31748000.0,72103000.0,1.748,2.058,52.107,52.96,209976000.0,0.0,5.667,0.598,0.606,213625000.0,344254000.0,1061272000.0,1061272000.0,0.0,0.014,0.036,0.044,0.031,0.0,301529000.0,1.0,111971142.0,113568000.0,113568000.0,9.345,741716000.0,25097000.0,6068000.0,7878000.0,6.531,258128000.0
87,FLS,MRT,1999-09-30,1999-09-30,1999-09-30,2021-09-07,-49250000.0,831819000.0,852705250.0,458165000.0,373654000.0,1.264,2.969,-42904000.0,17917000.0,17917000.0,690263000.0,30913000.0,2.554,1.458,216296000.0,3538000.0,212758000.0,216296000.0,0.0,43621402.0,0.0,0.034,0.187,58625000.0,102246402.0,0.095,102246402.0,58625000.0,46846000.0,0.277,0.277,0.277,338420000.0,343617250.0,338420000.0,815107696.0,14.0,7.972,36090000.0,0.317,1.0,387558000.0,0.36,97747000.0,11779000.0,753026000.0,752650750.0,183497000.0,0.0,0.0,0.0,493399000.0,179425000.0,313974000.0,622273696.0,-2892000.0,-14126000.0,-8507000.0,6225000.0,-21258000.0,-22985000.0,-57457000.0,0.0,78994000.0,-1444000.0,30913000.0,30913000.0,30913000.0,0.0,0.0,0.029,325982000.0,61576000.0,73873000.0,0.675,1.839,20.13,20.012,214679000.0,0.0,5.543,0.577,0.586,231588000.0,361109000.0,1077821000.0,1077821000.0,26605000.0,0.036,0.09,0.078,0.054,0.0,273935000.0,1.0,112256229.0,113970000.0,113970000.0,9.457,734072000.0,0.0,15933000.0,6137000.0,6.441,278740000.0
88,FLS,MRT,1999-06-30,1999-06-30,1999-06-30,2021-09-07,-44513000.0,845008000.0,860307500.0,458486000.0,386522000.0,1.265,3.033,-40939000.0,14696000.0,14696000.0,689801000.0,42192000.0,2.402,1.447,207530000.0,14661000.0,192869000.0,207530000.0,0.0,39873000.0,0.0,0.03,0.187,75533000.0,115406000.0,0.106,115406000.0,75533000.0,63655000.0,0.367,0.367,0.367,345308000.0,346506500.0,345308000.0,909843076.0,12.0,7.884,38560000.0,0.339,1.0,398823000.0,0.366,89357000.0,11878000.0,757634000.0,752738250.0,184060000.0,0.0,0.0,0.0,499700000.0,190851000.0,308849000.0,709655076.0,-6153000.0,-19951000.0,-26487000.0,30727000.0,-21478000.0,-22643000.0,-61317000.0,0.0,79499000.0,-1692000.0,42192000.0,42192000.0,42192000.0,0.0,0.0,0.039,321069000.0,77754000.0,71056000.0,0.51,2.055,16.82,17.203,212177000.0,0.0,6.313,0.652,0.66,232705000.0,361552000.0,1088624000.0,1088624000.0,27132000.0,0.049,0.122,0.1,0.069,0.0,267324000.0,1.0,112405767.0,113853000.0,113853000.0,9.562,755651000.0,0.0,21463000.0,9291000.0,6.637,267635000.0
89,FLS,MRT,1999-03-31,1999-03-31,1999-03-31,2021-09-07,-41414000.0,863797000.0,859680500.0,477628000.0,386169000.0,1.273,3.068,-39814000.0,11340000.0,11340000.0,683231000.0,46172000.0,2.342,1.497,211528000.0,16452000.0,195076000.0,211528000.0,0.0,39839000.0,0.0,0.036,0.187,81312000.0,121151000.0,0.111,121151000.0,81312000.0,69977000.0,0.397,0.397,0.397,345977000.0,353002250.0,345977000.0,767083517.0,9.0,6.332,21443000.0,0.19,1.0,410925000.0,0.376,90578000.0,11335000.0,769502000.0,744393750.0,194808000.0,0.0,0.0,0.0,517820000.0,203905000.0,313915000.0,587838517.0,-28676000.0,-19951000.0,-66273000.0,60071000.0,-21901000.0,-27865000.0,-60192000.0,0.0,61257000.0,-1876000.0,46172000.0,46172000.0,46172000.0,0.0,0.0,0.042,328457000.0,82468000.0,70641000.0,0.471,1.699,12.731,13.065,212930000.0,0.0,5.187,0.537,0.535,242535000.0,358369000.0,1094156000.0,1094156000.0,25879000.0,0.054,0.131,0.109,0.074,0.0,268465000.0,1.0,113336475.0,112773000.0,112773000.0,9.702,773219000.0,0.0,23805000.0,16061000.0,6.856,273723000.0
90,FLS,MRT,1998-12-31,1998-12-31,1998-12-31,2021-09-07,-40635000.0,870197000.0,859636500.0,487290000.0,382907000.0,1.26,2.88,-38249000.0,24928000.0,24928000.0,667753000.0,48875000.0,2.224,1.524,204173000.0,17881000.0,186292000.0,204173000.0,0.0,39299000.0,0.0,0.034,0.187,85755000.0,125054000.0,0.115,125054000.0,85755000.0,74377000.0,0.41,0.41,0.41,344764000.0,367408250.0,344764000.0,822922334.0,10.0,6.581,15855000.0,0.132,1.0,415333000.0,0.383,99875000.0,11378000.0,730441000.0,722820000.0,199286000.0,0.0,0.0,0.0,525433000.0,219126000.0,306307000.0,636183334.0,-33674000.0,-19951000.0,-59744000.0,54424000.0,-22307000.0,-27627000.0,-58627000.0,0.0,54104000.0,-1524000.0,48875000.0,48875000.0,48875000.0,0.0,0.0,0.045,330254000.0,85079000.0,76745000.0,0.456,1.845,13.017,13.463,209032000.0,0.0,5.52,0.587,0.61,234191000.0,353249000.0,1083086000.0,1083086000.0,26372000.0,0.057,0.133,0.119,0.079,0.0,265556000.0,1.0,115250604.0,119694000.0,119694000.0,9.049,770322000.0,0.0,25502000.0,17472000.0,6.436,268164000.0
91,FLS,MRT,1998-09-30,1998-09-30,1998-09-30,2021-09-07,-39980000.0,862228000.0,862093500.0,491757000.0,370471000.0,1.289,2.881,-34328000.0,20809000.0,20809000.0,688165000.0,44533000.0,2.365,1.464,207548000.0,18166000.0,189382000.0,207548000.0,0.0,33549598.0,0.0,0.028,0.187,83715000.0,117264598.0,0.106,117264598.0,83715000.0,70209000.0,0.367,0.367,0.367,349977000.0,380035500.0,349977000.0,951973662.0,11.0,8.118,23151000.0,0.191,1.0,422878000.0,0.381,87696000.0,13506000.0,753376000.0,704714750.0,204675000.0,0.0,0.0,0.0,512251000.0,207895000.0,304356000.0,798666662.0,-11332000.0,5142000.0,-56208000.0,40956000.0,-22612000.0,-39481000.0,-27580000.0,0.0,57479000.0,-1750000.0,44533000.0,44533000.0,44533000.0,0.0,0.0,0.04,357376000.0,65502000.0,66461000.0,0.51,2.282,17.934,18.392,205060000.0,0.0,6.75,0.719,0.738,230912000.0,351452000.0,1111043000.0,1111043000.0,26214000.0,0.052,0.117,0.119,0.075,0.0,266144000.0,1.0,118320987.0,121491000.0,,9.145,774532000.0,0.0,25676000.0,15111000.0,6.375,283862000.0
92,FLS,MRT,1998-06-30,1998-06-30,1998-06-30,2021-09-07,-36766000.0,842500000.0,859367500.0,472702000.0,369798000.0,1.313,3.035,-39006000.0,20849000.0,20849000.0,697364000.0,35446000.0,2.474,1.269,174156000.0,16001000.0,158155000.0,174156000.0,0.0,41002000.0,0.0,0.023,0.187,76049000.0,117051000.0,0.104,117051000.0,76049000.0,63007000.0,0.29,0.29,0.29,371291000.0,393210250.0,371291000.0,1113566650.0,15.0,9.514,18275000.0,0.149,1.0,430708000.0,0.382,80483000.0,13042000.0,724256000.0,674488750.0,196507000.0,0.0,0.0,0.0,471209000.0,191068000.0,280141000.0,1003775650.0,-17349000.0,17332000.0,-34499000.0,2599000.0,-25602000.0,-52776000.0,-19897000.0,0.0,57281000.0,-1957000.0,35446000.0,35446000.0,35446000.0,0.0,0.0,0.031,371947000.0,58761000.0,62702000.0,0.645,2.703,28.318,28.31,208259000.0,0.0,8.21,0.89,0.89,221368000.0,340837000.0,1128072000.0,1128072000.0,26278000.0,0.041,0.09,0.113,0.067,0.0,274605000.0,1.0,122262564.0,122343000.0,,9.221,762017000.0,0.0,27561000.0,14496000.0,6.229,281634000.0
93,FLS,MRT,1998-03-31,1998-03-31,1998-03-31,2021-09-07,-33755000.0,863621000.0,755652000.0,494107000.0,369514000.0,1.519,3.29,-42135000.0,40016000.0,40016000.0,702076000.0,47873000.0,2.319,1.14,149807000.0,24597000.0,125210000.0,149807000.0,0.0,39682000.0,0.0,0.017,0.187,96350000.0,136032000.0,0.118,136032000.0,96350000.0,83284000.0,0.39,0.39,0.39,403601000.0,353653750.0,403601000.0,1413489756.0,15.0,10.391,40928000.0,0.334,1.0,445926000.0,0.388,77142000.0,13066000.0,683207000.0,571152250.0,195019000.0,0.0,0.0,0.0,460020000.0,213063000.0,246957000.0,1325302756.0,8545000.0,8332000.0,5473000.0,-19774000.0,-25857000.0,-40158000.0,-32026000.0,0.0,83063000.0,-2334000.0,47873000.0,47873000.0,47873000.0,0.0,0.0,0.042,368712000.0,77214000.0,66185000.0,0.479,3.284,27.684,27.889,209657000.0,0.0,10.877,1.154,1.162,225516000.0,334096000.0,1148002000.0,1148002000.0,27850000.0,0.063,0.135,0.169,0.084,0.0,281704000.0,1.0,121848246.0,122688000.0,,9.357,786479000.0,0.0,35411000.0,18969000.0,6.41,281044000.0
94,FLS,MRT,1997-12-31,1997-12-31,1997-12-31,2021-09-07,-30774000.0,880025000.0,644775500.0,514664000.0,365361000.0,1.787,3.222,-39560000.0,58602000.0,58602000.0,703319000.0,51566000.0,2.233,1.226,146789000.0,17853000.0,128936000.0,146789000.0,0.0,38933000.0,0.0,0.02,0.187,103064000.0,141997000.0,0.123,141997000.0,103064000.0,89789000.0,0.42,0.42,0.42,395273000.0,303955500.0,395273000.0,1266608912.0,12.0,8.92,50443000.0,0.411,1.0,448877000.0,0.39,79748000.0,13275000.0,658020000.0,478299000.0,184944000.0,0.0,0.0,0.0,484752000.0,230444000.0,254308000.0,1133635912.0,19669000.0,8332000.0,2584000.0,-14255000.0,-26121000.0,-37792000.0,-29451000.0,0.0,90003000.0,-3091000.0,51566000.0,51566000.0,51566000.0,0.0,0.0,0.045,364296000.0,84581000.0,68241000.0,0.445,2.868,21.984,22.175,209509000.0,0.0,9.313,0.984,0.992,234437000.0,326681000.0,1152196000.0,1152196000.0,26893000.0,0.08,0.17,0.215,0.089,0.0,285890000.0,1.0,121721823.0,122688000.0,122688000.0,9.391,800277000.0,0.0,38223000.0,15548000.0,6.523,284220000.0
95,FLS,MRT,1997-09-30,1997-09-30,1997-09-30,2021-09-07,-26238000.0,851324000.0,632213250.0,486727000.0,364597000.0,1.787,5.701,-41183000.0,32140000.0,32140000.0,689957000.0,69504000.0,2.456,1.114,165113000.0,20263000.0,144850000.0,165113000.0,0.0,64635000.0,0.0,0.018,0.183,124419000.0,189054000.0,0.167,189054000.0,124419000.0,112529000.0,0.567,,0.567,402676000.0,302293250.0,402676000.0,750185029.0,6.0,3.968,53530000.0,0.758,1.0,439672000.0,0.389,153675000.0,11890000.0,632472000.0,483857500.0,206387000.0,0.0,0.0,0.0,448648000.0,198150000.0,250498000.0,703490029.0,1417000.0,-22630000.0,2540000.0,-5394000.0,-26159000.0,-29183000.0,-60526000.0,0.0,94713000.0,-3587000.0,69504000.0,69504000.0,69504000.0,0.0,0.0,0.062,330209000.0,109463000.0,71217000.0,0.323,1.747,10.122,17.566,210922000.0,0.0,9.96,0.623,0.623,224216000.0,329528000.0,1129629000.0,1129629000.0,28320000.0,0.11,0.23,0.257,0.11,0.0,291689000.0,1.0,70631529.0,70631529.0,,15.993,697649000.0,0.0,43025000.0,6265000.0,9.877,288577000.0
96,FLS,MRT,1997-06-30,1997-06-30,1997-06-30,2021-09-07,-9033000.0,427638000.0,,257987000.0,169651000.0,,3.022,-45595000.0,23407000.0,23407000.0,828785000.0,93748000.0,2.884,1.007,70102000.0,12040000.0,58062000.0,70102000.0,0.0,45032000.0,0.0,0.018,0.18,161444000.0,206476000.0,0.152,206476000.0,161444000.0,145228000.0,0.657,,0.657,213065000.0,,213065000.0,741188758.0,5.0,3.59,63952000.0,0.907,1.0,531764000.0,0.391,73972000.0,16216000.0,310910000.0,,101115000.0,0.0,0.0,0.0,214573000.0,89451000.0,125122000.0,687519758.0,13361000.0,-22240000.0,-26605000.0,32646000.0,-28850000.0,-22809000.0,-68093000.0,0.0,109547000.0,-5284000.0,93748000.0,93748000.0,93748000.0,0.0,0.0,0.069,382194000.0,149570000.0,32196000.0,0.274,3.227,7.334,14.84,95679000.0,0.0,9.75,0.505,0.505,121052000.0,209425000.0,1360549000.0,1360549000.0,29334000.0,,,,0.119,0.0,352860000.0,1.0,70514847.0,70514847.0,,19.295,353666000.0,0.0,51480000.0,5113000.0,5.015,168536000.0
97,FLS,MRT,1997-03-31,1997-03-31,1997-03-31,2021-09-07,-4272000.0,420115000.0,,248918000.0,171197000.0,,1.678,-38871000.0,20014000.0,20014000.0,737801000.0,77787000.0,2.804,1.051,73683000.0,12333000.0,61350000.0,73683000.0,0.0,40575000.0,0.0,0.024,0.177,133056000.0,173631000.0,0.143,173631000.0,133056000.0,118972000.0,0.573,,0.573,204808000.0,,204808000.0,563850018.0,4.0,3.247,48958000.0,0.401,1.0,473162000.0,0.391,73225000.0,14084000.0,311794000.0,,106089000.0,0.0,0.0,0.0,215307000.0,88765000.0,126542000.0,516776018.0,9783000.0,-13240000.0,-25573000.0,30707000.0,-26078000.0,-20944000.0,-52369000.0,0.0,87829000.0,-4733000.0,77787000.0,77787000.0,77787000.0,0.0,0.0,0.064,347726000.0,125436000.0,31980000.0,0.309,2.523,6.643,12.798,97972000.0,0.0,7.333,0.427,0.739,112072000.0,197151000.0,1210963000.0,1210963000.0,26661000.0,,,,0.11,0.0,315287000.0,1.0,70469457.0,122040000.0,,9.923,346890000.0,0.0,41185000.0,8626000.0,2.842,160153000.0
98,FLS,MRT,1996-12-31,1996-12-31,1996-12-31,2021-09-07,-6966000.0,829776000.0,612574500.0,469035000.0,360741000.0,1.792,3.132,-35691000.0,38933000.0,38933000.0,668718000.0,71097000.0,2.481,1.135,166358000.0,22396000.0,143962000.0,166358000.0,0.0,36665000.0,0.0,0.019,0.173,120495000.0,157160000.0,0.143,157160000.0,120495000.0,108351000.0,0.573,0.573,0.573,388624000.0,292198000.0,388624000.0,,,,52664000.0,0.424,1.0,428927000.0,0.391,87884000.0,12144000.0,680254000.0,480809500.0,182423000.0,0.0,0.0,0.0,441152000.0,189063000.0,252089000.0,637278789.0,10337000.0,-13240000.0,-25371000.0,23505000.0,-23296000.0,-25162000.0,-49189000.0,0.0,88355000.0,-3667000.0,71097000.0,71097000.0,71097000.0,0.0,0.0,0.065,313660000.0,115267000.0,68011000.0,0.302,1.64,8.964,15.782,211738000.0,0.0,9.043,0.581,1.022,223274000.0,298563000.0,1097645000.0,1097645000.0,24522000.0,0.116,0.243,0.251,0.11,0.0,283360000.0,1.0,70469457.0,124089000.0,124089000.0,8.846,741892000.0,0.0,37254000.0,4961000.0,5.979,279972000.0
99,FLS,MRT,1996-09-30,1996-09-30,1996-09-30,2021-09-07,,,,,,,,,,,,,,,,,,,,,,0.019,0.168,,,,,,,,,,,,,,,,,,1.0,,,,,,,,,,,,,,,,,,,,,,,,,,,,,,,,,,,,,,,,8.833,,,,,,,,,,,,,,1.0,,,,,,,,,,
100,FLS,MRT,1996-06-30,1996-06-30,1996-06-30,2021-09-07,,,,,,,,,,,,,,,,,,,,,,0.02,0.163,,,,,,,,,,,,,,,,,,1.0,,,,,,,,,,,,,,,,,,,,,,,,,,,,,,,,,,,,,,,,8.0,,,,,,,,,,,,,,1.0,,,,,,,,,,
101,FLS,MRT,1996-03-31,1996-03-31,1996-03-31,2021-09-07,,,,,,,,,,,,,,,,,,,,,,0.017,0.158,,,,,,,,,,,,,,,,,,1.0,,,,,,,,,,,,,,,,,,,,,,,,,,,,,,,,,,,,,,,,9.167,,,,,,,,,,,,,,1.0,,,,,,,,,,
102,FLS,MRT,1995-12-31,1995-12-31,1995-12-31,2021-09-07,700000.0,395373000.0,,224722000.0,170651000.0,,1.567,-39928000.0,19434000.0,19434000.0,591550000.0,54021000.0,2.505,1.02,62076000.0,10320000.0,51756000.0,62076000.0,0.0,34451000.0,0.0,0.02,0.153,100705000.0,135156000.0,0.137,135156000.0,100705000.0,88412000.0,0.433,0.433,0.433,195772000.0,,195772000.0,,,,18106000.0,0.145,1.0,392367000.0,0.399,66928000.0,12293000.0,281365000.0,,93155000.0,0.0,0.0,0.0,199601000.0,89722000.0,109879000.0,,-181000.0,-21523000.0,526000.0,24817000.0,-20926000.0,1454000.0,-59833000.0,0.0,58034000.0,164000.0,54021000.0,54021000.0,54021000.0,0.0,0.0,0.055,294117000.0,98250000.0,31499000.0,0.353,,,17.998,103723000.0,0.0,7.793,,0.99,103963000.0,158754000.0,983917000.0,983917000.0,24649000.0,,,,0.102,0.0,264426000.0,1.0,,124956000.0,124956000.0,7.874,328445000.0,0.0,34391000.0,3448000.0,2.628,135000000.0
103,FLS,MRT,1994-12-31,1994-12-31,1994-12-31,2021-09-07,,,,,,,,-14363000.0,,,275077000.0,24396000.0,,,,,,,,18313000.0,,0.028,0.163,43472000.0,61785000.0,0.134,61785000.0,43472000.0,38571000.0,0.33,,0.33,,,,,,,24336000.0,,1.0,185430000.0,0.403,,4901000.0,,,,,,,,,,,-6628000.0,-14900000.0,-4026000.0,-1591000.0,-9895000.0,-15512000.0,-29263000.0,0.0,38699000.0,-552000.0,24396000.0,24396000.0,24396000.0,0.0,0.0,0.053,139994000.0,45436000.0,,0.494,,,17.929,,0.0,5.917,,,,,460507000.0,460507000.0,14913000.0,,,,0.094,0.0,125081000.0,1.0,,,,,,,14175000.0,,,
