None,ticker,dimension,calendardate,datekey,reportperiod,lastupdated,accoci,assets,assetsavg,assetsc,assetsnc,assetturnover,bvps,capex,cashneq,cashnequsd,cor,consolinc,currentratio,de,debt,debtc,debtnc,debtusd,deferredrev,depamor,deposits,divyield,dps,ebit,ebitda,ebitdamargin,ebitdausd,ebitusd,ebt,eps,epsdil,epsusd,equity,equityavg,equityusd,ev,evebit,evebitda,fcf,fcfps,fxusd,gp,grossmargin,intangibles,intexp,invcap,invcapavg,inventory,investments,investmentsc,investmentsnc,liabilities,liabilitiesc,liabilitiesnc,marketcap,ncf,ncfbus,ncfcommon,ncfdebt,ncfdiv,ncff,ncfi,ncfinv,ncfo,ncfx,netinc,netinccmn,netinccmnusd,netincdis,netincnci,netmargin,opex,opinc,payables,payoutratio,pb,pe,pe1,ppnenet,prefdivis,price,ps,ps1,receivables,retearn,revenue,revenueusd,rnd,roa,roe,roic,ros,sbcomp,sgna,sharefactor,sharesbas,shareswa,shareswadil,sps,tangibles,taxassets,taxexp,taxliabilities,tbvps,workingcapital
0,FE,MRY,2020-12-31,2020-12-31,2020-12-31,2021-07-22,-5000000.0,44464000000.0,42973750000.0,3714000000.0,40750000000.0,0.251,13.352,-2657000000.0,1801000000.0,1801000000.0,6361000000.0,1079000000.0,0.742,5.144,24477000000.0,2346000000.0,22131000000.0,24477000000.0,0.0,1199000000.0,0.0,0.051,1.56,3316000000.0,4515000000.0,0.418,4515000000.0,3316000000.0,2251000000.0,1.99,1.99,1.99,7237000000.0,7095500000.0,7237000000.0,38892686083.0,12.0,8.614,-1234000000.0,-2.277,1.0,4429000000.0,0.41,5618000000.0,1065000000.0,56518000000.0,55959750000.0,317000000.0,605000000.0,0.0,605000000.0,37227000000.0,5004000000.0,32223000000.0,16608686083.0,1122000000.0,0.0,0.0,3511000000.0,-845000000.0,2607000000.0,-2908000000.0,-22000000.0,1423000000.0,0.0,1079000000.0,1079000000.0,1079000000.0,-76000000.0,0.0,0.1,1221000000.0,3208000000.0,827000000.0,0.784,2.295,15.393,15.382,33339000000.0,0.0,30.61,1.539,1.538,1439000000.0,-2888000000.0,10790000000.0,10790000000.0,0.0,0.025,0.152,0.059,0.307,0.0,0.0,1.0,542590202.0,542000000,543000000.0,19.908,38846000000.0,157000000.0,1172000000.0,3735000000.0,71.672,-1290000000.0
1,FE,MRY,2019-12-31,2019-12-31,2019-12-31,2021-07-22,20000000.0,42301000000.0,41295250000.0,2444000000.0,39857000000.0,0.267,13.037,-2665000000.0,679000000.0,679000000.0,6376000000.0,912000000.0,0.503,5.065,20998000000.0,1380000000.0,19618000000.0,20998000000.0,0.0,1217000000.0,0.0,0.031,1.52,3166000000.0,4383000000.0,0.397,4383000000.0,3166000000.0,2133000000.0,1.7,1.68,1.7,6975000000.0,7112000000.0,6975000000.0,46312148960.0,15.0,10.566,-198000000.0,-0.37,1.0,4659000000.0,0.422,5618000000.0,1033000000.0,52140000000.0,51498250000.0,281000000.0,882000000.0,0.0,882000000.0,35326000000.0,4862000000.0,30464000000.0,26259148960.0,250000000.0,0.0,0.0,1511000000.0,-814000000.0,656000000.0,-2873000000.0,-38000000.0,2467000000.0,0.0,912000000.0,908000000.0,908000000.0,-8000000.0,0.0,0.082,1141000000.0,3518000000.0,1005000000.0,0.894,3.765,28.92,28.588,31650000000.0,4000000.0,48.6,2.38,2.356,1294000000.0,-3967000000.0,11035000000.0,11035000000.0,0.0,0.022,0.128,0.061,0.287,0.0,0.0,1.0,540311707.0,535000000,542000000.0,20.626,36683000000.0,157000000.0,1221000000.0,3394000000.0,68.566,-2418000000.0
2,FE,MRY,2018-12-31,2018-12-31,2018-12-31,2021-07-22,41000000.0,40063000000.0,39318000000.0,2392000000.0,37671000000.0,0.286,13.85,-2675000000.0,429000000.0,429000000.0,6780000000.0,1348000000.0,0.516,4.88,19504000000.0,1753000000.0,17751000000.0,19504000000.0,0.0,1384000000.0,0.0,0.038,1.44,3947000000.0,5331000000.0,0.473,5331000000.0,3947000000.0,2831000000.0,1.99,1.99,1.99,6814000000.0,7190250000.0,6814000000.0,38153772892.0,10.0,7.157,-1265000000.0,-2.571,1.0,4481000000.0,0.398,5618000000.0,1116000000.0,48886000000.0,47497000000.0,252000000.0,790000000.0,0.0,790000000.0,33249000000.0,4634000000.0,28615000000.0,19204772892.0,-214000000.0,-500000000.0,850000000.0,-184000000.0,-711000000.0,1394000000.0,-3018000000.0,-54000000.0,1410000000.0,0.0,1348000000.0,981000000.0,981000000.0,-326000000.0,0.0,0.087,986000000.0,3495000000.0,965000000.0,0.724,2.818,19.577,18.869,29911000000.0,367000000.0,37.55,1.705,1.641,1511000000.0,-4879000000.0,11261000000.0,11261000000.0,0.0,0.025,0.136,0.083,0.351,0.0,0.0,1.0,511445350.0,492000000,494000000.0,22.888,34445000000.0,175000000.0,1483000000.0,3035000000.0,70.01,-2242000000.0
3,FE,MRY,2017-12-31,2017-12-31,2017-12-31,2021-07-22,142000000.0,42257000000.0,43111250000.0,3110000000.0,39147000000.0,0.253,8.84,-2587000000.0,639000000.0,639000000.0,6225000000.0,-1724000000.0,0.756,9.766,19545000000.0,858000000.0,18687000000.0,19545000000.0,0.0,1700000000.0,0.0,0.047,1.44,1936000000.0,3636000000.0,0.333,3636000000.0,1936000000.0,931000000.0,-3.88,-3.88,-3.88,3925000000.0,5697500000.0,3925000000.0,35887552052.0,19.0,9.87,1221000000.0,2.75,1.0,4703000000.0,0.43,5618000000.0,1005000000.0,51432000000.0,53919000000.0,236000000.0,2697000000.0,0.0,2697000000.0,38332000000.0,4113000000.0,34219000000.0,13621552052.0,383000000.0,0.0,0.0,9000000.0,-639000000.0,-702000000.0,-2723000000.0,-98000000.0,3808000000.0,0.0,-1724000000.0,-1724000000.0,-1724000000.0,1435000000.0,0.0,-0.158,1335000000.0,3368000000.0,827000000.0,-0.371,3.47,-7.901,-7.892,29233000000.0,0.0,30.62,1.246,1.244,1452000000.0,-6262000000.0,10928000000.0,10928000000.0,0.0,-0.04,-0.303,0.036,0.177,0.0,0.0,1.0,444858003.0,444000000,444000000.0,24.613,36639000000.0,151000000.0,2655000000.0,3704000000.0,82.52,-1003000000.0
4,FE,MRY,2016-12-31,2016-12-31,2016-12-31,2021-07-22,174000000.0,43148000000.0,49801250000.0,2950000000.0,40198000000.0,0.215,14.65,-2835000000.0,199000000.0,199000000.0,6460000000.0,-6177000000.0,0.414,5.914,22552000000.0,4360000000.0,18192000000.0,22552000000.0,0.0,1974000000.0,0.0,0.046,1.44,-3764000000.0,-1790000000.0,-0.167,-1790000000.0,-3764000000.0,-4737000000.0,-14.49,-14.49,-14.49,6241000000.0,10403500000.0,6241000000.0,35357269444.0,-9.0,-19.753,548000000.0,1.286,1.0,4240000000.0,0.396,5618000000.0,973000000.0,52757000000.0,59438500000.0,564000000.0,2514000000.0,0.0,2514000000.0,36907000000.0,7126000000.0,29781000000.0,13185269444.0,47000000.0,0.0,0.0,620000000.0,-611000000.0,-34000000.0,-3302000000.0,-111000000.0,3383000000.0,0.0,-6177000000.0,-6177000000.0,-6177000000.0,6728000000.0,0.0,-0.577,1273000000.0,2967000000.0,1043000000.0,-0.099,2.113,-2.135,-2.137,29387000000.0,0.0,30.97,1.232,1.233,1615000000.0,-4532000000.0,10700000000.0,10700000000.0,0.0,-0.124,-0.594,-0.063,-0.352,0.0,0.0,1.0,425743282.0,426000000,426000000.0,25.117,37530000000.0,256000000.0,1440000000.0,4345000000.0,88.099,-4176000000.0
5,FE,MRY,2015-12-31,2015-12-31,2015-12-31,2021-07-22,171000000.0,52094000000.0,52570750000.0,3040000000.0,49054000000.0,0.286,29.434,-2704000000.0,131000000.0,131000000.0,10018000000.0,578000000.0,0.543,3.194,21973000000.0,2874000000.0,19099000000.0,21973000000.0,0.0,1826000000.0,0.0,0.045,1.44,3003000000.0,4829000000.0,0.321,4829000000.0,3003000000.0,1871000000.0,1.37,1.37,1.37,12421000000.0,12481500000.0,12421000000.0,35511115743.0,12.0,7.354,756000000.0,1.791,1.0,5008000000.0,0.333,6418000000.0,1132000000.0,61916000000.0,62268500000.0,785000000.0,2282000000.0,0.0,2282000000.0,39672000000.0,5602000000.0,34070000000.0,13423115743.0,46000000.0,0.0,0.0,341000000.0,-607000000.0,-292000000.0,-3122000000.0,-114000000.0,3460000000.0,0.0,578000000.0,578000000.0,578000000.0,0.0,0.0,0.038,1738000000.0,3270000000.0,1075000000.0,1.051,1.081,23.223,23.161,37214000000.0,0.0,31.73,0.893,0.891,1595000000.0,2256000000.0,15026000000.0,15026000000.0,0.0,0.011,0.046,0.048,0.2,0.0,0.0,1.0,423041782.0,422000000,424000000.0,35.607,45676000000.0,135000000.0,1293000000.0,7292000000.0,108.237,-2562000000.0
6,FE,MRY,2014-12-31,2014-12-31,2014-12-31,2021-07-22,246000000.0,51648000000.0,51372000000.0,3358000000.0,48290000000.0,0.293,29.571,-3312000000.0,85000000.0,85000000.0,10958000000.0,299000000.0,0.604,3.158,21779000000.0,2603000000.0,19176000000.0,21779000000.0,0.0,1592000000.0,0.0,0.037,1.44,2300000000.0,3892000000.0,0.259,3892000000.0,2300000000.0,1219000000.0,0.71,0.71,0.71,12420000000.0,12601750000.0,12420000000.0,37835700160.0,16.0,9.721,-599000000.0,-1.426,1.0,4091000000.0,0.272,6418000000.0,1081000000.0,61363000000.0,60090750000.0,817000000.0,2341000000.0,0.0,2341000000.0,39226000000.0,5561000000.0,33665000000.0,16406700160.0,-133000000.0,0.0,0.0,1164000000.0,-604000000.0,513000000.0,-3359000000.0,-103000000.0,2713000000.0,0.0,299000000.0,299000000.0,299000000.0,-86000000.0,0.0,0.02,2067000000.0,2024000000.0,1279000000.0,2.028,1.321,54.872,54.915,35783000000.0,0.0,38.99,1.09,1.088,1779000000.0,2285000000.0,15049000000.0,15049000000.0,0.0,0.006,0.024,0.038,0.153,0.0,0.0,1.0,420792515.0,420000000,421000000.0,35.831,45230000000.0,128000000.0,920000000.0,7029000000.0,107.69,-2203000000.0
7,FE,MRY,2013-12-31,2013-12-31,2013-12-31,2021-07-22,284000000.0,50424000000.0,50347000000.0,4013000000.0,46411000000.0,0.296,30.364,-2638000000.0,218000000.0,218000000.0,10052000000.0,392000000.0,0.525,2.973,20650000000.0,4819000000.0,15831000000.0,20650000000.0,0.0,2022000000.0,0.0,0.067,2.2,2581000000.0,4603000000.0,0.309,4603000000.0,2581000000.0,1565000000.0,0.94,0.94,0.94,12692000000.0,12757750000.0,12692000000.0,34155210262.0,13.0,7.42,24000000.0,0.057,1.0,4840000000.0,0.325,6418000000.0,1016000000.0,56801000000.0,56743000000.0,752000000.0,2201000000.0,0.0,2201000000.0,37729000000.0,7637000000.0,30092000000.0,13793210262.0,46000000.0,0.0,0.0,1580000000.0,-920000000.0,477000000.0,-3093000000.0,-72000000.0,2662000000.0,0.0,392000000.0,392000000.0,392000000.0,-17000000.0,0.0,0.026,2280000000.0,2560000000.0,1250000000.0,2.34,1.087,35.187,35.085,33252000000.0,0.0,32.98,0.926,0.926,1918000000.0,2590000000.0,14892000000.0,14892000000.0,0.0,0.008,0.031,0.045,0.173,0.0,0.0,1.0,418229541.0,418000000,419000000.0,35.627,44006000000.0,592000000.0,1173000000.0,7453000000.0,105.278,-3624000000.0
8,FE,MRY,2012-12-31,2012-12-31,2012-12-31,2021-07-22,385000000.0,50494000000.0,48742750000.0,3768000000.0,46726000000.0,0.313,31.301,-2678000000.0,172000000.0,172000000.0,10477000000.0,771000000.0,0.495,2.859,19147000000.0,3968000000.0,15179000000.0,19147000000.0,0.0,1051000000.0,0.0,0.053,2.2,3300000000.0,4351000000.0,0.285,4351000000.0,3300000000.0,2299000000.0,1.85,1.84,1.85,13084000000.0,13334250000.0,13084000000.0,36018718409.0,11.0,8.278,-358000000.0,-0.856,1.0,4778000000.0,0.313,6447000000.0,1001000000.0,55417000000.0,54543250000.0,861000000.0,2258000000.0,0.0,2258000000.0,37401000000.0,7605000000.0,29796000000.0,17464718409.0,-30000000.0,0.0,0.0,1779000000.0,-920000000.0,807000000.0,-3157000000.0,62000000.0,2320000000.0,0.0,770000000.0,770000000.0,770000000.0,-16000000.0,1000000.0,0.05,1660000000.0,3118000000.0,1599000000.0,1.189,1.335,22.681,22.573,33036000000.0,0.0,41.76,1.145,1.144,1929000000.0,2888000000.0,15255000000.0,15255000000.0,0.0,0.016,0.058,0.061,0.216,0.0,0.0,1.0,418216437.0,418000000,419000000.0,36.495,44047000000.0,438000000.0,1529000000.0,7159000000.0,105.376,-3837000000.0
9,FE,MRY,2011-12-31,2011-12-31,2011-12-31,2021-07-22,426000000.0,47326000000.0,47362250000.0,3355000000.0,43971000000.0,0.34,33.283,-2129000000.0,202000000.0,202000000.0,11140000000.0,869000000.0,0.691,2.562,17337000000.0,1621000000.0,15716000000.0,17337000000.0,0.0,1536000000.0,0.0,0.05,2.2,3436000000.0,4972000000.0,0.309,4972000000.0,3436000000.0,2428000000.0,2.22,2.21,2.22,13280000000.0,13013250000.0,13280000000.0,35898988159.0,10.0,7.22,934000000.0,2.341,1.0,4965000000.0,0.308,6441000000.0,1008000000.0,53165000000.0,52934000000.0,811000000.0,2514000000.0,0.0,2514000000.0,34027000000.0,4855000000.0,29172000000.0,18526988159.0,-817000000.0,590000000.0,0.0,-2005000000.0,-881000000.0,-2924000000.0,-956000000.0,-42000000.0,3063000000.0,0.0,885000000.0,885000000.0,885000000.0,-13000000.0,-16000000.0,0.055,2311000000.0,2654000000.0,1174000000.0,0.991,1.395,20.934,19.955,30337000000.0,0.0,44.3,1.15,1.098,1794000000.0,3047000000.0,16105000000.0,16105000000.0,0.0,0.019,0.068,0.065,0.213,0.0,0.0,1.0,418216437.0,399000000,401000000.0,40.363,40885000000.0,191000000.0,1543000000.0,6228000000.0,102.469,-1500000000.0
10,FE,MRY,2010-12-31,2010-12-31,2010-12-31,2021-07-22,425000000.0,35531000000.0,34695500000.0,3698000000.0,31833000000.0,0.384,29.553,-1780000000.0,1019000000.0,1019000000.0,8770000000.0,718000000.0,0.786,2.958,14765000000.0,2186000000.0,12579000000.0,14765000000.0,0.0,1486000000.0,0.0,0.059,2.2,2825000000.0,4311000000.0,0.323,4311000000.0,2825000000.0,1980000000.0,2.44,2.42,2.44,8984000000.0,8771500000.0,8984000000.0,25347006767.0,9.0,5.88,1296000000.0,4.263,1.0,4569000000.0,0.343,5575000000.0,845000000.0,38998000000.0,38375750000.0,638000000.0,2449000000.0,0.0,2449000000.0,26579000000.0,4704000000.0,21875000000.0,11285006767.0,145000000.0,0.0,0.0,-294000000.0,-670000000.0,-983000000.0,-1948000000.0,19000000.0,3076000000.0,0.0,742000000.0,742000000.0,742000000.0,0.0,-24000000.0,0.056,2050000000.0,2519000000.0,872000000.0,0.902,1.256,15.209,15.172,20510000000.0,0.0,37.02,0.846,0.844,1568000000.0,3084000000.0,13339000000.0,13339000000.0,0.0,0.021,0.085,0.074,0.212,0.0,0.0,1.0,304835407.0,304000000,305000000.0,43.878,29956000000.0,199000000.0,1238000000.0,3492000000.0,98.539,-1006000000.0
11,FE,MRY,2009-12-31,2009-12-31,2009-12-31,2021-07-22,-1415000000.0,34304000000.0,34210250000.0,3320000000.0,30984000000.0,0.379,28.155,-2203000000.0,874000000.0,874000000.0,8434000000.0,856000000.0,0.64,3.008,14923000000.0,2915000000.0,12008000000.0,14923000000.0,0.0,1776000000.0,0.0,0.047,2.2,2787000000.0,4563000000.0,0.352,4563000000.0,2787000000.0,1809000000.0,2.87,2.85,2.87,8559000000.0,8568500000.0,8559000000.0,28641604655.0,10.0,6.277,262000000.0,0.862,1.0,4539000000.0,0.35,5575000000.0,978000000.0,37590000000.0,36736000000.0,647000000.0,2402000000.0,0.0,2402000000.0,25747000000.0,5188000000.0,20559000000.0,14159604655.0,329000000.0,0.0,0.0,776000000.0,-670000000.0,49000000.0,-2185000000.0,-17000000.0,2465000000.0,0.0,872000000.0,872000000.0,872000000.0,0.0,-16000000.0,0.067,2103000000.0,2436000000.0,829000000.0,0.767,1.654,16.238,16.185,19164000000.0,0.0,46.45,1.091,1.088,1397000000.0,4495000000.0,12973000000.0,12973000000.0,0.0,0.025,0.102,0.076,0.215,20000000.0,0.0,1.0,304835407.0,304000000,306000000.0,42.674,28729000000.0,248000000.0,937000000.0,2782000000.0,94.503,-1868000000.0
12,FE,MRY,2008-12-31,2008-12-31,2008-12-31,2021-07-22,-1380000000.0,33521000000.0,33260750000.0,3053000000.0,30468000000.0,0.41,27.247,-2888000000.0,545000000.0,545000000.0,8676000000.0,1339000000.0,0.43,3.043,13973000000.0,4873000000.0,9100000000.0,13973000000.0,0.0,1730000000.0,0.0,0.045,2.2,3651000000.0,5381000000.0,0.395,5381000000.0,3651000000.0,2897000000.0,4.41,4.38,4.41,8283000000.0,8949000000.0,8283000000.0,28202904072.0,8.0,5.241,-664000000.0,-2.184,1.0,4951000000.0,0.363,5575000000.0,754000000.0,34276000000.0,33946750000.0,605000000.0,2306000000.0,0.0,2306000000.0,25206000000.0,7098000000.0,18108000000.0,14808904072.0,416000000.0,0.0,0.0,1827000000.0,-671000000.0,1175000000.0,-2983000000.0,-33000000.0,2224000000.0,0.0,1342000000.0,1342000000.0,1342000000.0,0.0,-3000000.0,0.098,1414000000.0,3537000000.0,794000000.0,0.499,1.788,11.035,11.016,17723000000.0,0.0,48.58,1.087,1.084,1471000000.0,4159000000.0,13627000000.0,13627000000.0,0.0,0.04,0.15,0.108,0.268,-64000000.0,0.0,1.0,304835407.0,304000000,307000000.0,44.826,27946000000.0,283000000.0,1555000000.0,2496000000.0,91.928,-4045000000.0
13,FE,MRY,2007-12-31,2007-12-31,2007-12-31,2021-07-22,-50000000.0,32311000000.0,31946750000.0,2230000000.0,30081000000.0,0.401,29.337,-1633000000.0,129000000.0,129000000.0,8097000000.0,1312000000.0,0.433,2.599,11786000000.0,2917000000.0,8869000000.0,11786000000.0,0.0,1657000000.0,0.0,0.028,2.0,3721000000.0,5378000000.0,0.42,5378000000.0,3721000000.0,2946000000.0,4.27,4.22,4.27,8977000000.0,8671000000.0,8977000000.0,33476793342.0,9.0,6.225,66000000.0,0.216,1.0,4705000000.0,0.368,5607000000.0,775000000.0,33213000000.0,32642250000.0,521000000.0,2844000000.0,0.0,2844000000.0,23334000000.0,5148000000.0,18186000000.0,22051793342.0,39000000.0,0.0,-969000000.0,245000000.0,-616000000.0,-1347000000.0,-313000000.0,1298000000.0,1699000000.0,0.0,1309000000.0,1309000000.0,1309000000.0,0.0,3000000.0,0.102,1133000000.0,3572000000.0,777000000.0,0.468,2.456,16.846,16.941,15383000000.0,0.0,72.34,1.723,1.729,1421000000.0,3487000000.0,12802000000.0,12802000000.0,0.0,0.041,0.151,0.114,0.291,-39000000.0,0.0,1.0,304835407.0,306000000,310000000.0,41.837,26704000000.0,32000000.0,1637000000.0,3079000000.0,87.268,-2918000000.0
14,FE,MRY,2006-12-31,2006-12-31,2006-12-31,2021-07-22,-259000000.0,31196000000.0,31933250000.0,2083000000.0,29113000000.0,0.36,27.886,-1315000000.0,90000000.0,90000000.0,7218000000.0,1254000000.0,0.396,2.453,11510000000.0,2975000000.0,8535000000.0,11510000000.0,0.0,1457000000.0,0.0,0.03,1.8,3490000000.0,4947000000.0,0.43,4947000000.0,3490000000.0,2769000000.0,3.84,3.81,3.84,9035000000.0,9262750000.0,9035000000.0,30847092675.0,9.0,6.236,624000000.0,1.926,1.0,4283000000.0,0.372,5898000000.0,721000000.0,31463000000.0,31988500000.0,577000000.0,2788000000.0,0.0,2788000000.0,22161000000.0,5255000000.0,8371000000.0,19248092675.0,26000000.0,0.0,-600000000.0,605000000.0,-586000000.0,-804000000.0,-1109000000.0,106000000.0,1939000000.0,0.0,1254000000.0,1254000000.0,1254000000.0,4000000.0,0.0,0.109,957000000.0,3326000000.0,726000000.0,0.469,2.13,15.349,15.703,14667000000.0,0.0,60.3,1.674,1.699,1267000000.0,2806000000.0,11501000000.0,11501000000.0,0.0,0.039,0.135,0.109,0.303,-37000000.0,0.0,1.0,319205517.0,324000000,327000000.0,35.497,25298000000.0,0.0,1515000000.0,3338000000.0,78.08,-3172000000.0
15,FE,MRY,2005-12-31,2005-12-31,2005-12-31,2021-07-22,0.0,31841000000.0,31421687000.0,2317000000.0,29524000000.0,0.361,28.012,-1208000000.0,64000000.0,64000000.0,7114000000.0,861000000.0,0.425,2.465,10929000000.0,2774000000.0,8155000000.0,10929000000.0,0.0,1869000000.0,0.0,0.034,1.667,2983000000.0,4852000000.0,0.427,4852000000.0,2983000000.0,2323000000.0,2.62,2.61,2.62,9188000000.0,8819327000.0,9188000000.0,26667518161.0,9.0,5.496,1012000000.0,3.085,1.0,4244000000.0,0.374,6010000000.0,660000000.0,31243000000.0,32047984250.0,518000000.0,2642000000.0,0.0,2642000000.0,22653000000.0,5453000000.0,17200000000.0,16158679161.0,11000000.0,0.0,0.0,-142000000.0,-546000000.0,-876000000.0,-1333000000.0,-143000000.0,2220000000.0,0.0,861000000.0,861000000.0,861000000.0,-12000000.0,0.0,0.076,1464000000.0,2780000000.0,727000000.0,0.636,1.759,18.767,18.698,13998000000.0,0.0,48.99,1.423,1.415,1498000000.0,2159000000.0,11358000000.0,11358000000.0,0.0,0.027,0.098,0.093,0.263,0.0,0.0,1.0,329836276.0,328000000,330000000.0,34.628,25831000000.0,0.0,1462000000.0,3526000000.0,78.753,-3136000000.0
16,FE,MRY,2004-12-31,2004-12-31,2004-12-31,2021-07-22,0.0,31035000000.0,31713563000.0,2012000000.0,29023000000.0,0.366,26.269,-846000000.0,53000000.0,53000000.0,7379000000.0,878000000.0,0.608,2.613,11124000000.0,1111000000.0,10013000000.0,11124000000.0,0.0,1751000000.0,0.0,0.038,1.5,2908000000.0,4659000000.0,0.402,4659000000.0,2908000000.0,2237000000.0,2.68,2.67,2.68,8590000000.0,8498024000.0,8590000000.0,24051900265.0,8.0,5.162,1046000000.0,3.199,1.0,4221000000.0,0.364,6050000000.0,671000000.0,32748000000.0,33227041250.0,458000000.0,2534000000.0,0.0,2534000000.0,22445000000.0,3308000000.0,19137000000.0,13031831265.0,-61000000.0,0.0,0.0,-962000000.0,-491000000.0,-1457000000.0,-496000000.0,153000000.0,1892000000.0,0.0,878000000.0,878000000.0,878000000.0,29000000.0,0.0,0.076,1494000000.0,2727000000.0,611000000.0,0.56,1.517,14.843,14.743,13479000000.0,0.0,39.51,1.123,1.114,1356000000.0,1856863000.0,11600000000.0,11600000000.0,0.0,0.028,0.103,0.088,0.251,0.0,0.0,1.0,329836276.0,327000000,329000000.0,35.474,24985000000.0,0.0,1359000000.0,2981000000.0,76.407,-1296000000.0
17,FE,MRY,2003-12-31,2003-12-31,2003-12-31,2021-07-22,0.0,32909948000.0,33679224000.0,2243311000.0,30666637000.0,0.336,27.268,-856000000.0,391738000.0,391738000.0,7799000000.0,423000000.0,0.502,2.97,12064803000.0,2275737000.0,9789066000.0,12064803000.0,0.0,1683000000.0,0.0,0.043,1.5,2268000000.0,3951000000.0,0.349,3951000000.0,2268000000.0,1469000000.0,1.39,1.39,1.39,8289341000.0,7672206250.0,8289341000.0,23650803915.0,10.0,5.986,921000000.0,3.03,1.0,3526000000.0,0.311,6127883000.0,799000000.0,33982963000.0,35544699000.0,421022000.0,2341075000.0,0.0,2341075000.0,24620607000.0,4472167000.0,20148440000.0,11610236915.0,-112000000.0,0.0,934000000.0,-1677000000.0,-453000000.0,-1298000000.0,-591000000.0,100000000.0,1777000000.0,0.0,423000000.0,423000000.0,423000000.0,123000000.0,0.0,0.037,1412000000.0,2114000000.0,725239000.0,1.079,1.401,27.447,25.324,13268922000.0,0.0,35.2,1.025,0.945,1505500000.0,1604385000.0,11325000000.0,11325000000.0,0.0,0.013,0.055,0.064,0.2,0.0,0.0,1.0,329836276.0,304000000,305000000.0,37.253,26782065000.0,0.0,1046000000.0,2847604000.0,88.099,-2228856000.0
18,FE,MRY,2002-12-31,2002-12-31,2002-12-31,2021-07-22,0.0,34386353000.0,35034180500.0,2450098000.0,31936255000.0,0.327,24.048,-997723000.0,196301000.0,196301000.0,7237028000.0,552804000.0,0.467,3.877,13667855000.0,2795639000.0,10872216000.0,13667855000.0,0.0,1662484000.0,0.0,0.045,1.5,2672208000.0,4334692000.0,0.378,4334692000.0,2672208000.0,1716338000.0,1.89,1.88,1.89,7050661000.0,7461351750.0,7050661000.0,23256333020.0,9.0,5.365,934571000.0,3.188,1.0,4216326000.0,0.368,6278072000.0,955870000.0,36328592000.0,37628310500.0,427075000.0,2128995000.0,0.0,2128995000.0,27335692000.0,5251243000.0,22084449000.0,9813068020.0,-37960000.0,0.0,0.0,-161618000.0,-439628000.0,-1137552000.0,-832702000.0,-72029000.0,1932294000.0,0.0,552804000.0,552804000.0,552804000.0,65581000.0,0.0,0.048,1478537000.0,2737789000.0,906468000.0,0.794,1.392,17.751,17.444,12967165000.0,0.0,32.97,0.857,0.844,1623092000.0,1634981000.0,11453354000.0,11453354000.0,0.0,0.016,0.074,0.071,0.233,0.0,0.0,1.0,297636276.0,293194000,294421000.0,39.064,28108281000.0,0.0,1163534000.0,2524803000.0,95.869,-2801145000.0
19,FE,MRY,2001-12-31,2001-12-31,2001-12-31,2021-07-22,0.0,37351513000.0,22892006750.0,3630564000.0,33720949000.0,0.349,32.236,-852449000.0,220178000.0,220178000.0,4969350000.0,646447000.0,0.778,3.721,13915268000.0,2481955000.0,11433313000.0,13915268000.0,0.0,889550000.0,0.0,0.054,1.875,2131963000.0,3021513000.0,0.378,3021513000.0,2131963000.0,1576244000.0,2.82,2.81,2.82,7398599000.0,5389922000.0,7398599000.0,14707756668.0,7.0,4.868,429235000.0,1.87,1.0,3030012000.0,0.379,5600918000.0,555719000.0,40776228000.0,25388715000.0,397518000.0,1014234000.0,1014234000.0,0.0,27531172000.0,4669457000.0,22861715000.0,7834875668.0,170920000.0,-2013218000.0,-15308000.0,2302579000.0,-334633000.0,1963911000.0,-3074675000.0,24518000.0,1281684000.0,0.0,646447000.0,646447000.0,646447000.0,0.0,0.0,0.081,889550000.0,2140462000.0,704184000.0,0.665,1.059,12.12,12.404,12428429000.0,0.0,34.98,0.979,1.004,1548214000.0,1521805000.0,7999362000.0,7999362000.0,0.0,0.028,0.12,0.084,0.267,0.0,0.0,1.0,223981580.0,229512000,230430000.0,34.854,31750595000.0,0.0,929797000.0,3363306000.0,138.34,-1038893000.0
20,FE,MRY,2000-12-31,2000-12-31,2000-12-31,2021-07-22,0.0,17941294000.0,18029500000.0,2754902000.0,15186392000.0,0.39,20.918,-587618000.0,49258000.0,49258000.0,4042689000.0,598970000.0,1.062,2.965,6978295000.0,1236247000.0,5742048000.0,6978295000.0,0.0,933684000.0,0.0,0.048,1.5,2052588000.0,2986272000.0,0.425,2986272000.0,2052588000.0,1523453000.0,2.69,2.69,2.69,4653126000.0,4634607500.0,4653126000.0,14003970257.0,7.0,4.689,920208000.0,4.137,1.0,2986272000.0,0.425,2088770000.0,529135000.0,20187756000.0,20571137000.0,283718000.0,584288000.0,584288000.0,0.0,13798479000.0,2593805000.0,11204674000.0,7115826257.0,-62530000.0,0.0,-195002000.0,-312306000.0,-334220000.0,-879992000.0,-690364000.0,17449000.0,1507826000.0,0.0,598970000.0,598970000.0,598970000.0,0.0,0.0,0.085,933684000.0,2052588000.0,478661000.0,0.558,1.529,11.88,11.732,7575076000.0,0.0,31.56,1.012,0.999,918449000.0,1209991000.0,7028961000.0,7028961000.0,0.0,0.033,0.129,0.1,0.292,0.0,0.0,1.0,225469780.0,222444000,222726000.0,31.599,15852524000.0,0.0,924483000.0,2744752000.0,71.265,161097000.0
21,FE,MRY,1999-12-31,1999-12-31,1999-12-31,2021-07-22,0.0,18224047000.0,18217618500.0,1301676000.0,16922371000.0,0.347,20.085,-624901000.0,111788000.0,111788000.0,3302200000.0,568299000.0,0.548,2.993,7301603000.0,1180339000.0,6121264000.0,7301603000.0,0.0,937976000.0,0.0,0.066,1.5,2079471000.0,3017447000.0,0.477,3017447000.0,2079471000.0,1507178000.0,2.5,2.5,2.5,4563890000.0,4508342500.0,4563890000.0,12479259265.0,6.0,4.136,863405000.0,3.8,1.0,3017447000.0,0.477,2129902000.0,572293000.0,20906549000.0,21048896000.0,254065000.0,543694000.0,0.0,543694000.0,13660157000.0,2377411000.0,11282746000.0,5287314265.0,33990000.0,0.0,-130133000.0,-318847000.0,-341467000.0,842606000.0,-611710000.0,41213000.0,1488306000.0,0.0,568299000.0,568299000.0,568299000.0,0.0,0.0,0.09,937976000.0,2079471000.0,360379000.0,0.6,1.159,9.304,9.076,9093341000.0,0.0,22.69,0.837,0.816,767929000.0,945241000.0,6319647000.0,6319647000.0,0.0,0.031,0.126,0.099,0.329,0.0,0.0,1.0,233023987.0,227227000,227299000.0,27.812,16094145000.0,0.0,938879000.0,2910072000.0,70.828,-1075735000.0
22,FE,MRY,1998-12-31,1998-12-31,1998-12-31,2021-07-22,0.0,18192177000.0,18200225250.0,1067133000.0,17125044000.0,0.323,19.654,-652852000.0,77798000.0,77798000.0,1726513000.0,410874000.0,0.49,3.089,7603299000.0,1130940000.0,6472359000.0,7603299000.0,0.0,758865000.0,0.0,0.076,2.475,1866545000.0,2625410000.0,0.447,2625410000.0,1866545000.0,1265569000.0,1.82,1.82,1.82,4449158000.0,4359440500.0,4449158000.0,15278998473.0,8.0,5.82,502473000.0,2.22,1.0,4148393000.0,0.706,2167968000.0,600976000.0,21372996000.0,21736319250.0,256035000.0,358371000.0,0.0,358371000.0,13743019000.0,2176714000.0,11566305000.0,7718969473.0,-20439000.0,0.0,204182000.0,-353159000.0,-339111000.0,-392869000.0,-782895000.0,-47804000.0,1155325000.0,0.0,410874000.0,410874000.0,410874000.0,0.0,0.0,0.07,758865000.0,3389528000.0,247353000.0,1.36,1.735,18.787,17.89,9242574000.0,0.0,32.56,1.314,1.255,561369000.0,718409000.0,5874906000.0,5874906000.0,0.0,0.023,0.094,0.086,0.318,0.0,0.0,1.0,237069087.0,226373000,226373000.0,25.952,16024209000.0,0.0,854695000.0,2970706000.0,70.787,-1109581000.0
23,FE,MRY,1997-12-31,1997-12-31,1997-12-31,2021-07-22,0.0,18080795000.0,13567626000.0,1002991000.0,17077804000.0,0.218,26.416,-203839000.0,98237000.0,98237000.0,530299000.0,305774000.0,0.554,3.35,7862500000.0,772665000.0,7089835000.0,7862500000.0,0.0,474679000.0,0.0,0.0,0.0,1105001000.0,1579680000.0,0.533,1579680000.0,1105001000.0,796472000.0,1.94,1.94,1.94,4159598000.0,3331478500.0,4159598000.0,,,,652598000.0,4.144,1.0,2430826000.0,0.821,2107795000.0,308529000.0,21928427000.0,16694921500.0,237800000.0,0.0,0.0,0.0,13933328000.0,1808836000.0,12124492000.0,6676007089.0,20970000.0,-1582459000.0,1558237000.0,-293387000.0,-237848000.0,-1022002000.0,-1857469000.0,-8934000.0,856437000.0,0.0,305774000.0,305774000.0,305774000.0,0.0,0.0,0.103,474679000.0,1956147000.0,312690000.0,0.0,1.605,21.833,14.948,9635992000.0,0.0,29.0,2.255,1.542,503268000.0,646646000.0,2961125000.0,2961125000.0,0.0,0.023,0.092,0.066,0.373,0.0,0.0,1.0,230207141.0,157464000,157464000.0,18.805,15973000000.0,0.0,490698000.0,3010442000.0,101.439,-805845000.0
24,FE,MRY,1996-12-31,1996-12-31,1996-12-31,2021-07-22,0.0,9054457000.0,,496933000.0,8557524000.0,,17.373,-148189000.0,5253000.0,5253000.0,456629000.0,302673000.0,0.45,2.671,3515907000.0,683147000.0,2832760000.0,3515907000.0,0.0,383441000.0,0.0,,0.0,1010899000.0,1394340000.0,0.553,1394340000.0,1010899000.0,745966000.0,2.1,2.1,2.1,2503359000.0,,2503359000.0,,,,599568000.0,4.161,1.0,2065159000.0,0.819,0.0,264933000.0,11461416000.0,,110645000.0,0.0,0.0,0.0,6686684000.0,1103695000.0,5582989000.0,,-24577000.0,0.0,0.0,96912000.0,-218656000.0,-122760000.0,-649574000.0,-487979000.0,747757000.0,0.0,302673000.0,302673000.0,302673000.0,0.0,0.0,0.12,383441000.0,1681718000.0,93509000.0,0.0,,,,5506970000.0,0.0,,,,247027000.0,,2521788000.0,2521788000.0,0.0,,,,0.401,0.0,0.0,1.0,,144095000,144095000.0,17.501,9054457000.0,100802000.0,443293000.0,2119830000.0,62.837,-606762000.0
25,FE,MRY,1995-12-31,1995-12-31,1995-12-31,2021-07-22,,,,,,,,,,,755200000.0,294747000.0,,,,,,,,,,,0.0,1016193000.0,,,,1016193000.0,729898000.0,2.05,2.05,2.05,,,,,,,,,1.0,1710646000.0,0.694,,286295000.0,,,,,,,,,,,,,,,,,,,,,294747000.0,294747000.0,294747000.0,0.0,0.0,0.12,708877000.0,1001769000.0,,0.0,,,,,0.0,,,,,,2465846000.0,2465846000.0,0.0,,,,0.412,,0.0,1.0,,143692000,143692000.0,17.161,,,435151000.0,,,
0,FE,MRQ,2021-06-30,2021-06-30,2021-06-30,2021-07-22,-9000000.0,44363000000.0,,3196000000.0,41167000000.0,,13.658,-622000000.0,1312000000.0,1312000000.0,1444000000.0,58000000.0,0.826,4.971,24258000000.0,1233000000.0,23025000000.0,24258000000.0,0.0,377000000.0,0.0,0.042,0.39,705000000.0,1082000000.0,0.413,1082000000.0,705000000.0,418000000.0,0.11,0.11,0.11,7430000000.0,,7430000000.0,43105535075.0,12.0,8.631,192000000.0,0.353,1.0,1178000000.0,0.449,5618000000.0,287000000.0,57820000000.0,,274000000.0,622000000.0,0.0,622000000.0,36933000000.0,3871000000.0,33062000000.0,20238535075.0,-14000000.0,0.0,0.0,46000000.0,-212000000.0,-153000000.0,-675000000.0,-4000000.0,814000000.0,0.0,58000000.0,58000000.0,58000000.0,0.0,0.0,0.022,602000000.0,576000000.0,1184000000.0,3.545,2.724,18.585,18.421,34017000000.0,0.0,37.21,1.856,1.856,1318000000.0,-2495000000.0,2622000000.0,2622000000.0,0.0,,,,,0.0,0.0,1.0,543900432.0,544000000,545000000.0,4.82,38745000000.0,292000000.0,360000000.0,3844000000.0,71.222,-675000000.0
1,FE,MRQ,2021-03-31,2021-03-31,2021-03-31,2021-07-22,-7000000.0,44117000000.0,,3188000000.0,40929000000.0,,13.554,-604000000.0,1326000000.0,1326000000.0,1588000000.0,335000000.0,0.689,4.994,24193000000.0,1989000000.0,22204000000.0,24193000000.0,0.0,454000000.0,0.0,0.045,0.39,980000000.0,1434000000.0,0.526,1434000000.0,980000000.0,695000000.0,0.62,0.62,0.62,7360000000.0,,7360000000.0,41520131472.0,11.0,8.125,-71000000.0,-0.131,1.0,1138000000.0,0.417,5618000000.0,285000000.0,56742000000.0,,303000000.0,606000000.0,0.0,606000000.0,36757000000.0,4624000000.0,32133000000.0,18844131472.0,-475000000.0,155000000.0,0.0,-279000000.0,-212000000.0,-509000000.0,-499000000.0,-2000000.0,533000000.0,0.0,335000000.0,335000000.0,335000000.0,0.0,0.0,0.123,306000000.0,832000000.0,870000000.0,0.629,2.56,14.063,13.988,33640000000.0,0.0,34.69,1.744,1.743,1278000000.0,-2553000000.0,2726000000.0,2726000000.0,0.0,,,,,0.0,0.0,1.0,543215090.0,543000000,544000000.0,5.02,38499000000.0,281000000.0,360000000.0,3840000000.0,70.901,-1436000000.0
2,FE,MRQ,2020-12-31,2020-12-31,2020-12-31,2021-07-22,-5000000.0,44464000000.0,,3714000000.0,40750000000.0,,13.352,-678000000.0,1801000000.0,1801000000.0,1596000000.0,242000000.0,0.742,5.144,24477000000.0,2346000000.0,22131000000.0,24477000000.0,0.0,395000000.0,0.0,0.051,0.39,773000000.0,1168000000.0,0.46,1168000000.0,773000000.0,500000000.0,0.45,0.45,0.45,7237000000.0,,7237000000.0,38892686083.0,12.0,8.614,-106000000.0,-0.196,1.0,941000000.0,0.371,5618000000.0,273000000.0,56518000000.0,,317000000.0,605000000.0,0.0,605000000.0,37227000000.0,5004000000.0,32223000000.0,16608686083.0,1505000000.0,0.0,0.0,1896000000.0,-211000000.0,1670000000.0,-737000000.0,-4000000.0,572000000.0,0.0,242000000.0,242000000.0,242000000.0,-30000000.0,0.0,0.095,293000000.0,648000000.0,827000000.0,0.867,2.295,15.393,15.382,33339000000.0,0.0,30.61,1.539,1.538,1439000000.0,-2888000000.0,2537000000.0,2537000000.0,0.0,,,,,0.0,0.0,1.0,542590202.0,542000000,543000000.0,4.681,38846000000.0,157000000.0,258000000.0,3735000000.0,71.672,-1290000000.0
3,FE,MRQ,2020-09-30,2020-09-30,2020-09-30,2021-07-22,-2000000.0,42938000000.0,,2162000000.0,40776000000.0,,13.262,-687000000.0,296000000.0,296000000.0,1804000000.0,454000000.0,0.703,4.974,22580000000.0,377000000.0,22203000000.0,22580000000.0,0.0,202000000.0,0.0,0.054,0.39,1108000000.0,1310000000.0,0.433,1310000000.0,1108000000.0,842000000.0,0.84,0.84,0.84,7188000000.0,,7188000000.0,37574989182.0,13.0,9.818,14000000.0,0.026,1.0,1218000000.0,0.403,5618000000.0,266000000.0,56527000000.0,,308000000.0,881000000.0,0.0,881000000.0,35750000000.0,3077000000.0,32673000000.0,15563989182.0,131000000.0,0.0,0.0,407000000.0,-212000000.0,195000000.0,-765000000.0,-4000000.0,701000000.0,0.0,454000000.0,454000000.0,454000000.0,6000000.0,0.0,0.15,225000000.0,993000000.0,891000000.0,0.464,2.165,21.35,21.267,32901000000.0,0.0,28.71,1.424,1.424,1340000000.0,-3130000000.0,3022000000.0,3022000000.0,0.0,,,,,0.0,0.0,1.0,542110386.0,542000000,543000000.0,5.576,37320000000.0,218000000.0,388000000.0,3637000000.0,68.856,-915000000.0
4,FE,MRQ,2020-06-30,2020-06-30,2020-06-30,2021-07-22,0.0,42403000000.0,,1986000000.0,40417000000.0,,13.179,-676000000.0,165000000.0,165000000.0,1420000000.0,309000000.0,0.781,4.936,22176000000.0,196000000.0,21980000000.0,22176000000.0,0.0,307000000.0,0.0,0.04,0.39,891000000.0,1198000000.0,0.475,1198000000.0,891000000.0,628000000.0,0.57,0.57,0.57,7143000000.0,,7143000000.0,42776208292.0,15.0,10.968,34000000.0,0.063,1.0,1102000000.0,0.437,5618000000.0,263000000.0,56252000000.0,,303000000.0,882000000.0,0.0,882000000.0,35260000000.0,2544000000.0,32716000000.0,21009208292.0,-20000000.0,0.0,0.0,236000000.0,-211000000.0,17000000.0,-747000000.0,-9000000.0,710000000.0,0.0,309000000.0,309000000.0,309000000.0,-2000000.0,0.0,0.123,334000000.0,768000000.0,882000000.0,0.684,2.941,31.545,31.274,32452000000.0,0.0,38.78,1.933,1.934,1232000000.0,-3584000000.0,2522000000.0,2522000000.0,0.0,,,,,0.0,0.0,1.0,541753695.0,542000000,543000000.0,4.653,36785000000.0,286000000.0,319000000.0,3439000000.0,67.869,-558000000.0
5,FE,MRQ,2020-03-31,2020-03-31,2020-03-31,2021-07-22,2000000.0,42090000000.0,,2003000000.0,40087000000.0,,12.595,-616000000.0,185000000.0,185000000.0,1541000000.0,74000000.0,0.542,5.177,21952000000.0,1131000000.0,20821000000.0,21952000000.0,0.0,295000000.0,0.0,0.038,0.39,544000000.0,839000000.0,0.31,839000000.0,544000000.0,281000000.0,0.14,0.14,0.14,6814000000.0,,6814000000.0,41985406334.0,15.0,10.629,-1176000000.0,-2.174,1.0,1168000000.0,0.431,5618000000.0,263000000.0,54542000000.0,,285000000.0,875000000.0,0.0,875000000.0,35276000000.0,3697000000.0,31579000000.0,21666406334.0,-494000000.0,0.0,0.0,972000000.0,-211000000.0,725000000.0,-659000000.0,-5000000.0,-560000000.0,0.0,74000000.0,74000000.0,74000000.0,-50000000.0,0.0,0.027,369000000.0,799000000.0,898000000.0,2.786,3.18,32.581,32.056,32005000000.0,0.0,40.07,1.995,1.996,1254000000.0,-3893000000.0,2709000000.0,2709000000.0,0.0,,,,,0.0,0.0,1.0,540713909.0,541000000,543000000.0,5.007,36472000000.0,279000000.0,207000000.0,3340000000.0,67.416,-1694000000.0
6,FE,MRQ,2019-12-31,2019-12-31,2019-12-31,2021-07-22,20000000.0,42301000000.0,,2444000000.0,39857000000.0,,12.893,-753000000.0,679000000.0,679000000.0,1661000000.0,-111000000.0,0.503,5.065,20998000000.0,1380000000.0,19618000000.0,20998000000.0,0.0,148000000.0,0.0,0.031,0.38,332000000.0,480000000.0,0.18,480000000.0,332000000.0,72000000.0,-0.2,-0.21,-0.2,6975000000.0,,6975000000.0,46312148960.0,15.0,10.566,-23000000.0,-0.043,1.0,1012000000.0,0.379,5618000000.0,260000000.0,52140000000.0,,281000000.0,882000000.0,0.0,882000000.0,35326000000.0,4862000000.0,30464000000.0,26259148960.0,-71000000.0,0.0,0.0,195000000.0,-205000000.0,-9000000.0,-792000000.0,-8000000.0,730000000.0,0.0,-111000000.0,-108000000.0,-108000000.0,-70000000.0,0.0,-0.04,146000000.0,866000000.0,1005000000.0,-1.9,3.765,28.92,28.588,31650000000.0,-3000000.0,48.6,2.38,2.356,1294000000.0,-3967000000.0,2673000000.0,2673000000.0,0.0,,,,,0.0,0.0,1.0,540311707.0,541000000,545000000.0,4.941,36683000000.0,157000000.0,183000000.0,3394000000.0,67.806,-2418000000.0
7,FE,MRQ,2019-09-30,2019-09-30,2019-09-30,2021-07-22,27000000.0,41506000000.0,,2616000000.0,38890000000.0,,13.517,-684000000.0,750000000.0,750000000.0,1678000000.0,391000000.0,0.617,4.708,20803000000.0,1381000000.0,19422000000.0,20803000000.0,0.0,367000000.0,0.0,0.031,0.38,1016000000.0,1383000000.0,0.467,1383000000.0,1016000000.0,755000000.0,0.73,0.72,0.73,7272000000.0,,7272000000.0,45872837143.0,13.0,9.245,428000000.0,0.796,1.0,1285000000.0,0.434,5618000000.0,261000000.0,51702000000.0,,258000000.0,871000000.0,0.0,871000000.0,34234000000.0,4239000000.0,29995000000.0,25662837143.0,276000000.0,0.0,0.0,123000000.0,-206000000.0,-91000000.0,-745000000.0,-10000000.0,1112000000.0,0.0,391000000.0,391000000.0,391000000.0,-2000000.0,0.0,0.132,347000000.0,938000000.0,939000000.0,0.521,3.529,22.472,22.643,31152000000.0,0.0,48.23,2.318,2.344,1336000000.0,-3856000000.0,2963000000.0,2963000000.0,0.0,,,,,0.0,0.0,1.0,532092829.0,538000000,542000000.0,5.507,35888000000.0,239000000.0,364000000.0,3437000000.0,66.706,-1623000000.0
8,FE,MRQ,2019-06-30,2019-06-30,2019-06-30,2021-07-22,31000000.0,40884000000.0,,2386000000.0,38498000000.0,,13.664,-674000000.0,474000000.0,474000000.0,1346000000.0,312000000.0,0.599,4.624,20684000000.0,1631000000.0,19053000000.0,20684000000.0,0.0,357000000.0,0.0,0.035,0.38,891000000.0,1248000000.0,0.496,1248000000.0,891000000.0,632000000.0,0.58,0.58,0.58,7269000000.0,,7269000000.0,42861045248.0,16.0,10.333,133000000.0,0.25,1.0,1170000000.0,0.465,5618000000.0,259000000.0,51493000000.0,,261000000.0,863000000.0,0.0,863000000.0,33615000000.0,3983000000.0,29632000000.0,22751045248.0,264000000.0,0.0,0.0,371000000.0,-202000000.0,163000000.0,-706000000.0,-11000000.0,807000000.0,0.0,312000000.0,308000000.0,308000000.0,29000000.0,0.0,0.122,346000000.0,824000000.0,835000000.0,0.655,3.13,95.193,112.658,30678000000.0,4000000.0,42.81,2.036,2.038,1327000000.0,-4247000000.0,2516000000.0,2516000000.0,0.0,,,,,0.0,0.0,1.0,531442309.0,532000000,533000000.0,4.729,35266000000.0,280000000.0,320000000.0,3176000000.0,66.289,-1597000000.0
9,FE,MRQ,2019-03-31,2019-03-31,2019-03-31,2021-07-22,36000000.0,40490000000.0,,2314000000.0,38176000000.0,,13.079,-554000000.0,210000000.0,210000000.0,1691000000.0,320000000.0,0.535,4.841,20320000000.0,1506000000.0,18814000000.0,20320000000.0,0.0,345000000.0,0.0,0.035,0.38,927000000.0,1272000000.0,0.441,1272000000.0,927000000.0,674000000.0,0.59,0.59,0.59,6932000000.0,,6932000000.0,41134632002.0,15.0,9.75,-736000000.0,-1.389,1.0,1192000000.0,0.413,5618000000.0,253000000.0,50658000000.0,,268000000.0,843000000.0,0.0,843000000.0,33558000000.0,4324000000.0,29234000000.0,22059632002.0,-219000000.0,0.0,0.0,822000000.0,-201000000.0,593000000.0,-630000000.0,-9000000.0,-182000000.0,0.0,320000000.0,315000000.0,315000000.0,35000000.0,0.0,0.109,302000000.0,890000000.0,922000000.0,0.644,3.182,339.379,520.125,30266000000.0,5000000.0,41.61,1.955,1.955,1501000000.0,-4559000000.0,2883000000.0,2883000000.0,0.0,,,,,0.0,0.0,1.0,530152175.0,530000000,533000000.0,5.44,34872000000.0,314000000.0,354000000.0,3182000000.0,65.796,-2010000000.0
10,FE,MRQ,2018-12-31,2018-12-31,2018-12-31,2021-07-22,41000000.0,40063000000.0,,2392000000.0,37671000000.0,,13.283,-733000000.0,429000000.0,429000000.0,1620000000.0,138000000.0,0.516,4.88,19504000000.0,1753000000.0,17751000000.0,19504000000.0,0.0,381000000.0,0.0,0.038,0.36,678000000.0,1059000000.0,0.391,1059000000.0,678000000.0,420000000.0,0.23,0.24,0.23,6814000000.0,,6814000000.0,38153772892.0,10.0,7.157,119000000.0,0.232,1.0,1090000000.0,0.402,5618000000.0,258000000.0,48886000000.0,,252000000.0,790000000.0,0.0,790000000.0,33249000000.0,4634000000.0,28615000000.0,19204772892.0,-58000000.0,0.0,0.0,70000000.0,-184000000.0,-129000000.0,-781000000.0,-10000000.0,852000000.0,0.0,138000000.0,128000000.0,128000000.0,-4000000.0,0.0,0.047,331000000.0,759000000.0,965000000.0,1.565,2.818,19.577,18.869,29911000000.0,10000000.0,37.55,1.705,1.641,1511000000.0,-4879000000.0,2710000000.0,2710000000.0,0.0,,,,,0.0,0.0,1.0,511445350.0,513000000,515000000.0,5.283,34445000000.0,175000000.0,282000000.0,3035000000.0,67.144,-2242000000.0
11,FE,MRQ,2018-09-30,2018-09-30,2018-09-30,2021-07-22,61000000.0,39443000000.0,,2596000000.0,36847000000.0,,13.664,-635000000.0,487000000.0,487000000.0,1752000000.0,-458000000.0,0.448,4.739,19436000000.0,2828000000.0,16608000000.0,19436000000.0,0.0,399000000.0,0.0,0.039,0.36,170000000.0,569000000.0,0.186,569000000.0,170000000.0,-85000000.0,-1.02,-1.02,-1.02,6873000000.0,,6873000000.0,36998419118.0,15.0,9.514,211000000.0,0.419,1.0,1312000000.0,0.428,5618000000.0,255000000.0,46974000000.0,,240000000.0,822000000.0,0.0,822000000.0,32570000000.0,5800000000.0,26770000000.0,18065419118.0,163000000.0,0.0,0.0,183000000.0,-184000000.0,-11000000.0,-672000000.0,-11000000.0,846000000.0,0.0,-458000000.0,-512000000.0,-512000000.0,857000000.0,0.0,-0.167,350000000.0,962000000.0,1104000000.0,-0.353,2.628,-10.857,-9.73,29407000000.0,54000000.0,37.17,1.608,1.665,1616000000.0,-5017000000.0,3064000000.0,3064000000.0,0.0,,,,,0.0,0.0,1.0,486021499.0,503000000,505000000.0,6.091,33825000000.0,236000000.0,373000000.0,2956000000.0,67.247,-3204000000.0
12,FE,MRQ,2018-06-30,2018-06-30,2018-06-30,2021-07-22,73000000.0,38971000000.0,,2363000000.0,36608000000.0,,16.14,-724000000.0,324000000.0,324000000.0,1509000000.0,299000000.0,0.466,4.062,19257000000.0,2796000000.0,16461000000.0,19257000000.0,0.0,324000000.0,0.0,0.04,0.36,995000000.0,1319000000.0,0.502,1319000000.0,995000000.0,640000000.0,0.28,0.28,0.28,7699000000.0,,7699000000.0,35923813609.0,11.0,7.337,-132000000.0,-0.277,1.0,1116000000.0,0.425,5618000000.0,355000000.0,47218000000.0,,281000000.0,806000000.0,0.0,806000000.0,31272000000.0,5068000000.0,26204000000.0,17125813609.0,25000000.0,0.0,0.0,139000000.0,-172000000.0,-145000000.0,-422000000.0,-11000000.0,592000000.0,0.0,299000000.0,134000000.0,134000000.0,9000000.0,0.0,0.051,176000000.0,940000000.0,909000000.0,1.286,2.224,-22.653,-18.801,29021000000.0,165000000.0,35.91,1.546,1.546,1495000000.0,-4559000000.0,2625000000.0,2625000000.0,0.0,,,,,0.0,0.0,1.0,476909318.0,477000000,479000000.0,5.503,33353000000.0,263000000.0,341000000.0,3130000000.0,69.922,-2705000000.0
13,FE,MRQ,2018-03-31,2018-03-31,2018-03-31,2021-07-22,86000000.0,38795000000.0,,2310000000.0,36485000000.0,,15.494,-583000000.0,299000000.0,299000000.0,1899000000.0,1369000000.0,0.456,4.26,19097000000.0,2357000000.0,16740000000.0,19097000000.0,0.0,280000000.0,0.0,0.042,0.36,2104000000.0,2384000000.0,0.833,2384000000.0,2104000000.0,1856000000.0,2.55,2.54,2.55,7375000000.0,,7375000000.0,38082810084.0,12.0,7.977,-1463000000.0,-3.074,1.0,963000000.0,0.336,5618000000.0,248000000.0,46910000000.0,,273000000.0,800000000.0,0.0,800000000.0,31420000000.0,5065000000.0,26355000000.0,16174810084.0,-344000000.0,-500000000.0,850000000.0,-576000000.0,-171000000.0,1679000000.0,-1143000000.0,-22000000.0,-880000000.0,0.0,1369000000.0,1213000000.0,1213000000.0,-1188000000.0,0.0,0.424,129000000.0,834000000.0,1005000000.0,0.141,2.193,-22.591,-18.894,28923000000.0,156000000.0,34.01,1.46,1.461,1482000000.0,-4858000000.0,2862000000.0,2862000000.0,0.0,,,,,0.0,0.0,1.0,475589829.0,476000000,478000000.0,6.013,33177000000.0,254000000.0,487000000.0,3035000000.0,69.7,-2755000000.0
14,FE,MRQ,2017-12-31,2017-12-31,2017-12-31,2021-07-22,142000000.0,42257000000.0,,3110000000.0,39147000000.0,,8.84,-740000000.0,639000000.0,639000000.0,1656000000.0,-2499000000.0,0.756,9.766,19545000000.0,858000000.0,18687000000.0,19545000000.0,0.0,393000000.0,0.0,0.047,0.36,-776000000.0,-383000000.0,-0.143,-383000000.0,-776000000.0,-1030000000.0,-5.63,-5.62,-5.63,3925000000.0,,3925000000.0,35887552052.0,19.0,9.87,306000000.0,0.689,1.0,1025000000.0,0.382,5618000000.0,254000000.0,51432000000.0,,236000000.0,2697000000.0,0.0,2697000000.0,38332000000.0,4113000000.0,34219000000.0,13621552052.0,208000000.0,0.0,0.0,-155000000.0,-161000000.0,-321000000.0,-517000000.0,-26000000.0,1046000000.0,0.0,-2499000000.0,-2499000000.0,-2499000000.0,1438000000.0,0.0,-0.932,283000000.0,742000000.0,827000000.0,-0.064,3.47,-7.901,-7.892,29233000000.0,0.0,30.62,1.246,1.244,1452000000.0,-6262000000.0,2681000000.0,2681000000.0,0.0,,,,,0.0,0.0,1.0,444858003.0,444000000,441000000.0,6.038,36639000000.0,151000000.0,1469000000.0,3704000000.0,82.52,-1003000000.0
15,FE,MRQ,2017-09-30,2017-09-30,2017-09-30,2021-07-22,151000000.0,43649000000.0,,2931000000.0,40718000000.0,,14.428,-593000000.0,399000000.0,399000000.0,1552000000.0,396000000.0,0.689,5.814,22665000000.0,1576000000.0,21089000000.0,22665000000.0,0.0,478000000.0,0.0,0.047,0.36,1098000000.0,1576000000.0,0.542,1576000000.0,1098000000.0,836000000.0,0.89,0.89,0.89,6406000000.0,,6406000000.0,36405906378.0,-14.0,-43.548,687000000.0,1.547,1.0,1358000000.0,0.467,5618000000.0,262000000.0,56042000000.0,,543000000.0,2632000000.0,0.0,2632000000.0,37243000000.0,4255000000.0,32988000000.0,13697906378.0,264000000.0,0.0,0.0,-151000000.0,-159000000.0,-325000000.0,-691000000.0,-24000000.0,1280000000.0,0.0,396000000.0,396000000.0,396000000.0,-95000000.0,0.0,0.136,387000000.0,971000000.0,924000000.0,0.404,2.138,-2.728,-2.602,29498000000.0,0.0,30.83,1.733,1.732,1542000000.0,-3763000000.0,2910000000.0,2910000000.0,0.0,,,,,0.0,0.0,1.0,444304456.0,444000000,446000000.0,6.554,38031000000.0,123000000.0,440000000.0,4745000000.0,85.655,-1324000000.0
16,FE,MRQ,2017-06-30,2017-06-30,2017-06-30,2021-07-22,163000000.0,43327000000.0,,2755000000.0,40572000000.0,,14.234,-666000000.0,114000000.0,114000000.0,1488000000.0,174000000.0,0.593,5.856,22822000000.0,2240000000.0,20582000000.0,22822000000.0,0.0,413000000.0,0.0,0.049,0.36,784000000.0,1197000000.0,0.456,1197000000.0,784000000.0,536000000.0,0.39,0.39,0.39,6320000000.0,,6320000000.0,35434458808.0,-14.0,-50.405,31000000.0,0.07,1.0,1136000000.0,0.433,5618000000.0,248000000.0,55770000000.0,,553000000.0,2588000000.0,0.0,2588000000.0,37007000000.0,4647000000.0,32360000000.0,12939458808.0,-37000000.0,0.0,0.0,201000000.0,-160000000.0,2000000.0,-736000000.0,-25000000.0,697000000.0,0.0,174000000.0,174000000.0,174000000.0,45000000.0,0.0,0.066,332000000.0,804000000.0,932000000.0,0.923,2.047,-2.569,-2.461,29179000000.0,0.0,29.16,1.452,1.453,1536000000.0,-4159000000.0,2624000000.0,2624000000.0,0.0,,,,,0.0,0.0,1.0,443740014.0,444000000,445000000.0,5.91,37709000000.0,227000000.0,362000000.0,4510000000.0,84.93,-1892000000.0
17,FE,MRQ,2017-03-31,2017-03-31,2017-03-31,2021-07-22,175000000.0,43212000000.0,,2760000000.0,40452000000.0,,13.858,-588000000.0,164000000.0,164000000.0,1652000000.0,205000000.0,0.36,6.039,22659000000.0,4897000000.0,17762000000.0,22659000000.0,0.0,416000000.0,0.0,0.045,0.36,844000000.0,1260000000.0,0.441,1260000000.0,844000000.0,599000000.0,0.46,0.46,0.46,6139000000.0,,6139000000.0,36432638282.0,-9.0,-17.349,197000000.0,0.445,1.0,1203000000.0,0.421,5618000000.0,245000000.0,52432000000.0,,531000000.0,2571000000.0,0.0,2571000000.0,37073000000.0,7657000000.0,29416000000.0,14079638282.0,-52000000.0,0.0,0.0,114000000.0,-159000000.0,-58000000.0,-779000000.0,-23000000.0,785000000.0,0.0,205000000.0,205000000.0,205000000.0,52000000.0,0.0,0.072,333000000.0,870000000.0,977000000.0,0.783,2.293,-2.235,-2.15,28795000000.0,0.0,31.82,1.454,1.455,1551000000.0,-4333000000.0,2855000000.0,2855000000.0,0.0,,,,,0.0,0.0,1.0,442477633.0,443000000,444000000.0,6.445,37594000000.0,202000000.0,394000000.0,4437000000.0,84.862,-4897000000.0
18,FE,MRQ,2016-12-31,2016-12-31,2016-12-31,2021-07-22,174000000.0,43148000000.0,,2950000000.0,40198000000.0,,14.548,-679000000.0,199000000.0,199000000.0,-636000000.0,-5796000000.0,0.414,5.914,22552000000.0,4360000000.0,18192000000.0,22552000000.0,0.0,497000000.0,0.0,0.046,0.36,-5366000000.0,-4869000000.0,9.998,-4869000000.0,-5366000000.0,-5476000000.0,-13.59,-13.59,-13.59,6241000000.0,,6241000000.0,35357269444.0,-9.0,-19.753,112000000.0,0.261,1.0,149000000.0,-0.306,5618000000.0,110000000.0,52757000000.0,,564000000.0,2514000000.0,0.0,2514000000.0,36907000000.0,7126000000.0,29781000000.0,13185269444.0,-373000000.0,0.0,0.0,-159000000.0,-153000000.0,-338000000.0,-826000000.0,-35000000.0,791000000.0,0.0,-5796000000.0,-5796000000.0,-5796000000.0,6728000000.0,0.0,11.901,-1370000000.0,1519000000.0,1043000000.0,-0.026,2.113,-2.135,-2.137,29387000000.0,0.0,30.97,1.232,1.233,1615000000.0,-4532000000.0,-487000000.0,-487000000.0,0.0,,,,,0.0,0.0,1.0,425743282.0,429000000,429000000.0,-1.135,37530000000.0,256000000.0,320000000.0,4345000000.0,87.483,-4176000000.0
19,FE,MRQ,2016-09-30,2016-09-30,2016-09-30,2021-07-22,184000000.0,51961000000.0,,3480000000.0,48481000000.0,,27.066,-664000000.0,551000000.0,551000000.0,2382000000.0,380000000.0,0.494,3.517,22723000000.0,4191000000.0,18532000000.0,22723000000.0,0.0,527000000.0,0.0,0.044,0.36,1182000000.0,1709000000.0,0.436,1709000000.0,1182000000.0,896000000.0,0.89,0.89,0.89,11503000000.0,,11503000000.0,36466557382.0,21.0,10.01,456000000.0,1.073,1.0,1535000000.0,0.392,5618000000.0,286000000.0,61472000000.0,,699000000.0,2502000000.0,0.0,2502000000.0,40458000000.0,7043000000.0,33415000000.0,14065557382.0,352000000.0,0.0,0.0,135000000.0,-153000000.0,-59000000.0,-709000000.0,-27000000.0,1120000000.0,0.0,380000000.0,380000000.0,380000000.0,0.0,0.0,0.097,409000000.0,1126000000.0,944000000.0,0.404,1.223,-23.172,-23.133,37833000000.0,0.0,33.08,0.955,0.955,1629000000.0,1264000000.0,3917000000.0,3917000000.0,0.0,,,,,0.0,0.0,1.0,425198228.0,425000000,427000000.0,9.216,46343000000.0,204000000.0,516000000.0,7673000000.0,109.042,-3563000000.0
20,FE,MRQ,2016-06-30,2016-06-30,2016-06-30,2021-07-22,191000000.0,51401000000.0,,3076000000.0,48325000000.0,,26.84,-794000000.0,199000000.0,199000000.0,2291000000.0,-1089000000.0,0.455,3.506,22600000000.0,4252000000.0,18348000000.0,22600000000.0,0.0,489000000.0,0.0,0.041,0.36,-689000000.0,-200000000.0,-0.059,-200000000.0,-689000000.0,-978000000.0,-2.56,-2.56,-2.56,11407000000.0,,11407000000.0,37038710966.0,22.0,10.317,28000000.0,0.066,1.0,1110000000.0,0.326,5618000000.0,289000000.0,61425000000.0,,759000000.0,2456000000.0,0.0,2456000000.0,39994000000.0,6759000000.0,33235000000.0,14826710966.0,53000000.0,0.0,0.0,250000000.0,-153000000.0,133000000.0,-902000000.0,-26000000.0,822000000.0,0.0,-1089000000.0,-1089000000.0,-1089000000.0,0.0,0.0,-0.32,1844000000.0,-734000000.0,938000000.0,-0.141,1.3,-25.045,-25.297,37461000000.0,0.0,34.91,0.993,0.993,1494000000.0,1190000000.0,3401000000.0,3401000000.0,0.0,,,,,0.0,0.0,1.0,424712431.0,425000000,425000000.0,8.002,45783000000.0,280000000.0,111000000.0,7327000000.0,107.725,-3683000000.0
21,FE,MRQ,2016-03-31,2016-03-31,2016-03-31,2021-07-22,179000000.0,52695000000.0,,3230000000.0,49465000000.0,,29.394,-698000000.0,146000000.0,146000000.0,2423000000.0,328000000.0,0.506,3.228,22358000000.0,3480000000.0,18878000000.0,22358000000.0,0.0,461000000.0,0.0,0.04,0.36,1109000000.0,1570000000.0,0.406,1570000000.0,1109000000.0,821000000.0,0.78,0.77,0.78,12463000000.0,,12463000000.0,37173713701.0,12.0,7.347,-48000000.0,-0.113,1.0,1446000000.0,0.374,6418000000.0,288000000.0,62100000000.0,,781000000.0,2360000000.0,0.0,2360000000.0,40231000000.0,6389000000.0,33842000000.0,15238713701.0,15000000.0,0.0,0.0,394000000.0,-152000000.0,230000000.0,-865000000.0,-23000000.0,650000000.0,0.0,328000000.0,328000000.0,328000000.0,0.0,0.0,0.085,390000000.0,1056000000.0,1000000000.0,0.462,1.223,22.279,22.204,37644000000.0,0.0,35.97,1.016,1.017,1594000000.0,2279000000.0,3869000000.0,3869000000.0,0.0,,,,,0.0,0.0,1.0,423650645.0,424000000,426000000.0,9.125,46277000000.0,267000000.0,493000000.0,7509000000.0,109.144,-3159000000.0
22,FE,MRQ,2015-12-31,2015-12-31,2015-12-31,2021-07-22,171000000.0,52094000000.0,,3040000000.0,49054000000.0,,29.434,-679000000.0,131000000.0,131000000.0,2530000000.0,-226000000.0,0.543,3.194,21973000000.0,2874000000.0,19099000000.0,21973000000.0,0.0,443000000.0,0.0,0.045,0.36,121000000.0,564000000.0,0.159,564000000.0,121000000.0,-165000000.0,-0.54,-0.53,-0.54,12421000000.0,,12421000000.0,35511115743.0,12.0,7.354,464000000.0,1.1,1.0,1011000000.0,0.286,6418000000.0,286000000.0,61916000000.0,,785000000.0,2282000000.0,0.0,2282000000.0,39672000000.0,5602000000.0,34070000000.0,13423115743.0,45000000.0,0.0,0.0,-96000000.0,-152000000.0,-263000000.0,-835000000.0,-27000000.0,1143000000.0,0.0,-226000000.0,-226000000.0,-226000000.0,0.0,0.0,-0.064,544000000.0,467000000.0,1075000000.0,-0.667,1.081,23.223,23.161,37214000000.0,0.0,31.73,0.893,0.891,1595000000.0,2256000000.0,3541000000.0,3541000000.0,0.0,,,,,0.0,0.0,1.0,423041782.0,422000000,427000000.0,8.391,45676000000.0,135000000.0,61000000.0,7292000000.0,108.237,-2562000000.0
23,FE,MRQ,2015-09-30,2015-09-30,2015-09-30,2021-07-22,177000000.0,52663000000.0,,3833000000.0,48830000000.0,,29.851,-539000000.0,86000000.0,86000000.0,2533000000.0,395000000.0,0.652,3.171,22174000000.0,3081000000.0,19093000000.0,22174000000.0,0.0,514000000.0,0.0,0.046,0.36,1142000000.0,1656000000.0,0.402,1656000000.0,1142000000.0,857000000.0,0.94,0.93,0.94,12627000000.0,,12627000000.0,35903014733.0,13.0,7.395,788000000.0,1.863,1.0,1590000000.0,0.386,6418000000.0,285000000.0,62457000000.0,,738000000.0,2279000000.0,0.0,2279000000.0,40035000000.0,5876000000.0,34159000000.0,13227014733.0,-8000000.0,0.0,0.0,-580000000.0,-152000000.0,-741000000.0,-594000000.0,-25000000.0,1327000000.0,0.0,395000000.0,395000000.0,395000000.0,0.0,0.0,0.096,446000000.0,1144000000.0,994000000.0,0.383,1.048,26.56,26.534,36610000000.0,0.0,31.31,0.884,0.885,1772000000.0,2482000000.0,4123000000.0,4123000000.0,0.0,,,,,0.0,0.0,1.0,422453361.0,423000000,424000000.0,9.747,46245000000.0,787000000.0,462000000.0,8089000000.0,109.326,-2043000000.0
24,FE,MRQ,2015-06-30,2015-06-30,2015-06-30,2021-07-22,202000000.0,53005000000.0,,4113000000.0,48892000000.0,,29.692,-818000000.0,94000000.0,94000000.0,2272000000.0,187000000.0,0.606,3.23,22770000000.0,4200000000.0,18570000000.0,22770000000.0,0.0,444000000.0,0.0,0.044,0.36,826000000.0,1270000000.0,0.367,1270000000.0,826000000.0,544000000.0,0.44,0.44,0.44,12530000000.0,,12530000000.0,36122942068.0,14.0,7.955,-21000000.0,-0.05,1.0,1193000000.0,0.344,6418000000.0,282000000.0,62474000000.0,,792000000.0,2348000000.0,0.0,2348000000.0,40474000000.0,6789000000.0,33685000000.0,13736942068.0,4000000.0,0.0,0.0,305000000.0,-151000000.0,152000000.0,-945000000.0,-60000000.0,797000000.0,0.0,187000000.0,187000000.0,187000000.0,0.0,0.0,0.054,397000000.0,796000000.0,1034000000.0,0.818,1.096,31.507,31.602,36416000000.0,0.0,32.55,0.932,0.932,1771000000.0,2391000000.0,3465000000.0,3465000000.0,0.0,,,,,0.0,0.0,1.0,422025870.0,422000000,423000000.0,8.211,46587000000.0,978000000.0,357000000.0,7952000000.0,110.396,-2676000000.0
25,FE,MRQ,2015-03-31,2015-03-31,2015-03-31,2021-07-22,230000000.0,52521000000.0,,4011000000.0,48510000000.0,,29.33,-668000000.0,90000000.0,90000000.0,2683000000.0,222000000.0,0.641,3.253,22476000000.0,3346000000.0,19130000000.0,22476000000.0,0.0,425000000.0,0.0,0.041,0.36,914000000.0,1339000000.0,0.344,1339000000.0,914000000.0,635000000.0,0.53,0.53,0.53,12348000000.0,,12348000000.0,36460645232.0,15.0,8.737,-475000000.0,-1.128,1.0,1214000000.0,0.312,6418000000.0,279000000.0,62227000000.0,,762000000.0,2360000000.0,0.0,2360000000.0,40171000000.0,6262000000.0,33909000000.0,14766645232.0,5000000.0,0.0,0.0,712000000.0,-152000000.0,560000000.0,-748000000.0,-2000000.0,193000000.0,0.0,222000000.0,222000000.0,222000000.0,0.0,0.0,0.057,351000000.0,863000000.0,1102000000.0,0.679,1.196,47.178,46.747,36117000000.0,0.0,35.06,1.0,1.0,1876000000.0,2205000000.0,3897000000.0,3897000000.0,0.0,,,,,0.0,0.0,1.0,421182123.0,421000000,423000000.0,9.257,46103000000.0,773000000.0,413000000.0,7714000000.0,109.508,-2251000000.0
26,FE,MRQ,2014-12-31,2014-12-31,2014-12-31,2021-07-22,246000000.0,51648000000.0,,3358000000.0,48290000000.0,,29.362,-839000000.0,85000000.0,85000000.0,2460000000.0,-306000000.0,0.604,3.158,21779000000.0,2603000000.0,19176000000.0,21779000000.0,0.0,661000000.0,0.0,0.037,0.36,-71000000.0,590000000.0,0.169,590000000.0,-71000000.0,-350000000.0,-0.73,-0.73,-0.73,12420000000.0,,12420000000.0,37835700160.0,16.0,9.721,137000000.0,0.324,1.0,1023000000.0,0.294,6418000000.0,279000000.0,61363000000.0,,817000000.0,2341000000.0,0.0,2341000000.0,39226000000.0,5561000000.0,33665000000.0,16406700160.0,-24000000.0,0.0,0.0,231000000.0,-152000000.0,69000000.0,-1069000000.0,-63000000.0,976000000.0,0.0,-306000000.0,-306000000.0,-306000000.0,0.0,0.0,-0.088,1136000000.0,-113000000.0,1279000000.0,-0.493,1.321,54.872,54.915,35783000000.0,0.0,38.99,1.09,1.088,1779000000.0,2285000000.0,3483000000.0,3483000000.0,0.0,,,,,0.0,0.0,1.0,420792515.0,423000000,424000000.0,8.234,45230000000.0,128000000.0,-44000000.0,7029000000.0,106.927,-2203000000.0
27,FE,MRQ,2014-09-30,2014-09-30,2014-09-30,2021-07-22,232000000.0,51224000000.0,,3785000000.0,47439000000.0,,30.243,-664000000.0,109000000.0,109000000.0,2590000000.0,333000000.0,0.633,3.033,21538000000.0,3007000000.0,18531000000.0,21538000000.0,0.0,343000000.0,0.0,0.049,0.36,999000000.0,1342000000.0,0.345,1342000000.0,999000000.0,724000000.0,0.79,0.79,0.79,12702000000.0,,12702000000.0,35788966409.0,12.0,7.687,451000000.0,1.074,1.0,1298000000.0,0.334,6418000000.0,275000000.0,60256000000.0,,771000000.0,2365000000.0,0.0,2365000000.0,38520000000.0,5979000000.0,32541000000.0,14110966409.0,33000000.0,0.0,0.0,-198000000.0,-150000000.0,-361000000.0,-721000000.0,17000000.0,1115000000.0,0.0,333000000.0,333000000.0,333000000.0,0.0,0.0,0.086,343000000.0,955000000.0,1190000000.0,0.456,1.111,18.89,18.754,34925000000.0,0.0,33.57,0.928,0.928,1819000000.0,2592000000.0,3888000000.0,3888000000.0,0.0,,,,,0.0,0.0,1.0,420344546.0,420000000,421000000.0,9.257,44806000000.0,512000000.0,391000000.0,7677000000.0,106.681,-2194000000.0
28,FE,MRQ,2014-06-30,2014-06-30,2014-06-30,2021-07-22,264000000.0,51388000000.0,,4183000000.0,47205000000.0,,30.198,-988000000.0,76000000.0,76000000.0,2654000000.0,64000000.0,0.678,3.052,21754000000.0,3339000000.0,18415000000.0,21754000000.0,0.0,322000000.0,0.0,0.052,0.36,580000000.0,902000000.0,0.258,902000000.0,580000000.0,318000000.0,0.16,0.15,0.16,12683000000.0,,12683000000.0,35775229578.0,13.0,7.554,-274000000.0,-0.652,1.0,842000000.0,0.241,6418000000.0,262000000.0,60475000000.0,,802000000.0,2364000000.0,0.0,2364000000.0,38703000000.0,6173000000.0,32530000000.0,14579229578.0,-33000000.0,0.0,0.0,472000000.0,-151000000.0,307000000.0,-1054000000.0,-60000000.0,714000000.0,0.0,64000000.0,64000000.0,64000000.0,0.0,0.0,0.018,322000000.0,520000000.0,1341000000.0,2.25,1.15,23.068,22.842,34516000000.0,0.0,34.72,0.95,0.95,1962000000.0,2560000000.0,3496000000.0,3496000000.0,0.0,,,,,0.0,0.0,1.0,419908686.0,420000000,421000000.0,8.324,44970000000.0,623000000.0,254000000.0,7478000000.0,107.071,-1990000000.0
29,FE,MRQ,2014-03-31,2014-03-31,2014-03-31,2021-07-22,271000000.0,51228000000.0,,4577000000.0,46651000000.0,,30.076,-821000000.0,109000000.0,109000000.0,3254000000.0,208000000.0,0.592,3.065,21305000000.0,4501000000.0,16804000000.0,21305000000.0,0.0,266000000.0,0.0,0.059,0.36,792000000.0,1058000000.0,0.253,1058000000.0,792000000.0,527000000.0,0.5,0.49,0.5,12602000000.0,,12602000000.0,34681520947.0,14.0,7.748,-913000000.0,-2.179,1.0,928000000.0,0.222,6418000000.0,265000000.0,58269000000.0,,740000000.0,2263000000.0,0.0,2263000000.0,38623000000.0,7737000000.0,30886000000.0,14249520947.0,-109000000.0,0.0,0.0,659000000.0,-151000000.0,498000000.0,-515000000.0,3000000.0,-92000000.0,0.0,208000000.0,208000000.0,208000000.0,-86000000.0,0.0,0.05,266000000.0,662000000.0,1455000000.0,0.72,1.131,35.271,35.082,33888000000.0,0.0,34.03,0.928,0.929,2087000000.0,2496000000.0,4182000000.0,4182000000.0,0.0,,,,,0.0,0.0,1.0,418734086.0,419000000,420000000.0,9.981,44810000000.0,615000000.0,319000000.0,7555000000.0,106.945,-3160000000.0
30,FE,MRQ,2013-12-31,2013-12-31,2013-12-31,2021-07-22,284000000.0,50424000000.0,,4013000000.0,46411000000.0,,30.364,-678000000.0,218000000.0,218000000.0,2560000000.0,142000000.0,0.525,2.973,20650000000.0,4819000000.0,15831000000.0,20650000000.0,0.0,670000000.0,0.0,0.067,0.55,684000000.0,1354000000.0,0.373,1354000000.0,684000000.0,439000000.0,0.34,0.34,0.34,12692000000.0,,12692000000.0,34155210262.0,13.0,7.42,313000000.0,0.749,1.0,1073000000.0,0.295,6418000000.0,245000000.0,56801000000.0,,752000000.0,2201000000.0,0.0,2201000000.0,37729000000.0,7637000000.0,30092000000.0,13793210262.0,-4000000.0,0.0,0.0,62000000.0,-230000000.0,-177000000.0,-818000000.0,-38000000.0,991000000.0,0.0,142000000.0,142000000.0,142000000.0,0.0,0.0,0.039,455000000.0,618000000.0,1250000000.0,1.618,1.087,35.187,35.085,33252000000.0,0.0,32.98,0.926,0.926,1918000000.0,2590000000.0,3633000000.0,3633000000.0,0.0,,,,,0.0,0.0,1.0,418229541.0,418000000,419000000.0,8.691,44006000000.0,592000000.0,297000000.0,7453000000.0,105.278,-3624000000.0
31,FE,MRQ,2013-09-30,2013-09-30,2013-09-30,2021-07-22,299000000.0,50383000000.0,,3559000000.0,46824000000.0,,30.01,-548000000.0,222000000.0,222000000.0,2654000000.0,218000000.0,0.447,3.016,20584000000.0,5293000000.0,15291000000.0,20584000000.0,0.0,628000000.0,0.0,0.06,0.55,794000000.0,1422000000.0,0.353,1422000000.0,794000000.0,537000000.0,0.52,0.52,0.52,12544000000.0,,12544000000.0,35827989129.0,17.0,10.266,630000000.0,1.507,1.0,1378000000.0,0.342,6418000000.0,257000000.0,56372000000.0,,731000000.0,2229000000.0,0.0,2229000000.0,37836000000.0,7955000000.0,29881000000.0,15243989129.0,151000000.0,0.0,0.0,-44000000.0,-230000000.0,-322000000.0,-705000000.0,-38000000.0,1178000000.0,0.0,218000000.0,218000000.0,218000000.0,-9000000.0,0.0,0.054,628000000.0,750000000.0,995000000.0,1.058,1.215,149.451,145.8,33223000000.0,0.0,36.45,1.034,1.034,1810000000.0,2448000000.0,4032000000.0,4032000000.0,0.0,,,,,0.0,0.0,1.0,418216437.0,418000000,419000000.0,9.646,43965000000.0,394000000.0,319000000.0,7004000000.0,105.179,-4396000000.0
32,FE,MRQ,2013-06-30,2013-06-30,2013-06-30,2021-07-22,323000000.0,50157000000.0,,3560000000.0,46597000000.0,,30.62,-586000000.0,71000000.0,71000000.0,2380000000.0,-164000000.0,0.473,2.919,20655000000.0,5206000000.0,15449000000.0,20655000000.0,0.0,372000000.0,0.0,0.059,0.55,270000000.0,642000000.0,0.183,642000000.0,270000000.0,14000000.0,-0.39,-0.39,-0.39,12799000000.0,,12799000000.0,35809201758.0,14.0,9.898,-143000000.0,-0.342,1.0,1127000000.0,0.321,6447000000.0,256000000.0,56761000000.0,,806000000.0,2224000000.0,0.0,2224000000.0,37354000000.0,7533000000.0,29821000000.0,15616201758.0,4000000.0,0.0,0.0,427000000.0,-230000000.0,204000000.0,-643000000.0,24000000.0,443000000.0,0.0,-164000000.0,-164000000.0,-164000000.0,-4000000.0,0.0,-0.047,845000000.0,282000000.0,950000000.0,-1.41,1.22,50.538,49.787,33091000000.0,0.0,37.34,1.058,1.058,1923000000.0,2690000000.0,3507000000.0,3507000000.0,0.0,,,,,0.0,0.0,1.0,418216437.0,418000000,418000000.0,8.39,43710000000.0,339000000.0,178000000.0,6765000000.0,104.569,-3973000000.0
33,FE,MRQ,2013-03-31,2013-03-31,2013-03-31,2021-07-22,361000000.0,50424000000.0,,3499000000.0,46925000000.0,,31.091,-826000000.0,67000000.0,67000000.0,2458000000.0,196000000.0,0.491,2.88,20260000000.0,4446000000.0,15814000000.0,20260000000.0,0.0,352000000.0,0.0,0.052,0.55,833000000.0,1185000000.0,0.318,1185000000.0,833000000.0,575000000.0,0.47,0.47,0.47,12996000000.0,,12996000000.0,36623733641.0,12.0,8.84,-776000000.0,-1.856,1.0,1265000000.0,0.34,6447000000.0,258000000.0,57038000000.0,,835000000.0,2281000000.0,0.0,2281000000.0,37424000000.0,7132000000.0,30292000000.0,17648733641.0,-105000000.0,0.0,0.0,1135000000.0,-230000000.0,772000000.0,-927000000.0,-20000000.0,50000000.0,0.0,196000000.0,196000000.0,196000000.0,-4000000.0,0.0,0.053,352000000.0,913000000.0,982000000.0,1.17,1.358,26.741,26.541,33286000000.0,0.0,42.2,1.176,1.176,1858000000.0,2854000000.0,3723000000.0,3723000000.0,0.0,,,,,0.0,0.0,1.0,418216437.0,418000000,419000000.0,8.907,43977000000.0,342000000.0,379000000.0,6934000000.0,105.208,-3633000000.0
34,FE,MRQ,2012-12-31,2012-12-31,2012-12-31,2021-07-22,385000000.0,50494000000.0,,3768000000.0,46726000000.0,,31.301,-992000000.0,172000000.0,172000000.0,2680000000.0,-148000000.0,0.495,2.859,19147000000.0,3968000000.0,15179000000.0,19147000000.0,0.0,19000000.0,0.0,0.053,0.55,222000000.0,241000000.0,0.069,241000000.0,222000000.0,-29000000.0,-0.35,-0.35,-0.35,13084000000.0,,13084000000.0,36018718409.0,11.0,8.278,52000000.0,0.124,1.0,795000000.0,0.229,6447000000.0,251000000.0,55417000000.0,,861000000.0,2258000000.0,0.0,2258000000.0,37401000000.0,7605000000.0,29796000000.0,17464718409.0,22000000.0,0.0,0.0,385000000.0,-230000000.0,145000000.0,-1167000000.0,17000000.0,1044000000.0,0.0,-148000000.0,-148000000.0,-148000000.0,-5000000.0,0.0,-0.043,628000000.0,167000000.0,1599000000.0,-1.571,1.335,22.681,22.573,33036000000.0,0.0,41.76,1.145,1.144,1929000000.0,2888000000.0,3475000000.0,3475000000.0,0.0,,,,,0.0,0.0,1.0,418216437.0,418000000,419000000.0,8.313,44047000000.0,438000000.0,119000000.0,7159000000.0,105.376,-3837000000.0
35,FE,MRQ,2012-09-30,2012-09-30,2012-09-30,2021-07-22,367000000.0,48738000000.0,,3709000000.0,45029000000.0,,32.213,-775000000.0,150000000.0,150000000.0,2560000000.0,425000000.0,0.627,2.627,18704000000.0,3077000000.0,15627000000.0,18704000000.0,0.0,331000000.0,0.0,0.05,0.55,1219000000.0,1550000000.0,0.383,1550000000.0,1219000000.0,989000000.0,1.02,1.01,1.02,13433000000.0,,13433000000.0,36975344872.0,10.0,7.267,439000000.0,1.053,1.0,1492000000.0,0.368,6444000000.0,230000000.0,54928000000.0,,875000000.0,2413000000.0,0.0,2413000000.0,35289000000.0,5920000000.0,29369000000.0,18443344872.0,56000000.0,0.0,0.0,68000000.0,-230000000.0,-169000000.0,-989000000.0,-4000000.0,1214000000.0,0.0,425000000.0,425000000.0,425000000.0,-3000000.0,0.0,0.105,333000000.0,1159000000.0,925000000.0,0.539,1.373,18.153,18.299,31441000000.0,0.0,44.1,1.186,1.183,1831000000.0,3266000000.0,4052000000.0,4052000000.0,0.0,,,,,18000000.0,0.0,1.0,418216437.0,417000000,419000000.0,9.717,42294000000.0,451000000.0,564000000.0,7051000000.0,101.424,-2211000000.0
36,FE,MRQ,2012-06-30,2012-06-30,2012-06-30,2021-07-22,389000000.0,48048000000.0,,3608000000.0,44440000000.0,,32.367,-394000000.0,94000000.0,94000000.0,2619000000.0,188000000.0,0.593,2.559,18626000000.0,3467000000.0,15159000000.0,18626000000.0,0.0,347000000.0,0.0,0.045,0.55,820000000.0,1167000000.0,0.311,1167000000.0,820000000.0,546000000.0,0.45,0.45,0.45,13497000000.0,,13497000000.0,38872066536.0,10.0,7.266,81000000.0,0.194,1.0,1136000000.0,0.303,6444000000.0,274000000.0,54054000000.0,,921000000.0,2479000000.0,0.0,2479000000.0,34536000000.0,6082000000.0,28454000000.0,20572066536.0,20000000.0,0.0,0.0,267000000.0,-230000000.0,12000000.0,-467000000.0,-14000000.0,475000000.0,0.0,187000000.0,187000000.0,187000000.0,0.0,1000000.0,0.05,347000000.0,789000000.0,1052000000.0,1.222,1.524,18.319,18.492,30768000000.0,0.0,49.19,1.269,1.265,1898000000.0,3310000000.0,3755000000.0,3755000000.0,0.0,,,,,-18000000.0,0.0,1.0,418216437.0,417000000,419000000.0,9.005,41604000000.0,248000000.0,359000000.0,6478000000.0,99.77,-2474000000.0
37,FE,MRQ,2012-03-31,2012-03-31,2012-03-31,2021-07-22,405000000.0,47691000000.0,,3477000000.0,44214000000.0,,31.873,-517000000.0,74000000.0,74000000.0,2618000000.0,306000000.0,0.602,2.578,18374000000.0,2847000000.0,15527000000.0,18374000000.0,0.0,354000000.0,0.0,0.048,0.55,1046000000.0,1400000000.0,0.351,1400000000.0,1046000000.0,800000000.0,0.73,0.73,0.73,13323000000.0,,13323000000.0,36201487363.0,9.0,6.724,-930000000.0,-2.225,1.0,1372000000.0,0.344,6444000000.0,246000000.0,53774000000.0,,927000000.0,2471000000.0,0.0,2471000000.0,34352000000.0,5773000000.0,28579000000.0,19066487363.0,-128000000.0,0.0,0.0,1059000000.0,-230000000.0,819000000.0,-534000000.0,63000000.0,-413000000.0,0.0,306000000.0,306000000.0,306000000.0,0.0,0.0,0.077,354000000.0,1018000000.0,918000000.0,0.753,1.431,16.74,16.948,30566000000.0,0.0,45.59,1.154,1.154,1735000000.0,3122000000.0,3990000000.0,3990000000.0,0.0,,,,,0.0,0.0,1.0,418216437.0,418000000,420000000.0,9.545,41247000000.0,213000000.0,494000000.0,6346000000.0,98.677,-2296000000.0
38,FE,MRQ,2011-12-31,2011-12-31,2011-12-31,2021-07-22,426000000.0,47326000000.0,,3355000000.0,43971000000.0,,31.619,-665000000.0,202000000.0,202000000.0,2614000000.0,99000000.0,0.691,2.562,17337000000.0,1621000000.0,15716000000.0,17337000000.0,0.0,383000000.0,0.0,0.05,0.55,588000000.0,971000000.0,0.259,971000000.0,588000000.0,343000000.0,0.21,0.21,0.21,13280000000.0,,13280000000.0,35898988159.0,10.0,7.22,169000000.0,0.402,1.0,1136000000.0,0.303,6441000000.0,245000000.0,53165000000.0,,811000000.0,2514000000.0,0.0,2514000000.0,34027000000.0,4855000000.0,29172000000.0,18526988159.0,-89000000.0,0.0,0.0,-327000000.0,-230000000.0,-522000000.0,-401000000.0,30000000.0,834000000.0,0.0,98000000.0,98000000.0,98000000.0,-13000000.0,1000000.0,0.026,1158000000.0,-22000000.0,1174000000.0,2.619,1.395,20.934,19.955,30337000000.0,0.0,44.3,1.15,1.098,1794000000.0,3047000000.0,3750000000.0,3750000000.0,0.0,,,,,0.0,0.0,1.0,418216437.0,420000000,422000000.0,8.929,40885000000.0,191000000.0,245000000.0,6228000000.0,97.345,-1500000000.0
39,FE,MRQ,2011-09-30,2011-09-30,2011-09-30,2021-07-22,-1436000000.0,46661000000.0,,3591000000.0,43070000000.0,,31.211,-446000000.0,291000000.0,291000000.0,2974000000.0,530000000.0,0.738,2.579,17663000000.0,1840000000.0,15823000000.0,17663000000.0,0.0,419000000.0,0.0,0.049,0.55,1393000000.0,1812000000.0,0.384,1812000000.0,1393000000.0,1126000000.0,1.27,1.27,1.27,13046000000.0,,13046000000.0,37511100186.0,11.0,7.472,752000000.0,1.799,1.0,1745000000.0,0.37,7358000000.0,267000000.0,51812000000.0,,822000000.0,2474000000.0,0.0,2474000000.0,33646000000.0,4863000000.0,28783000000.0,18782100186.0,-185000000.0,0.0,0.0,-1135000000.0,-231000000.0,-1363000000.0,-20000000.0,-18000000.0,1198000000.0,0.0,532000000.0,532000000.0,532000000.0,0.0,-2000000.0,0.113,419000000.0,1326000000.0,1009000000.0,0.433,1.44,20.196,18.949,29267000000.0,0.0,44.91,1.21,1.209,1880000000.0,4658000000.0,4719000000.0,4719000000.0,0.0,,,,,4000000.0,0.0,1.0,418216437.0,418000000,420000000.0,11.289,39303000000.0,214000000.0,594000000.0,5797000000.0,94.026,-1272000000.0
40,FE,MRQ,2011-06-30,2011-06-30,2011-06-30,2021-07-22,-1433000000.0,47596000000.0,,4118000000.0,43478000000.0,,31.096,-569000000.0,476000000.0,476000000.0,2920000000.0,193000000.0,0.743,2.665,19205000000.0,2714000000.0,16491000000.0,19205000000.0,0.0,377000000.0,0.0,0.05,0.55,824000000.0,1201000000.0,0.296,1201000000.0,824000000.0,559000000.0,0.48,0.48,0.48,12998000000.0,,12998000000.0,36769255694.0,13.0,8.595,-29000000.0,-0.069,1.0,1140000000.0,0.281,7429000000.0,265000000.0,53352000000.0,,866000000.0,2465000000.0,0.0,2465000000.0,34646000000.0,5544000000.0,29102000000.0,18464255694.0,-625000000.0,0.0,0.0,-187000000.0,-230000000.0,-489000000.0,-676000000.0,-77000000.0,540000000.0,0.0,203000000.0,203000000.0,203000000.0,0.0,-10000000.0,0.05,377000000.0,763000000.0,1122000000.0,1.146,1.421,32.0,26.124,29942000000.0,0.0,44.15,1.27,1.27,1834000000.0,4607000000.0,4060000000.0,4060000000.0,0.0,,,,,5000000.0,0.0,1.0,418216437.0,418000000,420000000.0,9.713,40167000000.0,474000000.0,356000000.0,5618000000.0,96.093,-1426000000.0
41,FE,MRQ,2011-03-31,2011-03-31,2011-03-31,2021-07-22,-1518000000.0,47866000000.0,,4646000000.0,43220000000.0,,37.219,-449000000.0,1101000000.0,1101000000.0,2632000000.0,47000000.0,0.9,2.764,19406000000.0,1871000000.0,17535000000.0,19406000000.0,0.0,357000000.0,0.0,0.059,0.55,631000000.0,988000000.0,0.276,988000000.0,631000000.0,400000000.0,0.15,0.15,0.15,12729000000.0,,12729000000.0,25052345246.0,9.0,5.951,42000000.0,0.123,1.0,944000000.0,0.264,7602000000.0,231000000.0,53407000000.0,,852000000.0,2440000000.0,0.0,2440000000.0,35177000000.0,5162000000.0,30015000000.0,11306345246.0,82000000.0,590000000.0,0.0,-356000000.0,-190000000.0,-550000000.0,141000000.0,23000000.0,491000000.0,0.0,52000000.0,52000000.0,52000000.0,0.0,-5000000.0,0.015,357000000.0,587000000.0,1080000000.0,3.667,0.888,17.694,17.832,29635000000.0,0.0,37.09,0.83,0.932,1865000000.0,4426000000.0,3576000000.0,3576000000.0,0.0,,,,,-9000000.0,0.0,1.0,304835407.0,342000000,343000000.0,10.456,40264000000.0,241000000.0,348000000.0,5244000000.0,117.731,-516000000.0
42,FE,MRQ,2010-12-31,2010-12-31,2010-12-31,2021-07-22,425000000.0,35531000000.0,,3698000000.0,31833000000.0,,29.553,-313000000.0,1019000000.0,1019000000.0,1954000000.0,138000000.0,0.786,2.958,14765000000.0,2186000000.0,12579000000.0,14765000000.0,0.0,372000000.0,0.0,0.059,0.55,647000000.0,1019000000.0,0.321,1019000000.0,647000000.0,430000000.0,0.47,0.46,0.47,8984000000.0,,8984000000.0,25347006767.0,9.0,5.88,690000000.0,2.27,1.0,1217000000.0,0.384,5575000000.0,217000000.0,38998000000.0,,638000000.0,2449000000.0,0.0,2449000000.0,26579000000.0,4704000000.0,21875000000.0,11285006767.0,387000000.0,0.0,0.0,48000000.0,-167000000.0,-113000000.0,-503000000.0,-4000000.0,1003000000.0,0.0,143000000.0,143000000.0,143000000.0,0.0,-5000000.0,0.045,642000000.0,575000000.0,872000000.0,1.17,1.256,15.209,15.172,20510000000.0,0.0,37.02,0.846,0.844,1568000000.0,3084000000.0,3171000000.0,3171000000.0,0.0,,,,,0.0,0.0,1.0,304835407.0,304000000,305000000.0,10.431,29956000000.0,199000000.0,287000000.0,3492000000.0,98.539,-1006000000.0
43,FE,MRQ,2010-09-30,2010-09-30,2010-09-30,2021-07-22,-1350000000.0,34707000000.0,,3391000000.0,31316000000.0,,28.674,-470000000.0,632000000.0,632000000.0,2457000000.0,175000000.0,0.682,2.985,14694000000.0,2590000000.0,12104000000.0,14694000000.0,0.0,358000000.0,0.0,0.057,0.55,712000000.0,1070000000.0,0.287,1070000000.0,712000000.0,504000000.0,0.59,0.59,0.59,8717000000.0,,8717000000.0,26362356586.0,11.0,6.826,745000000.0,2.451,1.0,1271000000.0,0.341,5575000000.0,208000000.0,38222000000.0,,652000000.0,2451000000.0,0.0,2451000000.0,26016000000.0,4972000000.0,21044000000.0,11748356586.0,351000000.0,0.0,0.0,-216000000.0,-168000000.0,-386000000.0,-478000000.0,-17000000.0,1215000000.0,0.0,179000000.0,179000000.0,179000000.0,0.0,-4000000.0,0.048,650000000.0,621000000.0,813000000.0,0.932,1.348,16.712,16.612,19538000000.0,0.0,38.54,0.895,0.893,1414000000.0,4591000000.0,3728000000.0,3728000000.0,0.0,,,,,0.0,0.0,1.0,304835407.0,304000000,305000000.0,12.263,29132000000.0,291000000.0,325000000.0,3054000000.0,95.829,-1581000000.0
44,FE,MRQ,2010-06-30,2010-06-30,2010-06-30,2021-07-22,-1379000000.0,34466000000.0,,3114000000.0,31352000000.0,,29.076,-489000000.0,281000000.0,281000000.0,2086000000.0,256000000.0,0.617,2.902,14895000000.0,3034000000.0,11861000000.0,14895000000.0,0.0,351000000.0,0.0,0.062,0.55,782000000.0,1133000000.0,0.361,1133000000.0,782000000.0,575000000.0,0.87,0.87,0.87,8839000000.0,,8839000000.0,24945351389.0,10.0,6.011,-137000000.0,-0.451,1.0,1053000000.0,0.335,5575000000.0,207000000.0,38460000000.0,,675000000.0,2366000000.0,0.0,2366000000.0,25647000000.0,5045000000.0,20602000000.0,10739351389.0,-29000000.0,0.0,0.0,278000000.0,-167000000.0,110000000.0,-491000000.0,13000000.0,352000000.0,0.0,265000000.0,265000000.0,265000000.0,0.0,-9000000.0,0.084,351000000.0,702000000.0,848000000.0,0.632,1.215,14.168,14.092,19550000000.0,0.0,35.23,0.839,0.836,1409000000.0,4747000000.0,3139000000.0,3139000000.0,0.0,,,,,0.0,0.0,1.0,304835407.0,304000000,305000000.0,10.326,28891000000.0,397000000.0,310000000.0,2966000000.0,95.036,-1931000000.0
45,FE,MRQ,2010-03-31,2010-03-31,2010-03-31,2021-07-22,-1399000000.0,34078000000.0,,2854000000.0,31224000000.0,,28.112,-508000000.0,310000000.0,310000000.0,2273000000.0,149000000.0,0.584,2.989,14516000000.0,2669000000.0,11847000000.0,14516000000.0,0.0,405000000.0,0.0,0.056,0.55,684000000.0,1089000000.0,0.33,1089000000.0,684000000.0,471000000.0,0.51,0.51,0.51,8546000000.0,,8546000000.0,25965016060.0,9.0,5.789,-2000000.0,-0.007,1.0,1026000000.0,0.311,5575000000.0,213000000.0,37823000000.0,,699000000.0,2377000000.0,0.0,2377000000.0,25543000000.0,4886000000.0,20657000000.0,11916016060.0,-564000000.0,0.0,0.0,-404000000.0,-168000000.0,-594000000.0,-476000000.0,27000000.0,506000000.0,0.0,155000000.0,155000000.0,155000000.0,0.0,-6000000.0,0.047,405000000.0,621000000.0,772000000.0,1.078,1.394,13.138,13.074,19357000000.0,0.0,39.09,0.921,0.918,1255000000.0,4482000000.0,3299000000.0,3299000000.0,0.0,,,,,0.0,0.0,1.0,304835407.0,304000000,306000000.0,10.852,28503000000.0,236000000.0,316000000.0,2868000000.0,93.76,-2032000000.0
46,FE,MRQ,2009-12-31,2009-12-31,2009-12-31,2021-07-22,-1415000000.0,34304000000.0,,3320000000.0,30984000000.0,,28.155,-628000000.0,874000000.0,874000000.0,1961000000.0,102000000.0,0.64,3.008,14923000000.0,2915000000.0,12008000000.0,14923000000.0,0.0,323000000.0,0.0,0.047,0.55,247000000.0,570000000.0,0.193,570000000.0,247000000.0,24000000.0,0.35,0.34,0.35,8559000000.0,,8559000000.0,28641604655.0,10.0,6.277,373000000.0,1.227,1.0,999000000.0,0.338,5575000000.0,223000000.0,37590000000.0,,647000000.0,2402000000.0,0.0,2402000000.0,25747000000.0,5188000000.0,20559000000.0,14159604655.0,36000000.0,0.0,0.0,-398000000.0,-167000000.0,-568000000.0,-397000000.0,49000000.0,1001000000.0,0.0,104000000.0,104000000.0,104000000.0,0.0,-2000000.0,0.035,786000000.0,213000000.0,829000000.0,1.571,1.654,16.238,16.185,19164000000.0,0.0,46.45,1.091,1.088,1397000000.0,4495000000.0,2960000000.0,2960000000.0,0.0,,,,,20000000.0,0.0,1.0,304835407.0,304000000,306000000.0,9.737,28729000000.0,248000000.0,-80000000.0,2782000000.0,94.503,-1868000000.0
47,FE,MRQ,2009-09-30,2009-09-30,2009-09-30,2021-07-22,-1401000000.0,34674000000.0,,3770000000.0,30904000000.0,,27.934,-432000000.0,838000000.0,838000000.0,2280000000.0,230000000.0,0.657,3.083,15320000000.0,3673000000.0,11647000000.0,15320000000.0,0.0,449000000.0,0.0,0.048,0.55,909000000.0,1358000000.0,0.398,1358000000.0,909000000.0,554000000.0,0.77,0.77,0.77,8492000000.0,,8492000000.0,27817074808.0,8.0,5.221,-70000000.0,-0.23,1.0,1128000000.0,0.331,5575000000.0,355000000.0,37845000000.0,,621000000.0,2409000000.0,0.0,2409000000.0,26181000000.0,5736000000.0,20445000000.0,13937074808.0,-62000000.0,0.0,0.0,376000000.0,-168000000.0,191000000.0,-615000000.0,-66000000.0,362000000.0,0.0,234000000.0,234000000.0,234000000.0,0.0,-4000000.0,0.069,449000000.0,679000000.0,692000000.0,0.714,1.641,12.682,12.665,18749000000.0,0.0,45.72,1.055,1.052,1260000000.0,4424000000.0,3408000000.0,3408000000.0,0.0,,,,,2000000.0,0.0,1.0,304835407.0,304000000,306000000.0,11.211,29099000000.0,585000000.0,320000000.0,2819000000.0,95.72,-1966000000.0
48,FE,MRQ,2009-06-30,2009-06-30,2009-06-30,2021-07-22,-1048000000.0,34306000000.0,,3650000000.0,30656000000.0,,29.516,-489000000.0,900000000.0,900000000.0,1912000000.0,408000000.0,0.586,2.82,14780000000.0,4381000000.0,10399000000.0,14780000000.0,0.0,416000000.0,0.0,0.057,0.55,1052000000.0,1468000000.0,0.449,1468000000.0,1052000000.0,846000000.0,1.36,1.36,1.36,8973000000.0,,8973000000.0,25651372021.0,7.0,4.638,151000000.0,0.497,1.0,1359000000.0,0.415,5575000000.0,206000000.0,36383000000.0,,644000000.0,2286000000.0,0.0,2286000000.0,25305000000.0,6228000000.0,19077000000.0,11812372021.0,501000000.0,0.0,0.0,542000000.0,-167000000.0,356000000.0,-495000000.0,0.0,640000000.0,0.0,414000000.0,414000000.0,414000000.0,0.0,-6000000.0,0.127,373000000.0,986000000.0,806000000.0,0.404,1.316,8.842,8.827,18509000000.0,0.0,38.75,0.862,0.859,1313000000.0,4525000000.0,3271000000.0,3271000000.0,0.0,,,,,11000000.0,0.0,1.0,304835407.0,304000000,305000000.0,10.76,28731000000.0,457000000.0,432000000.0,2706000000.0,94.51,-2578000000.0
49,FE,MRQ,2009-03-31,2009-03-31,2009-03-31,2021-07-22,-1350000000.0,33557000000.0,,3004000000.0,30553000000.0,,27.138,-654000000.0,399000000.0,399000000.0,2282000000.0,115000000.0,0.449,3.063,14238000000.0,4541000000.0,9697000000.0,14238000000.0,0.0,588000000.0,0.0,0.057,0.55,578000000.0,1166000000.0,0.35,1166000000.0,578000000.0,384000000.0,0.39,0.39,0.39,8250000000.0,,8250000000.0,25194646710.0,7.0,4.783,-192000000.0,-0.632,1.0,1052000000.0,0.316,5575000000.0,194000000.0,35126000000.0,,657000000.0,2210000000.0,0.0,2210000000.0,25273000000.0,6695000000.0,18578000000.0,11766646710.0,-146000000.0,0.0,0.0,256000000.0,-168000000.0,70000000.0,-678000000.0,0.0,462000000.0,0.0,119000000.0,119000000.0,119000000.0,0.0,-4000000.0,0.036,495000000.0,557000000.0,704000000.0,1.41,1.426,9.93,9.923,18207000000.0,0.0,38.6,0.86,0.858,1266000000.0,4110000000.0,3334000000.0,3334000000.0,0.0,,,,,-13000000.0,0.0,1.0,304835407.0,304000000,306000000.0,10.967,27982000000.0,318000000.0,265000000.0,2411000000.0,92.046,-3691000000.0
50,FE,MRQ,2008-12-31,2008-12-31,2008-12-31,2021-07-22,-1380000000.0,33521000000.0,,3053000000.0,30468000000.0,,27.247,-711000000.0,545000000.0,545000000.0,1926000000.0,328000000.0,0.43,3.043,13973000000.0,4873000000.0,9100000000.0,13973000000.0,0.0,435000000.0,0.0,0.045,0.55,901000000.0,1336000000.0,0.417,1336000000.0,901000000.0,706000000.0,1.09,1.09,1.09,8283000000.0,,8283000000.0,28202904072.0,8.0,5.241,82000000.0,0.27,1.0,1275000000.0,0.398,5575000000.0,195000000.0,34276000000.0,,605000000.0,2306000000.0,0.0,2306000000.0,25206000000.0,7098000000.0,18108000000.0,14808904072.0,364000000.0,0.0,0.0,440000000.0,-168000000.0,264000000.0,-693000000.0,-34000000.0,793000000.0,0.0,332000000.0,332000000.0,332000000.0,0.0,-4000000.0,0.104,380000000.0,895000000.0,794000000.0,0.505,1.788,11.035,11.016,17723000000.0,0.0,48.58,1.087,1.084,1471000000.0,4159000000.0,3201000000.0,3201000000.0,0.0,,,,,10000000.0,0.0,1.0,304835407.0,304000000,307000000.0,10.53,27946000000.0,283000000.0,374000000.0,2496000000.0,91.928,-4045000000.0
51,FE,MRQ,2008-09-30,2008-09-30,2008-09-30,2021-07-22,-189000000.0,33562000000.0,,2804000000.0,30758000000.0,,30.595,-560000000.0,181000000.0,181000000.0,2456000000.0,471000000.0,0.398,2.608,13575000000.0,4901000000.0,8674000000.0,13575000000.0,0.0,459000000.0,0.0,0.032,0.55,1102000000.0,1561000000.0,0.4,1561000000.0,1102000000.0,910000000.0,1.55,1.54,1.55,9301000000.0,,9301000000.0,34069923915.0,10.0,6.498,552000000.0,1.816,1.0,1448000000.0,0.371,5583000000.0,192000000.0,34326000000.0,,587000000.0,2547000000.0,0.0,2547000000.0,24261000000.0,7047000000.0,17214000000.0,20420923915.0,111000000.0,0.0,0.0,-148000000.0,-168000000.0,-316000000.0,-685000000.0,-15000000.0,1112000000.0,0.0,471000000.0,471000000.0,471000000.0,0.0,0.0,0.121,401000000.0,1047000000.0,744000000.0,0.355,2.196,15.979,15.95,17157000000.0,0.0,66.99,1.512,1.508,1531000000.0,3994000000.0,3904000000.0,3904000000.0,0.0,,,,,-2000000.0,0.0,1.0,304835407.0,304000000,307000000.0,12.842,27979000000.0,0.0,439000000.0,3046000000.0,92.036,-4243000000.0
52,FE,MRQ,2008-06-30,2008-06-30,2008-06-30,2021-07-22,-129000000.0,33545000000.0,,2835000000.0,30710000000.0,,30.332,-906000000.0,70000000.0,70000000.0,2167000000.0,263000000.0,0.397,2.638,13719000000.0,5116000000.0,8603000000.0,13719000000.0,0.0,414000000.0,0.0,0.026,0.55,791000000.0,1205000000.0,0.371,1205000000.0,791000000.0,603000000.0,0.86,0.85,0.86,9221000000.0,,9221000000.0,37191099058.0,11.0,7.127,-946000000.0,-3.112,1.0,1078000000.0,0.332,5606000000.0,188000000.0,34451000000.0,,583000000.0,2663000000.0,0.0,2663000000.0,24324000000.0,7137000000.0,17187000000.0,25097099058.0,0.0,0.0,0.0,1157000000.0,-167000000.0,1003000000.0,-963000000.0,-19000000.0,-40000000.0,0.0,263000000.0,263000000.0,263000000.0,0.0,0.0,0.081,316000000.0,762000000.0,930000000.0,0.64,2.722,20.571,20.531,16703000000.0,0.0,82.33,1.895,1.89,1553000000.0,3858000000.0,3245000000.0,3245000000.0,0.0,,,,,-37000000.0,0.0,1.0,304835407.0,304000000,307000000.0,10.674,27939000000.0,0.0,340000000.0,2955000000.0,91.905,-4302000000.0
53,FE,MRQ,2008-03-31,2008-03-31,2008-03-31,2021-07-22,-108000000.0,32415000000.0,,2370000000.0,30045000000.0,,29.576,-711000000.0,70000000.0,70000000.0,2127000000.0,277000000.0,0.384,2.605,12164000000.0,3832000000.0,8332000000.0,12164000000.0,0.0,422000000.0,0.0,0.03,0.55,857000000.0,1279000000.0,0.39,1279000000.0,857000000.0,678000000.0,0.91,0.9,0.91,8991000000.0,,8991000000.0,32574805628.0,9.0,6.064,-352000000.0,-1.158,1.0,1150000000.0,0.351,5606000000.0,179000000.0,32734000000.0,,570000000.0,2704000000.0,0.0,2704000000.0,23424000000.0,6169000000.0,17255000000.0,20917805628.0,-59000000.0,0.0,0.0,378000000.0,-168000000.0,224000000.0,-642000000.0,35000000.0,359000000.0,0.0,276000000.0,276000000.0,276000000.0,0.0,1000000.0,0.084,317000000.0,833000000.0,754000000.0,0.604,2.327,16.153,16.108,15905000000.0,0.0,68.62,1.596,1.592,1423000000.0,3596000000.0,3277000000.0,3277000000.0,0.0,,,,,-35000000.0,0.0,1.0,304835407.0,304000000,307000000.0,10.78,26809000000.0,0.0,402000000.0,3133000000.0,88.188,-3799000000.0
54,FE,MRQ,2007-12-31,2007-12-31,2007-12-31,2021-07-22,-50000000.0,32311000000.0,,2230000000.0,30081000000.0,,29.627,-506000000.0,129000000.0,129000000.0,2041000000.0,271000000.0,0.433,2.599,11786000000.0,2917000000.0,8869000000.0,11786000000.0,0.0,395000000.0,0.0,0.028,0.5,803000000.0,1198000000.0,0.389,1198000000.0,803000000.0,621000000.0,0.88,0.87,0.88,8977000000.0,,8977000000.0,33476793342.0,9.0,6.225,-17000000.0,-0.056,1.0,1038000000.0,0.337,5607000000.0,182000000.0,33213000000.0,,521000000.0,2844000000.0,0.0,2844000000.0,23334000000.0,5148000000.0,18186000000.0,22051793342.0,99000000.0,0.0,-51000000.0,327000000.0,-152000000.0,95000000.0,-485000000.0,37000000.0,489000000.0,0.0,268000000.0,268000000.0,268000000.0,0.0,3000000.0,0.087,270000000.0,768000000.0,777000000.0,0.568,2.456,16.846,16.941,15383000000.0,0.0,72.34,1.723,1.729,1421000000.0,3487000000.0,3079000000.0,3079000000.0,0.0,,,,,-7000000.0,0.0,1.0,304835407.0,303000000,307000000.0,10.162,26704000000.0,32000000.0,353000000.0,3079000000.0,88.132,-2918000000.0
55,FE,MRQ,2007-09-30,2007-09-30,2007-09-30,2021-07-22,-213000000.0,31653000000.0,,2406000000.0,29247000000.0,,28.842,-430000000.0,30000000.0,30000000.0,2251000000.0,413000000.0,0.447,2.61,11455000000.0,2838000000.0,8617000000.0,11455000000.0,0.0,450000000.0,0.0,0.031,0.5,1086000000.0,1536000000.0,0.422,1536000000.0,1086000000.0,883000000.0,1.36,1.34,1.36,8768000000.0,,8768000000.0,32429274679.0,9.0,6.082,610000000.0,2.007,1.0,1390000000.0,0.382,5609000000.0,203000000.0,32091000000.0,,543000000.0,2878000000.0,0.0,2878000000.0,22885000000.0,5378000000.0,17507000000.0,19308274679.0,-7000000.0,0.0,0.0,-1719000000.0,-153000000.0,-1896000000.0,849000000.0,1254000000.0,1040000000.0,0.0,413000000.0,413000000.0,413000000.0,0.0,0.0,0.113,343000000.0,1047000000.0,760000000.0,0.368,2.202,14.672,14.939,15038000000.0,0.0,63.34,1.557,1.552,1626000000.0,3387000000.0,3641000000.0,3641000000.0,0.0,,,,,5000000.0,0.0,1.0,304835407.0,304000000,307000000.0,11.977,26044000000.0,0.0,470000000.0,2988000000.0,85.671,-2972000000.0
56,FE,MRQ,2007-06-30,2007-06-30,2007-06-30,2021-07-22,-217000000.0,32033000000.0,,2536000000.0,29497000000.0,,28.421,-401000000.0,37000000.0,37000000.0,1935000000.0,338000000.0,0.404,2.708,13158000000.0,4416000000.0,8742000000.0,13158000000.0,0.0,405000000.0,0.0,0.029,0.5,954000000.0,1359000000.0,0.437,1359000000.0,954000000.0,749000000.0,1.11,1.1,1.11,8640000000.0,,8640000000.0,32528995895.0,9.0,6.147,-174000000.0,-0.572,1.0,1174000000.0,0.378,5898000000.0,205000000.0,32974000000.0,,583000000.0,2830000000.0,0.0,2830000000.0,23393000000.0,6282000000.0,17111000000.0,19731995895.0,-52000000.0,0.0,-27000000.0,261000000.0,-152000000.0,108000000.0,-387000000.0,3000000.0,227000000.0,0.0,338000000.0,338000000.0,338000000.0,0.0,0.0,0.109,257000000.0,917000000.0,801000000.0,0.45,2.284,14.541,15.089,15010000000.0,0.0,64.73,1.627,1.623,1594000000.0,3279000000.0,3109000000.0,3109000000.0,0.0,,,,,-37000000.0,0.0,1.0,304835407.0,304000000,308000000.0,10.227,26135000000.0,0.0,411000000.0,3169000000.0,85.97,-3746000000.0
57,FE,MRQ,2007-03-31,2007-03-31,2007-03-31,2021-07-22,-241000000.0,31790000000.0,,2347000000.0,29443000000.0,,26.43,-296000000.0,89000000.0,89000000.0,1870000000.0,290000000.0,0.367,2.831,12886000000.0,4340000000.0,8546000000.0,12886000000.0,0.0,407000000.0,0.0,0.028,0.5,878000000.0,1285000000.0,0.432,1285000000.0,878000000.0,693000000.0,0.92,0.92,0.92,8299000000.0,,8299000000.0,32564173446.0,9.0,6.327,-353000000.0,-1.124,1.0,1103000000.0,0.371,5898000000.0,185000000.0,32291000000.0,,591000000.0,2783000000.0,0.0,2783000000.0,23491000000.0,6398000000.0,17093000000.0,21144173446.0,-1000000.0,0.0,-891000000.0,1376000000.0,-159000000.0,346000000.0,-290000000.0,4000000.0,-57000000.0,0.0,290000000.0,290000000.0,290000000.0,0.0,0.0,0.098,263000000.0,840000000.0,625000000.0,0.543,2.548,15.982,16.156,14786000000.0,0.0,66.24,1.797,1.767,1434000000.0,2941000000.0,2973000000.0,2973000000.0,0.0,,,,,0.0,0.0,1.0,319205517.0,314000000,316000000.0,9.468,25892000000.0,0.0,403000000.0,3239000000.0,82.459,-4051000000.0
58,FE,MRQ,2006-12-31,2006-12-31,2006-12-31,2021-07-22,-259000000.0,31196000000.0,,2083000000.0,29113000000.0,,28.412,-325000000.0,90000000.0,90000000.0,1682000000.0,275000000.0,0.396,2.453,11510000000.0,2975000000.0,8535000000.0,11510000000.0,0.0,347000000.0,0.0,0.03,0.45,805000000.0,1152000000.0,0.43,1152000000.0,805000000.0,612000000.0,0.85,0.84,0.85,9035000000.0,,9035000000.0,30847092675.0,9.0,6.236,371000000.0,1.167,1.0,998000000.0,0.372,5898000000.0,193000000.0,31463000000.0,,577000000.0,2788000000.0,0.0,2788000000.0,22161000000.0,5255000000.0,8371000000.0,19248092675.0,49000000.0,0.0,0.0,-119000000.0,-147000000.0,-360000000.0,-287000000.0,8000000.0,696000000.0,0.0,275000000.0,275000000.0,275000000.0,0.0,0.0,0.103,226000000.0,772000000.0,726000000.0,0.529,2.13,15.349,15.703,14667000000.0,0.0,60.3,1.674,1.699,1267000000.0,2806000000.0,2680000000.0,2680000000.0,0.0,,,,,-37000000.0,0.0,1.0,319205517.0,318000000,321000000.0,8.428,25298000000.0,0.0,337000000.0,3338000000.0,79.553,-3172000000.0
59,FE,MRQ,2006-09-30,2006-09-30,2006-09-30,2021-07-22,34000000.0,32162000000.0,,2214000000.0,29948000000.0,,28.596,-251000000.0,41000000.0,41000000.0,2075000000.0,454000000.0,0.421,2.493,11640000000.0,2880000000.0,8760000000.0,11640000000.0,0.0,397000000.0,0.0,0.032,0.45,1099000000.0,1496000000.0,0.445,1496000000.0,1099000000.0,914000000.0,1.41,1.4,1.41,9208000000.0,,9208000000.0,29675654377.0,9.0,6.03,507000000.0,1.575,1.0,1289000000.0,0.383,5935000000.0,185000000.0,32562000000.0,,585000000.0,2704000000.0,0.0,2704000000.0,22954000000.0,5264000000.0,17690000000.0,18424654377.0,-542000000.0,0.0,-600000000.0,-215000000.0,-143000000.0,-1062000000.0,-238000000.0,-13000000.0,758000000.0,0.0,454000000.0,454000000.0,454000000.0,-2000000.0,0.0,0.135,243000000.0,1046000000.0,611000000.0,0.319,2.001,15.748,15.603,14510000000.0,0.0,55.86,1.663,1.623,1420000000.0,2695000000.0,3364000000.0,3364000000.0,0.0,,,,,0.0,0.0,1.0,329836276.0,322000000,325000000.0,10.447,26227000000.0,0.0,460000000.0,3530000000.0,81.45,-3050000000.0
60,FE,MRQ,2006-06-30,2006-06-30,2006-06-30,2021-07-22,35000000.0,32578000000.0,,2812000000.0,29766000000.0,,28.927,-292000000.0,583000000.0,583000000.0,1709000000.0,304000000.0,0.522,2.434,11834000000.0,3105000000.0,8729000000.0,11834000000.0,0.0,343000000.0,0.0,0.032,0.45,871000000.0,1214000000.0,0.441,1214000000.0,871000000.0,693000000.0,0.92,0.91,0.92,9488000000.0,,9488000000.0,28902424522.0,9.0,5.945,-131000000.0,-0.399,1.0,1042000000.0,0.379,5940000000.0,178000000.0,32500000000.0,,629000000.0,2626000000.0,0.0,2626000000.0,23090000000.0,5389000000.0,17701000000.0,17880424522.0,555000000.0,0.0,0.0,803000000.0,-148000000.0,668000000.0,-274000000.0,11000000.0,161000000.0,0.0,304000000.0,304000000.0,304000000.0,8000000.0,0.0,0.111,199000000.0,843000000.0,682000000.0,0.489,1.885,17.061,17.047,14420000000.0,0.0,54.21,1.593,1.585,1346000000.0,2385000000.0,2751000000.0,2751000000.0,0.0,,,,,0.0,0.0,1.0,329836276.0,328000000,330000000.0,8.387,26638000000.0,0.0,389000000.0,3542000000.0,81.213,-2577000000.0
61,FE,MRQ,2006-03-31,2006-03-31,2006-03-31,2021-07-22,27000000.0,31797000000.0,,2099000000.0,29698000000.0,,28.328,-447000000.0,28000000.0,28000000.0,1752000000.0,221000000.0,0.385,2.412,11050000000.0,3046000000.0,8004000000.0,11050000000.0,0.0,370000000.0,0.0,0.035,0.45,714000000.0,1084000000.0,0.401,1084000000.0,714000000.0,549000000.0,0.67,0.67,0.67,9320000000.0,,9320000000.0,26993993896.0,9.0,5.619,-123000000.0,-0.374,1.0,953000000.0,0.352,5940000000.0,165000000.0,31429000000.0,,610000000.0,2663000000.0,0.0,2663000000.0,22477000000.0,5450000000.0,17027000000.0,16128993896.0,-36000000.0,0.0,0.0,136000000.0,-148000000.0,-50000000.0,-310000000.0,100000000.0,324000000.0,0.0,221000000.0,221000000.0,221000000.0,-2000000.0,0.0,0.082,289000000.0,664000000.0,612000000.0,0.672,1.731,17.493,17.464,14285000000.0,0.0,48.9,1.426,1.422,1226000000.0,2232000000.0,2705000000.0,2705000000.0,0.0,,,,,0.0,0.0,1.0,329836276.0,329000000,330000000.0,8.222,25857000000.0,0.0,328000000.0,3562000000.0,78.593,-3351000000.0
62,FE,MRQ,2005-12-31,2005-12-31,2005-12-31,2021-07-22,0.0,31841000000.0,,2317000000.0,29524000000.0,,28.012,-452000000.0,64000000.0,64000000.0,1249000000.0,191000000.0,0.425,2.465,10929000000.0,2774000000.0,8155000000.0,10929000000.0,0.0,442000000.0,0.0,0.034,0.43,685000000.0,1127000000.0,0.498,1127000000.0,685000000.0,513000000.0,0.58,0.58,0.58,9188000000.0,,9188000000.0,26667518161.0,9.0,5.496,-148000000.0,-0.451,1.0,1012000000.0,0.448,6010000000.0,172000000.0,31243000000.0,,518000000.0,2642000000.0,0.0,2642000000.0,22653000000.0,5453000000.0,17200000000.0,16158679161.0,-76000000.0,0.0,0.0,299000000.0,-135000000.0,173000000.0,-553000000.0,-88000000.0,304000000.0,0.0,191000000.0,191000000.0,191000000.0,6000000.0,0.0,0.084,342000000.0,670000000.0,727000000.0,0.741,1.759,18.767,18.698,13998000000.0,0.0,48.99,1.423,1.415,1498000000.0,2159000000.0,2261000000.0,2261000000.0,0.0,,,,,0.0,0.0,1.0,329836276.0,328000000,330000000.0,6.893,25831000000.0,0.0,322000000.0,3526000000.0,78.753,-3136000000.0
63,FE,MRQ,2005-09-30,2005-09-30,2005-09-30,2021-07-22,-323601000.0,31373942000.0,,2406735000.0,28967207000.0,,26.915,-294000000.0,139812000.0,139812000.0,2280000000.0,332000000.0,0.626,2.554,10648651000.0,1229917000.0,9418734000.0,10648651000.0,0.0,518000000.0,0.0,0.031,0.412,919000000.0,1437000000.0,0.41,1437000000.0,919000000.0,757000000.0,1.01,1.01,1.01,8827959000.0,,8827959000.0,28208836705.0,10.0,5.886,701000000.0,2.137,1.0,1224000000.0,0.349,6024376000.0,162000000.0,32013559000.0,,496202000.0,2616616000.0,0.0,2616616000.0,22545983000.0,3844846000.0,18701137000.0,17191066705.0,90000000.0,0.0,0.0,-383000000.0,-141000000.0,-581000000.0,-324000000.0,-39000000.0,995000000.0,0.0,332000000.0,332000000.0,332000000.0,0.0,0.0,0.095,393000000.0,831000000.0,651941000.0,0.408,1.947,19.73,19.668,13773219000.0,0.0,52.12,1.516,1.508,1535225000.0,2115434000.0,3504000000.0,3504000000.0,0.0,,,,,0.0,0.0,1.0,329836276.0,328000000,330000000.0,10.683,25349566000.0,0.0,425000000.0,3197758000.0,77.285,-1438111000.0
64,FE,MRQ,2005-06-30,2005-06-30,2005-06-30,2021-07-22,-330028000.0,31211243000.0,,2304035000.0,28907208000.0,,26.343,-233000000.0,49748000.0,49748000.0,1806000000.0,178000000.0,0.614,2.612,11067518000.0,1498564000.0,9568954000.0,11067518000.0,0.0,455000000.0,0.0,0.033,0.412,701000000.0,1156000000.0,0.407,1156000000.0,701000000.0,587000000.0,0.54,0.54,0.54,8640396000.0,,8640396000.0,26777418238.0,9.0,5.736,90000000.0,0.274,1.0,1037000000.0,0.365,6032539000.0,114000000.0,32442502000.0,,508178000.0,2541069000.0,0.0,2541069000.0,22570847000.0,3753972000.0,18816875000.0,15868423238.0,-31000000.0,0.0,0.0,38000000.0,-135000000.0,-109000000.0,-245000000.0,-18000000.0,323000000.0,0.0,178000000.0,178000000.0,178000000.0,1000000.0,0.0,0.063,335000000.0,702000000.0,696310000.0,0.763,1.837,18.937,18.867,13652235000.0,0.0,48.11,1.415,1.407,1444552000.0,1924097000.0,2843000000.0,2843000000.0,0.0,,,,,0.0,0.0,1.0,329836276.0,328000000,330000000.0,8.668,25178704000.0,0.0,409000000.0,3095425000.0,76.764,-1449937000.0
65,FE,MRQ,2005-03-31,2005-03-31,2005-03-31,2021-07-22,-313646000.0,31260563000.0,,2066290000.0,29194273000.0,,26.283,-229000000.0,81191000.0,81191000.0,1779000000.0,160000000.0,0.567,2.626,10990186000.0,1270293000.0,9719893000.0,10990186000.0,0.0,454000000.0,0.0,0.037,0.412,630000000.0,1084000000.0,0.394,1084000000.0,630000000.0,466000000.0,0.49,0.48,0.49,8620953000.0,,8620953000.0,24908472778.0,9.0,5.359,369000000.0,1.125,1.0,971000000.0,0.353,6033728000.0,164000000.0,32492876000.0,,477868000.0,2522694000.0,0.0,2522694000.0,22639610000.0,3642954000.0,18996656000.0,13836631778.0,28000000.0,0.0,0.0,-96000000.0,-135000000.0,-359000000.0,-211000000.0,2000000.0,598000000.0,0.0,160000000.0,160000000.0,160000000.0,-19000000.0,0.0,0.058,394000000.0,577000000.0,663018000.0,0.841,1.605,16.015,15.951,13550063000.0,0.0,41.95,1.217,1.21,1258843000.0,1881047000.0,2750000000.0,2750000000.0,0.0,,,,,0.0,0.0,1.0,329836276.0,328000000,329000000.0,8.384,25226835000.0,0.0,306000000.0,3034107000.0,76.911,-1576664000.0
66,FE,MRQ,2004-12-31,2004-12-31,2004-12-31,2021-07-22,0.0,31035000000.0,,2012000000.0,29023000000.0,,26.337,-300257000.0,53000000.0,53000000.0,1364002000.0,201334000.0,0.608,2.613,11124000000.0,1111000000.0,10013000000.0,11124000000.0,0.0,406495000.0,0.0,0.038,0.375,709151000.0,1115646000.0,0.498,1115646000.0,709151000.0,540285000.0,0.61,0.61,0.61,8590000000.0,,8590000000.0,24051900265.0,8.0,5.162,53530000.0,0.164,1.0,875465000.0,0.391,6050000000.0,168866000.0,32748000000.0,,458000000.0,2534000000.0,0.0,2534000000.0,22445000000.0,3308000000.0,19137000000.0,13031831265.0,-14917000.0,0.0,0.0,47952000.0,-123249000.0,-41897000.0,-326807000.0,-17677000.0,353787000.0,0.0,201334000.0,201334000.0,201334000.0,35332000.0,0.0,0.09,340982000.0,534483000.0,611000000.0,0.615,1.517,14.843,14.743,13479000000.0,0.0,39.51,1.123,1.114,1356000000.0,1856863000.0,2239467000.0,2239467000.0,0.0,,,,,0.0,0.0,1.0,329836276.0,326160000,329450000.0,6.866,24985000000.0,0.0,338951000.0,2981000000.0,76.604,-1296000000.0
67,FE,MRQ,2004-09-30,2004-09-30,2004-09-30,2021-07-22,-331874000.0,31225116000.0,,2119314000.0,29105802000.0,,26.334,-211243000.0,67892000.0,67892000.0,2153795000.0,298622000.0,0.609,2.621,11087961000.0,977409000.0,10110552000.0,11087961000.0,0.0,471352000.0,0.0,0.037,0.375,841585000.0,1312937000.0,0.388,1312937000.0,841585000.0,690419000.0,0.91,0.91,0.91,8624410000.0,,8624410000.0,24640509218.0,9.0,5.261,316262000.0,0.966,1.0,1231673000.0,0.364,6100969000.0,151166000.0,32661865000.0,,442183000.0,2428578000.0,0.0,2428578000.0,22600706000.0,3482351000.0,19118355000.0,13549674218.0,-31646000.0,0.0,0.0,-457625000.0,-123965000.0,-601719000.0,42568000.0,245077000.0,527505000.0,0.0,298622000.0,298622000.0,298622000.0,-2497000.0,0.0,0.088,392585000.0,839088000.0,575845000.0,0.412,1.571,17.231,17.188,13338369000.0,0.0,41.08,1.21,1.201,1392621000.0,1913305000.0,3385468000.0,3385468000.0,0.0,,,,,0.0,0.0,1.0,329836276.0,327499000,329099000.0,10.337,25124147000.0,0.0,391797000.0,2989068000.0,76.715,-1363037000.0
68,FE,MRQ,2004-06-30,2004-06-30,2004-06-30,2021-07-22,-344018000.0,32009600000.0,,2418728000.0,29590872000.0,,25.766,-196094000.0,377301000.0,377301000.0,1927533000.0,204045000.0,0.646,2.796,11468136000.0,1552216000.0,9915920000.0,11468136000.0,0.0,417141000.0,0.0,0.04,0.375,717988000.0,1135129000.0,0.379,1135129000.0,717988000.0,538337000.0,0.62,0.62,0.62,8432963000.0,,8432963000.0,24079709085.0,9.0,5.441,135466000.0,0.414,1.0,1064629000.0,0.356,6100969000.0,179651000.0,33256101000.0,,448393000.0,2380160000.0,0.0,2380160000.0,23576637000.0,3743365000.0,19833272000.0,12339175085.0,-180731000.0,0.0,0.0,-477424000.0,-121321000.0,-573360000.0,61069000.0,-18634000.0,331560000.0,0.0,204045000.0,204045000.0,204045000.0,-2185000.0,0.0,0.068,348826000.0,715803000.0,612894000.0,0.605,1.463,19.267,18.799,13301681000.0,0.0,37.41,1.098,1.089,1339074000.0,1738643000.0,2992162000.0,2992162000.0,0.0,,,,,0.0,0.0,1.0,329836276.0,327284000,329103000.0,9.142,25908631000.0,0.0,334292000.0,2833704000.0,79.163,-1324637000.0
69,FE,MRQ,2004-03-31,2004-03-31,2004-03-31,2021-07-22,-343826000.0,32584536000.0,,2471742000.0,30112794000.0,,25.515,-138406000.0,280269000.0,280269000.0,1946968000.0,173999000.0,0.623,2.905,12020803000.0,1870736000.0,10150067000.0,12020803000.0,0.0,456052000.0,0.0,0.038,0.375,639396000.0,1095448000.0,0.366,1095448000.0,639396000.0,468075000.0,0.53,0.53,0.53,8344723000.0,,8344723000.0,24824065666.0,11.0,6.247,509445000.0,1.558,1.0,1049570000.0,0.35,6117000000.0,171321000.0,34242199000.0,,427776000.0,2387782000.0,0.0,2387782000.0,24239813000.0,3965871000.0,20273942000.0,12890001666.0,166294000.0,0.0,0.0,-74903000.0,-122465000.0,-240024000.0,-241533000.0,-55766000.0,647851000.0,0.0,173999000.0,173999000.0,173999000.0,-1473000.0,0.0,0.058,411647000.0,637923000.0,548221000.0,0.708,1.545,34.056,33.402,13259146000.0,0.0,39.08,1.161,1.151,1232754000.0,1655919000.0,2996538000.0,2996538000.0,0.0,,,,,0.0,0.0,1.0,329836276.0,327057000,329034000.0,9.162,26467536000.0,0.0,294076000.0,2839297000.0,80.926,-1494129000.0
70,FE,MRQ,2003-12-31,2003-12-31,2003-12-31,2021-07-22,0.0,32909948000.0,,2243311000.0,30666637000.0,,25.232,-275931000.0,391738000.0,391738000.0,1193624000.0,109667000.0,0.502,2.97,12064803000.0,2275737000.0,9789066000.0,12064803000.0,0.0,563046000.0,0.0,0.043,0.375,576743000.0,1139789000.0,0.623,1139789000.0,576743000.0,389524000.0,0.33,0.34,0.33,8289341000.0,,8289341000.0,23650803915.0,10.0,5.986,196136000.0,0.597,1.0,634726000.0,0.347,6127883000.0,187219000.0,33982963000.0,,421022000.0,2341075000.0,0.0,2341075000.0,24620607000.0,4472167000.0,20148440000.0,11610236915.0,-125962000.0,0.0,-605000.0,-264698000.0,-122184000.0,-394502000.0,-203527000.0,3785000.0,472067000.0,0.0,109667000.0,109667000.0,109667000.0,57778000.0,0.0,0.06,175058000.0,459668000.0,725239000.0,1.136,1.401,27.447,25.324,13268922000.0,0.0,35.2,1.025,0.945,1505500000.0,1604385000.0,1828350000.0,1828350000.0,0.0,,,,,0.0,0.0,1.0,329836276.0,328525000,328541000.0,5.565,26782065000.0,0.0,279857000.0,2847604000.0,81.522,-2228856000.0
71,FE,MRQ,2003-09-30,2003-09-30,2003-09-30,2021-07-22,-532560000.0,33494991000.0,,2356004000.0,31138987000.0,,27.09,-155908000.0,178911000.0,178911000.0,2251468000.0,152719000.0,0.57,3.129,12219478000.0,1822966000.0,10396512000.0,12219478000.0,0.0,389401000.0,0.0,0.047,0.375,665983000.0,1055384000.0,0.308,1055384000.0,665983000.0,465369000.0,0.51,0.5,0.51,8111432000.0,,8111432000.0,23043153204.0,11.0,5.927,722702000.0,2.414,1.0,1171346000.0,0.342,6127853000.0,200614000.0,35275591000.0,,440909000.0,1230356000.0,0.0,1230356000.0,25383559000.0,4132114000.0,21251445000.0,9494597204.0,112338000.0,0.0,934605000.0,-1368258000.0,-110373000.0,-547395000.0,-218877000.0,-15926000.0,878610000.0,0.0,152719000.0,152719000.0,152719000.0,-1026000.0,0.0,0.045,506389000.0,664957000.0,722156000.0,0.735,1.171,37.215,37.093,12910655000.0,0.0,31.9,0.808,0.813,1533106000.0,1617499000.0,3422814000.0,3422814000.0,0.0,,,,,0.0,0.0,1.0,297636276.0,299422000,300751000.0,11.431,27367138000.0,0.0,312650000.0,2872593000.0,91.4,-1776110000.0
72,FE,MRQ,2003-06-30,2003-06-30,2003-06-30,2021-07-22,-534084000.0,34024540000.0,,2493922000.0,31530618000.0,,24.22,-199742000.0,64204000.0,64204000.0,2101890000.0,-57888000.0,0.532,3.776,13612760000.0,2373482000.0,11239278000.0,13612760000.0,0.0,354190000.0,0.0,0.039,0.375,328796000.0,682986000.0,0.239,682986000.0,328796000.0,123280000.0,-0.2,-0.2,-0.2,7124751000.0,,7124751000.0,24678122812.0,11.0,6.098,-178011000.0,-0.605,1.0,751209000.0,0.263,6249363000.0,205516000.0,36635253000.0,,460617000.0,1161259000.0,0.0,1161259000.0,26899789000.0,4688480000.0,22211309000.0,11444114812.0,-206555000.0,0.0,0.0,96616000.0,-110284000.0,-119728000.0,-108558000.0,6362000.0,21731000.0,0.0,-57888000.0,-57888000.0,-57888000.0,68223000.0,0.0,-0.02,354190000.0,397019000.0,857724000.0,-1.875,1.606,29.552,29.129,12914236000.0,0.0,38.45,0.972,0.961,1641254000.0,1575153000.0,2853099000.0,2853099000.0,0.0,,,,,0.0,0.0,1.0,297636276.0,294166000,295888000.0,9.699,27775177000.0,0.0,181168000.0,2766054000.0,94.42,-2194558000.0
73,FE,MRQ,2003-03-31,2003-03-31,2003-03-31,2021-07-22,-657411000.0,34287417000.0,,2583837000.0,31703580000.0,,24.374,-224419000.0,290036000.0,290036000.0,2252018000.0,218502000.0,0.517,3.787,13524044000.0,2485554000.0,11038490000.0,13524044000.0,0.0,376363000.0,0.0,0.048,0.375,696478000.0,1072841000.0,0.333,1072841000.0,696478000.0,490827000.0,0.74,0.74,0.74,7163301000.0,,7163301000.0,22847096694.0,8.0,5.151,237843000.0,0.809,1.0,968719000.0,0.301,6237274000.0,205651000.0,36284989000.0,,415218000.0,1060994000.0,0.0,1060994000.0,27124116000.0,4999162000.0,22124954000.0,9375542694.0,108179000.0,0.0,0.0,-140660000.0,-110159000.0,-236375000.0,-117708000.0,105779000.0,462262000.0,0.0,218502000.0,218502000.0,218502000.0,-1975000.0,0.0,0.068,376363000.0,592356000.0,885651000.0,0.507,1.309,14.357,14.126,12977054000.0,0.0,31.5,0.793,0.783,1588995000.0,1743324000.0,3220737000.0,3220737000.0,0.0,,,,,0.0,0.0,1.0,297636276.0,293886000,294877000.0,10.959,28050143000.0,0.0,272325000.0,2880352000.0,95.446,-2415325000.0
74,FE,MRQ,2002-12-31,2002-12-31,2002-12-31,2021-07-22,0.0,34386353000.0,,2450098000.0,31936255000.0,,24.016,-458143000.0,196301000.0,196301000.0,1292149000.0,-58207000.0,0.467,3.877,13667855000.0,2795639000.0,10872216000.0,13667855000.0,0.0,742288000.0,0.0,0.045,0.375,334248000.0,1076536000.0,0.478,1076536000.0,334248000.0,127779000.0,-0.19,-0.2,-0.19,7050661000.0,,7050661000.0,23256333020.0,9.0,5.365,79527000.0,0.271,1.0,958170000.0,0.426,6278072000.0,206469000.0,36328592000.0,,427075000.0,2128995000.0,0.0,2128995000.0,27335692000.0,5251243000.0,22084449000.0,9813068020.0,-98329000.0,0.0,0.0,-135258000.0,-110063000.0,-277811000.0,-358188000.0,-53642000.0,537670000.0,0.0,-58207000.0,-58207000.0,-58207000.0,65581000.0,0.0,-0.026,558341000.0,399829000.0,906468000.0,-1.974,1.392,17.751,17.444,12967165000.0,0.0,32.97,0.857,0.844,1623092000.0,1634981000.0,2250319000.0,2250319000.0,0.0,,,,,0.0,0.0,1.0,297636276.0,293578000,294529000.0,7.665,28108281000.0,0.0,185986000.0,2524803000.0,95.744,-2801145000.0
75,FE,MRQ,2002-09-30,2002-09-30,2002-09-30,2021-07-22,-118730000.0,34165554000.0,,3655642000.0,30509912000.0,,26.567,-274923000.0,280547000.0,280547000.0,2236751000.0,284845000.0,0.722,3.384,13723812000.0,2631494000.0,11092318000.0,13723812000.0,0.0,310417000.0,0.0,0.05,0.375,904016000.0,1214433000.0,0.352,1214433000.0,904016000.0,683619000.0,0.97,0.97,0.97,7792774000.0,,7792774000.0,22579129290.0,8.0,5.539,393494000.0,1.341,1.0,1214433000.0,0.352,5771856000.0,220397000.0,36773909000.0,,419485000.0,1024332000.0,1024332000.0,0.0,26372780000.0,5063054000.0,21309726000.0,8896348290.0,-78503000.0,0.0,0.0,-44998000.0,-109963000.0,-468478000.0,-278442000.0,-29261000.0,668417000.0,0.0,284845000.0,284845000.0,284845000.0,0.0,0.0,0.083,310417000.0,904016000.0,789846000.0,0.387,1.142,11.411,11.03,12543108000.0,0.0,29.89,0.776,0.765,1699389000.0,1852298000.0,3451184000.0,3451184000.0,0.0,,,,,0.0,0.0,1.0,297636276.0,293328000,294277000.0,11.766,28393698000.0,0.0,398774000.0,3461265000.0,96.798,-1407412000.0
76,FE,MRQ,2002-06-30,2002-06-30,2002-06-30,2021-07-22,-134035000.0,34279588000.0,,3703983000.0,30575605000.0,,25.814,-69365000.0,359050000.0,359050000.0,1827148000.0,207898000.0,0.712,3.531,14041831000.0,2964859000.0,11076972000.0,14041831000.0,0.0,300405000.0,0.0,0.056,0.375,771020000.0,1071425000.0,0.37,1071425000.0,771020000.0,520738000.0,0.71,0.71,0.71,7565454000.0,,7565454000.0,24740217893.0,9.0,6.642,192758000.0,0.658,1.0,1071425000.0,0.37,5604967000.0,250282000.0,37155588000.0,,401097000.0,1063306000.0,1063306000.0,0.0,26714134000.0,5201814000.0,21512320000.0,9935098893.0,-288667000.0,0.0,0.0,-18044000.0,-109876000.0,-132920000.0,-417870000.0,68365000.0,262123000.0,0.0,207898000.0,207898000.0,207898000.0,0.0,0.0,0.072,300405000.0,771020000.0,741958000.0,0.528,1.313,13.631,11.879,12483929000.0,0.0,33.38,0.997,0.982,1631781000.0,1652006000.0,2898573000.0,2898573000.0,0.0,,,,,0.0,0.0,1.0,297636276.0,293080000,294589000.0,9.89,28674621000.0,0.0,312840000.0,3510976000.0,97.839,-1497831000.0
77,FE,MRQ,2002-03-31,2002-03-31,2002-03-31,2021-07-22,-132430000.0,37305227000.0,,3684182000.0,33621045000.0,,25.399,-195292000.0,647717000.0,647717000.0,1880980000.0,118268000.0,0.658,4.016,15452836000.0,2855567000.0,12597269000.0,15452836000.0,0.0,309374000.0,0.0,0.054,0.375,662924000.0,972298000.0,0.341,972298000.0,662924000.0,384202000.0,0.4,0.4,0.4,7436518000.0,,7436518000.0,14618164036.0,6.0,4.378,268792000.0,0.918,1.0,972298000.0,0.341,6257481000.0,278722000.0,40255153000.0,,379355000.0,1032968000.0,1032968000.0,0.0,29868709000.0,5597712000.0,24270997000.0,7745283036.0,427539000.0,411822000.0,0.0,36682000.0,-109726000.0,-258343000.0,221798000.0,-4343000.0,464084000.0,0.0,118268000.0,118268000.0,118268000.0,0.0,0.0,0.041,309374000.0,662924000.0,1069900000.0,0.938,1.042,11.612,12.484,14157833000.0,0.0,34.58,0.874,1.142,1602791000.0,1528572000.0,2853278000.0,2853278000.0,0.0,,,,,0.0,0.0,1.0,223981580.0,292791000,294344000.0,9.745,31047746000.0,0.0,265934000.0,3431726000.0,106.041,-1913530000.0
78,FE,MRQ,2001-12-31,2001-12-31,2001-12-31,2021-07-22,0.0,37351513000.0,,3630564000.0,33720949000.0,,28.134,-284675000.0,220178000.0,220178000.0,1439527000.0,168633000.0,0.778,3.721,13915268000.0,2481955000.0,11433313000.0,13915268000.0,0.0,244966000.0,0.0,0.054,0.375,573336000.0,818302000.0,0.362,818302000.0,573336000.0,389038000.0,0.63,0.63,0.63,7398599000.0,,7398599000.0,14707756668.0,7.0,4.868,15690000.0,0.06,1.0,818302000.0,0.362,5600918000.0,184298000.0,40776228000.0,,397518000.0,1014234000.0,1014234000.0,0.0,27531172000.0,4669457000.0,22861715000.0,7834875668.0,44584000.0,-2013218000.0,0.0,2219314000.0,-89074000.0,2158229000.0,-2414010000.0,-6284000.0,300365000.0,0.0,168633000.0,168633000.0,168633000.0,0.0,0.0,0.075,244966000.0,573336000.0,704184000.0,0.595,1.059,12.12,12.404,12428429000.0,0.0,34.98,0.979,1.004,1548214000.0,1521805000.0,2257829000.0,2257829000.0,0.0,,,,,0.0,0.0,1.0,223981580.0,262974000,263310000.0,8.586,31750595000.0,0.0,220405000.0,3363306000.0,120.737,-1038893000.0
79,FE,MRQ,2001-09-30,2001-09-30,2001-09-30,2021-07-22,-122333000.0,18077709000.0,,1631240000.0,16446469000.0,,21.807,-291276000.0,175594000.0,175594000.0,1089093000.0,234087000.0,0.498,2.792,7048475000.0,1853724000.0,5194751000.0,7048475000.0,0.0,210764000.0,0.0,0.052,0.75,651789000.0,862553000.0,0.442,862553000.0,651789000.0,527663000.0,1.07,1.06,1.07,4766952000.0,,4766952000.0,15155722801.0,8.0,5.284,299447000.0,1.37,1.0,862553000.0,0.442,2047697000.0,124126000.0,19624297000.0,,344048000.0,640321000.0,0.0,640321000.0,13310757000.0,3278596000.0,10032161000.0,8052137801.0,-29625000.0,0.0,0.0,-135154000.0,-81942000.0,-223096000.0,-397252000.0,-1799000.0,590723000.0,0.0,234087000.0,234087000.0,234087000.0,0.0,0.0,0.12,210764000.0,651789000.0,450964000.0,0.701,1.689,13.352,13.025,7658679000.0,0.0,35.95,1.064,1.038,964373000.0,1442247000.0,1951646000.0,1951646000.0,0.0,,,,,0.0,0.0,1.0,223981580.0,218594000,220165000.0,8.928,16030012000.0,0.0,293576000.0,2672850000.0,73.332,-1647356000.0
80,FE,MRQ,2001-06-30,2001-06-30,2001-06-30,2021-07-22,-36578000.0,18137526000.0,,1642790000.0,16494736000.0,,21.497,-125322000.0,205219000.0,205219000.0,1117931000.0,146019000.0,0.639,2.864,7308804000.0,1397211000.0,5911593000.0,7308804000.0,0.0,206606000.0,0.0,0.047,0.375,479609000.0,686215000.0,0.38,686215000.0,479609000.0,358644000.0,0.67,0.67,0.67,4694385000.0,,4694385000.0,14281277613.0,7.0,4.953,43171000.0,0.198,1.0,686215000.0,0.38,2062293000.0,120965000.0,20608959000.0,,327980000.0,634211000.0,0.0,634211000.0,13443141000.0,2569859000.0,10873282000.0,7203247613.0,162723000.0,0.0,0.0,196899000.0,-81864000.0,104319000.0,-110089000.0,3463000.0,168493000.0,0.0,146019000.0,146019000.0,146019000.0,0.0,0.0,0.081,206606000.0,479609000.0,370982000.0,0.56,1.534,12.7,12.465,7604706000.0,0.0,32.16,0.959,0.935,894864000.0,1290101000.0,1804146000.0,1804146000.0,0.0,,,,,0.0,0.0,1.0,223981580.0,218372000,219540000.0,8.262,16075233000.0,0.0,212625000.0,2645510000.0,73.614,-927069000.0
81,FE,MRQ,2001-03-31,2001-03-31,2001-03-31,2021-07-22,39071000.0,18001279000.0,,1429886000.0,16571393000.0,,21.548,-151176000.0,42496000.0,42496000.0,1322799000.0,97708000.0,0.581,2.83,7120526000.0,1233447000.0,5887079000.0,7120526000.0,0.0,227214000.0,0.0,0.054,0.375,427229000.0,654443000.0,0.33,654443000.0,427229000.0,300899000.0,0.45,0.45,0.45,4699752000.0,,4699752000.0,13302602714.0,7.0,4.55,70927000.0,0.325,1.0,662942000.0,0.334,2074712000.0,126330000.0,20545376000.0,,290761000.0,617581000.0,0.0,617581000.0,13301527000.0,2459221000.0,10842306000.0,6253565714.0,-6762000.0,0.0,-15308000.0,21520000.0,-81753000.0,-75541000.0,-153324000.0,29138000.0,222103000.0,0.0,97708000.0,97708000.0,97708000.0,0.0,0.0,0.049,227214000.0,435728000.0,409001000.0,0.833,1.331,11.252,11.124,7598603000.0,0.0,27.92,0.844,0.822,889255000.0,1225945000.0,1985741000.0,1985741000.0,0.0,,,,,0.0,0.0,1.0,223981580.0,218107000,218903000.0,9.104,15926567000.0,0.0,203191000.0,2724249000.0,73.022,-1029335000.0
82,FE,MRQ,2000-12-31,2000-12-31,2000-12-31,2021-07-22,0.0,17941294000.0,,2754902000.0,15186392000.0,,21.196,-206172000.0,49258000.0,49258000.0,1162367000.0,125261000.0,1.062,2.965,6978295000.0,1236247000.0,5742048000.0,6978295000.0,0.0,225922000.0,0.0,0.048,0.375,438993000.0,664915000.0,0.364,664915000.0,438993000.0,310417000.0,0.57,0.57,0.57,4653126000.0,,4653126000.0,14003970257.0,7.0,4.689,193718000.0,0.882,1.0,664915000.0,0.364,2088770000.0,128576000.0,20187756000.0,,283718000.0,584288000.0,584288000.0,0.0,13798479000.0,2593805000.0,11204674000.0,7115826257.0,-17955000.0,0.0,-76545000.0,69469000.0,-82311000.0,-108137000.0,-309708000.0,-23527000.0,399890000.0,0.0,125261000.0,125261000.0,125261000.0,0.0,0.0,0.069,225922000.0,438993000.0,478661000.0,0.658,1.529,11.88,11.732,7575076000.0,0.0,31.56,1.012,0.999,918449000.0,1209991000.0,1827282000.0,1827282000.0,0.0,,,,,0.0,0.0,1.0,225469780.0,219531000,219684000.0,8.324,15852524000.0,0.0,185156000.0,2744752000.0,72.211,161097000.0
83,FE,MRQ,2000-09-30,2000-09-30,2000-09-30,2021-07-22,-195000.0,17967579000.0,,1315710000.0,16651869000.0,,21.113,-105369000.0,67213000.0,67213000.0,1014134000.0,198187000.0,0.554,2.836,6955357000.0,1110346000.0,5845011000.0,6955357000.0,0.0,280884000.0,0.0,0.056,0.375,596627000.0,877511000.0,0.464,877511000.0,596627000.0,465441000.0,0.89,0.89,0.89,4683764000.0,,4683764000.0,13270380897.0,6.0,4.425,388559000.0,1.751,1.0,877511000.0,0.464,2102912000.0,131186000.0,20377603000.0,,245597000.0,600231000.0,0.0,600231000.0,13283815000.0,2375208000.0,10908607000.0,6163466897.0,-20347000.0,0.0,-44445000.0,-237717000.0,-83391000.0,-371553000.0,-142722000.0,-60000.0,493928000.0,0.0,198187000.0,198187000.0,198187000.0,0.0,0.0,0.105,280884000.0,596627000.0,316308000.0,0.421,1.316,10.374,10.174,7499556000.0,0.0,26.96,0.9,0.873,812944000.0,1167041000.0,1891645000.0,1891645000.0,0.0,,,,,0.0,0.0,1.0,228615241.0,221846000,222406000.0,8.527,15864667000.0,267226000.0,267254000.0,2886970000.0,71.512,-1059498000.0
84,FE,MRQ,2000-06-30,2000-06-30,2000-06-30,2021-07-22,-195000.0,18101279000.0,,1339270000.0,16762009000.0,,20.615,-124397000.0,87560000.0,87560000.0,975241000.0,134604000.0,0.581,2.928,7194474000.0,1108549000.0,6085925000.0,7194474000.0,0.0,224794000.0,0.0,0.064,0.375,502069000.0,726863000.0,0.427,726863000.0,502069000.0,367723000.0,0.6,0.6,0.6,4608405000.0,,4608405000.0,12533704831.0,6.0,4.142,161696000.0,0.723,1.0,726863000.0,0.427,2117054000.0,134346000.0,20787478000.0,,234807000.0,574967000.0,0.0,574967000.0,13492874000.0,2303661000.0,11189213000.0,5389193831.0,44514000.0,0.0,-40050000.0,4670000.0,-84063000.0,-133157000.0,-108422000.0,1930000.0,286093000.0,0.0,134604000.0,134604000.0,134604000.0,0.0,0.0,0.079,224794000.0,502069000.0,357237000.0,0.625,1.169,9.263,9.062,7444308000.0,0.0,23.38,0.806,0.781,788757000.0,1052245000.0,1702104000.0,1702104000.0,0.0,,,,,0.0,0.0,1.0,230504441.0,223542000,223993000.0,7.614,15984225000.0,267226000.0,233119000.0,2882981000.0,71.504,-964391000.0
85,FE,MRQ,2000-03-31,2000-03-31,2000-03-31,2021-07-22,-195000.0,18107848000.0,,1258580000.0,16849268000.0,,20.427,-151680000.0,43046000.0,43046000.0,890947000.0,140918000.0,0.571,2.942,7187557000.0,1011344000.0,6176213000.0,7187557000.0,0.0,202084000.0,0.0,0.073,0.375,514899000.0,716983000.0,0.446,716983000.0,514899000.0,379872000.0,0.63,0.63,0.63,4593135000.0,,4593135000.0,11957817320.0,6.0,3.948,176235000.0,0.784,1.0,716983000.0,0.446,2117761000.0,135027000.0,20931711000.0,,247227000.0,558266000.0,0.0,558266000.0,13514713000.0,2202887000.0,11311826000.0,4768002320.0,68742000.0,0.0,-33962000.0,-148728000.0,-84455000.0,-267145000.0,-129512000.0,39106000.0,327915000.0,0.0,140918000.0,140918000.0,140918000.0,0.0,0.0,0.088,202084000.0,514899000.0,342060000.0,0.595,1.038,8.328,8.154,9117895000.0,0.0,20.63,0.733,0.713,753780000.0,1001704000.0,1607930000.0,1607930000.0,0.0,,,,,0.0,0.0,1.0,231119841.0,224859000,224859000.0,7.151,15990087000.0,267226000.0,238954000.0,2893475000.0,71.112,-944307000.0
86,FE,MRQ,1999-12-31,1999-12-31,1999-12-31,2021-07-22,0.0,18224047000.0,,1301676000.0,16922371000.0,,20.197,-326352000.0,111788000.0,111788000.0,2217905000.0,120433000.0,0.548,2.993,7301603000.0,1180339000.0,6121264000.0,7301603000.0,0.0,211573000.0,0.0,0.066,0.375,466087000.0,677660000.0,0.412,677660000.0,466087000.0,328542000.0,0.53,0.53,0.53,4563890000.0,,4563890000.0,12479259265.0,6.0,4.136,127955000.0,0.566,1.0,-571940000.0,-0.347,2129902000.0,137545000.0,20906549000.0,,254065000.0,543694000.0,0.0,543694000.0,13660157000.0,2377411000.0,11282746000.0,5287314265.0,-3816000.0,0.0,-13523000.0,-7628000.0,-84784000.0,1560527000.0,-333438000.0,-63000.0,454307000.0,0.0,120433000.0,120433000.0,120433000.0,0.0,0.0,0.073,120010000.0,-691950000.0,360379000.0,0.708,1.159,9.304,9.076,9093341000.0,0.0,22.69,0.837,0.816,767929000.0,945241000.0,1645965000.0,1645965000.0,0.0,,,,,0.0,0.0,1.0,233023987.0,225970000,226258000.0,7.284,16094145000.0,0.0,208109000.0,2910072000.0,71.222,-1075735000.0
87,FE,MRQ,1999-09-30,1999-09-30,1999-09-30,2021-07-22,-439000.0,18074880000.0,,1253536000.0,16821344000.0,,20.035,-114873000.0,115604000.0,115604000.0,432442000.0,185823000.0,0.503,2.984,7307549000.0,1370002000.0,5937547000.0,7307549000.0,0.0,318490000.0,0.0,0.059,0.375,586000000.0,904490000.0,0.522,904490000.0,586000000.0,444691000.0,0.82,0.82,0.82,4536645000.0,,4536645000.0,13387953980.0,7.0,4.531,433715000.0,1.915,1.0,1299949000.0,0.75,2108816000.0,141309000.0,20663766000.0,,222531000.0,406589000.0,0.0,406589000.0,13538235000.0,2494243000.0,11043992000.0,5921625980.0,-110929000.0,0.0,-41035000.0,-386848000.0,-85247000.0,-525050000.0,-134467000.0,71000.0,548588000.0,0.0,185823000.0,185823000.0,185823000.0,0.0,0.0,0.107,345883000.0,954066000.0,232180000.0,0.457,1.305,10.914,10.59,9032457000.0,0.0,25.31,0.988,0.956,752340000.0,909592000.0,1732391000.0,1732391000.0,0.0,,,,,0.0,0.0,1.0,233963887.0,226432000,226432000.0,7.651,15966064000.0,270666000.0,258868000.0,3011631000.0,70.512,-1240707000.0
88,FE,MRQ,1999-06-30,1999-06-30,1999-06-30,2021-07-22,-439000.0,18383184000.0,,1411430000.0,16971754000.0,,19.674,-92971000.0,226533000.0,226533000.0,335299000.0,125322000.0,0.562,3.11,7692861000.0,1430014000.0,6262847000.0,7692861000.0,0.0,216700000.0,0.0,0.048,0.375,512944000.0,729644000.0,0.48,729644000.0,512944000.0,365582000.0,0.55,0.55,0.55,4473237000.0,,4473237000.0,14791194497.0,7.0,5.255,179810000.0,0.791,1.0,1183440000.0,0.779,2121178000.0,147362000.0,21217745000.0,,249411000.0,396451000.0,0.0,396451000.0,13909947000.0,2510589000.0,11399358000.0,7274270497.0,180921000.0,0.0,-31076000.0,132890000.0,-85299000.0,-4974000.0,-86886000.0,-63000.0,272781000.0,0.0,125322000.0,125322000.0,125322000.0,0.0,0.0,0.083,251540000.0,931900000.0,304059000.0,0.682,1.626,13.993,13.596,9224174000.0,0.0,31.0,1.215,1.178,724811000.0,809017000.0,1518739000.0,1518739000.0,0.0,,,,,0.0,0.0,1.0,234653887.0,227367000,227367000.0,6.68,16262006000.0,270666000.0,240260000.0,2971447000.0,71.523,-1099159000.0
89,FE,MRQ,1999-03-31,1999-03-31,1999-03-31,2021-07-22,-439000.0,18188363000.0,,1085249000.0,17103114000.0,,19.462,-90705000.0,45612000.0,45612000.0,316554000.0,136721000.0,0.509,3.078,7562536000.0,1107247000.0,6455289000.0,7562536000.0,0.0,191213000.0,0.0,0.054,0.375,514440000.0,705653000.0,0.496,705653000.0,514440000.0,368363000.0,0.6,0.6,0.6,4459598000.0,,4459598000.0,14133744236.0,7.0,5.333,121925000.0,0.532,1.0,1105998000.0,0.777,2163946000.0,146077000.0,21407524000.0,,260048000.0,369837000.0,0.0,369837000.0,13728765000.0,2133817000.0,11594948000.0,6608243236.0,32186000.0,0.0,-44499000.0,-57261000.0,-86137000.0,-187897000.0,-56919000.0,41268000.0,212630000.0,0.0,136721000.0,136721000.0,136721000.0,0.0,0.0,0.096,220543000.0,885455000.0,270993000.0,0.625,1.482,15.588,15.054,9219634000.0,0.0,28.0,1.114,1.082,582732000.0,768993000.0,1422552000.0,1422552000.0,0.0,,,,,0.0,0.0,1.0,236008687.0,229140000,229140000.0,6.208,16024417000.0,271642000.0,231642000.0,2955671000.0,69.933,-1048568000.0
90,FE,MRQ,1998-12-31,1998-12-31,1998-12-31,2021-07-22,0.0,18192177000.0,,1067133000.0,17125044000.0,,19.377,-205014000.0,77798000.0,77798000.0,309913000.0,94699000.0,0.49,3.089,7603299000.0,1130940000.0,6472359000.0,7603299000.0,0.0,172719000.0,0.0,0.076,0.375,441937000.0,614656000.0,0.465,614656000.0,441937000.0,292556000.0,0.42,0.42,0.42,4449158000.0,,4449158000.0,15278998473.0,8.0,5.82,152571000.0,0.664,1.0,1011950000.0,0.766,2167968000.0,149381000.0,21372996000.0,,256035000.0,358371000.0,0.0,358371000.0,13743019000.0,2176714000.0,11566305000.0,7718969473.0,-39873000.0,0.0,327000.0,-103010000.0,-86094000.0,-188777000.0,-208681000.0,63601000.0,357585000.0,0.0,94699000.0,94699000.0,94699000.0,0.0,0.0,0.072,152073000.0,859877000.0,247353000.0,0.893,1.735,18.787,17.89,9242574000.0,0.0,32.56,1.314,1.255,561369000.0,718409000.0,1321863000.0,1321863000.0,0.0,,,,,0.0,0.0,1.0,237069087.0,229616000,229616000.0,5.757,16024209000.0,0.0,197857000.0,2970706000.0,69.787,-1109581000.0
91,FE,MRQ,1998-09-30,1998-09-30,1998-09-30,2021-07-22,0.0,18223051000.0,,1174903000.0,17048148000.0,,19.331,-76614000.0,117671000.0,117671000.0,578315000.0,163091000.0,0.565,3.108,7677700000.0,951376000.0,6726324000.0,7677700000.0,0.0,198329000.0,0.0,0.068,0.375,566517000.0,764846000.0,0.444,764846000.0,566517000.0,413206000.0,0.71,0.71,0.71,4436044000.0,,4436044000.0,15019118842.0,8.0,5.895,188868000.0,0.823,1.0,1143672000.0,0.664,2194940000.0,153311000.0,21508037000.0,,230651000.0,323252000.0,0.0,323252000.0,13787007000.0,2080103000.0,11706904000.0,7363365842.0,46706000.0,0.0,0.0,-54200000.0,-86040000.0,-146240000.0,-72536000.0,205000.0,265482000.0,0.0,163091000.0,163091000.0,163091000.0,0.0,0.0,0.095,210240000.0,933432000.0,262197000.0,0.528,1.66,19.047,18.164,9077552000.0,0.0,31.06,1.3,1.259,673876000.0,709804000.0,1721987000.0,1721987000.0,0.0,,,,,0.0,0.0,1.0,237069087.0,229482000,229482000.0,7.504,16028111000.0,270888000.0,250115000.0,3016600000.0,69.845,-905200000.0
92,FE,MRQ,1998-06-30,1998-06-30,1998-06-30,2021-07-22,0.0,18335689000.0,,1151293000.0,17184396000.0,,19.427,-307120000.0,70965000.0,70965000.0,496301000.0,29432000.0,0.624,3.214,7726718000.0,609922000.0,7116796000.0,7726718000.0,0.0,193690000.0,0.0,0.056,0.375,371416000.0,565106000.0,0.386,565106000.0,371416000.0,216748000.0,0.13,0.13,0.13,4351462000.0,,4351462000.0,14912440154.0,10.0,6.918,-28374000.0,-0.127,1.0,967676000.0,0.661,2256883000.0,154668000.0,21889679000.0,,251944000.0,327481000.0,0.0,327481000.0,13984227000.0,1844880000.0,12139347000.0,7091736154.0,22120000.0,0.0,203855000.0,-163243000.0,-83586000.0,-58245000.0,-314871000.0,-66000.0,278746000.0,0.0,29432000.0,29432000.0,29432000.0,0.0,0.0,0.02,201808000.0,765868000.0,506476000.0,2.885,1.63,22.716,19.099,9134634000.0,0.0,30.75,1.544,1.499,626966000.0,632753000.0,1463977000.0,1463977000.0,0.0,,,,,0.0,0.0,1.0,230625566.0,223987000,223987000.0,6.536,16078806000.0,270647000.0,187316000.0,2969566000.0,71.785,-693587000.0
93,FE,MRQ,1998-03-31,1998-03-31,1998-03-31,2021-07-22,0.0,18049984000.0,,948690000.0,17101294000.0,,18.889,-64104000.0,48845000.0,48845000.0,342287000.0,123652000.0,0.593,3.296,7869549000.0,600593000.0,7268956000.0,7869549000.0,0.0,194127000.0,0.0,0.044,1.35,486675000.0,680802000.0,0.498,680802000.0,486675000.0,343059000.0,0.56,0.56,0.56,4201098000.0,,4201098000.0,14856945014.0,11.0,7.757,189408000.0,0.852,1.0,1024792000.0,0.75,2095217000.0,143616000.0,22174565000.0,,247794000.0,317596000.0,0.0,317596000.0,13848886000.0,1600906000.0,12247980000.0,7092682014.0,49392000.0,-145505000.0,0.0,-32706000.0,-83391000.0,-116097000.0,-186807000.0,33961000.0,253512000.0,0.0,123652000.0,123652000.0,123652000.0,0.0,0.0,0.09,194441000.0,830351000.0,271866000.0,2.411,1.688,19.894,15.482,9503471000.0,0.0,30.81,1.905,1.84,233378000.0,686907000.0,1367079000.0,1367079000.0,0.0,,,,,0.0,0.0,1.0,230207141.0,222407000,222407000.0,6.147,15954767000.0,270230000.0,219407000.0,3008948000.0,71.737,-652216000.0
94,FE,MRQ,1997-12-31,1997-12-31,1997-12-31,2021-07-22,0.0,18080795000.0,,1002991000.0,17077804000.0,,26.416,-88115000.0,98237000.0,98237000.0,5952000.0,70415000.0,0.554,3.35,7862500000.0,772665000.0,7089835000.0,7862500000.0,0.0,181704000.0,0.0,0.0,0.0,355169000.0,536873000.0,0.483,536873000.0,355169000.0,244245000.0,0.31,0.31,0.31,4159598000.0,,4159598000.0,,,,162871000.0,1.034,1.0,1104489000.0,0.995,2107795000.0,110924000.0,21928427000.0,,237800000.0,0.0,0.0,0.0,13933328000.0,1808836000.0,12124492000.0,6676007089.0,17779000.0,-1582459000.0,1558237000.0,17908000.0,-74779000.0,-542638000.0,-1734573000.0,-8934000.0,250986000.0,0.0,70415000.0,70415000.0,70415000.0,0.0,0.0,0.063,-141431000.0,1245920000.0,312690000.0,0.0,1.605,21.833,14.948,9635992000.0,0.0,29.0,2.255,1.542,503268000.0,646646000.0,1110441000.0,1110441000.0,0.0,,,,,0.0,0.0,1.0,230207141.0,157464000,157464000.0,7.052,15973000000.0,0.0,173830000.0,3010442000.0,101.439,-805845000.0
95,FE,MRQ,1997-09-30,1997-09-30,1997-09-30,2021-07-22,,,,,,,,-52147000.0,,,178714000.0,88698000.0,,,,,,,,106402000.0,,,0.0,266354000.0,372756000.0,0.571,372756000.0,266354000.0,201961000.0,0.61,0.61,0.61,,,,,,,180210000.0,1.246,1.0,473946000.0,0.726,,64393000.0,,,,,,,,,,,-2045000.0,0.0,0.0,-121772000.0,-53109000.0,-179881000.0,-54521000.0,0.0,232357000.0,0.0,88698000.0,88698000.0,88698000.0,0.0,0.0,0.136,219627000.0,254319000.0,,0.0,,,,,0.0,,,,,,652660000.0,652660000.0,0.0,,,,,0.0,0.0,1.0,,144586000,144586000.0,4.514,,,113263000.0,,,
96,FE,MRQ,1997-06-30,1997-06-30,1997-06-30,2021-07-22,,,,,,,,-29196000.0,,,168009000.0,73761000.0,,,,,,,,86615000.0,,,0.0,238201000.0,324816000.0,0.548,324816000.0,238201000.0,171933000.0,0.51,0.51,0.51,,,,,,,130103000.0,0.901,1.0,425241000.0,0.717,,66268000.0,,,,,,,,,,,-4798000.0,0.0,0.0,-76734000.0,-56419000.0,133153000.0,-30944000.0,0.0,159299000.0,0.0,73761000.0,73761000.0,73761000.0,0.0,0.0,0.124,201115000.0,224126000.0,,0.0,,,,,0.0,,,,,,593250000.0,593250000.0,0.0,,,,,0.0,0.0,1.0,,144468000,144468000.0,4.106,,,98172000.0,,,
97,FE,MRQ,1997-03-31,1997-03-31,1997-03-31,2021-07-22,,,,,,,,-34381000.0,,,177624000.0,72900000.0,,,,,,,,99958000.0,,,0.0,245277000.0,345235000.0,0.571,345235000.0,245277000.0,178333000.0,0.51,0.51,0.51,,,,,,,179414000.0,1.243,1.0,427150000.0,0.706,,66944000.0,,,,,,,,,,,10034000.0,0.0,0.0,-112789000.0,-53541000.0,-166330000.0,-37431000.0,0.0,213795000.0,0.0,72900000.0,72900000.0,72900000.0,0.0,0.0,0.121,195368000.0,231782000.0,,0.0,,,,,0.0,,,,,,604774000.0,604774000.0,0.0,,,,,0.0,0.0,1.0,,144345000,144345000.0,4.19,,,105433000.0,,,
98,FE,MRQ,1996-12-31,1996-12-31,1996-12-31,2021-07-22,0.0,9054457000.0,,496933000.0,8557524000.0,,17.373,,5253000.0,5253000.0,,,0.45,2.671,3515907000.0,683147000.0,2832760000.0,3515907000.0,0.0,,0.0,,0.0,,,,,,,,,,2503359000.0,,2503359000.0,,,,,,1.0,,,0.0,,11461416000.0,,110645000.0,0.0,0.0,0.0,6686684000.0,1103695000.0,5582989000.0,,,,,,,,,,,,,,,,,,,,93509000.0,,,,,5506970000.0,,,,,247027000.0,,,,,,,,,,,1.0,,144095000,,,9054457000.0,100802000.0,,2119830000.0,62.837,-606762000.0
0,FE,MRT,2021-06-30,2021-06-30,2021-06-30,2021-07-22,-9000000.0,44363000000.0,43970500000.0,3196000000.0,41167000000.0,0.248,13.658,-2591000000.0,1312000000.0,1312000000.0,6432000000.0,1089000000.0,0.826,4.971,24258000000.0,1233000000.0,23025000000.0,24258000000.0,0.0,1428000000.0,0.0,0.042,1.56,3566000000.0,4994000000.0,0.458,4994000000.0,3566000000.0,2455000000.0,2.02,2.02,2.02,7430000000.0,7303750000.0,7430000000.0,43105535075.0,12.0,8.631,29000000.0,0.053,1.0,4475000000.0,0.41,5618000000.0,1111000000.0,57820000000.0,56901750000.0,274000000.0,622000000.0,0.0,622000000.0,36933000000.0,3871000000.0,33062000000.0,20238535075.0,1147000000.0,155000000.0,0.0,2070000000.0,-847000000.0,1203000000.0,-2676000000.0,-14000000.0,2620000000.0,0.0,1089000000.0,1089000000.0,1089000000.0,-24000000.0,0.0,0.1,1426000000.0,3049000000.0,1184000000.0,0.772,2.724,18.585,18.421,34017000000.0,0.0,37.21,1.856,1.856,1318000000.0,-2495000000.0,10907000000.0,10907000000.0,0.0,0.025,0.149,0.063,0.327,0.0,0.0,1.0,543900432.0,544000000,545000000.0,20.05,38745000000.0,292000000.0,1366000000.0,3844000000.0,71.222,-675000000.0
1,FE,MRT,2021-03-31,2021-03-31,2021-03-31,2021-07-22,-7000000.0,44117000000.0,43480500000.0,3188000000.0,40929000000.0,0.249,13.554,-2645000000.0,1326000000.0,1326000000.0,6408000000.0,1340000000.0,0.689,4.994,24193000000.0,1989000000.0,22204000000.0,24193000000.0,0.0,1358000000.0,0.0,0.045,1.56,3752000000.0,5110000000.0,0.473,5110000000.0,3752000000.0,2665000000.0,2.48,2.48,2.48,7360000000.0,7232000000.0,7360000000.0,41520131472.0,11.0,8.125,-129000000.0,-0.238,1.0,4399000000.0,0.407,5618000000.0,1087000000.0,56742000000.0,56509750000.0,303000000.0,606000000.0,0.0,606000000.0,36757000000.0,4624000000.0,32133000000.0,18844131472.0,1141000000.0,155000000.0,0.0,2260000000.0,-846000000.0,1373000000.0,-2748000000.0,-19000000.0,2516000000.0,0.0,1340000000.0,1340000000.0,1340000000.0,-26000000.0,0.0,0.124,1158000000.0,3241000000.0,870000000.0,0.629,2.56,14.063,13.988,33640000000.0,0.0,34.69,1.744,1.743,1278000000.0,-2553000000.0,10807000000.0,10807000000.0,0.0,0.031,0.185,0.066,0.347,0.0,0.0,1.0,543215090.0,543000000,544000000.0,19.902,38499000000.0,281000000.0,1325000000.0,3840000000.0,70.901,-1436000000.0
2,FE,MRT,2020-12-31,2020-12-31,2020-12-31,2021-07-22,-5000000.0,44464000000.0,42973750000.0,3714000000.0,40750000000.0,0.251,13.352,-2657000000.0,1801000000.0,1801000000.0,6361000000.0,1079000000.0,0.742,5.144,24477000000.0,2346000000.0,22131000000.0,24477000000.0,0.0,1199000000.0,0.0,0.051,1.56,3316000000.0,4515000000.0,0.418,4515000000.0,3316000000.0,2251000000.0,1.99,1.99,1.99,7237000000.0,7095500000.0,7237000000.0,38892686083.0,12.0,8.614,-1234000000.0,-2.277,1.0,4429000000.0,0.41,5618000000.0,1065000000.0,56518000000.0,55959750000.0,317000000.0,605000000.0,0.0,605000000.0,37227000000.0,5004000000.0,32223000000.0,16608686083.0,1122000000.0,0.0,0.0,3511000000.0,-845000000.0,2607000000.0,-2908000000.0,-22000000.0,1423000000.0,0.0,1079000000.0,1079000000.0,1079000000.0,-76000000.0,0.0,0.1,1221000000.0,3208000000.0,827000000.0,0.784,2.295,15.393,15.382,33339000000.0,0.0,30.61,1.539,1.538,1439000000.0,-2888000000.0,10790000000.0,10790000000.0,0.0,0.025,0.152,0.059,0.307,0.0,0.0,1.0,542590202.0,542000000,543000000.0,19.908,38846000000.0,157000000.0,1172000000.0,3735000000.0,71.672,-1290000000.0
3,FE,MRT,2020-09-30,2020-09-30,2020-09-30,2021-07-22,-2000000.0,42938000000.0,42433000000.0,2162000000.0,40776000000.0,0.257,13.262,-2732000000.0,296000000.0,296000000.0,6426000000.0,726000000.0,0.703,4.974,22580000000.0,377000000.0,22203000000.0,22580000000.0,0.0,952000000.0,0.0,0.054,1.55,2875000000.0,3827000000.0,0.35,3827000000.0,2875000000.0,1823000000.0,1.35,1.34,1.35,7188000000.0,7030000000.0,7188000000.0,37574989182.0,13.0,9.818,-1151000000.0,-2.124,1.0,4500000000.0,0.412,5618000000.0,1052000000.0,56527000000.0,54865250000.0,308000000.0,881000000.0,0.0,881000000.0,35750000000.0,3077000000.0,32673000000.0,15563989182.0,-454000000.0,0.0,0.0,1810000000.0,-839000000.0,928000000.0,-2963000000.0,-26000000.0,1581000000.0,0.0,726000000.0,729000000.0,729000000.0,-116000000.0,0.0,0.067,1074000000.0,3426000000.0,891000000.0,1.148,2.165,21.35,21.267,32901000000.0,-3000000.0,28.71,1.424,1.424,1340000000.0,-3130000000.0,10926000000.0,10926000000.0,0.0,0.017,0.104,0.052,0.263,0.0,0.0,1.0,542110386.0,542000000,543000000.0,20.159,37320000000.0,218000000.0,1097000000.0,3637000000.0,68.856,-915000000.0
4,FE,MRT,2020-06-30,2020-06-30,2020-06-30,2021-07-22,0.0,42403000000.0,42075000000.0,1986000000.0,40417000000.0,0.258,13.179,-2729000000.0,165000000.0,165000000.0,6300000000.0,663000000.0,0.781,4.936,22176000000.0,196000000.0,21980000000.0,22176000000.0,0.0,1117000000.0,0.0,0.04,1.54,2783000000.0,3900000000.0,0.359,3900000000.0,2783000000.0,1736000000.0,1.24,1.22,1.24,7143000000.0,7051000000.0,7143000000.0,42776208292.0,15.0,10.968,-737000000.0,-1.36,1.0,4567000000.0,0.42,5618000000.0,1047000000.0,56252000000.0,53659000000.0,303000000.0,882000000.0,0.0,882000000.0,35260000000.0,2544000000.0,32716000000.0,21009208292.0,-309000000.0,0.0,0.0,1526000000.0,-833000000.0,642000000.0,-2943000000.0,-32000000.0,1992000000.0,0.0,663000000.0,666000000.0,666000000.0,-124000000.0,0.0,0.061,1196000000.0,3371000000.0,882000000.0,1.242,2.941,31.545,31.274,32452000000.0,-3000000.0,38.78,1.933,1.934,1232000000.0,-3584000000.0,10867000000.0,10867000000.0,0.0,0.016,0.094,0.052,0.256,0.0,0.0,1.0,541753695.0,542000000,543000000.0,20.05,36785000000.0,286000000.0,1073000000.0,3439000000.0,67.869,-558000000.0
5,FE,MRT,2020-03-31,2020-03-31,2020-03-31,2021-07-22,2000000.0,42090000000.0,41695250000.0,2003000000.0,40087000000.0,0.26,12.595,-2727000000.0,185000000.0,185000000.0,6226000000.0,666000000.0,0.542,5.177,21952000000.0,1131000000.0,20821000000.0,21952000000.0,0.0,1167000000.0,0.0,0.038,1.53,2783000000.0,3950000000.0,0.364,3950000000.0,2783000000.0,1740000000.0,1.25,1.23,1.25,6814000000.0,7082500000.0,6814000000.0,41985406334.0,15.0,10.629,-638000000.0,-1.179,1.0,4635000000.0,0.427,5618000000.0,1043000000.0,54542000000.0,52469250000.0,285000000.0,875000000.0,0.0,875000000.0,35276000000.0,3697000000.0,31579000000.0,21666406334.0,-25000000.0,0.0,0.0,1661000000.0,-824000000.0,788000000.0,-2902000000.0,-34000000.0,2089000000.0,0.0,666000000.0,665000000.0,665000000.0,-93000000.0,0.0,0.061,1208000000.0,3427000000.0,898000000.0,1.224,3.18,32.581,32.056,32005000000.0,1000000.0,40.07,1.995,1.996,1254000000.0,-3893000000.0,10861000000.0,10861000000.0,0.0,0.016,0.094,0.053,0.256,0.0,0.0,1.0,540713909.0,541000000,543000000.0,20.076,36472000000.0,279000000.0,1074000000.0,3340000000.0,67.416,-1694000000.0
6,FE,MRT,2019-12-31,2019-12-31,2019-12-31,2021-07-22,20000000.0,42301000000.0,41295250000.0,2444000000.0,39857000000.0,0.267,13.037,-2665000000.0,679000000.0,679000000.0,6376000000.0,912000000.0,0.503,5.065,20998000000.0,1380000000.0,19618000000.0,20998000000.0,0.0,1217000000.0,0.0,0.031,1.52,3166000000.0,4383000000.0,0.397,4383000000.0,3166000000.0,2133000000.0,1.7,1.68,1.7,6975000000.0,7112000000.0,6975000000.0,46312148960.0,15.0,10.566,-198000000.0,-0.37,1.0,4659000000.0,0.422,5618000000.0,1033000000.0,52140000000.0,51498250000.0,281000000.0,882000000.0,0.0,882000000.0,35326000000.0,4862000000.0,30464000000.0,26259148960.0,250000000.0,0.0,0.0,1511000000.0,-814000000.0,656000000.0,-2873000000.0,-38000000.0,2467000000.0,0.0,912000000.0,908000000.0,908000000.0,-8000000.0,0.0,0.082,1141000000.0,3518000000.0,1005000000.0,0.894,3.765,28.92,28.588,31650000000.0,4000000.0,48.6,2.38,2.356,1294000000.0,-3967000000.0,11035000000.0,11035000000.0,0.0,0.022,0.128,0.061,0.287,0.0,0.0,1.0,540311707.0,535000000,542000000.0,20.626,36683000000.0,157000000.0,1221000000.0,3394000000.0,68.566,-2418000000.0
7,FE,MRT,2019-09-30,2019-09-30,2019-09-30,2021-07-22,27000000.0,41506000000.0,40735750000.0,2616000000.0,38890000000.0,0.272,13.517,-2645000000.0,750000000.0,750000000.0,6335000000.0,1161000000.0,0.617,4.708,20803000000.0,1381000000.0,19422000000.0,20803000000.0,0.0,1450000000.0,0.0,0.031,1.5,3512000000.0,4962000000.0,0.448,4962000000.0,3512000000.0,2481000000.0,2.13,2.13,2.13,7272000000.0,7071750000.0,7272000000.0,45872837143.0,13.0,9.245,-56000000.0,-0.104,1.0,4737000000.0,0.428,5618000000.0,1031000000.0,51702000000.0,50684750000.0,258000000.0,871000000.0,0.0,871000000.0,34234000000.0,4239000000.0,29995000000.0,25662837143.0,263000000.0,0.0,0.0,1386000000.0,-793000000.0,536000000.0,-2862000000.0,-40000000.0,2589000000.0,0.0,1161000000.0,1142000000.0,1142000000.0,58000000.0,0.0,0.103,1326000000.0,3411000000.0,939000000.0,0.704,3.529,22.472,22.643,31152000000.0,19000000.0,48.23,2.318,2.344,1336000000.0,-3856000000.0,11072000000.0,11072000000.0,0.0,0.028,0.161,0.069,0.317,0.0,0.0,1.0,532092829.0,538000000,542000000.0,20.58,35888000000.0,239000000.0,1320000000.0,3437000000.0,66.706,-1623000000.0
8,FE,MRT,2019-06-30,2019-06-30,2019-06-30,2021-07-22,31000000.0,40884000000.0,40220000000.0,2386000000.0,38498000000.0,0.278,13.664,-2596000000.0,474000000.0,474000000.0,6409000000.0,312000000.0,0.599,4.624,20684000000.0,1631000000.0,19053000000.0,20684000000.0,0.0,1482000000.0,0.0,0.035,1.48,2666000000.0,4148000000.0,0.371,4148000000.0,2666000000.0,1641000000.0,0.38,0.39,0.38,7269000000.0,6972000000.0,7269000000.0,42861045248.0,16.0,10.333,-273000000.0,-0.513,1.0,4764000000.0,0.426,5618000000.0,1025000000.0,51493000000.0,49502750000.0,261000000.0,863000000.0,0.0,863000000.0,33615000000.0,3983000000.0,29632000000.0,22751045248.0,150000000.0,0.0,0.0,1446000000.0,-771000000.0,616000000.0,-2789000000.0,-41000000.0,2323000000.0,0.0,312000000.0,239000000.0,239000000.0,917000000.0,0.0,0.021,1329000000.0,3435000000.0,835000000.0,3.895,3.13,95.193,112.658,30678000000.0,73000000.0,42.81,2.036,2.038,1327000000.0,-4247000000.0,11173000000.0,11173000000.0,0.0,0.006,0.034,0.054,0.239,0.0,0.0,1.0,531442309.0,532000000,533000000.0,21.002,35266000000.0,280000000.0,1329000000.0,3176000000.0,66.289,-1597000000.0
9,FE,MRT,2019-03-31,2019-03-31,2019-03-31,2021-07-22,36000000.0,40490000000.0,39741750000.0,2314000000.0,38176000000.0,0.284,13.079,-2646000000.0,210000000.0,210000000.0,6572000000.0,299000000.0,0.535,4.841,20320000000.0,1506000000.0,18814000000.0,20320000000.0,0.0,1449000000.0,0.0,0.035,1.46,2770000000.0,4219000000.0,0.374,4219000000.0,2770000000.0,1649000000.0,0.08,0.09,0.08,6932000000.0,7079500000.0,6932000000.0,41134632002.0,15.0,9.75,-538000000.0,-1.015,1.0,4710000000.0,0.417,5618000000.0,1121000000.0,50658000000.0,48434000000.0,268000000.0,843000000.0,0.0,843000000.0,33558000000.0,4324000000.0,29234000000.0,22059632002.0,-89000000.0,0.0,0.0,1214000000.0,-741000000.0,308000000.0,-2505000000.0,-41000000.0,2108000000.0,0.0,299000000.0,65000000.0,65000000.0,897000000.0,0.0,0.006,1159000000.0,3551000000.0,922000000.0,18.25,3.182,339.379,520.125,30266000000.0,234000000.0,41.61,1.955,1.955,1501000000.0,-4559000000.0,11282000000.0,11282000000.0,0.0,0.002,0.009,0.057,0.246,0.0,0.0,1.0,530152175.0,530000000,533000000.0,21.287,34872000000.0,314000000.0,1350000000.0,3182000000.0,65.796,-2010000000.0
10,FE,MRT,2018-12-31,2018-12-31,2018-12-31,2021-07-22,41000000.0,40063000000.0,39318000000.0,2392000000.0,37671000000.0,0.286,13.85,-2675000000.0,429000000.0,429000000.0,6780000000.0,1348000000.0,0.516,4.88,19504000000.0,1753000000.0,17751000000.0,19504000000.0,0.0,1384000000.0,0.0,0.038,1.44,3947000000.0,5331000000.0,0.473,5331000000.0,3947000000.0,2831000000.0,1.99,1.99,1.99,6814000000.0,7190250000.0,6814000000.0,38153772892.0,10.0,7.157,-1265000000.0,-2.571,1.0,4481000000.0,0.398,5618000000.0,1116000000.0,48886000000.0,47497000000.0,252000000.0,790000000.0,0.0,790000000.0,33249000000.0,4634000000.0,28615000000.0,19204772892.0,-214000000.0,-500000000.0,850000000.0,-184000000.0,-711000000.0,1394000000.0,-3018000000.0,-54000000.0,1410000000.0,0.0,1348000000.0,981000000.0,981000000.0,-326000000.0,0.0,0.087,986000000.0,3495000000.0,965000000.0,0.724,2.818,19.577,18.869,29911000000.0,367000000.0,37.55,1.705,1.641,1511000000.0,-4879000000.0,11261000000.0,11261000000.0,0.0,0.025,0.136,0.083,0.351,0.0,0.0,1.0,511445350.0,492000000,494000000.0,22.888,34445000000.0,175000000.0,1483000000.0,3035000000.0,70.01,-2242000000.0
11,FE,MRT,2018-09-30,2018-09-30,2018-09-30,2021-07-22,61000000.0,39443000000.0,39866500000.0,2596000000.0,36847000000.0,0.282,13.664,-2682000000.0,487000000.0,487000000.0,6816000000.0,-1289000000.0,0.448,4.739,19436000000.0,2828000000.0,16608000000.0,19436000000.0,0.0,1396000000.0,0.0,0.039,1.44,2493000000.0,3889000000.0,0.346,3889000000.0,2493000000.0,1381000000.0,-3.82,-3.82,-3.82,6873000000.0,6468000000.0,6873000000.0,36998419118.0,15.0,9.514,-1078000000.0,-2.143,1.0,4416000000.0,0.393,5618000000.0,1112000000.0,46974000000.0,48133500000.0,240000000.0,822000000.0,0.0,822000000.0,32570000000.0,5800000000.0,26770000000.0,18065419118.0,52000000.0,-500000000.0,850000000.0,-409000000.0,-688000000.0,1202000000.0,-2754000000.0,-70000000.0,1604000000.0,0.0,-1289000000.0,-1664000000.0,-1664000000.0,1116000000.0,0.0,-0.148,938000000.0,3478000000.0,1104000000.0,-0.377,2.628,-10.857,-9.73,29407000000.0,375000000.0,37.17,1.608,1.665,1616000000.0,-5017000000.0,11232000000.0,11232000000.0,0.0,-0.042,-0.257,0.052,0.222,0.0,0.0,1.0,486021499.0,503000000,505000000.0,22.33,33825000000.0,236000000.0,2670000000.0,2956000000.0,67.247,-3204000000.0
12,FE,MRT,2018-06-30,2018-06-30,2018-06-30,2021-07-22,73000000.0,38971000000.0,40918000000.0,2363000000.0,36608000000.0,0.271,16.14,-2640000000.0,324000000.0,324000000.0,6616000000.0,-435000000.0,0.466,4.062,19257000000.0,2796000000.0,16461000000.0,19257000000.0,0.0,1475000000.0,0.0,0.04,1.44,3421000000.0,4896000000.0,0.442,4896000000.0,3421000000.0,2302000000.0,-1.91,-1.91,-1.91,7699000000.0,6351250000.0,7699000000.0,35923813609.0,11.0,7.337,-602000000.0,-1.262,1.0,4462000000.0,0.403,5618000000.0,1119000000.0,47218000000.0,50400500000.0,281000000.0,806000000.0,0.0,806000000.0,31272000000.0,5068000000.0,26204000000.0,17125813609.0,153000000.0,-500000000.0,850000000.0,-743000000.0,-663000000.0,888000000.0,-2773000000.0,-83000000.0,2038000000.0,0.0,-435000000.0,-756000000.0,-756000000.0,164000000.0,0.0,-0.068,975000000.0,3487000000.0,909000000.0,-0.754,2.224,-22.653,-18.801,29021000000.0,321000000.0,35.91,1.546,1.546,1495000000.0,-4559000000.0,11078000000.0,11078000000.0,0.0,-0.018,-0.119,0.068,0.309,0.0,0.0,1.0,476909318.0,477000000,479000000.0,23.224,33353000000.0,263000000.0,2737000000.0,3130000000.0,69.922,-2705000000.0
13,FE,MRT,2018-03-31,2018-03-31,2018-03-31,2021-07-22,86000000.0,38795000000.0,42007000000.0,2310000000.0,36485000000.0,0.264,15.494,-2582000000.0,299000000.0,299000000.0,6595000000.0,-560000000.0,0.456,4.26,19097000000.0,2357000000.0,16740000000.0,19097000000.0,0.0,1564000000.0,0.0,0.042,1.44,3210000000.0,4774000000.0,0.431,4774000000.0,3210000000.0,2198000000.0,-1.8,-1.8,-1.8,7375000000.0,6006500000.0,7375000000.0,38082810084.0,12.0,7.977,-439000000.0,-0.922,1.0,4482000000.0,0.405,5618000000.0,1012000000.0,46910000000.0,52538500000.0,273000000.0,800000000.0,0.0,800000000.0,31420000000.0,5065000000.0,26355000000.0,16174810084.0,91000000.0,-500000000.0,850000000.0,-681000000.0,-651000000.0,1035000000.0,-3087000000.0,-97000000.0,2143000000.0,0.0,-560000000.0,-716000000.0,-716000000.0,200000000.0,0.0,-0.065,1131000000.0,3351000000.0,1005000000.0,-0.8,2.193,-22.591,-18.894,28923000000.0,156000000.0,34.01,1.46,1.461,1482000000.0,-4858000000.0,11077000000.0,11077000000.0,0.0,-0.017,-0.119,0.061,0.29,0.0,0.0,1.0,475589829.0,476000000,478000000.0,23.271,33177000000.0,254000000.0,2758000000.0,3035000000.0,69.7,-2755000000.0
14,FE,MRT,2017-12-31,2017-12-31,2017-12-31,2021-07-22,142000000.0,42257000000.0,43111250000.0,3110000000.0,39147000000.0,0.253,8.84,-2587000000.0,639000000.0,639000000.0,6225000000.0,-1724000000.0,0.756,9.766,19545000000.0,858000000.0,18687000000.0,19545000000.0,0.0,1700000000.0,0.0,0.047,1.44,1936000000.0,3636000000.0,0.333,3636000000.0,1936000000.0,931000000.0,-3.88,-3.88,-3.88,3925000000.0,5697500000.0,3925000000.0,35887552052.0,19.0,9.87,1221000000.0,2.75,1.0,4703000000.0,0.43,5618000000.0,1005000000.0,51432000000.0,53919000000.0,236000000.0,2697000000.0,0.0,2697000000.0,38332000000.0,4113000000.0,34219000000.0,13621552052.0,383000000.0,0.0,0.0,9000000.0,-639000000.0,-702000000.0,-2723000000.0,-98000000.0,3808000000.0,0.0,-1724000000.0,-1724000000.0,-1724000000.0,1435000000.0,0.0,-0.158,1335000000.0,3368000000.0,827000000.0,-0.371,3.47,-7.901,-7.892,29233000000.0,0.0,30.62,1.246,1.244,1452000000.0,-6262000000.0,10928000000.0,10928000000.0,0.0,-0.04,-0.303,0.036,0.177,0.0,0.0,1.0,444858003.0,444000000,444000000.0,24.613,36639000000.0,151000000.0,2655000000.0,3704000000.0,82.52,-1003000000.0
15,FE,MRT,2017-09-30,2017-09-30,2017-09-30,2021-07-22,151000000.0,43649000000.0,43334000000.0,2931000000.0,40718000000.0,0.182,14.428,-2526000000.0,399000000.0,399000000.0,4056000000.0,-5021000000.0,0.689,5.814,22665000000.0,1576000000.0,21089000000.0,22665000000.0,0.0,1804000000.0,0.0,0.047,1.44,-2640000000.0,-836000000.0,-0.106,-836000000.0,-2640000000.0,-3505000000.0,-11.85,-11.85,-11.85,6406000000.0,6276500000.0,6406000000.0,36405906378.0,-14.0,-43.548,1027000000.0,2.313,1.0,3846000000.0,0.487,5618000000.0,865000000.0,56042000000.0,54250250000.0,543000000.0,2632000000.0,0.0,2632000000.0,37243000000.0,4255000000.0,32988000000.0,13697906378.0,-198000000.0,0.0,0.0,5000000.0,-631000000.0,-719000000.0,-3032000000.0,-107000000.0,3553000000.0,0.0,-5021000000.0,-5021000000.0,-5021000000.0,6730000000.0,0.0,-0.635,-318000000.0,4164000000.0,924000000.0,-0.122,2.138,-2.728,-2.602,29498000000.0,0.0,30.83,1.733,1.732,1542000000.0,-3763000000.0,7902000000.0,7902000000.0,0.0,-0.116,-0.8,-0.049,-0.334,0.0,0.0,1.0,444304456.0,444000000,446000000.0,17.797,38031000000.0,123000000.0,1516000000.0,4745000000.0,85.655,-1324000000.0
16,FE,MRT,2017-06-30,2017-06-30,2017-06-30,2021-07-22,163000000.0,43327000000.0,45412000000.0,2755000000.0,40572000000.0,0.196,14.234,-2597000000.0,114000000.0,114000000.0,4886000000.0,-5037000000.0,0.593,5.856,22822000000.0,2240000000.0,20582000000.0,22822000000.0,0.0,1853000000.0,0.0,0.049,1.44,-2556000000.0,-703000000.0,-0.079,-703000000.0,-2556000000.0,-3445000000.0,-11.85,-11.85,-11.85,6320000000.0,7550750000.0,6320000000.0,35434458808.0,-14.0,-50.405,796000000.0,1.793,1.0,4023000000.0,0.452,5618000000.0,889000000.0,55770000000.0,55607750000.0,553000000.0,2588000000.0,0.0,2588000000.0,37007000000.0,4647000000.0,32360000000.0,12939458808.0,-110000000.0,0.0,0.0,291000000.0,-625000000.0,-453000000.0,-3050000000.0,-110000000.0,3393000000.0,0.0,-5037000000.0,-5037000000.0,-5037000000.0,6825000000.0,0.0,-0.565,-296000000.0,4319000000.0,932000000.0,-0.122,2.047,-2.569,-2.461,29179000000.0,0.0,29.16,1.452,1.453,1536000000.0,-4159000000.0,8909000000.0,8909000000.0,0.0,-0.111,-0.667,-0.046,-0.287,0.0,0.0,1.0,443740014.0,444000000,445000000.0,20.065,37709000000.0,227000000.0,1592000000.0,4510000000.0,84.93,-1892000000.0
17,FE,MRT,2017-03-31,2017-03-31,2017-03-31,2021-07-22,175000000.0,43212000000.0,47430500000.0,2760000000.0,40452000000.0,0.204,13.858,-2725000000.0,164000000.0,164000000.0,5689000000.0,-6300000000.0,0.36,6.039,22659000000.0,4897000000.0,17762000000.0,22659000000.0,0.0,1929000000.0,0.0,0.045,1.44,-4029000000.0,-2100000000.0,-0.217,-2100000000.0,-4029000000.0,-4959000000.0,-14.8,-14.8,-14.8,6139000000.0,8822500000.0,6139000000.0,36432638282.0,-9.0,-17.349,793000000.0,1.79,1.0,3997000000.0,0.413,5618000000.0,930000000.0,52432000000.0,57021500000.0,531000000.0,2571000000.0,0.0,2571000000.0,37073000000.0,7657000000.0,29416000000.0,14079638282.0,-20000000.0,0.0,0.0,340000000.0,-618000000.0,-322000000.0,-3216000000.0,-111000000.0,3518000000.0,0.0,-6300000000.0,-6300000000.0,-6300000000.0,6780000000.0,0.0,-0.65,1216000000.0,2781000000.0,977000000.0,-0.097,2.293,-2.235,-2.15,28795000000.0,0.0,31.82,1.454,1.455,1551000000.0,-4333000000.0,9686000000.0,9686000000.0,0.0,-0.133,-0.714,-0.071,-0.416,0.0,0.0,1.0,442477633.0,443000000,444000000.0,21.865,37594000000.0,202000000.0,1341000000.0,4437000000.0,84.862,-4897000000.0
18,FE,MRT,2016-12-31,2016-12-31,2016-12-31,2021-07-22,174000000.0,43148000000.0,49801250000.0,2950000000.0,40198000000.0,0.215,14.65,-2835000000.0,199000000.0,199000000.0,6460000000.0,-6177000000.0,0.414,5.914,22552000000.0,4360000000.0,18192000000.0,22552000000.0,0.0,1974000000.0,0.0,0.046,1.44,-3764000000.0,-1790000000.0,-0.167,-1790000000.0,-3764000000.0,-4737000000.0,-14.49,-14.49,-14.49,6241000000.0,10403500000.0,6241000000.0,35357269444.0,-9.0,-19.753,548000000.0,1.286,1.0,4240000000.0,0.396,5618000000.0,973000000.0,52757000000.0,59438500000.0,564000000.0,2514000000.0,0.0,2514000000.0,36907000000.0,7126000000.0,29781000000.0,13185269444.0,47000000.0,0.0,0.0,620000000.0,-611000000.0,-34000000.0,-3302000000.0,-111000000.0,3383000000.0,0.0,-6177000000.0,-6177000000.0,-6177000000.0,6728000000.0,0.0,-0.577,1273000000.0,2967000000.0,1043000000.0,-0.099,2.113,-2.135,-2.137,29387000000.0,0.0,30.97,1.232,1.233,1615000000.0,-4532000000.0,10700000000.0,10700000000.0,0.0,-0.124,-0.594,-0.063,-0.352,0.0,0.0,1.0,425743282.0,426000000,426000000.0,25.117,37530000000.0,256000000.0,1440000000.0,4345000000.0,88.099,-4176000000.0
19,FE,MRT,2016-09-30,2016-09-30,2016-09-30,2021-07-22,184000000.0,51961000000.0,52037750000.0,3480000000.0,48481000000.0,0.283,27.066,-2835000000.0,551000000.0,551000000.0,9626000000.0,-607000000.0,0.494,3.517,22723000000.0,4191000000.0,18532000000.0,22723000000.0,0.0,1920000000.0,0.0,0.044,1.44,1723000000.0,3643000000.0,0.247,3643000000.0,1723000000.0,574000000.0,-1.43,-1.43,-1.43,11503000000.0,11948500000.0,11503000000.0,36466557382.0,21.0,10.01,900000000.0,2.118,1.0,5102000000.0,0.346,5618000000.0,1149000000.0,61472000000.0,61728250000.0,699000000.0,2502000000.0,0.0,2502000000.0,40458000000.0,7043000000.0,33415000000.0,14065557382.0,465000000.0,0.0,0.0,683000000.0,-610000000.0,41000000.0,-3311000000.0,-103000000.0,3735000000.0,0.0,-607000000.0,-607000000.0,-607000000.0,0.0,0.0,-0.041,3187000000.0,1915000000.0,944000000.0,-1.007,1.223,-23.172,-23.133,37833000000.0,0.0,33.08,0.955,0.955,1629000000.0,1264000000.0,14728000000.0,14728000000.0,0.0,-0.012,-0.051,0.028,0.117,0.0,0.0,1.0,425198228.0,425000000,427000000.0,34.654,46343000000.0,204000000.0,1181000000.0,7673000000.0,109.042,-3563000000.0
20,FE,MRT,2016-06-30,2016-06-30,2016-06-30,2021-07-22,191000000.0,51401000000.0,52213250000.0,3076000000.0,48325000000.0,0.286,26.84,-2710000000.0,199000000.0,199000000.0,9777000000.0,-592000000.0,0.455,3.506,22600000000.0,4252000000.0,18348000000.0,22600000000.0,0.0,1907000000.0,0.0,0.041,1.44,1683000000.0,3590000000.0,0.24,3590000000.0,1683000000.0,535000000.0,-1.38,-1.39,-1.38,11407000000.0,12229500000.0,11407000000.0,37038710966.0,22.0,10.317,1232000000.0,2.899,1.0,5157000000.0,0.345,5618000000.0,1148000000.0,61425000000.0,61974500000.0,759000000.0,2456000000.0,0.0,2456000000.0,39994000000.0,6759000000.0,33235000000.0,14826710966.0,105000000.0,0.0,0.0,-32000000.0,-609000000.0,-641000000.0,-3196000000.0,-101000000.0,3942000000.0,0.0,-592000000.0,-592000000.0,-592000000.0,0.0,0.0,-0.04,3224000000.0,1933000000.0,938000000.0,-1.043,1.3,-25.045,-25.297,37461000000.0,0.0,34.91,0.993,0.993,1494000000.0,1190000000.0,14934000000.0,14934000000.0,0.0,-0.011,-0.048,0.027,0.113,0.0,0.0,1.0,424712431.0,425000000,425000000.0,35.139,45783000000.0,280000000.0,1127000000.0,7327000000.0,107.725,-3683000000.0
21,FE,MRT,2016-03-31,2016-03-31,2016-03-31,2021-07-22,179000000.0,52695000000.0,52614250000.0,3230000000.0,49465000000.0,0.285,29.394,-2734000000.0,146000000.0,146000000.0,9758000000.0,684000000.0,0.506,3.228,22358000000.0,3480000000.0,18878000000.0,22358000000.0,0.0,1862000000.0,0.0,0.04,1.44,3198000000.0,5060000000.0,0.337,5060000000.0,3198000000.0,2057000000.0,1.62,1.61,1.62,12463000000.0,12510250000.0,12463000000.0,37173713701.0,12.0,7.347,1183000000.0,2.79,1.0,5240000000.0,0.349,6418000000.0,1141000000.0,62100000000.0,62236750000.0,781000000.0,2360000000.0,0.0,2360000000.0,40231000000.0,6389000000.0,33842000000.0,15238713701.0,56000000.0,0.0,0.0,23000000.0,-607000000.0,-622000000.0,-3239000000.0,-135000000.0,3917000000.0,0.0,684000000.0,684000000.0,684000000.0,0.0,0.0,0.046,1777000000.0,3463000000.0,1000000000.0,0.889,1.223,22.279,22.204,37644000000.0,0.0,35.97,1.016,1.017,1594000000.0,2279000000.0,14998000000.0,14998000000.0,0.0,0.013,0.055,0.051,0.213,0.0,0.0,1.0,423650645.0,424000000,426000000.0,35.373,46277000000.0,267000000.0,1373000000.0,7509000000.0,109.144,-3159000000.0
22,FE,MRT,2015-12-31,2015-12-31,2015-12-31,2021-07-22,171000000.0,52094000000.0,52570750000.0,3040000000.0,49054000000.0,0.286,29.434,-2704000000.0,131000000.0,131000000.0,10018000000.0,578000000.0,0.543,3.194,21973000000.0,2874000000.0,19099000000.0,21973000000.0,0.0,1826000000.0,0.0,0.045,1.44,3003000000.0,4829000000.0,0.321,4829000000.0,3003000000.0,1871000000.0,1.37,1.37,1.37,12421000000.0,12481500000.0,12421000000.0,35511115743.0,12.0,7.354,756000000.0,1.791,1.0,5008000000.0,0.333,6418000000.0,1132000000.0,61916000000.0,62268500000.0,785000000.0,2282000000.0,0.0,2282000000.0,39672000000.0,5602000000.0,34070000000.0,13423115743.0,46000000.0,0.0,0.0,341000000.0,-607000000.0,-292000000.0,-3122000000.0,-114000000.0,3460000000.0,0.0,578000000.0,578000000.0,578000000.0,0.0,0.0,0.038,1738000000.0,3270000000.0,1075000000.0,1.051,1.081,23.223,23.161,37214000000.0,0.0,31.73,0.893,0.891,1595000000.0,2256000000.0,15026000000.0,15026000000.0,0.0,0.011,0.046,0.048,0.2,0.0,0.0,1.0,423041782.0,422000000,424000000.0,35.607,45676000000.0,135000000.0,1293000000.0,7292000000.0,108.237,-2562000000.0
23,FE,MRT,2015-09-30,2015-09-30,2015-09-30,2021-07-22,177000000.0,52663000000.0,52459250000.0,3833000000.0,48830000000.0,0.285,29.851,-2864000000.0,86000000.0,86000000.0,9948000000.0,498000000.0,0.652,3.171,22174000000.0,3081000000.0,19093000000.0,22174000000.0,0.0,2044000000.0,0.0,0.046,1.44,2811000000.0,4855000000.0,0.324,4855000000.0,2811000000.0,1686000000.0,1.18,1.17,1.18,12627000000.0,12481250000.0,12627000000.0,35903014733.0,13.0,7.395,429000000.0,1.014,1.0,5020000000.0,0.335,6418000000.0,1125000000.0,62457000000.0,62130250000.0,738000000.0,2279000000.0,0.0,2279000000.0,40035000000.0,5876000000.0,34159000000.0,13227014733.0,-23000000.0,0.0,0.0,668000000.0,-607000000.0,40000000.0,-3356000000.0,-150000000.0,3293000000.0,0.0,498000000.0,498000000.0,498000000.0,0.0,0.0,0.033,2330000000.0,2690000000.0,994000000.0,1.22,1.048,26.56,26.534,36610000000.0,0.0,31.31,0.884,0.885,1772000000.0,2482000000.0,14968000000.0,14968000000.0,0.0,0.009,0.04,0.045,0.188,0.0,0.0,1.0,422453361.0,423000000,424000000.0,35.385,46245000000.0,787000000.0,1188000000.0,8089000000.0,109.326,-2043000000.0
24,FE,MRT,2015-06-30,2015-06-30,2015-06-30,2021-07-22,202000000.0,53005000000.0,52099500000.0,4113000000.0,48892000000.0,0.283,29.692,-2989000000.0,94000000.0,94000000.0,10005000000.0,436000000.0,0.606,3.23,22770000000.0,4200000000.0,18570000000.0,22770000000.0,0.0,1873000000.0,0.0,0.044,1.44,2668000000.0,4541000000.0,0.308,4541000000.0,2668000000.0,1553000000.0,1.03,1.03,1.03,12530000000.0,12500000000.0,12530000000.0,36122942068.0,14.0,7.955,92000000.0,0.218,1.0,4728000000.0,0.321,6418000000.0,1115000000.0,62474000000.0,61580000000.0,792000000.0,2348000000.0,0.0,2348000000.0,40474000000.0,6789000000.0,33685000000.0,13736942068.0,18000000.0,0.0,0.0,1050000000.0,-605000000.0,420000000.0,-3483000000.0,-108000000.0,3081000000.0,0.0,436000000.0,436000000.0,436000000.0,0.0,0.0,0.03,2227000000.0,2501000000.0,1034000000.0,1.398,1.096,31.507,31.602,36416000000.0,0.0,32.55,0.932,0.932,1771000000.0,2391000000.0,14733000000.0,14733000000.0,0.0,0.008,0.035,0.043,0.181,0.0,0.0,1.0,422025870.0,422000000,423000000.0,34.912,46587000000.0,978000000.0,1117000000.0,7952000000.0,110.396,-2676000000.0
25,FE,MRT,2015-03-31,2015-03-31,2015-03-31,2021-07-22,230000000.0,52521000000.0,51695250000.0,4011000000.0,48510000000.0,0.286,29.33,-3159000000.0,90000000.0,90000000.0,10387000000.0,313000000.0,0.641,3.253,22476000000.0,3346000000.0,19130000000.0,22476000000.0,0.0,1751000000.0,0.0,0.041,1.44,2422000000.0,4173000000.0,0.283,4173000000.0,2422000000.0,1327000000.0,0.75,0.74,0.75,12348000000.0,12538250000.0,12348000000.0,36460645232.0,15.0,8.737,-161000000.0,-0.382,1.0,4377000000.0,0.296,6418000000.0,1095000000.0,62227000000.0,61080250000.0,762000000.0,2360000000.0,0.0,2360000000.0,40171000000.0,6262000000.0,33909000000.0,14766645232.0,-19000000.0,0.0,0.0,1217000000.0,-605000000.0,575000000.0,-3592000000.0,-108000000.0,2998000000.0,0.0,313000000.0,313000000.0,313000000.0,0.0,0.0,0.021,2152000000.0,2225000000.0,1102000000.0,1.92,1.196,47.178,46.747,36117000000.0,0.0,35.06,1.0,1.0,1876000000.0,2205000000.0,14764000000.0,14764000000.0,0.0,0.006,0.025,0.04,0.164,0.0,0.0,1.0,421182123.0,421000000,423000000.0,35.069,46103000000.0,773000000.0,1014000000.0,7714000000.0,109.508,-2251000000.0
26,FE,MRT,2014-12-31,2014-12-31,2014-12-31,2021-07-22,246000000.0,51648000000.0,51372000000.0,3358000000.0,48290000000.0,0.293,29.571,-3312000000.0,85000000.0,85000000.0,10958000000.0,299000000.0,0.604,3.158,21779000000.0,2603000000.0,19176000000.0,21779000000.0,0.0,1592000000.0,0.0,0.037,1.44,2300000000.0,3892000000.0,0.259,3892000000.0,2300000000.0,1219000000.0,0.71,0.71,0.71,12420000000.0,12601750000.0,12420000000.0,37835700160.0,16.0,9.721,-599000000.0,-1.426,1.0,4091000000.0,0.272,6418000000.0,1081000000.0,61363000000.0,60090750000.0,817000000.0,2341000000.0,0.0,2341000000.0,39226000000.0,5561000000.0,33665000000.0,16406700160.0,-133000000.0,0.0,0.0,1164000000.0,-604000000.0,513000000.0,-3359000000.0,-103000000.0,2713000000.0,0.0,299000000.0,299000000.0,299000000.0,-86000000.0,0.0,0.02,2067000000.0,2024000000.0,1279000000.0,2.028,1.321,54.872,54.915,35783000000.0,0.0,38.99,1.09,1.088,1779000000.0,2285000000.0,15049000000.0,15049000000.0,0.0,0.006,0.024,0.038,0.153,0.0,0.0,1.0,420792515.0,420000000,421000000.0,35.831,45230000000.0,128000000.0,920000000.0,7029000000.0,107.69,-2203000000.0
27,FE,MRT,2014-09-30,2014-09-30,2014-09-30,2021-07-22,232000000.0,51224000000.0,51066000000.0,3785000000.0,47439000000.0,0.298,30.243,-3151000000.0,109000000.0,109000000.0,11058000000.0,747000000.0,0.633,3.033,21538000000.0,3007000000.0,18531000000.0,21538000000.0,0.0,1601000000.0,0.0,0.049,1.63,3055000000.0,4656000000.0,0.306,4656000000.0,3055000000.0,2008000000.0,1.79,1.77,1.79,12702000000.0,12669750000.0,12702000000.0,35788966409.0,12.0,7.687,-423000000.0,-1.007,1.0,4141000000.0,0.272,6418000000.0,1047000000.0,60256000000.0,58950250000.0,771000000.0,2365000000.0,0.0,2365000000.0,38520000000.0,5979000000.0,32541000000.0,14110966409.0,-113000000.0,0.0,0.0,995000000.0,-682000000.0,267000000.0,-3108000000.0,-78000000.0,2728000000.0,0.0,747000000.0,747000000.0,747000000.0,-86000000.0,0.0,0.049,1386000000.0,2755000000.0,1190000000.0,0.911,1.111,18.89,18.754,34925000000.0,0.0,33.57,0.928,0.928,1819000000.0,2592000000.0,15199000000.0,15199000000.0,0.0,0.015,0.059,0.052,0.201,0.0,0.0,1.0,420344546.0,420000000,421000000.0,36.188,44806000000.0,512000000.0,1261000000.0,7677000000.0,106.681,-2194000000.0
28,FE,MRT,2014-06-30,2014-06-30,2014-06-30,2021-07-22,264000000.0,51388000000.0,50855750000.0,4183000000.0,47205000000.0,0.302,30.198,-3035000000.0,76000000.0,76000000.0,11122000000.0,632000000.0,0.678,3.052,21754000000.0,3339000000.0,18415000000.0,21754000000.0,0.0,1886000000.0,0.0,0.052,1.82,2850000000.0,4736000000.0,0.309,4736000000.0,2850000000.0,1821000000.0,1.52,1.5,1.52,12683000000.0,12630250000.0,12683000000.0,35775229578.0,13.0,7.554,-244000000.0,-0.581,1.0,4221000000.0,0.275,6418000000.0,1029000000.0,60475000000.0,57979250000.0,802000000.0,2364000000.0,0.0,2364000000.0,38703000000.0,6173000000.0,32530000000.0,14579229578.0,5000000.0,0.0,0.0,1149000000.0,-762000000.0,306000000.0,-3092000000.0,-133000000.0,2791000000.0,0.0,632000000.0,632000000.0,632000000.0,-95000000.0,0.0,0.041,1671000000.0,2550000000.0,1341000000.0,1.197,1.15,23.068,22.842,34516000000.0,0.0,34.72,0.95,0.95,1962000000.0,2560000000.0,15343000000.0,15343000000.0,0.0,0.012,0.05,0.049,0.186,0.0,0.0,1.0,419908686.0,420000000,421000000.0,36.531,44970000000.0,623000000.0,1189000000.0,7478000000.0,107.071,-1990000000.0
29,FE,MRT,2014-03-31,2014-03-31,2014-03-31,2021-07-22,271000000.0,51228000000.0,50548000000.0,4577000000.0,46651000000.0,0.304,30.076,-2633000000.0,109000000.0,109000000.0,10848000000.0,404000000.0,0.592,3.065,21305000000.0,4501000000.0,16804000000.0,21305000000.0,0.0,1936000000.0,0.0,0.059,2.01,2540000000.0,4476000000.0,0.292,4476000000.0,2540000000.0,1517000000.0,0.97,0.96,0.97,12602000000.0,12659250000.0,12602000000.0,34681520947.0,14.0,7.748,-113000000.0,-0.27,1.0,4506000000.0,0.293,6418000000.0,1023000000.0,58269000000.0,57050750000.0,740000000.0,2263000000.0,0.0,2263000000.0,38623000000.0,7737000000.0,30886000000.0,14249520947.0,42000000.0,0.0,0.0,1104000000.0,-841000000.0,203000000.0,-2681000000.0,-49000000.0,2520000000.0,0.0,404000000.0,404000000.0,404000000.0,-99000000.0,0.0,0.026,2194000000.0,2312000000.0,1455000000.0,2.072,1.131,35.271,35.082,33888000000.0,0.0,34.03,0.928,0.929,2087000000.0,2496000000.0,15354000000.0,15354000000.0,0.0,0.008,0.032,0.045,0.165,0.0,0.0,1.0,418734086.0,419000000,420000000.0,36.644,44810000000.0,615000000.0,1113000000.0,7555000000.0,106.945,-3160000000.0
30,FE,MRT,2013-12-31,2013-12-31,2013-12-31,2021-07-22,284000000.0,50424000000.0,50347000000.0,4013000000.0,46411000000.0,0.296,30.364,-2638000000.0,218000000.0,218000000.0,10052000000.0,392000000.0,0.525,2.973,20650000000.0,4819000000.0,15831000000.0,20650000000.0,0.0,2022000000.0,0.0,0.067,2.2,2581000000.0,4603000000.0,0.309,4603000000.0,2581000000.0,1565000000.0,0.94,0.94,0.94,12692000000.0,12757750000.0,12692000000.0,34155210262.0,13.0,7.42,24000000.0,0.057,1.0,4840000000.0,0.325,6418000000.0,1016000000.0,56801000000.0,56743000000.0,752000000.0,2201000000.0,0.0,2201000000.0,37729000000.0,7637000000.0,30092000000.0,13793210262.0,46000000.0,0.0,0.0,1580000000.0,-920000000.0,477000000.0,-3093000000.0,-72000000.0,2662000000.0,0.0,392000000.0,392000000.0,392000000.0,-17000000.0,0.0,0.026,2280000000.0,2560000000.0,1250000000.0,2.34,1.087,35.187,35.085,33252000000.0,0.0,32.98,0.926,0.926,1918000000.0,2590000000.0,14892000000.0,14892000000.0,0.0,0.008,0.031,0.045,0.173,0.0,0.0,1.0,418229541.0,418000000,419000000.0,35.627,44006000000.0,592000000.0,1173000000.0,7453000000.0,105.278,-3624000000.0
31,FE,MRT,2013-09-30,2013-09-30,2013-09-30,2021-07-22,299000000.0,50383000000.0,50364500000.0,3559000000.0,46824000000.0,0.293,30.01,-2952000000.0,222000000.0,222000000.0,10172000000.0,102000000.0,0.447,3.016,20584000000.0,5293000000.0,15291000000.0,20584000000.0,0.0,1371000000.0,0.0,0.06,2.2,2119000000.0,3490000000.0,0.237,3490000000.0,2119000000.0,1097000000.0,0.25,0.25,0.25,12544000000.0,12855750000.0,12544000000.0,35827989129.0,17.0,10.266,-237000000.0,-0.567,1.0,4565000000.0,0.31,6418000000.0,1022000000.0,56372000000.0,56397000000.0,731000000.0,2229000000.0,0.0,2229000000.0,37836000000.0,7955000000.0,29881000000.0,15243989129.0,72000000.0,0.0,0.0,1903000000.0,-920000000.0,799000000.0,-3442000000.0,-17000000.0,2715000000.0,0.0,102000000.0,102000000.0,102000000.0,-22000000.0,0.0,0.007,2453000000.0,2112000000.0,995000000.0,8.8,1.215,149.451,145.8,33223000000.0,0.0,36.45,1.034,1.034,1810000000.0,2448000000.0,14737000000.0,14737000000.0,0.0,0.002,0.008,0.038,0.144,0.0,0.0,1.0,418216437.0,418000000,419000000.0,35.256,43965000000.0,394000000.0,995000000.0,7004000000.0,105.179,-4396000000.0
32,FE,MRT,2013-06-30,2013-06-30,2013-06-30,2021-07-22,323000000.0,50157000000.0,49953250000.0,3560000000.0,46597000000.0,0.295,30.62,-3179000000.0,71000000.0,71000000.0,10078000000.0,309000000.0,0.473,2.919,20655000000.0,5206000000.0,15449000000.0,20655000000.0,0.0,1074000000.0,0.0,0.059,2.2,2544000000.0,3618000000.0,0.245,3618000000.0,2544000000.0,1549000000.0,0.75,0.74,0.75,12799000000.0,13078000000.0,12799000000.0,35809201758.0,14.0,9.898,-428000000.0,-1.024,1.0,4679000000.0,0.317,6447000000.0,995000000.0,56761000000.0,56036000000.0,806000000.0,2224000000.0,0.0,2224000000.0,37354000000.0,7533000000.0,29821000000.0,15616201758.0,-23000000.0,0.0,0.0,2015000000.0,-920000000.0,952000000.0,-3726000000.0,17000000.0,2751000000.0,0.0,309000000.0,309000000.0,309000000.0,-16000000.0,0.0,0.021,2158000000.0,2521000000.0,950000000.0,2.933,1.22,50.538,49.787,33091000000.0,0.0,37.34,1.058,1.058,1923000000.0,2690000000.0,14757000000.0,14757000000.0,0.0,0.006,0.024,0.045,0.172,18000000.0,0.0,1.0,418216437.0,418000000,418000000.0,35.304,43710000000.0,339000000.0,1240000000.0,6765000000.0,104.569,-3973000000.0
33,FE,MRT,2013-03-31,2013-03-31,2013-03-31,2021-07-22,361000000.0,50424000000.0,49426000000.0,3499000000.0,46925000000.0,0.304,31.091,-2987000000.0,67000000.0,67000000.0,10317000000.0,661000000.0,0.491,2.88,20260000000.0,4446000000.0,15814000000.0,20260000000.0,0.0,1049000000.0,0.0,0.052,2.2,3094000000.0,4143000000.0,0.276,4143000000.0,3094000000.0,2081000000.0,1.59,1.58,1.59,12996000000.0,13252500000.0,12996000000.0,36623733641.0,12.0,8.84,-204000000.0,-0.488,1.0,4688000000.0,0.312,6447000000.0,1013000000.0,57038000000.0,55359250000.0,835000000.0,2281000000.0,0.0,2281000000.0,37424000000.0,7132000000.0,30292000000.0,17648733641.0,-7000000.0,0.0,0.0,1855000000.0,-920000000.0,760000000.0,-3550000000.0,-21000000.0,2783000000.0,0.0,660000000.0,660000000.0,660000000.0,-12000000.0,1000000.0,0.044,1660000000.0,3028000000.0,982000000.0,1.384,1.358,26.741,26.541,33286000000.0,0.0,42.2,1.176,1.176,1858000000.0,2854000000.0,15005000000.0,15005000000.0,0.0,0.013,0.05,0.056,0.206,0.0,0.0,1.0,418216437.0,418000000,419000000.0,35.897,43977000000.0,342000000.0,1421000000.0,6934000000.0,105.208,-3633000000.0
34,FE,MRT,2012-12-31,2012-12-31,2012-12-31,2021-07-22,385000000.0,50494000000.0,48742750000.0,3768000000.0,46726000000.0,0.313,31.301,-2678000000.0,172000000.0,172000000.0,10477000000.0,771000000.0,0.495,2.859,19147000000.0,3968000000.0,15179000000.0,19147000000.0,0.0,1051000000.0,0.0,0.053,2.2,3300000000.0,4351000000.0,0.285,4351000000.0,3300000000.0,2299000000.0,1.85,1.84,1.85,13084000000.0,13334250000.0,13084000000.0,36018718409.0,11.0,8.278,-358000000.0,-0.856,1.0,4778000000.0,0.313,6447000000.0,1001000000.0,55417000000.0,54543250000.0,861000000.0,2258000000.0,0.0,2258000000.0,37401000000.0,7605000000.0,29796000000.0,17464718409.0,-30000000.0,0.0,0.0,1779000000.0,-920000000.0,807000000.0,-3157000000.0,62000000.0,2320000000.0,0.0,770000000.0,770000000.0,770000000.0,-16000000.0,1000000.0,0.05,1660000000.0,3118000000.0,1599000000.0,1.189,1.335,22.681,22.573,33036000000.0,0.0,41.76,1.145,1.144,1929000000.0,2888000000.0,15255000000.0,15255000000.0,0.0,0.016,0.058,0.061,0.216,0.0,0.0,1.0,418216437.0,418000000,419000000.0,36.495,44047000000.0,438000000.0,1529000000.0,7159000000.0,105.376,-3837000000.0
35,FE,MRT,2012-09-30,2012-09-30,2012-09-30,2021-07-22,367000000.0,48738000000.0,47950750000.0,3709000000.0,45029000000.0,0.324,32.213,-2351000000.0,150000000.0,150000000.0,10411000000.0,1018000000.0,0.627,2.627,18704000000.0,3077000000.0,15627000000.0,18704000000.0,0.0,1415000000.0,0.0,0.05,2.2,3673000000.0,5088000000.0,0.327,5088000000.0,3673000000.0,2678000000.0,2.41,2.4,2.41,13433000000.0,13383250000.0,13433000000.0,36975344872.0,10.0,7.267,-241000000.0,-0.578,1.0,5136000000.0,0.33,6444000000.0,995000000.0,54928000000.0,53980250000.0,875000000.0,2413000000.0,0.0,2413000000.0,35289000000.0,5920000000.0,29369000000.0,18443344872.0,-141000000.0,0.0,0.0,1067000000.0,-920000000.0,140000000.0,-2391000000.0,75000000.0,2110000000.0,0.0,1016000000.0,1016000000.0,1016000000.0,-16000000.0,2000000.0,0.065,2192000000.0,2944000000.0,925000000.0,0.913,1.373,18.153,18.299,31441000000.0,0.0,44.1,1.186,1.183,1831000000.0,3266000000.0,15547000000.0,15547000000.0,0.0,0.021,0.076,0.068,0.236,0.0,0.0,1.0,418216437.0,417000000,419000000.0,37.283,42294000000.0,451000000.0,1662000000.0,7051000000.0,101.424,-2211000000.0
36,FE,MRT,2012-06-30,2012-06-30,2012-06-30,2021-07-22,389000000.0,48048000000.0,47431500000.0,3608000000.0,44440000000.0,0.342,32.367,-2022000000.0,94000000.0,94000000.0,10825000000.0,1123000000.0,0.593,2.559,18626000000.0,3467000000.0,15159000000.0,18626000000.0,0.0,1503000000.0,0.0,0.045,2.2,3847000000.0,5350000000.0,0.33,5350000000.0,3847000000.0,2815000000.0,2.66,2.66,2.66,13497000000.0,13286500000.0,13497000000.0,38872066536.0,10.0,7.266,72000000.0,0.173,1.0,5389000000.0,0.332,6444000000.0,1032000000.0,54054000000.0,53201250000.0,921000000.0,2479000000.0,0.0,2479000000.0,34536000000.0,6082000000.0,28454000000.0,20572066536.0,-382000000.0,0.0,0.0,-136000000.0,-921000000.0,-1054000000.0,-1422000000.0,61000000.0,2094000000.0,0.0,1123000000.0,1123000000.0,1123000000.0,-13000000.0,0.0,0.069,2278000000.0,3111000000.0,1052000000.0,0.827,1.524,18.319,18.492,30768000000.0,0.0,49.19,1.269,1.265,1898000000.0,3310000000.0,16214000000.0,16214000000.0,0.0,0.024,0.085,0.072,0.237,-14000000.0,0.0,1.0,418216437.0,417000000,419000000.0,38.882,41604000000.0,248000000.0,1692000000.0,6478000000.0,99.77,-2474000000.0
37,FE,MRT,2012-03-31,2012-03-31,2012-03-31,2021-07-22,405000000.0,47691000000.0,47318500000.0,3477000000.0,44214000000.0,0.349,31.873,-2197000000.0,74000000.0,74000000.0,11126000000.0,1128000000.0,0.602,2.578,18374000000.0,2847000000.0,15527000000.0,18374000000.0,0.0,1533000000.0,0.0,0.048,2.2,3851000000.0,5384000000.0,0.326,5384000000.0,3851000000.0,2828000000.0,2.69,2.69,2.69,13323000000.0,13161750000.0,13323000000.0,36201487363.0,9.0,6.724,-38000000.0,-0.091,1.0,5393000000.0,0.326,6444000000.0,1023000000.0,53774000000.0,53025750000.0,927000000.0,2471000000.0,0.0,2471000000.0,34352000000.0,5773000000.0,28579000000.0,19066487363.0,-1027000000.0,0.0,0.0,-590000000.0,-921000000.0,-1555000000.0,-1631000000.0,-2000000.0,2159000000.0,0.0,1139000000.0,1139000000.0,1139000000.0,-13000000.0,-11000000.0,0.069,2308000000.0,3085000000.0,918000000.0,0.818,1.431,16.74,16.948,30566000000.0,0.0,45.59,1.154,1.154,1735000000.0,3122000000.0,16519000000.0,16519000000.0,0.0,0.024,0.087,0.073,0.233,9000000.0,0.0,1.0,418216437.0,418000000,420000000.0,39.519,41247000000.0,213000000.0,1689000000.0,6346000000.0,98.677,-2296000000.0
38,FE,MRT,2011-12-31,2011-12-31,2011-12-31,2021-07-22,426000000.0,47326000000.0,47362250000.0,3355000000.0,43971000000.0,0.34,33.283,-2129000000.0,202000000.0,202000000.0,11140000000.0,869000000.0,0.691,2.562,17337000000.0,1621000000.0,15716000000.0,17337000000.0,0.0,1536000000.0,0.0,0.05,2.2,3436000000.0,4972000000.0,0.309,4972000000.0,3436000000.0,2428000000.0,2.22,2.21,2.22,13280000000.0,13013250000.0,13280000000.0,35898988159.0,10.0,7.22,934000000.0,2.341,1.0,4965000000.0,0.308,6441000000.0,1008000000.0,53165000000.0,52934000000.0,811000000.0,2514000000.0,0.0,2514000000.0,34027000000.0,4855000000.0,29172000000.0,18526988159.0,-817000000.0,590000000.0,0.0,-2005000000.0,-881000000.0,-2924000000.0,-956000000.0,-42000000.0,3063000000.0,0.0,885000000.0,885000000.0,885000000.0,-13000000.0,-16000000.0,0.055,2311000000.0,2654000000.0,1174000000.0,0.991,1.395,20.934,19.955,30337000000.0,0.0,44.3,1.15,1.098,1794000000.0,3047000000.0,16105000000.0,16105000000.0,0.0,0.019,0.068,0.065,0.213,0.0,0.0,1.0,418216437.0,399000000,401000000.0,40.363,40885000000.0,191000000.0,1543000000.0,6228000000.0,102.469,-1500000000.0
39,FE,MRT,2011-09-30,2011-09-30,2011-09-30,2021-07-22,-1436000000.0,46661000000.0,44413500000.0,3591000000.0,43070000000.0,0.35,31.211,-1777000000.0,291000000.0,291000000.0,10480000000.0,908000000.0,0.738,2.579,17663000000.0,1840000000.0,15823000000.0,17663000000.0,0.0,1525000000.0,0.0,0.049,2.2,3495000000.0,5020000000.0,0.323,5020000000.0,3495000000.0,2515000000.0,2.37,2.36,2.37,13046000000.0,11939250000.0,13046000000.0,37511100186.0,11.0,7.472,1455000000.0,3.481,1.0,5046000000.0,0.325,7358000000.0,980000000.0,51812000000.0,49392250000.0,822000000.0,2474000000.0,0.0,2474000000.0,33646000000.0,4863000000.0,28783000000.0,18782100186.0,-341000000.0,590000000.0,0.0,-1630000000.0,-818000000.0,-2515000000.0,-1058000000.0,-76000000.0,3232000000.0,0.0,930000000.0,930000000.0,930000000.0,0.0,-22000000.0,0.06,1795000000.0,3251000000.0,1009000000.0,0.928,1.44,20.196,18.949,29267000000.0,0.0,44.91,1.21,1.209,1880000000.0,4658000000.0,15526000000.0,15526000000.0,0.0,0.021,0.078,0.071,0.225,0.0,0.0,1.0,418216437.0,418000000,420000000.0,37.144,39303000000.0,214000000.0,1585000000.0,5797000000.0,94.026,-1272000000.0
40,FE,MRT,2011-06-30,2011-06-30,2011-06-30,2021-07-22,-1433000000.0,47596000000.0,41425000000.0,4118000000.0,43478000000.0,0.351,31.096,-1801000000.0,476000000.0,476000000.0,9963000000.0,553000000.0,0.743,2.665,19205000000.0,2714000000.0,16491000000.0,19205000000.0,0.0,1464000000.0,0.0,0.05,2.2,2814000000.0,4278000000.0,0.294,4278000000.0,2814000000.0,1893000000.0,1.69,1.68,1.69,12998000000.0,10857000000.0,12998000000.0,36769255694.0,13.0,8.595,1448000000.0,3.464,1.0,4572000000.0,0.315,7429000000.0,921000000.0,53352000000.0,45994750000.0,866000000.0,2465000000.0,0.0,2465000000.0,34646000000.0,5544000000.0,29102000000.0,18464255694.0,195000000.0,590000000.0,0.0,-711000000.0,-755000000.0,-1538000000.0,-1516000000.0,-75000000.0,3249000000.0,0.0,577000000.0,577000000.0,577000000.0,0.0,-24000000.0,0.04,2026000000.0,2546000000.0,1122000000.0,1.302,1.421,32.0,26.124,29942000000.0,0.0,44.15,1.27,1.27,1834000000.0,4607000000.0,14535000000.0,14535000000.0,0.0,0.014,0.053,0.061,0.194,-4000000.0,0.0,1.0,418216437.0,418000000,420000000.0,34.773,40167000000.0,474000000.0,1316000000.0,5618000000.0,96.093,-1426000000.0
41,FE,MRT,2011-03-31,2011-03-31,2011-03-31,2021-07-22,-1518000000.0,47866000000.0,38142500000.0,4646000000.0,43220000000.0,0.357,37.219,-1721000000.0,1101000000.0,1101000000.0,9129000000.0,616000000.0,0.9,2.764,19406000000.0,1871000000.0,17535000000.0,19406000000.0,0.0,1438000000.0,0.0,0.059,2.2,2772000000.0,4210000000.0,0.309,4210000000.0,2772000000.0,1909000000.0,2.08,2.07,2.08,12729000000.0,9817250000.0,12729000000.0,25052345246.0,9.0,5.951,1340000000.0,3.918,1.0,4485000000.0,0.329,7602000000.0,863000000.0,53407000000.0,42271750000.0,852000000.0,2440000000.0,0.0,2440000000.0,35177000000.0,5162000000.0,30015000000.0,11306345246.0,791000000.0,590000000.0,0.0,-246000000.0,-692000000.0,-939000000.0,-1331000000.0,15000000.0,3061000000.0,0.0,639000000.0,639000000.0,639000000.0,0.0,-23000000.0,0.047,2000000000.0,2485000000.0,1080000000.0,1.058,0.888,17.694,17.832,29635000000.0,0.0,37.09,0.83,0.932,1865000000.0,4426000000.0,13614000000.0,13614000000.0,0.0,0.017,0.065,0.066,0.204,-9000000.0,0.0,1.0,304835407.0,342000000,343000000.0,39.807,40264000000.0,241000000.0,1270000000.0,5244000000.0,117.731,-516000000.0
42,FE,MRT,2010-12-31,2010-12-31,2010-12-31,2021-07-22,425000000.0,35531000000.0,34695500000.0,3698000000.0,31833000000.0,0.384,29.553,-1780000000.0,1019000000.0,1019000000.0,8770000000.0,718000000.0,0.786,2.958,14765000000.0,2186000000.0,12579000000.0,14765000000.0,0.0,1486000000.0,0.0,0.059,2.2,2825000000.0,4311000000.0,0.323,4311000000.0,2825000000.0,1980000000.0,2.44,2.42,2.44,8984000000.0,8771500000.0,8984000000.0,25347006767.0,9.0,5.88,1296000000.0,4.263,1.0,4569000000.0,0.343,5575000000.0,845000000.0,38998000000.0,38375750000.0,638000000.0,2449000000.0,0.0,2449000000.0,26579000000.0,4704000000.0,21875000000.0,11285006767.0,145000000.0,0.0,0.0,-294000000.0,-670000000.0,-983000000.0,-1948000000.0,19000000.0,3076000000.0,0.0,742000000.0,742000000.0,742000000.0,0.0,-24000000.0,0.056,2050000000.0,2519000000.0,872000000.0,0.902,1.256,15.209,15.172,20510000000.0,0.0,37.02,0.846,0.844,1568000000.0,3084000000.0,13339000000.0,13339000000.0,0.0,0.021,0.085,0.074,0.212,0.0,0.0,1.0,304835407.0,304000000,305000000.0,43.878,29956000000.0,199000000.0,1238000000.0,3492000000.0,98.539,-1006000000.0
43,FE,MRT,2010-09-30,2010-09-30,2010-09-30,2021-07-22,-1350000000.0,34707000000.0,34388750000.0,3391000000.0,31316000000.0,0.382,28.674,-2095000000.0,632000000.0,632000000.0,8777000000.0,682000000.0,0.682,2.985,14694000000.0,2590000000.0,12104000000.0,14694000000.0,0.0,1437000000.0,0.0,0.057,2.2,2425000000.0,3862000000.0,0.294,3862000000.0,2425000000.0,1574000000.0,2.32,2.31,2.32,8717000000.0,8665250000.0,8717000000.0,26362356586.0,11.0,6.826,979000000.0,3.22,1.0,4349000000.0,0.331,5575000000.0,851000000.0,38222000000.0,38023750000.0,652000000.0,2451000000.0,0.0,2451000000.0,26016000000.0,4972000000.0,21044000000.0,11748356586.0,-206000000.0,0.0,0.0,-740000000.0,-670000000.0,-1438000000.0,-1842000000.0,72000000.0,3074000000.0,0.0,703000000.0,703000000.0,703000000.0,0.0,-21000000.0,0.054,2192000000.0,2157000000.0,813000000.0,0.948,1.348,16.712,16.612,19538000000.0,0.0,38.54,0.895,0.893,1414000000.0,4591000000.0,13126000000.0,13126000000.0,0.0,0.02,0.081,0.064,0.185,20000000.0,0.0,1.0,304835407.0,304000000,305000000.0,43.178,29132000000.0,291000000.0,871000000.0,3054000000.0,95.829,-1581000000.0
44,FE,MRT,2010-06-30,2010-06-30,2010-06-30,2021-07-22,-1379000000.0,34466000000.0,34380500000.0,3114000000.0,31352000000.0,0.372,29.076,-2057000000.0,281000000.0,281000000.0,8600000000.0,737000000.0,0.617,2.902,14895000000.0,3034000000.0,11861000000.0,14895000000.0,0.0,1528000000.0,0.0,0.062,2.2,2622000000.0,4150000000.0,0.324,4150000000.0,2622000000.0,1624000000.0,2.5,2.49,2.5,8839000000.0,8609000000.0,8839000000.0,24945351389.0,10.0,6.011,164000000.0,0.539,1.0,4206000000.0,0.328,5575000000.0,998000000.0,38460000000.0,37929500000.0,675000000.0,2366000000.0,0.0,2366000000.0,25647000000.0,5045000000.0,20602000000.0,10739351389.0,-619000000.0,0.0,0.0,-148000000.0,-670000000.0,-861000000.0,-1979000000.0,23000000.0,2221000000.0,0.0,758000000.0,758000000.0,758000000.0,0.0,-21000000.0,0.059,1991000000.0,2215000000.0,848000000.0,0.88,1.215,14.168,14.092,19550000000.0,0.0,35.23,0.839,0.836,1409000000.0,4747000000.0,12806000000.0,12806000000.0,0.0,0.022,0.088,0.069,0.205,22000000.0,0.0,1.0,304835407.0,304000000,305000000.0,42.125,28891000000.0,397000000.0,866000000.0,2966000000.0,95.036,-1931000000.0
45,FE,MRT,2010-03-31,2010-03-31,2010-03-31,2021-07-22,-1399000000.0,34078000000.0,34340500000.0,2854000000.0,31224000000.0,0.377,28.112,-2057000000.0,310000000.0,310000000.0,8426000000.0,889000000.0,0.584,2.989,14516000000.0,2669000000.0,11847000000.0,14516000000.0,0.0,1593000000.0,0.0,0.056,2.2,2892000000.0,4485000000.0,0.347,4485000000.0,2892000000.0,1895000000.0,2.99,2.98,2.99,8546000000.0,8642500000.0,8546000000.0,25965016060.0,9.0,5.789,452000000.0,1.487,1.0,4512000000.0,0.349,5575000000.0,997000000.0,37823000000.0,37410250000.0,699000000.0,2377000000.0,0.0,2377000000.0,25543000000.0,4886000000.0,20657000000.0,11916016060.0,-89000000.0,0.0,0.0,116000000.0,-670000000.0,-615000000.0,-1983000000.0,10000000.0,2509000000.0,0.0,907000000.0,907000000.0,907000000.0,0.0,-18000000.0,0.07,2013000000.0,2499000000.0,772000000.0,0.736,1.394,13.138,13.074,19357000000.0,0.0,39.09,0.921,0.918,1255000000.0,4482000000.0,12938000000.0,12938000000.0,0.0,0.026,0.105,0.077,0.224,33000000.0,0.0,1.0,304835407.0,304000000,306000000.0,42.559,28503000000.0,236000000.0,988000000.0,2868000000.0,93.76,-2032000000.0
46,FE,MRT,2009-12-31,2009-12-31,2009-12-31,2021-07-22,-1415000000.0,34304000000.0,34210250000.0,3320000000.0,30984000000.0,0.379,28.155,-2203000000.0,874000000.0,874000000.0,8434000000.0,856000000.0,0.64,3.008,14923000000.0,2915000000.0,12008000000.0,14923000000.0,0.0,1776000000.0,0.0,0.047,2.2,2787000000.0,4563000000.0,0.352,4563000000.0,2787000000.0,1809000000.0,2.87,2.85,2.87,8559000000.0,8568500000.0,8559000000.0,28641604655.0,10.0,6.277,262000000.0,0.862,1.0,4539000000.0,0.35,5575000000.0,978000000.0,37590000000.0,36736000000.0,647000000.0,2402000000.0,0.0,2402000000.0,25747000000.0,5188000000.0,20559000000.0,14159604655.0,329000000.0,0.0,0.0,776000000.0,-670000000.0,49000000.0,-2185000000.0,-17000000.0,2465000000.0,0.0,872000000.0,872000000.0,872000000.0,0.0,-16000000.0,0.067,2103000000.0,2436000000.0,829000000.0,0.767,1.654,16.238,16.185,19164000000.0,0.0,46.45,1.091,1.088,1397000000.0,4495000000.0,12973000000.0,12973000000.0,0.0,0.025,0.102,0.076,0.215,20000000.0,0.0,1.0,304835407.0,304000000,306000000.0,42.674,28729000000.0,248000000.0,937000000.0,2782000000.0,94.503,-1868000000.0
47,FE,MRT,2009-09-30,2009-09-30,2009-09-30,2021-07-22,-1401000000.0,34674000000.0,34014500000.0,3770000000.0,30904000000.0,0.388,27.934,-2286000000.0,838000000.0,838000000.0,8400000000.0,1081000000.0,0.657,3.083,15320000000.0,3673000000.0,11647000000.0,15320000000.0,0.0,1888000000.0,0.0,0.048,2.2,3440000000.0,5328000000.0,0.403,5328000000.0,3440000000.0,2490000000.0,3.61,3.61,3.61,8492000000.0,8499500000.0,8492000000.0,27817074808.0,8.0,5.221,-29000000.0,-0.095,1.0,4814000000.0,0.364,5575000000.0,950000000.0,37845000000.0,35907500000.0,621000000.0,2409000000.0,0.0,2409000000.0,26181000000.0,5736000000.0,20445000000.0,13937074808.0,657000000.0,0.0,0.0,1614000000.0,-671000000.0,881000000.0,-2481000000.0,-100000000.0,2257000000.0,0.0,1099000000.0,1099000000.0,1099000000.0,0.0,-18000000.0,0.083,1697000000.0,3117000000.0,692000000.0,0.609,1.641,12.682,12.665,18749000000.0,0.0,45.72,1.055,1.052,1260000000.0,4424000000.0,13214000000.0,13214000000.0,0.0,0.032,0.129,0.096,0.26,10000000.0,0.0,1.0,304835407.0,304000000,306000000.0,43.467,29099000000.0,585000000.0,1391000000.0,2819000000.0,95.72,-1966000000.0
48,FE,MRT,2009-06-30,2009-06-30,2009-06-30,2021-07-22,-1048000000.0,34306000000.0,33736500000.0,3650000000.0,30656000000.0,0.406,29.516,-2414000000.0,900000000.0,900000000.0,8576000000.0,1322000000.0,0.586,2.82,14780000000.0,4381000000.0,10399000000.0,14780000000.0,0.0,1898000000.0,0.0,0.057,2.2,3633000000.0,5531000000.0,0.403,5531000000.0,3633000000.0,2846000000.0,4.39,4.38,4.39,8973000000.0,8701750000.0,8973000000.0,25651372021.0,7.0,4.638,593000000.0,1.951,1.0,5134000000.0,0.374,5575000000.0,787000000.0,36383000000.0,35027750000.0,644000000.0,2286000000.0,0.0,2286000000.0,25305000000.0,6228000000.0,19077000000.0,11812372021.0,830000000.0,0.0,0.0,1090000000.0,-671000000.0,374000000.0,-2551000000.0,-49000000.0,3007000000.0,0.0,1336000000.0,1336000000.0,1336000000.0,0.0,-14000000.0,0.097,1649000000.0,3485000000.0,806000000.0,0.501,1.316,8.842,8.827,18509000000.0,0.0,38.75,0.862,0.859,1313000000.0,4525000000.0,13710000000.0,13710000000.0,0.0,0.04,0.154,0.104,0.265,6000000.0,0.0,1.0,304835407.0,304000000,305000000.0,45.099,28731000000.0,457000000.0,1510000000.0,2706000000.0,94.51,-2578000000.0
49,FE,MRT,2009-03-31,2009-03-31,2009-03-31,2021-07-22,-1350000000.0,33557000000.0,33546250000.0,3004000000.0,30553000000.0,0.408,27.138,-2831000000.0,399000000.0,399000000.0,8831000000.0,1177000000.0,0.449,3.063,14238000000.0,4541000000.0,9697000000.0,14238000000.0,0.0,1896000000.0,0.0,0.057,2.2,3372000000.0,5268000000.0,0.385,5268000000.0,3372000000.0,2603000000.0,3.89,3.87,3.89,8250000000.0,8763750000.0,8250000000.0,25194646710.0,7.0,4.783,-504000000.0,-1.658,1.0,4853000000.0,0.355,5575000000.0,769000000.0,35126000000.0,34544750000.0,657000000.0,2210000000.0,0.0,2210000000.0,25273000000.0,6695000000.0,18578000000.0,11766646710.0,329000000.0,0.0,0.0,1705000000.0,-671000000.0,1021000000.0,-3019000000.0,-68000000.0,2327000000.0,0.0,1185000000.0,1185000000.0,1185000000.0,0.0,-8000000.0,0.087,1592000000.0,3261000000.0,704000000.0,0.566,1.426,9.93,9.923,18207000000.0,0.0,38.6,0.86,0.858,1266000000.0,4110000000.0,13684000000.0,13684000000.0,0.0,0.035,0.135,0.098,0.246,-42000000.0,0.0,1.0,304835407.0,304000000,306000000.0,45.013,27982000000.0,318000000.0,1418000000.0,2411000000.0,92.046,-3691000000.0
50,FE,MRT,2008-12-31,2008-12-31,2008-12-31,2021-07-22,-1380000000.0,33521000000.0,33260750000.0,3053000000.0,30468000000.0,0.41,27.247,-2888000000.0,545000000.0,545000000.0,8676000000.0,1339000000.0,0.43,3.043,13973000000.0,4873000000.0,9100000000.0,13973000000.0,0.0,1730000000.0,0.0,0.045,2.2,3651000000.0,5381000000.0,0.395,5381000000.0,3651000000.0,2897000000.0,4.41,4.38,4.41,8283000000.0,8949000000.0,8283000000.0,28202904072.0,8.0,5.241,-664000000.0,-2.184,1.0,4951000000.0,0.363,5575000000.0,754000000.0,34276000000.0,33946750000.0,605000000.0,2306000000.0,0.0,2306000000.0,25206000000.0,7098000000.0,18108000000.0,14808904072.0,416000000.0,0.0,0.0,1827000000.0,-671000000.0,1175000000.0,-2983000000.0,-33000000.0,2224000000.0,0.0,1342000000.0,1342000000.0,1342000000.0,0.0,-3000000.0,0.098,1414000000.0,3537000000.0,794000000.0,0.499,1.788,11.035,11.016,17723000000.0,0.0,48.58,1.087,1.084,1471000000.0,4159000000.0,13627000000.0,13627000000.0,0.0,0.04,0.15,0.108,0.268,-64000000.0,0.0,1.0,304835407.0,304000000,307000000.0,44.826,27946000000.0,283000000.0,1555000000.0,2496000000.0,91.928,-4045000000.0
51,FE,MRT,2008-09-30,2008-09-30,2008-09-30,2021-07-22,-189000000.0,33562000000.0,32958250000.0,2804000000.0,30758000000.0,0.41,30.595,-2683000000.0,181000000.0,181000000.0,8791000000.0,1282000000.0,0.398,2.608,13575000000.0,4901000000.0,8674000000.0,13575000000.0,0.0,1690000000.0,0.0,0.032,2.15,3553000000.0,5243000000.0,0.388,5243000000.0,3553000000.0,2812000000.0,4.2,4.16,4.2,9301000000.0,9122500000.0,9301000000.0,34069923915.0,10.0,6.498,-763000000.0,-2.51,1.0,4714000000.0,0.349,5583000000.0,741000000.0,34326000000.0,33681000000.0,587000000.0,2547000000.0,0.0,2547000000.0,24261000000.0,7047000000.0,17214000000.0,20420923915.0,151000000.0,0.0,-51000000.0,1714000000.0,-655000000.0,1006000000.0,-2775000000.0,38000000.0,1920000000.0,0.0,1278000000.0,1278000000.0,1278000000.0,0.0,4000000.0,0.095,1304000000.0,3410000000.0,744000000.0,0.512,2.196,15.979,15.95,17157000000.0,0.0,66.99,1.512,1.508,1531000000.0,3994000000.0,13505000000.0,13505000000.0,0.0,0.039,0.14,0.105,0.263,-81000000.0,0.0,1.0,304835407.0,304000000,307000000.0,44.424,27979000000.0,0.0,1534000000.0,3046000000.0,92.036,-4243000000.0
52,FE,MRT,2008-06-30,2008-06-30,2008-06-30,2021-07-22,-129000000.0,33545000000.0,32481000000.0,2835000000.0,30710000000.0,0.408,30.332,-2553000000.0,70000000.0,70000000.0,8586000000.0,1224000000.0,0.397,2.638,13719000000.0,5116000000.0,8603000000.0,13719000000.0,0.0,1681000000.0,0.0,0.026,2.1,3537000000.0,5218000000.0,0.394,5218000000.0,3537000000.0,2785000000.0,4.01,3.96,4.01,9221000000.0,8989250000.0,9221000000.0,37191099058.0,11.0,7.127,-705000000.0,-2.319,1.0,4656000000.0,0.352,5606000000.0,752000000.0,34451000000.0,33122250000.0,583000000.0,2663000000.0,0.0,2663000000.0,24324000000.0,7137000000.0,17187000000.0,25097099058.0,33000000.0,0.0,-51000000.0,143000000.0,-640000000.0,-574000000.0,-1241000000.0,1307000000.0,1848000000.0,0.0,1220000000.0,1220000000.0,1220000000.0,0.0,4000000.0,0.092,1246000000.0,3410000000.0,930000000.0,0.524,2.722,20.571,20.531,16703000000.0,0.0,82.33,1.895,1.89,1553000000.0,3858000000.0,13242000000.0,13242000000.0,0.0,0.038,0.136,0.107,0.267,-74000000.0,0.0,1.0,304835407.0,304000000,307000000.0,43.559,27939000000.0,0.0,1565000000.0,2955000000.0,91.905,-4302000000.0
53,FE,MRT,2008-03-31,2008-03-31,2008-03-31,2021-07-22,-108000000.0,32415000000.0,32103000000.0,2370000000.0,30045000000.0,0.408,29.576,-2048000000.0,70000000.0,70000000.0,8354000000.0,1299000000.0,0.384,2.605,12164000000.0,3832000000.0,8332000000.0,12164000000.0,0.0,1672000000.0,0.0,0.03,2.05,3700000000.0,5372000000.0,0.41,5372000000.0,3700000000.0,2931000000.0,4.26,4.21,4.26,8991000000.0,8844000000.0,8991000000.0,32574805628.0,9.0,6.064,67000000.0,0.22,1.0,4752000000.0,0.363,5606000000.0,769000000.0,32734000000.0,32753000000.0,570000000.0,2704000000.0,0.0,2704000000.0,23424000000.0,6169000000.0,17255000000.0,20917805628.0,-19000000.0,0.0,-78000000.0,-753000000.0,-625000000.0,-1469000000.0,-665000000.0,1329000000.0,2115000000.0,0.0,1295000000.0,1295000000.0,1295000000.0,0.0,4000000.0,0.099,1187000000.0,3565000000.0,754000000.0,0.481,2.327,16.153,16.108,15905000000.0,0.0,68.62,1.596,1.592,1423000000.0,3596000000.0,13106000000.0,13106000000.0,0.0,0.04,0.146,0.113,0.282,-74000000.0,0.0,1.0,304835407.0,304000000,307000000.0,43.112,26809000000.0,0.0,1636000000.0,3133000000.0,88.188,-3799000000.0
54,FE,MRT,2007-12-31,2007-12-31,2007-12-31,2021-07-22,-50000000.0,32311000000.0,31946750000.0,2230000000.0,30081000000.0,0.401,29.337,-1633000000.0,129000000.0,129000000.0,8097000000.0,1312000000.0,0.433,2.599,11786000000.0,2917000000.0,8869000000.0,11786000000.0,0.0,1657000000.0,0.0,0.028,2.0,3721000000.0,5378000000.0,0.42,5378000000.0,3721000000.0,2946000000.0,4.27,4.22,4.27,8977000000.0,8671000000.0,8977000000.0,33476793342.0,9.0,6.225,66000000.0,0.216,1.0,4705000000.0,0.368,5607000000.0,775000000.0,33213000000.0,32642250000.0,521000000.0,2844000000.0,0.0,2844000000.0,23334000000.0,5148000000.0,18186000000.0,22051793342.0,39000000.0,0.0,-969000000.0,245000000.0,-616000000.0,-1347000000.0,-313000000.0,1298000000.0,1699000000.0,0.0,1309000000.0,1309000000.0,1309000000.0,0.0,3000000.0,0.102,1133000000.0,3572000000.0,777000000.0,0.468,2.456,16.846,16.941,15383000000.0,0.0,72.34,1.723,1.729,1421000000.0,3487000000.0,12802000000.0,12802000000.0,0.0,0.041,0.151,0.114,0.291,-39000000.0,0.0,1.0,304835407.0,306000000,310000000.0,41.837,26704000000.0,32000000.0,1637000000.0,3079000000.0,87.268,-2918000000.0
55,FE,MRT,2007-09-30,2007-09-30,2007-09-30,2021-07-22,-213000000.0,31653000000.0,31668000000.0,2406000000.0,29247000000.0,0.392,28.842,-1452000000.0,30000000.0,30000000.0,7738000000.0,1316000000.0,0.447,2.61,11455000000.0,2838000000.0,8617000000.0,11455000000.0,0.0,1609000000.0,0.0,0.031,1.95,3723000000.0,5332000000.0,0.43,5332000000.0,3723000000.0,2937000000.0,4.24,4.2,4.24,8768000000.0,8685500000.0,8768000000.0,32429274679.0,9.0,6.082,454000000.0,1.493,1.0,4665000000.0,0.376,5609000000.0,786000000.0,32091000000.0,32204750000.0,543000000.0,2878000000.0,0.0,2878000000.0,22885000000.0,5378000000.0,17507000000.0,19308274679.0,-11000000.0,0.0,-918000000.0,-201000000.0,-611000000.0,-1802000000.0,-115000000.0,1269000000.0,1906000000.0,0.0,1316000000.0,1316000000.0,1316000000.0,0.0,0.0,0.106,1089000000.0,3576000000.0,760000000.0,0.46,2.202,14.672,14.939,15038000000.0,0.0,63.34,1.557,1.552,1626000000.0,3387000000.0,12403000000.0,12403000000.0,0.0,0.042,0.152,0.116,0.3,-69000000.0,0.0,1.0,304835407.0,304000000,307000000.0,40.799,26044000000.0,0.0,1621000000.0,2988000000.0,85.671,-2972000000.0
56,FE,MRT,2007-06-30,2007-06-30,2007-06-30,2021-07-22,-217000000.0,32033000000.0,31795250000.0,2536000000.0,29497000000.0,0.381,28.421,-1273000000.0,37000000.0,37000000.0,7562000000.0,1357000000.0,0.404,2.708,13158000000.0,4416000000.0,8742000000.0,13158000000.0,0.0,1556000000.0,0.0,0.029,1.9,3736000000.0,5292000000.0,0.436,5292000000.0,3736000000.0,2968000000.0,4.29,4.26,4.29,8640000000.0,8795500000.0,8640000000.0,32528995895.0,9.0,6.147,351000000.0,1.155,1.0,4564000000.0,0.376,5898000000.0,768000000.0,32974000000.0,32322500000.0,583000000.0,2830000000.0,0.0,2830000000.0,23393000000.0,6282000000.0,17111000000.0,19731995895.0,-546000000.0,0.0,-1518000000.0,1303000000.0,-601000000.0,-968000000.0,-1202000000.0,2000000.0,1624000000.0,0.0,1357000000.0,1357000000.0,1357000000.0,-2000000.0,0.0,0.112,989000000.0,3575000000.0,801000000.0,0.443,2.284,14.541,15.089,15010000000.0,0.0,64.73,1.627,1.623,1594000000.0,3279000000.0,12126000000.0,12126000000.0,0.0,0.043,0.154,0.116,0.308,-74000000.0,0.0,1.0,304835407.0,304000000,308000000.0,39.888,26135000000.0,0.0,1611000000.0,3169000000.0,85.97,-3746000000.0
57,FE,MRT,2007-03-31,2007-03-31,2007-03-31,2021-07-22,-241000000.0,31790000000.0,31931500000.0,2347000000.0,29443000000.0,0.369,26.43,-1164000000.0,89000000.0,89000000.0,7336000000.0,1323000000.0,0.367,2.831,12886000000.0,4340000000.0,8546000000.0,12886000000.0,0.0,1494000000.0,0.0,0.028,1.85,3653000000.0,5147000000.0,0.437,5147000000.0,3653000000.0,2912000000.0,4.1,4.07,4.1,8299000000.0,9007500000.0,8299000000.0,32564173446.0,9.0,6.327,394000000.0,1.255,1.0,4432000000.0,0.377,5898000000.0,741000000.0,32291000000.0,32204000000.0,591000000.0,2783000000.0,0.0,2783000000.0,23491000000.0,6398000000.0,17093000000.0,21144173446.0,61000000.0,0.0,-1491000000.0,1845000000.0,-597000000.0,-408000000.0,-1089000000.0,10000000.0,1558000000.0,0.0,1323000000.0,1323000000.0,1323000000.0,6000000.0,0.0,0.112,931000000.0,3501000000.0,625000000.0,0.451,2.548,15.982,16.156,14786000000.0,0.0,66.24,1.797,1.767,1434000000.0,2941000000.0,11768000000.0,11768000000.0,0.0,0.041,0.147,0.113,0.31,-37000000.0,0.0,1.0,319205517.0,314000000,316000000.0,37.478,25892000000.0,0.0,1589000000.0,3239000000.0,82.459,-4051000000.0
58,FE,MRT,2006-12-31,2006-12-31,2006-12-31,2021-07-22,-259000000.0,31196000000.0,31933250000.0,2083000000.0,29113000000.0,0.36,27.886,-1315000000.0,90000000.0,90000000.0,7218000000.0,1254000000.0,0.396,2.453,11510000000.0,2975000000.0,8535000000.0,11510000000.0,0.0,1457000000.0,0.0,0.03,1.8,3490000000.0,4947000000.0,0.43,4947000000.0,3490000000.0,2769000000.0,3.84,3.81,3.84,9035000000.0,9262750000.0,9035000000.0,30847092675.0,9.0,6.236,624000000.0,1.926,1.0,4283000000.0,0.372,5898000000.0,721000000.0,31463000000.0,31988500000.0,577000000.0,2788000000.0,0.0,2788000000.0,22161000000.0,5255000000.0,8371000000.0,19248092675.0,26000000.0,0.0,-600000000.0,605000000.0,-586000000.0,-804000000.0,-1109000000.0,106000000.0,1939000000.0,0.0,1254000000.0,1254000000.0,1254000000.0,4000000.0,0.0,0.109,957000000.0,3326000000.0,726000000.0,0.469,2.13,15.349,15.703,14667000000.0,0.0,60.3,1.674,1.699,1267000000.0,2806000000.0,11501000000.0,11501000000.0,0.0,0.039,0.135,0.109,0.303,-37000000.0,0.0,1.0,319205517.0,324000000,327000000.0,35.497,25298000000.0,0.0,1515000000.0,3338000000.0,78.08,-3172000000.0
59,FE,MRT,2006-09-30,2006-09-30,2006-09-30,2021-07-22,34000000.0,32162000000.0,32094500000.0,2214000000.0,29948000000.0,0.345,28.596,-1442000000.0,41000000.0,41000000.0,6785000000.0,1170000000.0,0.421,2.493,11640000000.0,2880000000.0,8760000000.0,11640000000.0,0.0,1552000000.0,0.0,0.032,1.78,3369000000.0,4921000000.0,0.444,4921000000.0,3369000000.0,2669000000.0,3.58,3.56,3.58,9208000000.0,9301000000.0,9208000000.0,29675654377.0,9.0,6.03,105000000.0,0.326,1.0,4296000000.0,0.388,5935000000.0,700000000.0,32562000000.0,31933500000.0,585000000.0,2704000000.0,0.0,2704000000.0,22954000000.0,5264000000.0,17690000000.0,18424654377.0,-99000000.0,0.0,-600000000.0,1023000000.0,-574000000.0,-271000000.0,-1375000000.0,10000000.0,1547000000.0,0.0,1170000000.0,1170000000.0,1170000000.0,10000000.0,0.0,0.106,1073000000.0,3223000000.0,611000000.0,0.497,2.001,15.748,15.603,14510000000.0,0.0,55.86,1.663,1.623,1420000000.0,2695000000.0,11081000000.0,11081000000.0,0.0,0.036,0.126,0.106,0.304,0.0,0.0,1.0,329836276.0,322000000,325000000.0,34.413,26227000000.0,0.0,1499000000.0,3530000000.0,81.45,-3050000000.0
60,FE,MRT,2006-06-30,2006-06-30,2006-06-30,2021-07-22,35000000.0,32578000000.0,31897485500.0,2812000000.0,29766000000.0,0.352,28.927,-1485000000.0,583000000.0,583000000.0,6990000000.0,1048000000.0,0.522,2.434,11834000000.0,3105000000.0,8729000000.0,11834000000.0,0.0,1673000000.0,0.0,0.032,1.743,3189000000.0,4862000000.0,0.433,4862000000.0,3189000000.0,2512000000.0,3.18,3.17,3.18,9488000000.0,9205989750.0,9488000000.0,28902424522.0,9.0,5.945,299000000.0,0.912,1.0,4231000000.0,0.377,5940000000.0,677000000.0,32500000000.0,31796389750.0,629000000.0,2626000000.0,0.0,2626000000.0,23090000000.0,5389000000.0,17701000000.0,17880424522.0,533000000.0,0.0,0.0,855000000.0,-572000000.0,210000000.0,-1461000000.0,-16000000.0,1784000000.0,0.0,1048000000.0,1048000000.0,1048000000.0,12000000.0,0.0,0.093,1223000000.0,3008000000.0,682000000.0,0.548,1.885,17.061,17.047,14420000000.0,0.0,54.21,1.593,1.585,1346000000.0,2385000000.0,11221000000.0,11221000000.0,0.0,0.033,0.114,0.1,0.284,0.0,0.0,1.0,329836276.0,328000000,330000000.0,34.21,26638000000.0,0.0,1464000000.0,3542000000.0,81.213,-2577000000.0
61,FE,MRT,2006-03-31,2006-03-31,2006-03-31,2021-07-22,27000000.0,31797000000.0,31555796250.0,2099000000.0,29698000000.0,0.359,28.328,-1426000000.0,28000000.0,28000000.0,7087000000.0,922000000.0,0.385,2.412,11050000000.0,3046000000.0,8004000000.0,11050000000.0,0.0,1785000000.0,0.0,0.035,1.705,3019000000.0,4804000000.0,0.425,4804000000.0,3019000000.0,2406000000.0,2.8,2.8,2.8,9320000000.0,8994088750.0,9320000000.0,26993993896.0,9.0,5.619,520000000.0,1.581,1.0,4226000000.0,0.374,5940000000.0,613000000.0,31429000000.0,31782015250.0,610000000.0,2663000000.0,0.0,2663000000.0,22477000000.0,5450000000.0,17027000000.0,16128993896.0,-53000000.0,0.0,0.0,90000000.0,-559000000.0,-567000000.0,-1432000000.0,-45000000.0,1946000000.0,0.0,922000000.0,922000000.0,922000000.0,5000000.0,0.0,0.081,1359000000.0,2867000000.0,612000000.0,0.609,1.731,17.493,17.464,14285000000.0,0.0,48.9,1.426,1.422,1226000000.0,2232000000.0,11313000000.0,11313000000.0,0.0,0.029,0.103,0.095,0.267,0.0,0.0,1.0,329836276.0,329000000,330000000.0,34.386,25857000000.0,0.0,1484000000.0,3562000000.0,78.593,-3351000000.0
62,FE,MRT,2005-12-31,2005-12-31,2005-12-31,2021-07-22,0.0,31841000000.0,31421687000.0,2317000000.0,29524000000.0,0.361,28.012,-1208000000.0,64000000.0,64000000.0,7114000000.0,861000000.0,0.425,2.465,10929000000.0,2774000000.0,8155000000.0,10929000000.0,0.0,1869000000.0,0.0,0.034,1.667,2983000000.0,4852000000.0,0.427,4852000000.0,2983000000.0,2323000000.0,2.62,2.61,2.62,9188000000.0,8819327000.0,9188000000.0,26667518161.0,9.0,5.496,1012000000.0,3.085,1.0,4244000000.0,0.374,6010000000.0,660000000.0,31243000000.0,32047984250.0,518000000.0,2642000000.0,0.0,2642000000.0,22653000000.0,5453000000.0,17200000000.0,16158679161.0,11000000.0,0.0,0.0,-142000000.0,-546000000.0,-876000000.0,-1333000000.0,-143000000.0,2220000000.0,0.0,861000000.0,861000000.0,861000000.0,-12000000.0,0.0,0.076,1464000000.0,2780000000.0,727000000.0,0.636,1.759,18.767,18.698,13998000000.0,0.0,48.99,1.423,1.415,1498000000.0,2159000000.0,11358000000.0,11358000000.0,0.0,0.027,0.098,0.093,0.263,0.0,0.0,1.0,329836276.0,328000000,330000000.0,34.628,25831000000.0,0.0,1462000000.0,3526000000.0,78.753,-3136000000.0
63,FE,MRT,2005-09-30,2005-09-30,2005-09-30,2021-07-22,-323601000.0,31373942000.0,31220187000.0,2406735000.0,28967207000.0,0.363,26.915,-1056257000.0,139812000.0,139812000.0,7229002000.0,871334000.0,0.626,2.554,10648651000.0,1229917000.0,9418734000.0,10648651000.0,0.0,1833495000.0,0.0,0.031,1.612,2959151000.0,4792646000.0,0.423,4792646000.0,2959151000.0,2350285000.0,2.65,2.64,2.65,8827959000.0,8669827000.0,8827959000.0,28208836705.0,10.0,5.886,1213530000.0,3.7,1.0,4107465000.0,0.362,6024376000.0,608866000.0,32013559000.0,32424234250.0,496202000.0,2616616000.0,0.0,2616616000.0,22545983000.0,3844846000.0,18701137000.0,17191066705.0,72083000.0,0.0,0.0,-393048000.0,-534249000.0,-1090897000.0,-1106807000.0,-72677000.0,2269787000.0,0.0,871334000.0,871334000.0,871334000.0,17332000.0,0.0,0.077,1462982000.0,2644483000.0,651941000.0,0.608,1.947,19.73,19.668,13773219000.0,0.0,52.12,1.516,1.508,1535225000.0,2115434000.0,11336467000.0,11336467000.0,0.0,0.028,0.101,0.091,0.261,0.0,0.0,1.0,329836276.0,328000000,330000000.0,34.562,25349566000.0,0.0,1478951000.0,3197758000.0,77.285,-1438111000.0
64,FE,MRT,2005-06-30,2005-06-30,2005-06-30,2021-07-22,-330028000.0,31211243000.0,31182980500.0,2304035000.0,28907208000.0,0.36,26.343,-973500000.0,49748000.0,49748000.0,7102797000.0,837956000.0,0.614,2.612,11067518000.0,1498564000.0,9568954000.0,11067518000.0,0.0,1786847000.0,0.0,0.033,1.575,2881736000.0,4668583000.0,0.416,4668583000.0,2881736000.0,2283704000.0,2.55,2.54,2.55,8640396000.0,8618939750.0,8640396000.0,26777418238.0,9.0,5.736,828792000.0,2.527,1.0,4115138000.0,0.367,6032539000.0,598032000.0,32442502000.0,32586310750.0,508178000.0,2541069000.0,0.0,2541069000.0,22570847000.0,3753972000.0,18816875000.0,15868423238.0,-49563000.0,0.0,0.0,-467673000.0,-517214000.0,-1111616000.0,-740239000.0,211400000.0,1802292000.0,0.0,837956000.0,837956000.0,837956000.0,14835000.0,0.0,0.075,1462567000.0,2652571000.0,696310000.0,0.618,1.837,18.937,18.867,13652235000.0,0.0,48.11,1.415,1.407,1444552000.0,1924097000.0,11217935000.0,11217935000.0,0.0,0.027,0.097,0.088,0.257,0.0,0.0,1.0,329836276.0,328000000,330000000.0,34.201,25178704000.0,0.0,1445748000.0,3095425000.0,76.764,-1449937000.0
65,FE,MRT,2005-03-31,2005-03-31,2005-03-31,2021-07-22,-313646000.0,31260563000.0,31382569750.0,2066290000.0,29194273000.0,0.362,26.283,-936594000.0,81191000.0,81191000.0,7224330000.0,864001000.0,0.567,2.626,10990186000.0,1270293000.0,9719893000.0,10990186000.0,0.0,1748988000.0,0.0,0.037,1.538,2898724000.0,4647712000.0,0.409,4647712000.0,2898724000.0,2235041000.0,2.63,2.62,2.63,8620953000.0,8567081500.0,8620953000.0,24908472778.0,9.0,5.359,874258000.0,2.665,1.0,4142767000.0,0.364,6033728000.0,663683000.0,32492876000.0,32789710500.0,477868000.0,2522694000.0,0.0,2522694000.0,22639610000.0,3642954000.0,18996656000.0,13836631778.0,-199294000.0,0.0,0.0,-983097000.0,-503535000.0,-1575976000.0,-434170000.0,210766000.0,1810852000.0,0.0,864001000.0,864001000.0,864001000.0,11650000.0,0.0,0.076,1476393000.0,2666374000.0,663018000.0,0.585,1.605,16.015,15.951,13550063000.0,0.0,41.95,1.217,1.21,1258843000.0,1881047000.0,11367097000.0,11367097000.0,0.0,0.028,0.101,0.088,0.255,0.0,0.0,1.0,329836276.0,328000000,329000000.0,34.656,25226835000.0,0.0,1371040000.0,3034107000.0,76.911,-1576664000.0
66,FE,MRT,2004-12-31,2004-12-31,2004-12-31,2021-07-22,0.0,31035000000.0,31713563000.0,2012000000.0,29023000000.0,0.366,26.269,-846000000.0,53000000.0,53000000.0,7379000000.0,878000000.0,0.608,2.613,11124000000.0,1111000000.0,10013000000.0,11124000000.0,0.0,1751000000.0,0.0,0.038,1.5,2908000000.0,4659000000.0,0.402,4659000000.0,2908000000.0,2237000000.0,2.68,2.67,2.68,8590000000.0,8498024000.0,8590000000.0,24051900265.0,8.0,5.162,1046000000.0,3.199,1.0,4221000000.0,0.364,6050000000.0,671000000.0,32748000000.0,33227041250.0,458000000.0,2534000000.0,0.0,2534000000.0,22445000000.0,3308000000.0,19137000000.0,13031831265.0,-61000000.0,0.0,0.0,-962000000.0,-491000000.0,-1457000000.0,-496000000.0,153000000.0,1892000000.0,0.0,878000000.0,878000000.0,878000000.0,29000000.0,0.0,0.076,1494000000.0,2727000000.0,611000000.0,0.56,1.517,14.843,14.743,13479000000.0,0.0,39.51,1.123,1.114,1356000000.0,1856863000.0,11600000000.0,11600000000.0,0.0,0.028,0.103,0.088,0.251,0.0,0.0,1.0,329836276.0,327000000,329000000.0,35.474,24985000000.0,0.0,1359000000.0,2981000000.0,76.407,-1296000000.0
67,FE,MRT,2004-09-30,2004-09-30,2004-09-30,2021-07-22,-331874000.0,31225116000.0,32182300000.0,2119314000.0,29105802000.0,0.348,26.334,-821674000.0,67892000.0,67892000.0,7221920000.0,786333000.0,0.609,2.621,11087961000.0,977409000.0,10110552000.0,11087961000.0,0.0,1907591000.0,0.0,0.037,1.5,2775712000.0,4683303000.0,0.418,4683303000.0,2775712000.0,2086355000.0,2.39,2.4,2.39,8624410000.0,8422859250.0,8624410000.0,24640509218.0,9.0,5.261,1157309000.0,3.534,1.0,3980598000.0,0.355,6100969000.0,689357000.0,32661865000.0,33535782000.0,442183000.0,2428578000.0,0.0,2428578000.0,22600706000.0,3482351000.0,19118355000.0,13549674218.0,-172045000.0,0.0,-605000.0,-1274650000.0,-489935000.0,-1809605000.0,-341423000.0,174462000.0,1978983000.0,0.0,786333000.0,786333000.0,786333000.0,51623000.0,0.0,0.07,1328116000.0,2652482000.0,575845000.0,0.628,1.571,17.231,17.188,13338369000.0,0.0,41.08,1.21,1.201,1392621000.0,1913305000.0,11202518000.0,11202518000.0,0.0,0.024,0.093,0.083,0.248,0.0,0.0,1.0,329836276.0,327499000,329099000.0,34.206,25124147000.0,0.0,1300022000.0,2989068000.0,76.715,-1363037000.0
68,FE,MRT,2004-06-30,2004-06-30,2004-06-30,2021-07-22,-344018000.0,32009600000.0,32749768750.0,2418728000.0,29590872000.0,0.343,25.766,-766339000.0,377301000.0,377301000.0,7319593000.0,640430000.0,0.646,2.796,11468136000.0,1552216000.0,9915920000.0,11468136000.0,0.0,1825640000.0,0.0,0.04,1.5,2600110000.0,4425750000.0,0.394,4425750000.0,2600110000.0,1861305000.0,1.99,1.99,1.99,8432963000.0,8294614750.0,8432963000.0,24079709085.0,9.0,5.441,1563749000.0,4.778,1.0,3920271000.0,0.349,6100969000.0,738805000.0,33256101000.0,34189213500.0,448393000.0,2380160000.0,0.0,2380160000.0,23576637000.0,3743365000.0,19833272000.0,12339175085.0,-28061000.0,0.0,934000000.0,-2185283000.0,-476343000.0,-1755281000.0,-602868000.0,-86541000.0,2330088000.0,0.0,640430000.0,640430000.0,640430000.0,53094000.0,0.0,0.057,1441920000.0,2478351000.0,612894000.0,0.754,1.463,19.267,18.799,13301681000.0,0.0,37.41,1.098,1.089,1339074000.0,1738643000.0,11239864000.0,11239864000.0,0.0,0.02,0.077,0.076,0.231,0.0,0.0,1.0,329836276.0,327284000,329103000.0,34.343,25908631000.0,0.0,1220875000.0,2833704000.0,79.163,-1324637000.0
69,FE,MRT,2004-03-31,2004-03-31,2004-03-31,2021-07-22,-343826000.0,32584536000.0,33253503750.0,2471742000.0,30112794000.0,0.334,25.515,-769987000.0,280269000.0,280269000.0,7493950000.0,378497000.0,0.623,2.905,12020803000.0,1870736000.0,10150067000.0,12020803000.0,0.0,1762689000.0,0.0,0.038,1.5,2210918000.0,3973607000.0,0.358,3973607000.0,2210918000.0,1446248000.0,1.17,1.17,1.17,8344723000.0,7967561750.0,8344723000.0,24824065666.0,11.0,6.247,1250272000.0,3.823,1.0,3606851000.0,0.325,6117000000.0,764670000.0,34242199000.0,35034001500.0,427776000.0,2387782000.0,0.0,2387782000.0,24239813000.0,3965871000.0,20273942000.0,12890001666.0,-53885000.0,0.0,934000000.0,-1611243000.0,-465306000.0,-1301649000.0,-772495000.0,-61545000.0,2020259000.0,0.0,378497000.0,378497000.0,378497000.0,123502000.0,0.0,0.034,1447284000.0,2159567000.0,548221000.0,1.282,1.545,34.056,33.402,13259146000.0,0.0,39.08,1.161,1.151,1232754000.0,1655919000.0,11100801000.0,11100801000.0,0.0,0.011,0.048,0.063,0.199,0.0,0.0,1.0,329836276.0,327057000,329034000.0,33.941,26467536000.0,0.0,1067751000.0,2839297000.0,80.926,-1494129000.0
70,FE,MRT,2003-12-31,2003-12-31,2003-12-31,2021-07-22,0.0,32909948000.0,33679224000.0,2243311000.0,30666637000.0,0.336,27.268,-856000000.0,391738000.0,391738000.0,7799000000.0,423000000.0,0.502,2.97,12064803000.0,2275737000.0,9789066000.0,12064803000.0,0.0,1683000000.0,0.0,0.043,1.5,2268000000.0,3951000000.0,0.349,3951000000.0,2268000000.0,1469000000.0,1.39,1.39,1.39,8289341000.0,7672206250.0,8289341000.0,23650803915.0,10.0,5.986,921000000.0,3.03,1.0,3526000000.0,0.311,6127883000.0,799000000.0,33982963000.0,35544699000.0,421022000.0,2341075000.0,0.0,2341075000.0,24620607000.0,4472167000.0,20148440000.0,11610236915.0,-112000000.0,0.0,934000000.0,-1677000000.0,-453000000.0,-1298000000.0,-591000000.0,100000000.0,1777000000.0,0.0,423000000.0,423000000.0,423000000.0,123000000.0,0.0,0.037,1412000000.0,2114000000.0,725239000.0,1.079,1.401,27.447,25.324,13268922000.0,0.0,35.2,1.025,0.945,1505500000.0,1604385000.0,11325000000.0,11325000000.0,0.0,0.013,0.055,0.064,0.2,0.0,0.0,1.0,329836276.0,304000000,305000000.0,37.253,26782065000.0,0.0,1046000000.0,2847604000.0,88.099,-2228856000.0
71,FE,MRT,2003-09-30,2003-09-30,2003-09-30,2021-07-22,-532560000.0,33494991000.0,34048325250.0,2356004000.0,31138987000.0,0.345,27.09,-1038212000.0,178911000.0,178911000.0,7897525000.0,255126000.0,0.57,3.129,12219478000.0,1822966000.0,10396512000.0,12219478000.0,0.0,1862242000.0,0.0,0.047,1.5,2025505000.0,3887747000.0,0.331,3887747000.0,2025505000.0,1207255000.0,0.86,0.84,0.86,8111432000.0,7362536250.0,8111432000.0,23043153204.0,11.0,5.927,862061000.0,2.879,1.0,3849444000.0,0.328,6127853000.0,818250000.0,35275591000.0,36131106250.0,440909000.0,1230356000.0,0.0,1230356000.0,25383559000.0,4132114000.0,21251445000.0,9494597204.0,-84367000.0,0.0,934605000.0,-1547560000.0,-440879000.0,-1181309000.0,-803331000.0,42573000.0,1900273000.0,0.0,255126000.0,255126000.0,255126000.0,130803000.0,0.0,0.022,1795283000.0,2054161000.0,722156000.0,1.744,1.171,37.215,37.093,12910655000.0,0.0,31.9,0.808,0.813,1533106000.0,1617499000.0,11746969000.0,11746969000.0,0.0,0.007,0.035,0.056,0.172,0.0,0.0,1.0,297636276.0,299422000,300751000.0,39.232,27367138000.0,0.0,952129000.0,2872593000.0,91.4,-1776110000.0
72,FE,MRT,2003-06-30,2003-06-30,2003-06-30,2021-07-22,-534084000.0,34024540000.0,34215966000.0,2493922000.0,31530618000.0,0.344,24.22,-1157227000.0,64204000.0,64204000.0,7882808000.0,387252000.0,0.532,3.776,13612760000.0,2373482000.0,11239278000.0,13612760000.0,0.0,1783258000.0,0.0,0.039,1.5,2263538000.0,4046796000.0,0.344,4046796000.0,2263538000.0,1425505000.0,1.32,1.31,1.32,7124751000.0,7282871750.0,7124751000.0,24678122812.0,11.0,6.098,532853000.0,1.811,1.0,3892531000.0,0.331,6249363000.0,838033000.0,36635253000.0,36505685750.0,460617000.0,1161259000.0,0.0,1161259000.0,26899789000.0,4688480000.0,22211309000.0,11444114812.0,-275208000.0,0.0,0.0,-224300000.0,-440469000.0,-1102392000.0,-862896000.0,29238000.0,1690080000.0,0.0,387252000.0,387252000.0,387252000.0,131829000.0,0.0,0.033,1599311000.0,2293220000.0,857724000.0,1.136,1.606,29.552,29.129,12914236000.0,0.0,38.45,0.972,0.961,1641254000.0,1575153000.0,11775339000.0,11775339000.0,0.0,0.011,0.053,0.062,0.192,0.0,0.0,1.0,297636276.0,294166000,295888000.0,40.03,27775177000.0,0.0,1038253000.0,2766054000.0,94.42,-2194558000.0
73,FE,MRT,2003-03-31,2003-03-31,2003-03-31,2021-07-22,-657411000.0,34287417000.0,34279728000.0,2583837000.0,31703580000.0,0.345,24.374,-1026850000.0,290036000.0,290036000.0,7608066000.0,653038000.0,0.517,3.787,13524044000.0,2485554000.0,11038490000.0,13524044000.0,0.0,1729473000.0,0.0,0.048,1.5,2705762000.0,4435235000.0,0.375,4435235000.0,2705762000.0,1822963000.0,2.23,2.22,2.23,7163301000.0,7393047500.0,7163301000.0,22847096694.0,8.0,5.151,903622000.0,3.075,1.0,4212747000.0,0.356,6237274000.0,882799000.0,36284989000.0,36635769500.0,415218000.0,1060994000.0,0.0,1060994000.0,27124116000.0,4999162000.0,22124954000.0,9375542694.0,-357320000.0,0.0,0.0,-338960000.0,-440061000.0,-1115584000.0,-1172208000.0,91241000.0,1930472000.0,0.0,653038000.0,653038000.0,653038000.0,63606000.0,0.0,0.055,1545526000.0,2667221000.0,885651000.0,0.673,1.309,14.357,14.126,12977054000.0,0.0,31.5,0.793,0.783,1588995000.0,1743324000.0,11820813000.0,11820813000.0,0.0,0.019,0.088,0.074,0.229,0.0,0.0,1.0,297636276.0,293886000,294877000.0,40.222,28050143000.0,0.0,1169925000.0,2880352000.0,95.446,-2415325000.0
74,FE,MRT,2002-12-31,2002-12-31,2002-12-31,2021-07-22,0.0,34386353000.0,35034180500.0,2450098000.0,31936255000.0,0.327,24.048,-997723000.0,196301000.0,196301000.0,7237028000.0,552804000.0,0.467,3.877,13667855000.0,2795639000.0,10872216000.0,13667855000.0,0.0,1662484000.0,0.0,0.045,1.5,2672208000.0,4334692000.0,0.378,4334692000.0,2672208000.0,1716338000.0,1.89,1.88,1.89,7050661000.0,7461351750.0,7050661000.0,23256333020.0,9.0,5.365,934571000.0,3.188,1.0,4216326000.0,0.368,6278072000.0,955870000.0,36328592000.0,37628310500.0,427075000.0,2128995000.0,0.0,2128995000.0,27335692000.0,5251243000.0,22084449000.0,9813068020.0,-37960000.0,0.0,0.0,-161618000.0,-439628000.0,-1137552000.0,-832702000.0,-72029000.0,1932294000.0,0.0,552804000.0,552804000.0,552804000.0,65581000.0,0.0,0.048,1478537000.0,2737789000.0,906468000.0,0.794,1.392,17.751,17.444,12967165000.0,0.0,32.97,0.857,0.844,1623092000.0,1634981000.0,11453354000.0,11453354000.0,0.0,0.016,0.074,0.071,0.233,0.0,0.0,1.0,297636276.0,293194000,294421000.0,39.064,28108281000.0,0.0,1163534000.0,2524803000.0,95.869,-2801145000.0
75,FE,MRT,2002-09-30,2002-09-30,2002-09-30,2021-07-22,-118730000.0,34165554000.0,35775470500.0,3655642000.0,30509912000.0,0.32,26.567,-824255000.0,280547000.0,280547000.0,7384406000.0,779644000.0,0.722,3.384,13723812000.0,2631494000.0,11092318000.0,13723812000.0,0.0,1165162000.0,0.0,0.05,1.5,2911296000.0,4076458000.0,0.356,4076458000.0,2911296000.0,1977597000.0,2.71,2.71,2.71,7792774000.0,7548336250.0,7792774000.0,22579129290.0,8.0,5.539,870734000.0,2.968,1.0,4076458000.0,0.356,5771856000.0,933699000.0,36773909000.0,38740219500.0,419485000.0,1024332000.0,1024332000.0,0.0,26372780000.0,5063054000.0,21309726000.0,8896348290.0,104953000.0,-1601396000.0,0.0,2192954000.0,-418639000.0,1298488000.0,-2888524000.0,28477000.0,1694989000.0,0.0,779644000.0,779644000.0,779644000.0,0.0,0.0,0.068,1165162000.0,2911296000.0,789846000.0,0.554,1.142,11.411,11.03,12543108000.0,0.0,29.89,0.776,0.765,1699389000.0,1852298000.0,11460864000.0,11460864000.0,0.0,0.022,0.103,0.075,0.254,0.0,0.0,1.0,297636276.0,293328000,294277000.0,39.072,28393698000.0,0.0,1197953000.0,3461265000.0,96.798,-1407412000.0
76,FE,MRT,2002-06-30,2002-06-30,2002-06-30,2021-07-22,-134035000.0,34279588000.0,31753509250.0,3703983000.0,30575605000.0,0.314,25.814,-840608000.0,359050000.0,359050000.0,6236748000.0,728886000.0,0.712,3.531,14041831000.0,2964859000.0,11076972000.0,14041831000.0,0.0,1065509000.0,0.0,0.056,1.875,2659069000.0,3724578000.0,0.374,3724578000.0,2659069000.0,1821641000.0,2.81,2.8,2.81,7565454000.0,6791880750.0,7565454000.0,24740217893.0,9.0,6.642,776687000.0,2.65,1.0,3724578000.0,0.374,5604967000.0,837428000.0,37155588000.0,34452816500.0,401097000.0,1063306000.0,1063306000.0,0.0,26714134000.0,5201814000.0,21512320000.0,9935098893.0,153831000.0,-1601396000.0,0.0,2102798000.0,-390618000.0,1543870000.0,-3007334000.0,55939000.0,1617295000.0,0.0,728886000.0,728886000.0,728886000.0,0.0,0.0,0.073,1065509000.0,2659069000.0,741958000.0,0.667,1.313,13.631,11.879,12483929000.0,0.0,33.38,0.997,0.982,1631781000.0,1652006000.0,9961326000.0,9961326000.0,0.0,0.023,0.107,0.077,0.267,0.0,0.0,1.0,297636276.0,293080000,294589000.0,33.988,28674621000.0,0.0,1092755000.0,3510976000.0,97.839,-1497831000.0
77,FE,MRT,2002-03-31,2002-03-31,2002-03-31,2021-07-22,-132430000.0,37305227000.0,27717993750.0,3684182000.0,33621045000.0,0.32,25.399,-896565000.0,647717000.0,647717000.0,5527531000.0,667007000.0,0.658,4.016,15452836000.0,2855567000.0,12597269000.0,15452836000.0,0.0,971710000.0,0.0,0.054,1.875,2367658000.0,3339368000.0,0.377,3339368000.0,2367658000.0,1659547000.0,2.77,2.76,2.77,7436518000.0,6074113500.0,7436518000.0,14618164036.0,6.0,4.378,627100000.0,2.142,1.0,3339368000.0,0.377,6257481000.0,708111000.0,40255153000.0,30316159250.0,379355000.0,1032968000.0,1032968000.0,0.0,29868709000.0,5597712000.0,24270997000.0,7745283036.0,605221000.0,-1601396000.0,0.0,2317741000.0,-362606000.0,1781109000.0,-2699553000.0,-8963000.0,1523665000.0,0.0,667007000.0,667007000.0,667007000.0,0.0,0.0,0.075,971710000.0,2367658000.0,1069900000.0,0.677,1.042,11.612,12.484,14157833000.0,0.0,34.58,0.874,1.142,1602791000.0,1528572000.0,8866899000.0,8866899000.0,0.0,0.024,0.11,0.078,0.267,0.0,0.0,1.0,223981580.0,292791000,294344000.0,30.284,31047746000.0,0.0,992540000.0,3431726000.0,106.041,-1913530000.0
78,FE,MRT,2001-12-31,2001-12-31,2001-12-31,2021-07-22,0.0,37351513000.0,22892006750.0,3630564000.0,33720949000.0,0.349,32.236,-852449000.0,220178000.0,220178000.0,4969350000.0,646447000.0,0.778,3.721,13915268000.0,2481955000.0,11433313000.0,13915268000.0,0.0,889550000.0,0.0,0.054,1.875,2131963000.0,3021513000.0,0.378,3021513000.0,2131963000.0,1576244000.0,2.82,2.81,2.82,7398599000.0,5389922000.0,7398599000.0,14707756668.0,7.0,4.868,429235000.0,1.87,1.0,3030012000.0,0.379,5600918000.0,555719000.0,40776228000.0,25388715000.0,397518000.0,1014234000.0,1014234000.0,0.0,27531172000.0,4669457000.0,22861715000.0,7834875668.0,170920000.0,-2013218000.0,-15308000.0,2302579000.0,-334633000.0,1963911000.0,-3074675000.0,24518000.0,1281684000.0,0.0,646447000.0,646447000.0,646447000.0,0.0,0.0,0.081,889550000.0,2140462000.0,704184000.0,0.665,1.059,12.12,12.404,12428429000.0,0.0,34.98,0.979,1.004,1548214000.0,1521805000.0,7999362000.0,7999362000.0,0.0,0.028,0.12,0.084,0.267,0.0,0.0,1.0,223981580.0,229512000,230430000.0,34.854,31750595000.0,0.0,929797000.0,3363306000.0,138.34,-1038893000.0
79,FE,MRT,2001-09-30,2001-09-30,2001-09-30,2021-07-22,-122333000.0,18077709000.0,18039452000.0,1631240000.0,16446469000.0,0.42,21.807,-773946000.0,175594000.0,175594000.0,4692190000.0,603075000.0,0.498,2.792,7048475000.0,1853724000.0,5194751000.0,7048475000.0,0.0,870506000.0,0.0,0.052,1.875,1997620000.0,2868126000.0,0.379,2868126000.0,1997620000.0,1497623000.0,2.76,2.75,2.76,4766952000.0,4703553750.0,4766952000.0,15155722801.0,8.0,5.284,607263000.0,2.778,1.0,2876625000.0,0.38,2047697000.0,499997000.0,19624297000.0,20241597000.0,344048000.0,640321000.0,0.0,640321000.0,13310757000.0,3278596000.0,10032161000.0,8052137801.0,108381000.0,0.0,-91853000.0,152734000.0,-327870000.0,-302455000.0,-970373000.0,7275000.0,1381209000.0,0.0,603075000.0,603075000.0,603075000.0,0.0,0.0,0.08,870506000.0,2006119000.0,450964000.0,0.679,1.689,13.352,13.025,7658679000.0,0.0,35.95,1.064,1.038,964373000.0,1442247000.0,7568815000.0,7568815000.0,0.0,0.033,0.128,0.099,0.264,0.0,0.0,1.0,223981580.0,218594000,220165000.0,34.625,16030012000.0,0.0,894548000.0,2672850000.0,73.332,-1647356000.0
80,FE,MRT,2001-06-30,2001-06-30,2001-06-30,2021-07-22,-36578000.0,18137526000.0,18011919500.0,1642790000.0,16494736000.0,0.417,21.497,-588039000.0,205219000.0,205219000.0,4617231000.0,567175000.0,0.639,2.864,7308804000.0,1397211000.0,5911593000.0,7308804000.0,0.0,940626000.0,0.0,0.047,1.5,1942458000.0,2883084000.0,0.384,2883084000.0,1942458000.0,1435401000.0,2.58,2.58,2.58,4694385000.0,4682756750.0,4694385000.0,14281277613.0,7.0,4.953,696375000.0,3.189,1.0,2891583000.0,0.385,2062293000.0,507057000.0,20608959000.0,20429923500.0,327980000.0,634211000.0,0.0,634211000.0,13443141000.0,2569859000.0,10873282000.0,7203247613.0,117659000.0,0.0,-136298000.0,50171000.0,-329319000.0,-450912000.0,-715843000.0,9014000.0,1284414000.0,0.0,567175000.0,567175000.0,567175000.0,0.0,0.0,0.076,940626000.0,1950957000.0,370982000.0,0.581,1.534,12.7,12.465,7604706000.0,0.0,32.16,0.959,0.935,894864000.0,1290101000.0,7508814000.0,7508814000.0,0.0,0.031,0.121,0.095,0.259,0.0,0.0,1.0,223981580.0,218372000,219540000.0,34.385,16075233000.0,0.0,868226000.0,2645510000.0,73.614,-927069000.0
81,FE,MRT,2001-03-31,2001-03-31,2001-03-31,2021-07-22,39071000.0,18001279000.0,18002857750.0,1429886000.0,16571393000.0,0.411,21.548,-587114000.0,42496000.0,42496000.0,4474541000.0,555760000.0,0.581,2.83,7120526000.0,1233447000.0,5887079000.0,7120526000.0,0.0,958814000.0,0.0,0.054,1.5,1964918000.0,2923732000.0,0.395,2923732000.0,1964918000.0,1444480000.0,2.51,2.51,2.51,4699752000.0,4661261750.0,4699752000.0,13302602714.0,7.0,4.55,814900000.0,3.736,1.0,2932231000.0,0.396,2074712000.0,520438000.0,20545376000.0,20474553250.0,290761000.0,617581000.0,0.0,617581000.0,13301527000.0,2459221000.0,10842306000.0,6253565714.0,-550000.0,0.0,-176348000.0,-142058000.0,-331518000.0,-688388000.0,-714176000.0,7481000.0,1402014000.0,0.0,555760000.0,555760000.0,555760000.0,0.0,0.0,0.075,958814000.0,1973417000.0,409001000.0,0.598,1.331,11.252,11.124,7598603000.0,0.0,27.92,0.844,0.822,889255000.0,1225945000.0,7406772000.0,7406772000.0,0.0,0.031,0.119,0.096,0.265,0.0,0.0,1.0,223981580.0,218107000,218903000.0,33.959,15926567000.0,0.0,888720000.0,2724249000.0,73.022,-1029335000.0
82,FE,MRT,2000-12-31,2000-12-31,2000-12-31,2021-07-22,0.0,17941294000.0,18029500000.0,2754902000.0,15186392000.0,0.39,20.918,-587618000.0,49258000.0,49258000.0,4042689000.0,598970000.0,1.062,2.965,6978295000.0,1236247000.0,5742048000.0,6978295000.0,0.0,933684000.0,0.0,0.048,1.5,2052588000.0,2986272000.0,0.425,2986272000.0,2052588000.0,1523453000.0,2.69,2.69,2.69,4653126000.0,4634607500.0,4653126000.0,14003970257.0,7.0,4.689,920208000.0,4.137,1.0,2986272000.0,0.425,2088770000.0,529135000.0,20187756000.0,20571137000.0,283718000.0,584288000.0,584288000.0,0.0,13798479000.0,2593805000.0,11204674000.0,7115826257.0,-62530000.0,0.0,-195002000.0,-312306000.0,-334220000.0,-879992000.0,-690364000.0,17449000.0,1507826000.0,0.0,598970000.0,598970000.0,598970000.0,0.0,0.0,0.085,933684000.0,2052588000.0,478661000.0,0.558,1.529,11.88,11.732,7575076000.0,0.0,31.56,1.012,0.999,918449000.0,1209991000.0,7028961000.0,7028961000.0,0.0,0.033,0.129,0.1,0.292,0.0,0.0,1.0,225469780.0,222444000,222726000.0,31.599,15852524000.0,0.0,924483000.0,2744752000.0,71.265,161097000.0
83,FE,MRT,2000-09-30,2000-09-30,2000-09-30,2021-07-22,-195000.0,17967579000.0,18100188250.0,1315710000.0,16651869000.0,0.378,21.113,-707798000.0,67213000.0,67213000.0,5098227000.0,594142000.0,0.554,2.836,6955357000.0,1110346000.0,5845011000.0,6955357000.0,0.0,919335000.0,0.0,0.056,1.5,2079682000.0,2999017000.0,0.438,2999017000.0,2079682000.0,1541578000.0,2.65,2.65,2.65,4683764000.0,4612298500.0,4683764000.0,13270380897.0,6.0,4.425,854445000.0,3.852,1.0,1749417000.0,0.255,2102912000.0,538104000.0,20377603000.0,20750835250.0,245597000.0,600231000.0,0.0,600231000.0,13283815000.0,2375208000.0,10908607000.0,6163466897.0,89093000.0,0.0,-131980000.0,-389403000.0,-336693000.0,788672000.0,-714094000.0,40913000.0,1562243000.0,0.0,594142000.0,594142000.0,594142000.0,0.0,0.0,0.087,827772000.0,921645000.0,316308000.0,0.566,1.316,10.374,10.174,7499556000.0,0.0,26.96,0.9,0.873,812944000.0,1167041000.0,6847644000.0,6847644000.0,0.0,0.033,0.129,0.1,0.304,0.0,0.0,1.0,228615241.0,221846000,222406000.0,30.867,15864667000.0,267226000.0,947436000.0,2886970000.0,71.512,-1059498000.0
84,FE,MRT,2000-06-30,2000-06-30,2000-06-30,2021-07-22,-195000.0,18101279000.0,18127013500.0,1339270000.0,16762009000.0,0.369,20.615,-717302000.0,87560000.0,87560000.0,4516535000.0,581778000.0,0.581,2.928,7194474000.0,1108549000.0,6085925000.0,7194474000.0,0.0,956941000.0,0.0,0.064,1.5,2069055000.0,3025996000.0,0.452,3025996000.0,2069055000.0,1520828000.0,2.58,2.58,2.58,4608405000.0,4575518750.0,4608405000.0,12533704831.0,6.0,4.142,899601000.0,4.024,1.0,2171855000.0,0.325,2117054000.0,548227000.0,20787478000.0,20822376000.0,234807000.0,574967000.0,0.0,574967000.0,13492874000.0,2303661000.0,11189213000.0,5389193831.0,-1489000.0,0.0,-128570000.0,-538534000.0,-338549000.0,635175000.0,-705839000.0,41044000.0,1616903000.0,0.0,581778000.0,581778000.0,581778000.0,0.0,0.0,0.087,892771000.0,1279084000.0,357237000.0,0.581,1.169,9.263,9.062,7444308000.0,0.0,23.38,0.806,0.781,788757000.0,1052245000.0,6688390000.0,6688390000.0,0.0,0.032,0.127,0.099,0.309,0.0,0.0,1.0,230504441.0,223542000,223993000.0,29.92,15984225000.0,267226000.0,939050000.0,2882981000.0,71.504,-964391000.0
85,FE,MRT,2000-03-31,2000-03-31,2000-03-31,2021-07-22,-195000.0,18107848000.0,18197489750.0,1258580000.0,16849268000.0,0.357,20.427,-685876000.0,43046000.0,43046000.0,3876593000.0,572496000.0,0.571,2.942,7187557000.0,1011344000.0,6176213000.0,7187557000.0,0.0,948847000.0,0.0,0.073,1.5,2079930000.0,3028777000.0,0.466,3028777000.0,2079930000.0,1518687000.0,2.53,2.53,2.53,4593135000.0,4541726750.0,4593135000.0,11957817320.0,6.0,3.948,917715000.0,4.081,1.0,2628432000.0,0.404,2117761000.0,561243000.0,20931711000.0,20929942750.0,247227000.0,558266000.0,0.0,558266000.0,13514713000.0,2202887000.0,11311826000.0,4768002320.0,134918000.0,0.0,-119596000.0,-410314000.0,-339785000.0,763358000.0,-684303000.0,39051000.0,1603591000.0,0.0,572496000.0,572496000.0,572496000.0,0.0,0.0,0.088,919517000.0,1708915000.0,342060000.0,0.593,1.038,8.328,8.154,9117895000.0,0.0,20.63,0.733,0.713,753780000.0,1001704000.0,6505025000.0,6505025000.0,0.0,0.031,0.126,0.099,0.32,0.0,0.0,1.0,231119841.0,224859000,224859000.0,28.929,15990087000.0,267226000.0,946191000.0,2893475000.0,71.112,-944307000.0
86,FE,MRT,1999-12-31,1999-12-31,1999-12-31,2021-07-22,0.0,18224047000.0,18217618500.0,1301676000.0,16922371000.0,0.347,20.085,-624901000.0,111788000.0,111788000.0,3302200000.0,568299000.0,0.548,2.993,7301603000.0,1180339000.0,6121264000.0,7301603000.0,0.0,937976000.0,0.0,0.066,1.5,2079471000.0,3017447000.0,0.477,3017447000.0,2079471000.0,1507178000.0,2.5,2.5,2.5,4563890000.0,4508342500.0,4563890000.0,12479259265.0,6.0,4.136,863405000.0,3.8,1.0,3017447000.0,0.477,2129902000.0,572293000.0,20906549000.0,21048896000.0,254065000.0,543694000.0,0.0,543694000.0,13660157000.0,2377411000.0,11282746000.0,5287314265.0,33990000.0,0.0,-130133000.0,-318847000.0,-341467000.0,842606000.0,-611710000.0,41213000.0,1488306000.0,0.0,568299000.0,568299000.0,568299000.0,0.0,0.0,0.09,937976000.0,2079471000.0,360379000.0,0.6,1.159,9.304,9.076,9093341000.0,0.0,22.69,0.837,0.816,767929000.0,945241000.0,6319647000.0,6319647000.0,0.0,0.031,0.126,0.099,0.329,0.0,0.0,1.0,233023987.0,227227000,227299000.0,27.812,16094145000.0,0.0,938879000.0,2910072000.0,70.828,-1075735000.0
87,FE,MRT,1999-09-30,1999-09-30,1999-09-30,2021-07-22,-439000.0,18074880000.0,18209651000.0,1253536000.0,16821344000.0,0.329,20.035,-503563000.0,115604000.0,115604000.0,1394208000.0,542565000.0,0.503,2.984,7307549000.0,1370002000.0,5937547000.0,7307549000.0,0.0,899122000.0,0.0,0.059,1.5,2055321000.0,2954443000.0,0.493,2954443000.0,2055321000.0,1471192000.0,2.39,2.39,2.39,4536645000.0,4479659500.0,4536645000.0,13387953980.0,7.0,4.531,888021000.0,3.922,1.0,4601337000.0,0.767,2108816000.0,584129000.0,20663766000.0,21165507750.0,222531000.0,406589000.0,0.0,406589000.0,13538235000.0,2494243000.0,11043992000.0,5921625980.0,62305000.0,0.0,-116283000.0,-414229000.0,-342777000.0,-906698000.0,-486953000.0,104877000.0,1391584000.0,0.0,542565000.0,542565000.0,542565000.0,0.0,0.0,0.09,970039000.0,3631298000.0,232180000.0,0.628,1.305,10.914,10.59,9032457000.0,0.0,25.31,0.988,0.956,752340000.0,909592000.0,5995545000.0,5995545000.0,0.0,0.03,0.121,0.097,0.343,0.0,0.0,1.0,233963887.0,226432000,226432000.0,26.478,15966064000.0,270666000.0,928627000.0,3011631000.0,70.512,-1240707000.0
88,FE,MRT,1999-06-30,1999-06-30,1999-06-30,2021-07-22,-439000.0,18383184000.0,18246693750.0,1411430000.0,16971754000.0,0.328,19.674,-465304000.0,226533000.0,226533000.0,1540081000.0,519833000.0,0.562,3.11,7692861000.0,1430014000.0,6262847000.0,7692861000.0,0.0,778961000.0,0.0,0.048,1.5,2035838000.0,2814799000.0,0.47,2814799000.0,2035838000.0,1439707000.0,2.28,2.28,2.28,4473237000.0,4454509250.0,4473237000.0,14791194497.0,7.0,5.255,643174000.0,2.829,1.0,4445060000.0,0.743,2121178000.0,596131000.0,21217745000.0,21376575500.0,249411000.0,396451000.0,0.0,396451000.0,13909947000.0,2510589000.0,11399358000.0,7274270497.0,219940000.0,0.0,-75248000.0,-81581000.0,-343570000.0,-527888000.0,-425022000.0,105011000.0,1108478000.0,0.0,519833000.0,519833000.0,519833000.0,0.0,0.0,0.087,834396000.0,3610664000.0,304059000.0,0.658,1.626,13.993,13.596,9224174000.0,0.0,31.0,1.215,1.178,724811000.0,809017000.0,5985141000.0,5985141000.0,0.0,0.028,0.117,0.095,0.34,0.0,0.0,1.0,234653887.0,227367000,227367000.0,26.324,16262006000.0,270666000.0,919874000.0,2971447000.0,71.523,-1099159000.0
89,FE,MRT,1999-03-31,1999-03-31,1999-03-31,2021-07-22,-439000.0,18188363000.0,18234820000.0,1085249000.0,17103114000.0,0.325,19.462,-679453000.0,45612000.0,45612000.0,1701083000.0,423943000.0,0.509,3.078,7562536000.0,1107247000.0,6455289000.0,7562536000.0,0.0,755951000.0,0.0,0.054,1.5,1894310000.0,2650261000.0,0.447,2650261000.0,1894310000.0,1290873000.0,1.86,1.86,1.86,4459598000.0,4424065500.0,4459598000.0,14133744236.0,7.0,5.333,434990000.0,1.898,1.0,4229296000.0,0.713,2163946000.0,603437000.0,21407524000.0,21544559000.0,260048000.0,369837000.0,0.0,369837000.0,13728765000.0,2133817000.0,11594948000.0,6608243236.0,61139000.0,0.0,159683000.0,-377714000.0,-341857000.0,-581159000.0,-653007000.0,105008000.0,1114443000.0,0.0,423943000.0,423943000.0,423943000.0,0.0,0.0,0.071,784664000.0,3444632000.0,270993000.0,0.806,1.482,15.588,15.054,9219634000.0,0.0,28.0,1.114,1.082,582732000.0,768993000.0,5930379000.0,5930379000.0,0.0,0.023,0.096,0.088,0.319,0.0,0.0,1.0,236008687.0,229140000,229140000.0,25.881,16024417000.0,271642000.0,866930000.0,2955671000.0,69.933,-1048568000.0
90,FE,MRT,1998-12-31,1998-12-31,1998-12-31,2021-07-22,0.0,18192177000.0,18200225250.0,1067133000.0,17125044000.0,0.323,19.654,-652852000.0,77798000.0,77798000.0,1726513000.0,410874000.0,0.49,3.089,7603299000.0,1130940000.0,6472359000.0,7603299000.0,0.0,758865000.0,0.0,0.076,2.475,1866545000.0,2625410000.0,0.447,2625410000.0,1866545000.0,1265569000.0,1.82,1.82,1.82,4449158000.0,4359440500.0,4449158000.0,15278998473.0,8.0,5.82,502473000.0,2.22,1.0,4148393000.0,0.706,2167968000.0,600976000.0,21372996000.0,21736319250.0,256035000.0,358371000.0,0.0,358371000.0,13743019000.0,2176714000.0,11566305000.0,7718969473.0,-20439000.0,0.0,204182000.0,-353159000.0,-339111000.0,-392869000.0,-782895000.0,-47804000.0,1155325000.0,0.0,410874000.0,410874000.0,410874000.0,0.0,0.0,0.07,758865000.0,3389528000.0,247353000.0,1.36,1.735,18.787,17.89,9242574000.0,0.0,32.56,1.314,1.255,561369000.0,718409000.0,5874906000.0,5874906000.0,0.0,0.023,0.094,0.086,0.318,0.0,0.0,1.0,237069087.0,226373000,226373000.0,25.952,16024209000.0,0.0,854695000.0,2970706000.0,70.787,-1109581000.0
91,FE,MRT,1998-09-30,1998-09-30,1998-09-30,2021-07-22,0.0,18223051000.0,18172379750.0,1174903000.0,17048148000.0,0.312,19.331,-535953000.0,117671000.0,117671000.0,1422855000.0,386590000.0,0.565,3.108,7677700000.0,951376000.0,6726324000.0,7677700000.0,0.0,767850000.0,0.0,0.068,2.1,1779777000.0,2547627000.0,0.45,2547627000.0,1779777000.0,1217258000.0,1.71,1.71,1.71,4436044000.0,4287050500.0,4436044000.0,15019118842.0,8.0,5.895,512773000.0,2.234,1.0,4240629000.0,0.749,2194940000.0,562519000.0,21508037000.0,21875177000.0,230651000.0,323252000.0,0.0,323252000.0,13787007000.0,2080103000.0,11706904000.0,7363365842.0,135997000.0,-1727964000.0,1762092000.0,-232241000.0,-327796000.0,-863220000.0,-2308787000.0,25166000.0,1048726000.0,0.0,386590000.0,386590000.0,386590000.0,0.0,0.0,0.068,465058000.0,3775571000.0,262197000.0,1.228,1.66,19.047,18.164,9077552000.0,0.0,31.06,1.3,1.259,673876000.0,709804000.0,5663484000.0,5663484000.0,0.0,0.021,0.09,0.081,0.314,0.0,0.0,1.0,237069087.0,229482000,229482000.0,24.679,16028111000.0,270888000.0,830668000.0,3016600000.0,69.845,-905200000.0
92,FE,MRT,1998-06-30,1998-06-30,1998-06-30,2021-07-22,0.0,18335689000.0,,1151293000.0,17184396000.0,,19.427,-511486000.0,70965000.0,70965000.0,1023254000.0,312197000.0,0.624,3.214,7726718000.0,609922000.0,7116796000.0,7726718000.0,0.0,675923000.0,0.0,0.056,1.725,1479614000.0,2155537000.0,0.469,2155537000.0,1479614000.0,1006013000.0,1.61,1.61,1.61,4351462000.0,,4351462000.0,14912440154.0,10.0,6.918,504115000.0,2.251,1.0,3570903000.0,0.777,2256883000.0,473601000.0,21889679000.0,,251944000.0,327481000.0,0.0,327481000.0,13984227000.0,1844880000.0,12139347000.0,7091736154.0,87246000.0,-1727964000.0,1762092000.0,-299813000.0,-294865000.0,-896861000.0,-2290772000.0,24961000.0,1015601000.0,0.0,312197000.0,312197000.0,312197000.0,0.0,0.0,0.068,474445000.0,3096458000.0,506476000.0,1.071,1.63,22.716,19.099,9134634000.0,0.0,30.75,1.544,1.499,626966000.0,632753000.0,4594157000.0,4594157000.0,0.0,,,,0.322,0.0,0.0,1.0,230625566.0,223987000,223987000.0,20.511,16078806000.0,270647000.0,693816000.0,2969566000.0,71.785,-693587000.0
93,FE,MRT,1998-03-31,1998-03-31,1998-03-31,2021-07-22,0.0,18049984000.0,,948690000.0,17101294000.0,,18.889,-233562000.0,48845000.0,48845000.0,694962000.0,356526000.0,0.593,3.296,7869549000.0,600593000.0,7268956000.0,7869549000.0,0.0,568848000.0,0.0,0.044,1.35,1346399000.0,1915247000.0,0.514,1915247000.0,1346399000.0,961198000.0,1.99,1.99,1.99,4201098000.0,,4201098000.0,14856945014.0,11.0,7.757,662592000.0,2.979,1.0,3028468000.0,0.813,2095217000.0,385201000.0,22174565000.0,,247794000.0,317596000.0,0.0,317596000.0,13848886000.0,1600906000.0,12247980000.0,7092682014.0,60328000.0,-1727964000.0,1558237000.0,-213304000.0,-267698000.0,-705463000.0,-2006845000.0,25027000.0,896154000.0,0.0,356526000.0,356526000.0,356526000.0,0.0,0.0,0.096,473752000.0,2554716000.0,271866000.0,0.678,1.688,19.894,15.482,9503471000.0,0.0,30.81,1.905,1.84,233378000.0,686907000.0,3723430000.0,3723430000.0,0.0,,,,0.362,0.0,0.0,1.0,230207141.0,222407000,222407000.0,16.742,15954767000.0,270230000.0,604672000.0,3008948000.0,71.737,-652216000.0
94,FE,MRT,1997-12-31,1997-12-31,1997-12-31,2021-07-22,0.0,18080795000.0,13567626000.0,1002991000.0,17077804000.0,0.218,26.416,-203839000.0,98237000.0,98237000.0,530299000.0,305774000.0,0.554,3.35,7862500000.0,772665000.0,7089835000.0,7862500000.0,0.0,474679000.0,0.0,0.0,0.0,1105001000.0,1579680000.0,0.533,1579680000.0,1105001000.0,796472000.0,1.94,1.94,1.94,4159598000.0,3331478500.0,4159598000.0,,,,652598000.0,4.144,1.0,2430826000.0,0.821,2107795000.0,308529000.0,21928427000.0,16694921500.0,237800000.0,0.0,0.0,0.0,13933328000.0,1808836000.0,12124492000.0,6676007089.0,20970000.0,-1582459000.0,1558237000.0,-293387000.0,-237848000.0,-1022002000.0,-1857469000.0,-8934000.0,856437000.0,0.0,305774000.0,305774000.0,305774000.0,0.0,0.0,0.103,474679000.0,1956147000.0,312690000.0,0.0,1.605,21.833,14.948,9635992000.0,0.0,29.0,2.255,1.542,503268000.0,646646000.0,2961125000.0,2961125000.0,0.0,0.023,0.092,0.066,0.373,0.0,0.0,1.0,230207141.0,157464000,157464000.0,18.805,15973000000.0,0.0,490698000.0,3010442000.0,101.439,-805845000.0
95,FE,MRT,1997-09-30,1997-09-30,1997-09-30,2021-07-22,,,,,,,,,,,,,,,,,,,,,,,0.0,,,,,,,,,,,,,,,,,,1.0,,,,,,,,,,,,,,,,,,,,,,,,,,,,,,,,,,,,,,,,,,,,,,,,,,,,,,1.0,,144586000,,,,,,,,
96,FE,MRT,1997-06-30,1997-06-30,1997-06-30,2021-07-22,,,,,,,,,,,,,,,,,,,,,,,0.0,,,,,,,,,,,,,,,,,,1.0,,,,,,,,,,,,,,,,,,,,,,,,,,,,,,,,,,,,,,,,,,,,,,,,,,,,,,1.0,,144468000,,,,,,,,
97,FE,MRT,1997-03-31,1997-03-31,1997-03-31,2021-07-22,,,,,,,,,,,,,,,,,,,,,,,0.0,,,,,,,,,,,,,,,,,,1.0,,,,,,,,,,,,,,,,,,,,,,,,,,,,,,,,,,,,,,,,,,,,,,,,,,,,,,1.0,,144345000,,,,,,,,
98,FE,MRT,1996-12-31,1996-12-31,1996-12-31,2021-07-22,0.0,9054457000.0,,496933000.0,8557524000.0,,17.373,-148189000.0,5253000.0,5253000.0,456629000.0,302673000.0,0.45,2.671,3515907000.0,683147000.0,2832760000.0,3515907000.0,0.0,383441000.0,0.0,,0.0,1010899000.0,1394340000.0,0.553,1394340000.0,1010899000.0,745966000.0,2.1,2.1,2.1,2503359000.0,,2503359000.0,,,,599568000.0,4.161,1.0,2065159000.0,0.819,0.0,264933000.0,11461416000.0,,110645000.0,0.0,0.0,0.0,6686684000.0,1103695000.0,5582989000.0,,-24577000.0,0.0,0.0,96912000.0,-218656000.0,-122760000.0,-649574000.0,-487979000.0,747757000.0,0.0,302673000.0,302673000.0,302673000.0,0.0,0.0,0.12,383441000.0,1681718000.0,93509000.0,0.0,,,,5506970000.0,0.0,,,,247027000.0,,2521788000.0,2521788000.0,0.0,,,,0.401,0.0,0.0,1.0,,144095000,144095000.0,17.501,9054457000.0,100802000.0,443293000.0,2119830000.0,62.837,-606762000.0
99,FE,MRT,1995-12-31,1995-12-31,1995-12-31,2021-07-22,,,,,,,,,,,755200000.0,294747000.0,,,,,,,,,,,0.0,1016193000.0,,,,1016193000.0,729898000.0,2.05,2.05,2.05,,,,,,,,,1.0,1710646000.0,0.694,,286295000.0,,,,,,,,,,,,,,,,,,,,,294747000.0,294747000.0,294747000.0,0.0,0.0,0.12,708877000.0,1001769000.0,,0.0,,,,,0.0,,,,,,2465846000.0,2465846000.0,0.0,,,,0.412,,0.0,1.0,,143692000,143692000.0,17.161,,,435151000.0,,,
