None,ticker,dimension,calendardate,datekey,reportperiod,lastupdated,accoci,assets,assetsavg,assetsc,assetsnc,assetturnover,bvps,capex,cashneq,cashnequsd,cor,consolinc,currentratio,de,debt,debtc,debtnc,debtusd,deferredrev,depamor,deposits,divyield,dps,ebit,ebitda,ebitdamargin,ebitdausd,ebitusd,ebt,eps,epsdil,epsusd,equity,equityavg,equityusd,ev,evebit,evebitda,fcf,fcfps,fxusd,gp,grossmargin,intangibles,intexp,invcap,invcapavg,inventory,investments,investmentsc,investmentsnc,liabilities,liabilitiesc,liabilitiesnc,marketcap,ncf,ncfbus,ncfcommon,ncfdebt,ncfdiv,ncff,ncfi,ncfinv,ncfo,ncfx,netinc,netinccmn,netinccmnusd,netincdis,netincnci,netmargin,opex,opinc,payables,payoutratio,pb,pe,pe1,ppnenet,prefdivis,price,ps,ps1,receivables,retearn,revenue,revenueusd,rnd,roa,roe,roic,ros,sbcomp,sgna,sharefactor,sharesbas,shareswa,shareswadil,sps,tangibles,taxassets,taxexp,taxliabilities,tbvps,workingcapital
0,FAST,MRY,2020-12-31,2020-12-31,2020-12-31,2021-10-16,-21200000.0,3964700000.0,4023300000.0,2499600000.0,1465100000.0,1.404,4.763,-157500000.0,245700000.0,245700000.0,3079500000.0,859100000.0,4.08,0.451,650100000.0,133600000.0,516500000.0,650100000.0,0.0,162400000.0,0.0,0.029,1.4,1142400000.0,1304800000.0,0.231,1304800000.0,1142400000.0,1132700000.0,1.5,1.49,1.5,2733200000.0,2764600000.0,2733200000.0,28350722297.0,25.0,21.728,944300000.0,1.646,1.0,2567800000.0,0.455,0.0,9700000.0,3756400000.0,3846625000.0,1337500000.0,0.0,0.0,0.0,1231500000.0,612700000.0,618800000.0,28031022297.0,70800000.0,-125000000.0,-11000000.0,60000000.0,-803400000.0,-754400000.0,-281700000.0,0.0,1101800000.0,5100000.0,859100000.0,859100000.0,859100000.0,0.0,0.0,0.152,1426000000.0,1141800000.0,207000000.0,0.933,10.256,32.628,32.553,1273700000.0,0.0,48.83,4.964,4.961,769400000.0,2689600000.0,5647300000.0,5647300000.0,0.0,0.214,0.311,0.297,0.202,5700000.0,1427400000.0,1.0,574053293.0,573800000,575700000.0,9.842,3964700000.0,6700000.0,273600000.0,102300000.0,6.91,1886900000.0
1,FAST,MRY,2019-12-31,2019-12-31,2019-12-31,2021-10-16,-38400000.0,3799900000.0,3755575000.0,2457200000.0,1342700000.0,1.42,4.65,-239800000.0,174900000.0,174900000.0,2818300000.0,790900000.0,4.511,0.426,590600000.0,100400000.0,490200000.0,590600000.0,0.0,148700000.0,0.0,0.024,0.87,1057600000.0,1206300000.0,0.226,1206300000.0,1057600000.0,1043700000.0,1.38,1.38,1.38,2665600000.0,2538050000.0,2665600000.0,21686029227.0,21.0,17.977,602900000.0,1.052,1.0,2515400000.0,0.472,0.0,13900000.0,3670900000.0,3709225000.0,1366400000.0,0.0,0.0,0.0,1134300000.0,544700000.0,589600000.0,21191829227.0,7700000.0,0.0,58500000.0,-155000000.0,-498600000.0,-595100000.0,-239700000.0,0.0,842700000.0,-200000.0,790900000.0,790900000.0,790900000.0,0.0,0.0,0.148,1458200000.0,1057200000.0,192800000.0,0.63,7.95,26.795,26.775,1266400000.0,0.0,36.95,3.973,3.971,741800000.0,2633900000.0,5333700000.0,5333700000.0,0.0,0.211,0.312,0.285,0.198,5700000.0,1459400000.0,1.0,573527178.0,573200000,574400000.0,9.305,3799900000.0,16700000.0,252800000.0,99400000.0,6.629,1912500000.0
2,FAST,MRY,2018-12-31,2018-12-31,2018-12-31,2021-10-16,-44800000.0,3321500000.0,3161275000.0,2316200000.0,1005300000.0,1.571,4.012,-166800000.0,167200000.0,167200000.0,2566200000.0,751900000.0,5.295,0.442,500000000.0,3000000.0,497000000.0,500000000.0,0.0,138200000.0,0.0,0.029,0.77,999600000.0,1137800000.0,0.229,1137800000.0,999600000.0,987000000.0,1.31,1.31,1.31,2302700000.0,2254225000.0,2302700000.0,15270490555.0,15.0,13.421,507400000.0,0.884,1.0,2398900000.0,0.483,0.0,12600000.0,3216900000.0,3039525000.0,1278700000.0,0.0,0.0,0.0,1018800000.0,437400000.0,581400000.0,15010190555.0,50300000.0,-3700000.0,-89600000.0,85000000.0,-441900000.0,-446500000.0,-173900000.0,0.0,674200000.0,-3500000.0,751900000.0,751900000.0,751900000.0,0.0,0.0,0.151,1399700000.0,999200000.0,193600000.0,0.588,6.519,19.963,19.958,924800000.0,0.0,26.145,3.023,3.022,714300000.0,2341600000.0,4965100000.0,4965100000.0,0.0,0.238,0.334,0.329,0.201,5100000.0,1400200000.0,1.0,574113236.0,573900000,574300000.0,8.652,3321500000.0,9000000.0,235100000.0,84400000.0,5.788,1878800000.0
3,FAST,MRY,2017-12-31,2017-12-31,2017-12-31,2021-10-16,-25100000.0,2910500000.0,2862475000.0,1935700000.0,974800000.0,1.534,3.638,-112500000.0,116900000.0,116900000.0,2226900000.0,578600000.0,5.515,0.388,415000000.0,3000000.0,412000000.0,415000000.0,0.0,127400000.0,0.0,0.023,0.64,882200000.0,1009600000.0,0.23,1009600000.0,882200000.0,873100000.0,1.0,1.0,1.0,2096900000.0,2024100000.0,2096900000.0,16023979554.0,18.0,15.872,472700000.0,0.82,1.0,2163600000.0,0.493,0.0,9100000.0,2857600000.0,2797975000.0,1092900000.0,0.0,0.0,0.0,813600000.0,351000000.0,462600000.0,15717379554.0,4200000.0,-58700000.0,-73100000.0,35000000.0,-369100000.0,-407200000.0,-179300000.0,0.0,585200000.0,5500000.0,578600000.0,578600000.0,578600000.0,0.0,0.0,0.132,1281800000.0,881800000.0,147500000.0,0.64,7.496,27.164,27.345,893600000.0,0.0,27.345,3.58,3.59,607800000.0,2110600000.0,4390500000.0,4390500000.0,0.0,0.202,0.286,0.315,0.201,5200000.0,1282800000.0,1.0,574780748.0,576400000,576700000.0,7.617,2910500000.0,0.0,294500000.0,57100000.0,5.049,1584700000.0
4,FAST,MRY,2016-12-31,2016-12-31,2016-12-31,2021-10-16,-47300000.0,2668900000.0,2685321250.0,1720800000.0,948100000.0,1.475,3.346,-183000000.0,112700000.0,112700000.0,1997200000.0,499400000.0,6.242,0.381,390000000.0,10500000.0,379500000.0,390000000.0,0.0,104000000.0,0.0,0.026,0.6,796200000.0,900200000.0,0.227,900200000.0,796200000.0,789700000.0,0.865,0.865,0.865,1933100000.0,1883109000.0,1933100000.0,13876743837.0,17.0,15.415,336900000.0,0.583,1.0,1964800000.0,0.496,0.0,6500000.0,2670500000.0,2597743000.0,993000000.0,0.0,0.0,0.0,735800000.0,275700000.0,460100000.0,13578726837.0,-16300000.0,0.0,-30200000.0,30000000.0,-346600000.0,-346800000.0,-188100000.0,0.0,519900000.0,-1300000.0,499400000.0,499400000.0,499400000.0,0.0,0.0,0.126,1169000000.0,795800000.0,108800000.0,0.694,7.024,27.19,27.156,899700000.0,0.0,23.49,3.427,3.426,499700000.0,1940100000.0,3962000000.0,3962000000.0,0.0,0.186,0.265,0.306,0.201,4100000.0,1169500000.0,1.0,578064148.0,577800000,578400000.0,6.857,2668900000.0,12900000.0,290300000.0,80600000.0,4.619,1445100000.0
5,FAST,MRY,2015-12-31,2015-12-31,2015-12-31,2021-10-16,-46403000.0,2532462000.0,2483152000.0,1664776000.0,867686000.0,1.558,3.09,-145300000.0,129019000.0,129019000.0,1920300000.0,516400000.0,4.461,0.406,365000000.0,62050000.0,302950000.0,365000000.0,0.0,86600000.0,0.0,0.027,0.56,829200000.0,915800000.0,0.237,915800000.0,829200000.0,826100000.0,0.885,0.885,0.885,1801289000.0,1802894250.0,1801289000.0,12028582003.0,15.0,13.135,405000000.0,0.695,1.0,1948900000.0,0.504,0.0,3100000.0,2395277000.0,2238618250.0,913263000.0,0.0,0.0,0.0,731173000.0,373166000.0,358007000.0,11825357003.0,14600000.0,-23500000.0,-273800000.0,260000000.0,-327100000.0,-340900000.0,-180600000.0,0.0,550300000.0,-14200000.0,516400000.0,516400000.0,516400000.0,0.0,0.0,0.133,1120100000.0,828800000.0,125973000.0,0.633,6.565,22.9,23.062,818889000.0,0.0,20.41,3.056,3.075,468375000.0,1842772000.0,3869200000.0,3869200000.0,0.0,0.208,0.286,0.37,0.214,5800000.0,1121500000.0,1.0,579390348.0,583000000,584000000.0,6.637,2532462000.0,22558000.0,309700000.0,55057000.0,4.344,1291610000.0
6,FAST,MRY,2014-12-31,2014-12-31,2014-12-31,2021-10-16,-7836000.0,2359102000.0,2295044000.0,1583265000.0,775837000.0,1.627,3.23,-183655000.0,114496000.0,114496000.0,1836105000.0,494150000.0,4.218,0.232,90000000.0,90000000.0,0.0,90000000.0,0.0,72145000.0,0.0,0.021,0.5,788349000.0,860494000.0,0.23,860494000.0,788349000.0,787434000.0,0.835,0.83,0.835,1915217000.0,1871309500.0,1915217000.0,14087395163.0,18.0,16.371,315737000.0,0.532,1.0,1897402000.0,0.508,0.0,915000.0,1959253000.0,1895786250.0,869224000.0,0.0,0.0,0.0,443885000.0,375353000.0,68532000.0,14098724163.0,55990000.0,-5575000.0,-45245000.0,90000000.0,-296581000.0,-249732000.0,-188781000.0,451000.0,499392000.0,-4889000.0,494150000.0,494150000.0,494150000.0,0.0,0.0,0.132,1109812000.0,787590000.0,103909000.0,0.599,7.361,28.531,28.479,763889000.0,0.0,23.78,3.776,3.777,462077000.0,1886350000.0,3733507000.0,3733507000.0,0.0,0.215,0.264,0.416,0.211,4945000.0,1110776000.0,1.0,592881588.0,592980000,594626000.0,6.296,2359102000.0,21765000.0,293284000.0,75974000.0,3.978,1207912000.0
7,FAST,MRY,2013-12-31,2013-12-31,2013-12-31,2021-10-16,11101000.0,2075784000.0,2018735500.0,1408461000.0,667323000.0,1.648,2.987,-201550000.0,58506000.0,58506000.0,1606661000.0,448636000.0,5.873,0.171,0.0,0.0,0.0,0.0,0.0,63770000.0,0.0,0.017,0.4,713581000.0,777351000.0,0.234,777351000.0,713581000.0,713468000.0,0.755,0.755,0.755,1772697000.0,1717311750.0,1772697000.0,14006025698.0,20.0,18.018,214570000.0,0.362,1.0,1719445000.0,0.517,0.0,113000.0,1777446000.0,1663378000.0,784068000.0,451000.0,451000.0,0.0,303087000.0,239832000.0,63255000.0,14098215698.0,-21105000.0,0.0,226000.0,0.0,-237456000.0,-234443000.0,-201792000.0,-97000.0,416120000.0,-990000.0,448636000.0,448636000.0,448636000.0,0.0,0.0,0.135,1006788000.0,712657000.0,91253000.0,0.53,7.953,31.425,31.464,654850000.0,0.0,23.755,4.239,4.239,414331000.0,1688781000.0,3326106000.0,3326106000.0,0.0,0.222,0.261,0.429,0.215,2613000.0,1007431000.0,1.0,593484138.0,593508000,595368000.0,5.604,2075784000.0,43117000.0,264832000.0,63255000.0,3.497,1168629000.0
8,FAST,MRY,2012-12-31,2012-12-31,2012-12-31,2021-10-16,18357000.0,1815832000.0,1849905500.0,1286656000.0,529176000.0,1.694,2.635,-133882000.0,79611000.0,79611000.0,1519053000.0,420536000.0,6.302,0.164,0.0,0.0,0.0,0.0,0.0,53459000.0,0.0,0.027,0.62,674155000.0,727614000.0,0.232,727614000.0,674155000.0,674155000.0,0.71,0.71,0.71,1560360000.0,1591150750.0,1560360000.0,13627810463.0,20.0,18.729,262410000.0,0.443,1.0,1614524000.0,0.515,0.0,0.0,1532047000.0,1468169500.0,715383000.0,354000.0,354000.0,0.0,255472000.0,204174000.0,51298000.0,13823413463.0,-38065000.0,0.0,29644000.0,0.0,-367306000.0,-327513000.0,-107204000.0,26811000.0,396292000.0,360000.0,420536000.0,420536000.0,420536000.0,0.0,0.0,0.134,940833000.0,673691000.0,78019000.0,0.873,8.859,32.871,32.852,516427000.0,0.0,23.325,4.411,4.408,372159000.0,1477601000.0,3133577000.0,3133577000.0,0.0,0.227,0.264,0.459,0.215,-5349000.0,941236000.0,1.0,592643664.0,592178000,594302000.0,5.292,1815832000.0,21788000.0,253619000.0,51298000.0,3.066,1082482000.0
9,FAST,MRY,2011-12-31,2011-12-31,2011-12-31,2021-10-16,14796000.0,1684948000.0,1610613000.0,1236138000.0,448810000.0,1.718,2.472,-116489000.0,117676000.0,117676000.0,1332687000.0,357929000.0,6.582,0.155,0.0,0.0,0.0,0.0,0.0,44113000.0,0.0,0.015,0.325,575081000.0,619194000.0,0.224,619194000.0,575081000.0,575081000.0,0.605,0.605,0.605,1458976000.0,1378372500.0,1458976000.0,12762792945.0,22.0,20.612,152000000.0,0.258,1.0,1434172000.0,0.518,0.0,0.0,1379454000.0,1294718500.0,646152000.0,27165000.0,27165000.0,0.0,225972000.0,187818000.0,38154000.0,12873840945.0,-26017000.0,0.0,8939000.0,0.0,-191741000.0,-181819000.0,-112223000.0,4054000.0,268489000.0,-464000.0,357929000.0,357929000.0,357929000.0,0.0,0.0,0.129,859563000.0,574609000.0,73779000.0,0.537,8.824,35.968,36.041,435601000.0,0.0,21.805,4.653,4.651,338594000.0,1424371000.0,2766859000.0,2766859000.0,0.0,0.222,0.26,0.444,0.208,4050000.0,859369000.0,1.0,590407748.0,590108000,591738000.0,4.689,1684948000.0,16718000.0,217152000.0,40231000.0,2.855,1048320000.0
10,FAST,MRY,2010-12-31,2010-12-31,2010-12-31,2021-10-16,18492000.0,1468283000.0,1437437500.0,1085698000.0,382585000.0,1.579,2.175,-69138000.0,143693000.0,143693000.0,1094635000.0,265356000.0,6.694,0.145,0.0,0.0,0.0,0.0,0.0,40688000.0,0.0,0.021,0.31,430640000.0,471328000.0,0.208,471328000.0,430640000.0,430640000.0,0.45,0.45,0.45,1282512000.0,1251930250.0,1282512000.0,8660008956.0,20.0,18.374,171350000.0,0.291,1.0,1174836000.0,0.518,0.0,0.0,1162405000.0,1097619250.0,557369000.0,31219000.0,26067000.0,5152000.0,185771000.0,162185000.0,23586000.0,8832573956.0,-21159000.0,0.0,0.0,0.0,-182814000.0,-182814000.0,-80048000.0,-581000.0,240488000.0,1215000.0,265356000.0,265356000.0,265356000.0,0.0,0.0,0.117,745147000.0,429689000.0,60474000.0,0.689,6.887,33.286,33.283,363419000.0,0.0,14.977,3.892,3.892,270133000.0,1258183000.0,2269471000.0,2269471000.0,0.0,0.185,0.212,0.392,0.19,4030000.0,745112000.0,1.0,589722848.0,589722000,589722000.0,3.848,1468283000.0,17897000.0,165284000.0,28885000.0,2.49,923513000.0
11,FAST,MRY,2009-12-31,2009-12-31,2009-12-31,2021-10-16,13395000.0,1327358000.0,1324113750.0,982364000.0,344994000.0,1.458,2.007,-47675000.0,164852000.0,164852000.0,946895000.0,184357000.0,8.22,0.115,0.0,0.0,0.0,0.0,0.0,40020000.0,0.0,0.017,0.18,297490000.0,337510000.0,0.175,337510000.0,297490000.0,297490000.0,0.31,0.31,0.31,1190843000.0,1175034750.0,1190843000.0,5982746848.0,20.0,17.726,258395000.0,0.435,1.0,983435000.0,0.509,0.0,0.0,1042997000.0,1029170250.0,508405000.0,30638000.0,24400000.0,6238000.0,136515000.0,119509000.0,17006000.0,6176490848.0,78960000.0,-5032000.0,-41104000.0,0.0,-106943000.0,-148047000.0,-81749000.0,-28941000.0,306070000.0,2686000.0,184357000.0,184357000.0,184357000.0,0.0,0.0,0.096,687642000.0,295793000.0,53490000.0,0.581,5.187,33.503,33.581,335004000.0,0.0,10.41,3.2,3.2,214169000.0,1175641000.0,1930330000.0,1930330000.0,0.0,0.139,0.157,0.289,0.154,3850000.0,686792000.0,1.0,593322848.0,593432000,593432000.0,3.253,1327358000.0,24576000.0,113133000.0,17006000.0,2.237,862855000.0
12,FAST,MRY,2008-12-31,2008-12-31,2008-12-31,2021-10-16,4971000.0,1304149000.0,1276569750.0,975403000.0,328746000.0,1.833,1.919,-86923000.0,85892000.0,85892000.0,1104333000.0,279705000.0,6.591,0.142,0.0,0.0,0.0,0.0,0.0,39201000.0,0.0,0.023,0.198,451167000.0,490368000.0,0.21,490368000.0,451167000.0,451167000.0,0.47,0.47,0.47,1142259000.0,1103264000.0,1142259000.0,5124188313.0,11.0,10.45,172975000.0,0.291,1.0,1236092000.0,0.528,0.0,0.0,1070264000.0,1045657750.0,564247000.0,1697000.0,851000.0,846000.0,161890000.0,147993000.0,13897000.0,5176295313.0,28672000.0,0.0,-25958000.0,0.0,-117474000.0,-143432000.0,-86583000.0,412000.0,259898000.0,-1211000.0,279705000.0,279705000.0,279705000.0,0.0,0.0,0.12,785855000.0,450237000.0,63949000.0,0.421,4.532,18.506,18.537,324182000.0,0.0,8.713,2.212,2.216,244940000.0,1134244000.0,2340425000.0,2340425000.0,0.0,0.219,0.254,0.431,0.193,3247000.0,785688000.0,1.0,594122848.0,595324000,595324000.0,3.931,1304149000.0,15909000.0,171462000.0,14396000.0,2.191,827410000.0
13,FAST,MRY,2007-12-31,2007-12-31,2007-12-31,2021-10-16,12393000.0,1163061000.0,1134263000.0,880771000.0,282290000.0,1.818,1.677,-49830000.0,57220000.0,57220000.0,1014245000.0,232622000.0,6.392,0.151,0.0,0.0,0.0,0.0,0.0,37332000.0,0.0,0.011,0.11,377899000.0,415231000.0,0.201,415231000.0,377899000.0,377899000.0,0.388,0.388,0.388,1010161000.0,986386250.0,1010161000.0,6009764935.0,16.0,14.473,178065000.0,0.296,1.0,1047574000.0,0.508,0.0,0.0,968050000.0,943400000.0,504592000.0,2109000.0,159000.0,1950000.0,152900000.0,137791000.0,15109000.0,6063909935.0,37874000.0,0.0,-87312000.0,0.0,-66216000.0,-153528000.0,-37674000.0,12421000.0,227895000.0,1181000.0,232622000.0,232622000.0,232622000.0,0.0,0.0,0.113,671149000.0,376425000.0,55353000.0,0.284,6.003,26.068,26.044,276627000.0,0.0,10.105,2.941,2.951,236331000.0,996050000.0,2061819000.0,2061819000.0,0.0,0.205,0.236,0.401,0.183,1915000.0,671248000.0,1.0,600090048.0,602220000,602220000.0,3.424,1163061000.0,14702000.0,145277000.0,21982000.0,1.931,742980000.0
14,FAST,MRY,2006-12-31,2006-12-31,2006-12-31,2021-10-16,5334000.0,1039016000.0,992547750.0,767776000.0,271240000.0,1.823,1.526,-73335000.0,19346000.0,19346000.0,901662000.0,199038000.0,7.39,0.127,0.0,0.0,0.0,0.0,0.0,33530000.0,0.0,0.011,0.1,321029000.0,354559000.0,0.196,354559000.0,321029000.0,321029000.0,0.33,0.33,0.33,922093000.0,861529250.0,922093000.0,5408788973.0,17.0,15.255,24540000.0,0.041,1.0,907675000.0,0.502,0.0,0.0,915774000.0,842648250.0,455997000.0,14530000.0,10835000.0,3695000.0,116923000.0,103896000.0,13027000.0,5416226973.0,-36858000.0,0.0,-4772000.0,0.0,-60548000.0,-60667000.0,-74199000.0,-633000.0,97875000.0,133000.0,199038000.0,199038000.0,199038000.0,0.0,0.0,0.11,587833000.0,319842000.0,41371000.0,0.303,5.874,27.212,27.182,264030000.0,0.0,8.97,2.993,2.995,209532000.0,902550000.0,1809337000.0,1809337000.0,0.0,0.201,0.231,0.381,0.177,279000.0,587610000.0,1.0,603815716.0,604136000,604660000.0,2.995,1039016000.0,11709000.0,121991000.0,14008000.0,1.72,663880000.0
15,FAST,MRY,2005-12-31,2005-12-31,2005-12-31,2021-10-16,5440000.0,890035000.0,841753250.0,649008000.0,241027000.0,1.81,1.295,-60455000.0,56204000.0,56204000.0,765230000.0,166814000.0,7.09,0.136,0.0,0.0,0.0,0.0,0.0,29006000.0,0.0,0.008,0.077,269056000.0,298062000.0,0.196,298062000.0,269056000.0,269056000.0,0.275,0.275,0.275,783549000.0,737248000.0,783549000.0,5878743446.0,22.0,19.723,61457000.0,0.102,1.0,758103000.0,0.498,0.0,0.0,742293000.0,703528250.0,361561000.0,13897000.0,669000.0,13228000.0,106486000.0,91538000.0,14948000.0,5910772446.0,22701000.0,0.0,-18739000.0,0.0,-46935000.0,-65674000.0,-33552000.0,27067000.0,121912000.0,15000.0,166814000.0,166814000.0,166814000.0,0.0,0.0,0.11,490239000.0,267864000.0,38572000.0,0.28,7.544,35.433,35.573,224448000.0,0.0,9.783,3.88,3.886,183556000.0,776598000.0,1523333000.0,1523333000.0,0.0,0.198,0.226,0.382,0.177,0.0,489792000.0,1.0,604219008.0,605080000,606032000.0,2.518,890035000.0,9925000.0,102242000.0,17656000.0,1.471,557470000.0
16,FAST,MRY,2004-12-31,2004-12-31,2004-12-31,2021-10-16,7400000.0,775362000.0,734630000.0,543194000.0,232168000.0,1.686,1.127,-48188000.0,33503000.0,33503000.0,622606000.0,130989000.0,7.118,0.133,0.0,0.0,0.0,0.0,0.0,23643000.0,0.0,0.006,0.05,208336000.0,231979000.0,0.187,231979000.0,208336000.0,208336000.0,0.215,0.215,0.215,684369000.0,637215000.0,684369000.0,4644979267.0,22.0,20.023,9249000.0,0.015,1.0,615886000.0,0.497,0.0,0.0,665548000.0,612451000.0,307333000.0,40964000.0,5496000.0,35468000.0,90993000.0,76311000.0,14682000.0,4671011267.0,-16247000.0,0.0,0.0,0.0,-30350000.0,-30350000.0,-43537000.0,4903000.0,57437000.0,203000.0,130989000.0,130989000.0,130989000.0,0.0,0.0,0.106,408729000.0,207157000.0,39276000.0,0.233,6.825,35.66,35.791,193446000.0,0.0,7.695,3.772,3.772,162500000.0,662517000.0,1238492000.0,1238492000.0,0.0,0.178,0.206,0.34,0.168,4248000.0,408077000.0,1.0,607019008.0,607020000,607888000.0,2.04,775362000.0,6494000.0,77347000.0,14956000.0,1.277,466883000.0
17,FAST,MRY,2003-12-31,2003-12-31,2003-12-31,2021-10-16,4658000.0,651543000.0,621698250.0,454196000.0,197347000.0,1.6,0.95,-46062000.0,49750000.0,49750000.0,512825000.0,84120000.0,7.453,0.13,0.0,0.0,0.0,0.0,0.0,20444000.0,0.0,0.004,0.026,136336000.0,156780000.0,0.158,156780000.0,136336000.0,136336000.0,0.14,0.14,0.14,576740000.0,549870500.0,576740000.0,3719772456.0,27.0,23.726,44561000.0,0.073,1.0,482103000.0,0.485,0.0,0.0,540852000.0,522261250.0,232884000.0,45867000.0,21142000.0,24725000.0,74803000.0,60941000.0,13862000.0,3774899456.0,35454000.0,0.0,0.0,0.0,-15935000.0,-15935000.0,-39733000.0,6535000.0,90623000.0,499000.0,84120000.0,84120000.0,84120000.0,0.0,0.0,0.085,346966000.0,135137000.0,40124000.0,0.186,6.545,44.875,44.42,169553000.0,0.0,6.219,3.794,3.794,128756000.0,561878000.0,994928000.0,994928000.0,0.0,0.135,0.153,0.261,0.137,1973000.0,346649000.0,1.0,607019008.0,607020000,607140000.0,1.639,651543000.0,4218000.0,52216000.0,13862000.0,1.073,393255000.0
18,FAST,MRY,2002-12-31,2002-12-31,2002-12-31,2021-10-16,-2053000.0,559008000.0,532314250.0,396486000.0,162522000.0,1.701,0.823,-39990000.0,14296000.0,14296000.0,456962000.0,75542000.0,8.424,0.118,0.0,0.0,0.0,0.0,0.0,16945000.0,0.0,0.001,0.006,121923000.0,138868000.0,0.153,138868000.0,121923000.0,121923000.0,0.125,0.125,0.125,499871000.0,469935250.0,499871000.0,2811570089.0,23.0,20.246,-22378000.0,-0.037,1.0,448476000.0,0.495,0.0,0.0,497648000.0,446733500.0,217262000.0,52402000.0,37062000.0,15340000.0,59137000.0,47064000.0,12073000.0,2837055089.0,-32968000.0,14935000.0,0.0,0.0,-3794000.0,-3794000.0,-46800000.0,-21770000.0,17612000.0,14000.0,75542000.0,75542000.0,75542000.0,0.0,0.0,0.083,335179000.0,113297000.0,25783000.0,0.048,5.676,37.556,37.39,144252000.0,0.0,4.674,3.133,3.133,105553000.0,493693000.0,905438000.0,905438000.0,0.0,0.142,0.161,0.273,0.135,3428000.0,334875000.0,1.0,607019008.0,607016000,607016000.0,1.492,559008000.0,7706000.0,46381000.0,12073000.0,0.921,349422000.0
19,FAST,MRY,2001-12-31,2001-12-31,2001-12-31,2021-10-16,-1860000.0,475244000.0,457708000.0,341241000.0,134003000.0,1.788,0.7,-42047000.0,47264000.0,47264000.0,405856000.0,70112000.0,8.413,0.119,0.0,0.0,0.0,0.0,0.0,14967000.0,0.0,0.001,0.006,113634000.0,128601000.0,0.157,128601000.0,113634000.0,113634000.0,0.115,0.115,0.115,424888000.0,402005000.0,424888000.0,2464050044.0,22.0,19.16,48723000.0,0.08,1.0,412427000.0,0.504,0.0,0.0,387419000.0,362939000.0,152706000.0,30632000.0,21258000.0,9374000.0,50356000.0,40561000.0,9795000.0,2520267044.0,27554000.0,0.0,0.0,0.0,-3415000.0,-3415000.0,-59691000.0,-17635000.0,90770000.0,-110000.0,70112000.0,70112000.0,70112000.0,0.0,0.0,0.086,301035000.0,111392000.0,20100000.0,0.052,5.932,35.946,36.103,121607000.0,0.0,4.152,3.08,3.08,101356000.0,421945000.0,818283000.0,818283000.0,0.0,0.153,0.174,0.313,0.139,0.0,300696000.0,1.0,607019008.0,607016000,607016000.0,1.348,475244000.0,4696000.0,43522000.0,12283000.0,0.783,300680000.0
20,FAST,MRY,2000-12-31,2000-12-31,2000-12-31,2021-10-16,-793000.0,402464000.0,378866500.0,284455000.0,118009000.0,1.994,0.592,-30096000.0,19710000.0,19710000.0,367500000.0,80730000.0,7.776,0.12,0.0,0.0,0.0,0.0,0.0,11977000.0,0.0,0.001,0.005,131430000.0,143407000.0,0.19,143407000.0,131430000.0,131430000.0,0.133,0.133,0.133,359258000.0,329761750.0,359258000.0,2058157197.0,16.0,14.352,8157000.0,0.013,1.0,388118000.0,0.514,0.0,0.0,346175000.0,307059500.0,143068000.0,12997000.0,4028000.0,8969000.0,43206000.0,36579000.0,6627000.0,2082075197.0,-8139000.0,0.0,0.0,0.0,-3035000.0,-3035000.0,-43300000.0,-12782000.0,38253000.0,-397000.0,80730000.0,80730000.0,80730000.0,0.0,0.0,0.107,258723000.0,129395000.0,19898000.0,0.038,5.795,25.791,25.789,105807000.0,0.0,3.43,2.755,2.755,106120000.0,355248000.0,755618000.0,755618000.0,0.0,0.213,0.245,0.428,0.174,0.0,258561000.0,1.0,607019008.0,607016000,607016000.0,1.245,402464000.0,4060000.0,50700000.0,9806000.0,0.663,247876000.0
21,FAST,MRY,1999-12-31,1999-12-31,1999-12-31,2021-10-16,-396000.0,318621000.0,296863500.0,227405000.0,91216000.0,2.082,0.464,-24979000.0,27849000.0,27849000.0,298731000.0,65455000.0,6.756,0.13,0.0,0.0,0.0,0.0,0.0,11997000.0,0.0,0.001,0.003,106536000.0,118533000.0,0.192,118533000.0,106536000.0,106479000.0,0.108,0.108,0.108,281960000.0,257114500.0,281960000.0,1680702639.0,16.0,14.179,31010000.0,0.051,1.0,319460000.0,0.517,0.0,57000.0,257111000.0,239916250.0,106597000.0,215000.0,0.0,215000.0,36661000.0,33661000.0,3000000.0,1704964639.0,25763000.0,0.0,0.0,-4055000.0,-1517000.0,-5572000.0,-24654000.0,50000.0,55989000.0,376000.0,65455000.0,65455000.0,65455000.0,0.0,0.0,0.106,213774000.0,105686000.0,19325000.0,0.028,6.047,26.048,26.007,87630000.0,0.0,2.809,2.758,2.758,84563000.0,277553000.0,618191000.0,618191000.0,0.0,0.22,0.255,0.444,0.172,0.0,213774000.0,1.0,607019008.0,607024000,607024000.0,1.018,318621000.0,2886000.0,41024000.0,5551000.0,0.525,193744000.0
22,FAST,MRY,1998-12-31,1998-12-31,1998-12-31,2021-10-16,-772000.0,251234000.0,238548250.0,173267000.0,77967000.0,2.554,0.359,-28096000.0,2086000.0,2086000.0,289920000.0,65455000.0,5.624,0.154,4055000.0,4055000.0,0.0,4055000.0,0.0,11260000.0,0.0,0.0,0.001,106536000.0,117796000.0,0.193,117796000.0,106536000.0,106479000.0,0.108,0.108,0.108,217646000.0,197927250.0,217646000.0,1680390272.0,16.0,14.265,15220000.0,0.025,1.0,319266000.0,0.524,0.0,57000.0,222395000.0,210570000.0,93734000.0,265000.0,0.0,265000.0,33588000.0,30808000.0,2780000.0,1669302272.0,1700000.0,0.0,0.0,-12248000.0,-759000.0,-13007000.0,-28609000.0,0.0,43316000.0,-420000.0,65455000.0,65455000.0,65455000.0,0.0,0.0,0.107,213580000.0,105686000.0,17411000.0,0.009,7.67,25.503,25.463,74212000.0,0.0,2.75,2.74,2.74,68498000.0,213615000.0,609186000.0,609186000.0,0.0,0.274,0.331,0.506,0.175,0.0,213580000.0,1.0,607019008.0,607024000,607024000.0,1.004,251234000.0,2312000.0,41024000.0,3123000.0,0.414,142459000.0
23,FAST,MRY,1997-12-31,1997-12-31,1997-12-31,2021-10-16,-352000.0,205137000.0,188527250.0,144171000.0,60966000.0,2.111,0.273,-21507000.0,386000.0,386000.0,189063000.0,40834000.0,3.833,0.237,16303000.0,16303000.0,0.0,16303000.0,0.0,9582000.0,0.0,0.0,0.001,68253000.0,77835000.0,0.196,77835000.0,68253000.0,67336000.0,0.068,0.068,0.068,165872000.0,150001750.0,165872000.0,1461289816.0,21.0,18.774,-6850000.0,-0.011,1.0,208929000.0,0.525,0.0,917000.0,183438000.0,163541250.0,79415000.0,265000.0,0.0,265000.0,39265000.0,37616000.0,1649000.0,1451154816.0,-40000.0,0.0,0.0,7681000.0,-759000.0,6922000.0,-21619000.0,250000.0,14657000.0,-170000.0,40834000.0,40834000.0,40834000.0,0.0,0.0,0.103,141725000.0,67204000.0,12950000.0,0.015,8.749,35.538,35.156,57084000.0,0.0,2.391,3.646,3.646,57542000.0,161421000.0,397992000.0,397992000.0,0.0,0.217,0.272,0.417,0.171,0.0,141725000.0,1.0,607019008.0,607019008,607019008.0,0.656,205137000.0,1591000.0,26502000.0,2698000.0,0.338,106555000.0
24,FAST,MRY,1996-12-31,1996-12-31,1996-12-31,2021-10-16,-182000.0,151545000.0,130432500.0,103455000.0,48090000.0,2.206,0.208,-23200000.0,426000.0,426000.0,134811000.0,32539000.0,4.132,0.203,8622000.0,8622000.0,0.0,8622000.0,0.0,7478000.0,0.0,0.0,0.001,54514000.0,61992000.0,0.215,61992000.0,54514000.0,54432000.0,0.054,0.054,0.054,125967000.0,110145000.0,125967000.0,,,,-10722000.0,-0.018,1.0,152880000.0,0.531,0.0,82000.0,134703000.0,111221500.0,56526000.0,515000.0,0.0,515000.0,25578000.0,25038000.0,540000.0,1735694976.0,-6157000.0,0.0,0.0,8622000.0,-759000.0,7863000.0,-26498000.0,257000.0,12478000.0,-130000.0,32539000.0,32539000.0,32539000.0,0.0,0.0,0.113,99473000.0,53407000.0,10010000.0,0.019,13.779,53.342,52.951,43930000.0,0.0,2.859,6.033,6.033,41553000.0,121346000.0,287691000.0,287691000.0,0.0,0.249,0.295,0.49,0.189,0.0,99473000.0,1.0,607019008.0,607019008,607019008.0,0.474,151545000.0,1219000.0,21893000.0,1335000.0,0.25,78417000.0
25,FAST,MRY,1995-12-31,1995-12-31,1995-12-31,2021-10-16,-46000.0,109320000.0,,81097000.0,28223000.0,,0.155,-14909000.0,6583000.0,6583000.0,103611000.0,27411000.0,5.408,0.159,0.0,0.0,0.0,0.0,0.0,5404000.0,0.0,0.0,0.001,46274000.0,51678000.0,0.232,51678000.0,46274000.0,46206000.0,0.045,0.045,0.045,94323000.0,,94323000.0,,,,36000.0,0.0,1.0,118944000.0,0.534,0.0,68000.0,87740000.0,,40178000.0,784000.0,0.0,784000.0,14997000.0,14997000.0,0.0,,3450000.0,0.0,0.0,0.0,-759000.0,-759000.0,-10736000.0,4269000.0,14945000.0,-41000.0,27411000.0,27411000.0,27411000.0,0.0,0.0,0.123,73448000.0,45496000.0,7882000.0,0.022,,,58.681,27090000.0,0.0,2.641,,7.202,31866000.0,89566000.0,222555000.0,222555000.0,0.0,,,,0.208,0.0,73448000.0,1.0,,607019008,607019008.0,0.367,109320000.0,947000.0,18795000.0,2141000.0,0.18,66100000.0
26,FAST,MRY,1994-12-31,1994-12-31,1994-12-31,2021-10-16,,,,,,,,-7679000.0,,,75959000.0,18666000.0,,,,,,,,3619000.0,,0.001,0.001,31391000.0,35010000.0,0.216,35010000.0,31391000.0,31391000.0,0.031,,0.031,,,,,,,3605000.0,0.006,1.0,85927000.0,0.531,,0.0,,,,,,,,,,,1157000.0,0.0,0.0,0.0,-758000.0,-758000.0,-9369000.0,-1681000.0,11284000.0,-11000.0,18666000.0,18666000.0,18666000.0,0.0,0.0,0.115,54963000.0,30964000.0,,0.032,,,41.835,,0.0,1.297,,4.863,,,161886000.0,161886000.0,0.0,,,,0.194,0.0,54963000.0,1.0,,607019008,,0.267,,,12725000.0,,,
0,FAST,MRQ,2021-09-30,2021-09-30,2021-09-30,2021-10-16,-29600000.0,4222500000.0,,2770300000.0,1452200000.0,,5.156,-45500000.0,250500000.0,250500000.0,834000000.0,243500000.0,4.182,0.424,618300000.0,127600000.0,490700000.0,618300000.0,0.0,42800000.0,0.0,0.029,0.28,318500000.0,361300000.0,0.232,361300000.0,318500000.0,316100000.0,0.42,0.42,0.42,2964700000.0,,2964700000.0,30007900073.0,25.0,22.221,121900000.0,0.212,1.0,720200000.0,0.463,0.0,2400000.0,3927800000.0,,1401100000.0,0.0,0.0,0.0,1257800000.0,662500000.0,595300000.0,29662300073.0,-71300000.0,0.0,10800000.0,-40000000.0,-161000000.0,-190200000.0,-45600000.0,0.0,167400000.0,-2900000.0,243500000.0,243500000.0,243500000.0,0.0,0.0,0.157,401800000.0,318400000.0,256900000.0,0.667,10.005,33.332,33.297,1268900000.0,0.0,51.61,5.082,5.084,949400000.0,2900800000.0,1554200000.0,1554200000.0,0.0,,,,,1400000.0,401800000.0,1.0,574739393.0,575000000,577300000.0,2.703,4222500000.0,6700000.0,72600000.0,104600000.0,7.343,2107800000.0
1,FAST,MRQ,2021-06-30,2021-06-30,2021-06-30,2021-10-16,-18800000.0,4166600000.0,,2705300000.0,1461300000.0,,5.014,-31500000.0,321800000.0,321800000.0,807000000.0,239700000.0,4.161,0.446,667400000.0,134800000.0,532600000.0,667400000.0,0.0,42300000.0,0.0,0.028,0.28,317800000.0,360100000.0,0.239,360100000.0,317800000.0,315200000.0,0.42,0.42,0.42,2880800000.0,,2880800000.0,30195151404.0,26.0,22.868,140000000.0,0.244,1.0,700700000.0,0.465,0.0,2600000.0,3862000000.0,,1327900000.0,0.0,0.0,0.0,1285800000.0,650200000.0,635600000.0,29872051404.0,-12100000.0,0.0,7000000.0,0.0,-160800000.0,-153800000.0,-31500000.0,0.0,171500000.0,1700000.0,239700000.0,239700000.0,239700000.0,0.0,0.0,0.159,382900000.0,317800000.0,236100000.0,0.667,10.369,34.419,34.211,1275400000.0,0.0,52.0,5.244,5.246,908900000.0,2818300000.0,1507700000.0,1507700000.0,0.0,,,,,1400000.0,382900000.0,1.0,574462527.0,574600000,577000000.0,2.624,4166600000.0,0.0,75500000.0,104400000.0,7.251,2055100000.0
2,FAST,MRQ,2021-03-31,2021-03-31,2021-03-31,2021-10-16,-25600000.0,4074400000.0,,2614200000.0,1460200000.0,,4.852,-30000000.0,333900000.0,333900000.0,773600000.0,210600000.0,3.954,0.462,657000000.0,133100000.0,523900000.0,657000000.0,0.0,42000000.0,0.0,0.028,0.28,280300000.0,322300000.0,0.227,322300000.0,280300000.0,277900000.0,0.37,0.37,0.37,2786700000.0,,2786700000.0,29281072637.0,25.0,22.231,244800000.0,0.426,1.0,643400000.0,0.454,0.0,2400000.0,3736300000.0,,1305300000.0,0.0,0.0,0.0,1287700000.0,661200000.0,626500000.0,28876672637.0,88200000.0,0.0,6600000.0,0.0,-160800000.0,-154200000.0,-29900000.0,0.0,274800000.0,-2500000.0,210600000.0,210600000.0,210600000.0,0.0,0.0,0.149,363100000.0,280300000.0,215100000.0,0.757,10.362,33.303,33.079,1271600000.0,0.0,50.28,5.068,5.068,851000000.0,2739400000.0,1417000000.0,1417000000.0,0.0,,,,,1500000.0,363100000.0,1.0,574317276.0,574300000,576500000.0,2.467,4074400000.0,0.0,67300000.0,149800000.0,7.095,1953000000.0
3,FAST,MRQ,2020-12-31,2020-12-31,2020-12-31,2021-10-16,-21200000.0,3964700000.0,,2499600000.0,1465100000.0,,4.761,-42600000.0,245700000.0,245700000.0,739200000.0,196100000.0,4.08,0.451,650100000.0,133600000.0,516500000.0,650100000.0,0.0,42000000.0,0.0,0.029,0.65,264700000.0,306700000.0,0.226,306700000.0,264700000.0,262200000.0,0.34,0.34,0.34,2733200000.0,,2733200000.0,28350722297.0,25.0,21.728,278400000.0,0.485,1.0,618800000.0,0.456,0.0,2500000.0,3756400000.0,,1337500000.0,0.0,0.0,0.0,1231500000.0,612700000.0,618800000.0,28031022297.0,-86100000.0,0.0,2700000.0,0.0,-373200000.0,-370500000.0,-42900000.0,0.0,321000000.0,6300000.0,196100000.0,196100000.0,196100000.0,0.0,0.0,0.144,354400000.0,264400000.0,207000000.0,1.912,10.256,32.628,32.553,1273700000.0,0.0,48.83,4.964,4.961,769400000.0,2689600000.0,1358000000.0,1358000000.0,0.0,,,,,1400000.0,354700000.0,1.0,574053293.0,574100000,576300000.0,2.365,3964700000.0,6700000.0,66100000.0,102300000.0,6.906,1886900000.0
4,FAST,MRQ,2020-09-30,2020-09-30,2020-09-30,2021-10-16,-41800000.0,4108600000.0,,2646700000.0,1461900000.0,,5.028,-30000000.0,331800000.0,331800000.0,772700000.0,221500000.0,4.389,0.424,651500000.0,134400000.0,517100000.0,651500000.0,0.0,41100000.0,0.0,0.022,0.25,290200000.0,331300000.0,0.234,331300000.0,290200000.0,287600000.0,0.39,0.38,0.39,2885600000.0,,2885600000.0,26323011084.0,24.0,20.645,259000000.0,0.451,1.0,640600000.0,0.453,0.0,2600000.0,3825300000.0,,1342600000.0,0.0,0.0,0.0,1223000000.0,603000000.0,620000000.0,25864811084.0,130300000.0,0.0,12000000.0,0.0,-143400000.0,-131400000.0,-30100000.0,0.0,289000000.0,2800000.0,221500000.0,221500000.0,221500000.0,0.0,0.0,0.157,350500000.0,290100000.0,210400000.0,0.641,8.963,30.729,30.673,1268100000.0,0.0,45.09,4.647,4.649,834500000.0,2866700000.0,1413300000.0,1413300000.0,0.0,,,,,1400000.0,350500000.0,1.0,573626327.0,573900000,576100000.0,2.463,4108600000.0,14600000.0,66100000.0,102900000.0,7.159,2043700000.0
5,FAST,MRQ,2020-06-30,2020-06-30,2020-06-30,2021-10-16,-52900000.0,4085200000.0,,2606300000.0,1478900000.0,,4.855,-38200000.0,201500000.0,201500000.0,837400000.0,238900000.0,4.128,0.468,659700000.0,96700000.0,563000000.0,659700000.0,0.0,40700000.0,0.0,0.022,0.25,316100000.0,356800000.0,0.236,356800000.0,316100000.0,313700000.0,0.42,0.42,0.42,2783000000.0,,2783000000.0,25077961119.0,23.0,19.856,212500000.0,0.371,1.0,671600000.0,0.445,0.0,2400000.0,3912100000.0,,1401500000.0,0.0,0.0,0.0,1302200000.0,631300000.0,670900000.0,24539561119.0,40800000.0,0.0,18900000.0,-50000000.0,-143200000.0,-174300000.0,-37000000.0,0.0,250700000.0,1400000.0,238900000.0,238900000.0,238900000.0,0.0,0.0,0.158,355600000.0,316000000.0,194100000.0,0.595,8.818,29.435,29.545,1282500000.0,0.0,42.84,4.436,4.439,881500000.0,2788600000.0,1509000000.0,1509000000.0,0.0,,,,,1300000.0,355600000.0,1.0,572818887.0,573200000,575000000.0,2.633,4085200000.0,0.0,74800000.0,202600000.0,7.127,1975000000.0
6,FAST,MRQ,2020-03-31,2020-03-31,2020-03-31,2021-10-16,-63400000.0,3934700000.0,,2464300000.0,1470400000.0,,4.629,-46700000.0,160700000.0,160700000.0,730200000.0,202600000.0,4.246,0.481,699100000.0,101300000.0,597800000.0,699100000.0,0.0,38600000.0,0.0,0.029,0.25,271400000.0,310000000.0,0.227,310000000.0,271400000.0,269200000.0,0.35,0.35,0.35,2656600000.0,,2656600000.0,18360271781.0,17.0,15.069,194400000.0,0.339,1.0,636800000.0,0.466,0.0,2200000.0,3892700000.0,,1345500000.0,0.0,0.0,0.0,1278100000.0,580400000.0,697700000.0,17944571781.0,-14200000.0,-125000000.0,-44600000.0,110000000.0,-143600000.0,-78200000.0,-171700000.0,0.0,241100000.0,-5400000.0,202600000.0,202600000.0,202600000.0,0.0,0.0,0.148,365500000.0,271300000.0,212100000.0,0.714,6.755,22.448,22.482,1270100000.0,0.0,31.25,3.328,3.326,833900000.0,2692900000.0,1367000000.0,1367000000.0,0.0,,,,,1600000.0,365500000.0,1.0,574226297.0,573900000,575300000.0,2.382,3934700000.0,0.0,66600000.0,139400000.0,6.856,1883900000.0
7,FAST,MRQ,2019-12-31,2019-12-31,2019-12-31,2021-10-16,-38400000.0,3799900000.0,,2457200000.0,1342700000.0,,4.643,-60500000.0,174900000.0,174900000.0,678500000.0,178700000.0,4.511,0.426,590600000.0,100400000.0,490200000.0,590600000.0,0.0,37900000.0,0.0,0.024,0.22,239000000.0,276900000.0,0.217,276900000.0,239000000.0,236400000.0,0.31,0.31,0.31,2665600000.0,,2665600000.0,21686029227.0,21.0,17.977,191900000.0,0.334,1.0,598400000.0,0.469,0.0,2600000.0,3670900000.0,,1366400000.0,0.0,0.0,0.0,1134300000.0,544700000.0,589600000.0,21191829227.0,-16300000.0,0.0,15500000.0,-100000000.0,-126300000.0,-210800000.0,-60600000.0,0.0,252400000.0,2700000.0,178700000.0,178700000.0,178700000.0,0.0,0.0,0.14,359500000.0,238900000.0,192800000.0,0.71,7.95,26.795,26.775,1266400000.0,0.0,36.95,3.973,3.971,741800000.0,2633900000.0,1276900000.0,1276900000.0,0.0,,,,,1400000.0,359900000.0,1.0,573527178.0,574100000,575600000.0,2.224,3799900000.0,16700000.0,57700000.0,99400000.0,6.619,1912500000.0
8,FAST,MRQ,2019-09-30,2019-09-30,2019-09-30,2021-10-16,-49000000.0,3814200000.0,,2500800000.0,1313400000.0,,4.509,-59700000.0,191200000.0,191200000.0,728000000.0,213500000.0,4.505,0.475,685400000.0,98600000.0,586800000.0,685400000.0,0.0,37300000.0,0.0,0.026,0.22,282000000.0,319300000.0,0.232,319300000.0,282000000.0,278400000.0,0.37,0.37,0.37,2585700000.0,,2585700000.0,19295172344.0,18.0,16.095,197600000.0,0.345,1.0,651100000.0,0.472,0.0,3600000.0,3753300000.0,,1354700000.0,0.0,0.0,0.0,1228500000.0,555100000.0,673400000.0,18733972344.0,16200000.0,0.0,2900000.0,-55000000.0,-126200000.0,-178300000.0,-59500000.0,0.0,257300000.0,-3300000.0,213500000.0,213500000.0,213500000.0,0.0,0.0,0.155,369200000.0,281900000.0,215200000.0,0.595,7.245,23.987,24.022,1236100000.0,0.0,32.67,3.542,3.543,817300000.0,2581500000.0,1379100000.0,1379100000.0,0.0,,,,,1400000.0,369200000.0,1.0,573430436.0,573500000,574400000.0,2.405,3814200000.0,400000.0,64900000.0,86600000.0,6.651,1945700000.0
9,FAST,MRQ,2019-06-30,2019-06-30,2019-06-30,2021-10-16,-39400000.0,3756400000.0,,2468300000.0,1288100000.0,,4.368,-66800000.0,175000000.0,175000000.0,727200000.0,204600000.0,4.676,0.5,736200000.0,98100000.0,638100000.0,736200000.0,0.0,37100000.0,0.0,0.025,0.215,275100000.0,312200000.0,0.228,312200000.0,275100000.0,271400000.0,0.36,0.36,0.36,2503700000.0,,2503700000.0,19187800163.0,19.0,16.306,61300000.0,0.107,1.0,641200000.0,0.469,0.0,3700000.0,3789700000.0,,1345700000.0,0.0,0.0,0.0,1252700000.0,527900000.0,724800000.0,18662000163.0,-10400000.0,0.0,22000000.0,30000000.0,-123100000.0,-71100000.0,-66900000.0,0.0,128100000.0,-500000.0,204600000.0,204600000.0,204600000.0,0.0,0.0,0.15,366200000.0,275000000.0,203800000.0,0.597,7.454,24.392,24.504,1209600000.0,0.0,32.59,3.596,3.6,819800000.0,2494200000.0,1368400000.0,1368400000.0,0.0,,,,,1300000.0,366700000.0,1.0,572629646.0,573200000,574600000.0,2.387,3756400000.0,4000000.0,66800000.0,86700000.0,6.553,1940400000.0
10,FAST,MRQ,2019-03-31,2019-03-31,2019-03-31,2021-10-16,-41100000.0,3651800000.0,,2389200000.0,1262600000.0,,4.189,-52800000.0,185400000.0,185400000.0,684600000.0,194100000.0,4.308,0.523,711200000.0,96200000.0,615000000.0,711200000.0,0.0,36400000.0,0.0,0.025,0.215,261500000.0,297900000.0,0.228,297900000.0,261500000.0,257500000.0,0.34,0.34,0.34,2397200000.0,,2397200000.0,18721056630.0,18.0,16.032,152100000.0,0.266,1.0,624700000.0,0.477,0.0,4000000.0,3623000000.0,,1293900000.0,0.0,0.0,0.0,1254600000.0,554600000.0,700000000.0,18388256630.0,18200000.0,0.0,18100000.0,-30000000.0,-123000000.0,-134900000.0,-52700000.0,0.0,204900000.0,900000.0,194100000.0,194100000.0,194100000.0,0.0,0.0,0.148,363300000.0,261400000.0,183900000.0,0.632,7.671,23.828,23.996,1164200000.0,0.0,32.155,3.614,3.616,793000000.0,2412700000.0,1309300000.0,1309300000.0,0.0,,,,,1600000.0,363600000.0,1.0,571863058.0,572200000,573000000.0,2.288,3651800000.0,0.0,63400000.0,126700000.0,6.382,1834600000.0
11,FAST,MRQ,2018-12-31,2018-12-31,2018-12-31,2021-10-16,-44800000.0,3321500000.0,,2316200000.0,1005300000.0,,4.025,-78000000.0,167200000.0,167200000.0,643800000.0,168800000.0,5.295,0.442,500000000.0,3000000.0,497000000.0,500000000.0,0.0,35900000.0,0.0,0.029,0.2,233500000.0,269400000.0,0.219,269400000.0,233500000.0,229800000.0,0.29,0.3,0.29,2302700000.0,,2302700000.0,15270490555.0,15.0,13.421,100000000.0,0.175,1.0,587800000.0,0.477,0.0,3700000.0,3216900000.0,,1278700000.0,0.0,0.0,0.0,1018800000.0,437400000.0,581400000.0,15010190555.0,37500000.0,0.0,-60500000.0,110000000.0,-114400000.0,-64900000.0,-75000000.0,0.0,178000000.0,-600000.0,168800000.0,168800000.0,168800000.0,0.0,0.0,0.137,354400000.0,233400000.0,193600000.0,0.69,6.519,19.963,19.958,924800000.0,0.0,26.145,3.023,3.022,714300000.0,2341600000.0,1231600000.0,1231600000.0,0.0,,,,,1300000.0,354400000.0,1.0,574113236.0,572100000,572500000.0,2.153,3321500000.0,9000000.0,61000000.0,84400000.0,5.806,1878800000.0
12,FAST,MRQ,2018-09-30,2018-09-30,2018-09-30,2021-10-16,-36700000.0,3193900000.0,,2225500000.0,968400000.0,,4.034,-35000000.0,129700000.0,129700000.0,664000000.0,197600000.0,5.348,0.379,390000000.0,2500000.0,387500000.0,390000000.0,0.0,34800000.0,0.0,0.025,0.2,262400000.0,297200000.0,0.232,297200000.0,262400000.0,259400000.0,0.34,0.34,0.34,2315600000.0,,2315600000.0,16938254001.0,17.0,15.341,149600000.0,0.261,1.0,615800000.0,0.481,0.0,3000000.0,3038100000.0,,1194700000.0,0.0,0.0,0.0,878300000.0,416100000.0,462200000.0,16648754001.0,-5800000.0,-3700000.0,5700000.0,-35000000.0,-114800000.0,-144100000.0,-45000000.0,0.0,184600000.0,-1300000.0,197600000.0,197600000.0,197600000.0,0.0,0.0,0.154,353500000.0,262300000.0,186000000.0,0.588,7.19,22.636,22.753,883800000.0,0.0,29.01,3.453,3.453,772500000.0,2342000000.0,1279800000.0,1279800000.0,0.0,,,,,1300000.0,353800000.0,1.0,573897070.0,574000000,574500000.0,2.23,3193900000.0,2200000.0,61800000.0,74700000.0,5.564,1809400000.0
13,FAST,MRQ,2018-06-30,2018-06-30,2018-06-30,2021-10-16,-35900000.0,3100100000.0,,2140700000.0,959400000.0,,3.877,-25000000.0,135500000.0,135500000.0,650200000.0,211200000.0,5.619,0.392,425000000.0,2500000.0,422500000.0,425000000.0,0.0,34100000.0,0.0,0.029,0.185,269100000.0,303200000.0,0.239,303200000.0,269100000.0,265900000.0,0.37,0.37,0.37,2226600000.0,,2226600000.0,14114363821.0,15.0,13.216,126900000.0,0.221,1.0,617700000.0,0.487,0.0,3200000.0,3008600000.0,,1163400000.0,0.0,0.0,0.0,873500000.0,381000000.0,492500000.0,13846463821.0,-1600000.0,0.0,-38600000.0,20000000.0,-106300000.0,-124900000.0,-25000000.0,0.0,151900000.0,-3600000.0,211200000.0,211200000.0,211200000.0,0.0,0.0,0.167,348700000.0,269000000.0,172100000.0,0.5,6.219,20.333,20.308,880100000.0,0.0,24.065,2.962,2.956,733700000.0,2259200000.0,1267900000.0,1267900000.0,0.0,,,,,1100000.0,349300000.0,1.0,575377678.0,574300000,574500000.0,2.208,3100100000.0,0.0,54700000.0,72000000.0,5.398,1759700000.0
14,FAST,MRQ,2018-03-31,2018-03-31,2018-03-31,2021-10-16,-23100000.0,3029600000.0,,2060300000.0,969300000.0,,3.776,-28800000.0,137100000.0,137100000.0,608200000.0,174300000.0,5.112,0.395,405000000.0,13100000.0,391900000.0,405000000.0,0.0,33400000.0,0.0,0.024,0.185,234600000.0,268000000.0,0.226,268000000.0,234600000.0,231900000.0,0.305,0.305,0.305,2172000000.0,,2172000000.0,15998397556.0,18.0,15.468,130900000.0,0.228,1.0,577600000.0,0.487,0.0,2700000.0,2894500000.0,,1134900000.0,0.0,0.0,0.0,857600000.0,403000000.0,454600000.0,15700297556.0,20200000.0,0.0,3800000.0,-10000000.0,-106400000.0,-112600000.0,-28900000.0,0.0,159700000.0,2000000.0,174300000.0,174300000.0,174300000.0,0.0,0.0,0.147,343100000.0,234500000.0,148100000.0,0.607,7.228,25.376,25.391,889000000.0,0.0,27.295,3.467,3.467,688600000.0,2178500000.0,1185800000.0,1185800000.0,0.0,,,,,1400000.0,342700000.0,1.0,575207824.0,575200000,575800000.0,2.062,3029600000.0,0.0,57600000.0,104800000.0,5.267,1657300000.0
15,FAST,MRQ,2017-12-31,2017-12-31,2017-12-31,2021-10-16,-25100000.0,2910500000.0,,1935700000.0,974800000.0,,3.649,-36000000.0,116900000.0,116900000.0,557300000.0,152400000.0,5.515,0.388,415000000.0,3000000.0,412000000.0,415000000.0,0.0,32300000.0,0.0,0.023,0.16,203400000.0,235700000.0,0.217,235700000.0,203400000.0,200800000.0,0.26,0.26,0.26,2096900000.0,,2096900000.0,16023979554.0,18.0,15.872,93300000.0,0.162,1.0,531200000.0,0.488,0.0,2600000.0,2857600000.0,,1092900000.0,0.0,0.0,0.0,813600000.0,351000000.0,462600000.0,15717379554.0,-16500000.0,0.0,6000000.0,-20000000.0,-92000000.0,-106000000.0,-41100000.0,0.0,129300000.0,1300000.0,152400000.0,152400000.0,152400000.0,0.0,0.0,0.14,327900000.0,203300000.0,147500000.0,0.615,7.496,27.164,27.345,893600000.0,0.0,27.345,3.58,3.59,607800000.0,2110600000.0,1088500000.0,1088500000.0,0.0,,,,,1200000.0,327800000.0,1.0,574780748.0,574600000,575200000.0,1.894,2910500000.0,0.0,48400000.0,57100000.0,5.065,1584700000.0
16,FAST,MRQ,2017-09-30,2017-09-30,2017-09-30,2021-10-16,-28100000.0,2901600000.0,,1930200000.0,971400000.0,,3.524,-23700000.0,133400000.0,133400000.0,576900000.0,143100000.0,5.356,0.432,440000000.0,8000000.0,432000000.0,440000000.0,0.0,32500000.0,0.0,0.028,0.16,228600000.0,261100000.0,0.23,261100000.0,228600000.0,226000000.0,0.25,0.25,0.25,2026300000.0,,2026300000.0,13455945171.0,16.0,13.653,138900000.0,0.242,1.0,555900000.0,0.491,0.0,2600000.0,2847800000.0,,1047000000.0,0.0,0.0,0.0,875300000.0,360400000.0,514900000.0,13126045171.0,18300000.0,0.0,-25700000.0,0.0,-92000000.0,-117700000.0,-28500000.0,0.0,162600000.0,1900000.0,143100000.0,143100000.0,143100000.0,0.0,0.0,0.126,327400000.0,228500000.0,147100000.0,0.64,6.478,24.263,24.245,889300000.0,0.0,22.79,3.089,3.083,632100000.0,2050200000.0,1132800000.0,1132800000.0,0.0,,,,,1200000.0,327500000.0,1.0,575956348.0,575000000,575200000.0,1.97,2901600000.0,0.0,82900000.0,89500000.0,5.046,1569800000.0
17,FAST,MRQ,2017-06-30,2017-06-30,2017-06-30,2021-10-16,-36300000.0,2851400000.0,,1872900000.0,978500000.0,,3.449,-33700000.0,115100000.0,115100000.0,563000000.0,148900000.0,5.472,0.432,445000000.0,8800000.0,436200000.0,445000000.0,0.0,31900000.0,0.0,0.028,0.16,237600000.0,269500000.0,0.24,269500000.0,237600000.0,235400000.0,0.26,0.26,0.26,1991500000.0,,1991500000.0,12822358612.0,15.0,13.438,49200000.0,0.085,1.0,558500000.0,0.498,0.0,2200000.0,2839000000.0,,1044300000.0,0.0,0.0,0.0,859900000.0,342300000.0,517600000.0,12591658612.0,-19200000.0,-800000.0,-56300000.0,80000000.0,-92500000.0,-68800000.0,-34600000.0,0.0,82900000.0,1300000.0,148900000.0,148900000.0,148900000.0,0.0,0.0,0.133,321000000.0,237500000.0,141200000.0,0.615,6.323,23.993,23.918,895200000.0,0.0,21.765,3.049,3.043,613500000.0,2023700000.0,1121500000.0,1121500000.0,0.0,,,,,1600000.0,321600000.0,1.0,578527848.0,577400000,577600000.0,1.942,2851400000.0,0.0,86500000.0,93300000.0,4.938,1530600000.0
18,FAST,MRQ,2017-03-31,2017-03-31,2017-03-31,2021-10-16,-44400000.0,2786400000.0,,1810700000.0,975700000.0,,3.426,-19100000.0,134300000.0,134300000.0,529700000.0,134200000.0,4.899,0.406,365000000.0,10900000.0,354100000.0,365000000.0,0.0,30700000.0,0.0,0.024,0.16,212600000.0,243300000.0,0.232,243300000.0,212600000.0,210900000.0,0.23,0.23,0.23,1981700000.0,,1981700000.0,15173507336.0,19.0,16.514,191300000.0,0.331,1.0,518000000.0,0.494,0.0,1700000.0,2647500000.0,,1007400000.0,0.0,0.0,0.0,804700000.0,369600000.0,435100000.0,14896242336.0,21600000.0,-57900000.0,2900000.0,-25000000.0,-92600000.0,-114700000.0,-75100000.0,0.0,210400000.0,1000000.0,134200000.0,134200000.0,134200000.0,0.0,0.0,0.128,305500000.0,212500000.0,129700000.0,0.696,7.517,29.358,29.261,890700000.0,0.0,25.75,3.703,3.702,574700000.0,1981700000.0,1047700000.0,1047700000.0,0.0,,,,,1200000.0,305900000.0,1.0,578494848.0,578400000,579000000.0,1.811,2786400000.0,0.0,76700000.0,146500000.0,4.817,1441100000.0
19,FAST,MRQ,2016-12-31,2016-12-31,2016-12-31,2021-10-16,-47300000.0,2668900000.0,,1720800000.0,948100000.0,,3.346,-25600000.0,112700000.0,112700000.0,476000000.0,114800000.0,6.242,0.381,390000000.0,10500000.0,379500000.0,390000000.0,0.0,29100000.0,0.0,0.026,0.15,182600000.0,211700000.0,0.223,211700000.0,182600000.0,180800000.0,0.2,0.2,0.2,1933100000.0,,1933100000.0,13876743837.0,17.0,15.415,107400000.0,0.186,1.0,471900000.0,0.498,0.0,1800000.0,2670500000.0,,993000000.0,0.0,0.0,0.0,735800000.0,275700000.0,460100000.0,13578726837.0,-34300000.0,0.0,4300000.0,-50000000.0,-86700000.0,-132400000.0,-30500000.0,0.0,133000000.0,-4400000.0,114800000.0,114800000.0,114800000.0,0.0,0.0,0.121,289400000.0,182500000.0,108800000.0,0.75,7.024,27.19,27.156,899700000.0,0.0,23.49,3.427,3.426,499700000.0,1940100000.0,947900000.0,947900000.0,0.0,,,,,1200000.0,289600000.0,1.0,578064148.0,577800000,579000000.0,1.641,2668900000.0,12900000.0,66000000.0,80600000.0,4.619,1445100000.0
20,FAST,MRQ,2016-09-30,2016-09-30,2016-09-30,2021-10-16,-37143000.0,2730468000.0,,1777662000.0,952806000.0,,3.303,-71700000.0,146983000.0,146983000.0,513300000.0,126900000.0,5.37,0.43,445000000.0,12610000.0,432390000.0,445000000.0,0.0,26700000.0,0.0,0.028,0.15,203000000.0,229700000.0,0.227,229700000.0,203000000.0,201200000.0,0.22,0.22,0.22,1909298000.0,,1909298000.0,12347539349.0,16.0,13.813,61700000.0,0.107,1.0,499800000.0,0.493,0.0,1800000.0,2697420000.0,,966931000.0,0.0,0.0,0.0,821170000.0,331065000.0,490105000.0,12072997349.0,-8400000.0,0.0,2600000.0,15000000.0,-86700000.0,-69100000.0,-71700000.0,0.0,133400000.0,-1000000.0,126900000.0,126900000.0,126900000.0,0.0,0.0,0.125,296900000.0,202900000.0,117765000.0,0.682,6.323,24.314,24.15,904201000.0,0.0,20.89,3.067,3.067,543744000.0,1912048000.0,1013100000.0,1013100000.0,0.0,,,,,1200000.0,297100000.0,1.0,577931898.0,578000000,578200000.0,1.753,2730468000.0,0.0,74300000.0,69393000.0,4.724,1446597000.0
21,FAST,MRQ,2016-06-30,2016-06-30,2016-06-30,2021-10-16,-34242000.0,2699136000.0,,1790906000.0,908230000.0,,3.233,-56900000.0,155458000.0,155458000.0,512700000.0,131500000.0,4.356,0.445,430000000.0,67610000.0,362390000.0,430000000.0,0.0,24800000.0,0.0,0.026,0.15,209300000.0,234100000.0,0.231,234100000.0,209300000.0,207800000.0,0.23,0.225,0.23,1868162000.0,,1868162000.0,13042975423.0,16.0,14.404,30100000.0,0.052,1.0,501600000.0,0.495,0.0,1500000.0,2562496000.0,,985085000.0,0.0,0.0,0.0,830974000.0,411182000.0,419792000.0,12823527423.0,4800000.0,0.0,1900000.0,60000000.0,-86700000.0,-24800000.0,-57000000.0,0.0,87000000.0,-400000.0,131500000.0,131500000.0,131500000.0,0.0,0.0,0.13,292400000.0,209200000.0,158698000.0,0.652,6.864,25.336,25.222,859490000.0,0.0,22.195,3.272,3.272,537341000.0,1871813000.0,1014300000.0,1014300000.0,0.0,,,,,700000.0,292600000.0,1.0,577766498.0,577800000,578200000.0,1.755,2699136000.0,0.0,76300000.0,65720000.0,4.671,1379724000.0
22,FAST,MRQ,2016-03-31,2016-03-31,2016-03-31,2021-10-16,-32687000.0,2642781000.0,,1767180000.0,875601000.0,,3.154,-28800000.0,150552000.0,150552000.0,495200000.0,126200000.0,4.4,0.451,370000000.0,7610000.0,362390000.0,370000000.0,0.0,23400000.0,0.0,0.023,0.15,201300000.0,224700000.0,0.228,224700000.0,201300000.0,199900000.0,0.22,0.22,0.22,1821876000.0,,1821876000.0,14367766318.0,17.0,15.664,137700000.0,0.238,1.0,491500000.0,0.498,0.0,1400000.0,2460556000.0,,965054000.0,0.0,0.0,0.0,820905000.0,401673000.0,419232000.0,14131785318.0,21600000.0,0.0,-39000000.0,5000000.0,-86500000.0,-120500000.0,-28900000.0,0.0,166500000.0,4500000.0,126200000.0,126200000.0,126200000.0,0.0,0.0,0.128,290300000.0,201200000.0,158496000.0,0.682,7.757,27.441,27.528,826736000.0,0.0,24.5,3.621,3.626,533485000.0,1826958000.0,986700000.0,986700000.0,0.0,,,,,1000000.0,290200000.0,1.0,576807564.0,577600000,578200000.0,1.708,2642781000.0,0.0,73700000.0,113058000.0,4.575,1365507000.0
23,FAST,MRQ,2015-12-31,2015-12-31,2015-12-31,2021-10-16,-46403000.0,2532462000.0,,1664776000.0,867686000.0,,3.108,-32534000.0,129019000.0,129019000.0,462268000.0,111943000.0,4.461,0.406,365000000.0,62050000.0,302950000.0,365000000.0,0.0,26100000.0,0.0,0.027,0.14,179289000.0,205389000.0,0.223,205389000.0,179289000.0,178285000.0,0.195,0.195,0.195,1801289000.0,,1801289000.0,12028582003.0,15.0,13.135,115781000.0,0.2,1.0,460538000.0,0.499,0.0,1004000.0,2395277000.0,,913263000.0,0.0,0.0,0.0,731173000.0,373166000.0,358007000.0,11825357003.0,17321000.0,-23500000.0,-9599000.0,35000000.0,-81117000.0,-57472000.0,-67752000.0,0.0,148315000.0,-5770000.0,111943000.0,111943000.0,111943000.0,0.0,0.0,0.121,281350000.0,179188000.0,125973000.0,0.718,6.565,22.9,23.062,818889000.0,0.0,20.41,3.056,3.075,468375000.0,1842772000.0,922806000.0,922806000.0,0.0,,,,,2915000.0,282091000.0,1.0,579390348.0,579496000,579674000.0,1.592,2532462000.0,22558000.0,66342000.0,55057000.0,4.37,1291610000.0
24,FAST,MRQ,2015-09-30,2015-09-30,2015-09-30,2021-10-16,-40231000.0,2495277000.0,,1672990000.0,822287000.0,,3.076,-28858000.0,111775000.0,111775000.0,493025000.0,136494000.0,4.543,0.399,315000000.0,41510000.0,273490000.0,315000000.0,0.0,21205000.0,0.0,0.03,0.14,220146000.0,241351000.0,0.243,241351000.0,220146000.0,219204000.0,0.235,0.235,0.235,1783491000.0,,1783491000.0,10831778640.0,13.0,11.796,111973000.0,0.193,1.0,502225000.0,0.505,0.0,942000.0,2330222000.0,,883207000.0,0.0,0.0,0.0,711786000.0,368280000.0,343506000.0,10622944640.0,-9391000.0,0.0,-20687000.0,-15000000.0,-81247000.0,-116452000.0,-28920000.0,0.0,140831000.0,-4850000.0,136494000.0,136494000.0,136494000.0,0.0,0.0,0.137,282216000.0,220009000.0,131979000.0,0.596,5.956,20.317,20.567,810652000.0,0.0,18.305,2.743,2.741,537055000.0,1819794000.0,995250000.0,995250000.0,0.0,,,,,718000.0,282378000.0,1.0,580330218.0,579836000,580950000.0,1.716,2495277000.0,23266000.0,82710000.0,70016000.0,4.303,1304710000.0
25,FAST,MRQ,2015-06-30,2015-06-30,2015-06-30,2021-10-16,-23497000.0,2480932000.0,,1663373000.0,817559000.0,,3.029,-41649000.0,121166000.0,121166000.0,495740000.0,140357000.0,4.194,0.406,330000000.0,79575000.0,250425000.0,330000000.0,0.0,19883000.0,0.0,0.025,0.14,225896000.0,245779000.0,0.246,245779000.0,225896000.0,225099000.0,0.24,0.24,0.24,1763984000.0,,1763984000.0,12403233756.0,15.0,13.654,39400000.0,0.068,1.0,502087000.0,0.503,0.0,797000.0,2293190000.0,,876697000.0,0.0,0.0,0.0,716948000.0,396576000.0,320372000.0,12399023756.0,376000.0,0.0,-163729000.0,205000000.0,-81890000.0,-39796000.0,-41646000.0,0.0,81049000.0,769000.0,140357000.0,140357000.0,140357000.0,0.0,0.0,0.141,276254000.0,225833000.0,133472000.0,0.583,7.029,23.86,23.966,805854000.0,0.0,21.09,3.214,3.183,537650000.0,1781645000.0,997827000.0,997827000.0,0.0,,,,,998000.0,276644000.0,1.0,587910088.0,582354000,583660000.0,1.713,2480932000.0,20653000.0,84742000.0,71079000.0,4.26,1266797000.0
26,FAST,MRQ,2015-03-31,2015-03-31,2015-03-31,2021-10-16,-27286000.0,2423937000.0,,1628947000.0,794990000.0,,3.155,-42259000.0,120790000.0,120790000.0,469267000.0,127606000.0,3.308,0.301,125000000.0,125000000.0,0.0,125000000.0,0.0,19412000.0,0.0,0.025,0.14,203870000.0,223282000.0,0.234,223282000.0,203870000.0,203512000.0,0.215,0.215,0.215,1862813000.0,,1862813000.0,12235300874.0,15.0,13.786,137846000.0,0.233,1.0,484050000.0,0.508,0.0,358000.0,1935784000.0,,867922000.0,0.0,0.0,0.0,561124000.0,492363000.0,68761000.0,12259796874.0,6294000.0,0.0,-79785000.0,35000000.0,-82846000.0,-127180000.0,-42282000.0,0.0,180105000.0,-4349000.0,127606000.0,127606000.0,127606000.0,0.0,0.0,0.134,280279000.0,203771000.0,132234000.0,0.651,6.581,24.047,24.09,783151000.0,0.0,20.718,3.218,3.211,521094000.0,1887159000.0,953317000.0,953317000.0,0.0,,,,,1169000.0,280387000.0,1.0,591760438.0,590476000,591874000.0,1.614,2423937000.0,21578000.0,75906000.0,134947000.0,4.105,1136584000.0
27,FAST,MRQ,2014-12-31,2014-12-31,2014-12-31,2021-10-16,-7836000.0,2359102000.0,,1583265000.0,775837000.0,,3.235,-44262000.0,114496000.0,114496000.0,458690000.0,118391000.0,4.218,0.232,90000000.0,90000000.0,0.0,90000000.0,0.0,18669000.0,0.0,0.021,0.125,189143000.0,207812000.0,0.224,207812000.0,189143000.0,188819000.0,0.2,0.2,0.2,1915217000.0,,1915217000.0,14087395163.0,18.0,16.371,122188000.0,0.206,1.0,467564000.0,0.505,0.0,324000.0,1959253000.0,,869224000.0,0.0,0.0,0.0,443885000.0,375353000.0,68532000.0,14098724163.0,-1833000.0,-5575000.0,-25584000.0,-15000000.0,-74035000.0,-114450000.0,-49816000.0,0.0,166450000.0,-4017000.0,118391000.0,118391000.0,118391000.0,0.0,0.0,0.128,278543000.0,189021000.0,103909000.0,0.625,7.361,28.531,28.479,763889000.0,0.0,23.78,3.776,3.777,462077000.0,1886350000.0,926254000.0,926254000.0,0.0,,,,,2250000.0,278785000.0,1.0,592881588.0,592062000,593594000.0,1.564,2359102000.0,21765000.0,70428000.0,75974000.0,3.985,1207912000.0
28,FAST,MRQ,2014-09-30,2014-09-30,2014-09-30,2021-10-16,-120000.0,2372995000.0,,1619405000.0,753590000.0,,3.206,-44553000.0,116329000.0,116329000.0,482121000.0,133314000.0,3.97,0.248,105000000.0,105000000.0,0.0,105000000.0,0.0,18286000.0,0.0,0.022,0.125,213259000.0,231545000.0,0.236,231545000.0,213259000.0,212988000.0,0.225,0.225,0.225,1901573000.0,,1901573000.0,13289036098.0,18.0,16.077,65460000.0,0.11,1.0,498693000.0,0.508,0.0,271000.0,1953763000.0,,836379000.0,0.0,0.0,0.0,471422000.0,407903000.0,63519000.0,13324976098.0,10389000.0,0.0,-15957000.0,35000000.0,-74193000.0,-54713000.0,-44054000.0,453000.0,110013000.0,-857000.0,133314000.0,133314000.0,133314000.0,0.0,0.0,0.136,285822000.0,212871000.0,112579000.0,0.556,7.007,28.053,28.062,741489000.0,0.0,22.45,3.68,3.678,522265000.0,1841994000.0,980814000.0,980814000.0,0.0,,,,,1183000.0,286132000.0,1.0,593540138.0,593190000,594756000.0,1.653,2372995000.0,17098000.0,79674000.0,71700000.0,4.0,1211502000.0
29,FAST,MRQ,2014-06-30,2014-06-30,2014-06-30,2021-10-16,11652000.0,2282973000.0,,1555782000.0,727191000.0,,3.148,-63330000.0,105940000.0,105940000.0,467271000.0,130514000.0,4.427,0.222,70000000.0,70000000.0,0.0,70000000.0,0.0,17909000.0,0.0,0.02,0.125,206976000.0,224885000.0,0.237,224885000.0,206976000.0,206782000.0,0.22,0.22,0.22,1868124000.0,,1868124000.0,14591648999.0,20.0,18.241,16301000.0,0.027,1.0,482667000.0,0.508,0.0,194000.0,1895570000.0,,818771000.0,453000.0,453000.0,0.0,414849000.0,351463000.0,63386000.0,14680669999.0,16919000.0,0.0,3502000.0,70000000.0,-74160000.0,280000.0,-63421000.0,0.0,79631000.0,429000.0,130514000.0,130514000.0,130514000.0,0.0,0.0,0.137,275820000.0,206847000.0,109488000.0,0.568,7.859,31.844,31.929,714912000.0,0.0,24.745,4.196,4.197,502330000.0,1782873000.0,949938000.0,949938000.0,0.0,,,,,682000.0,276016000.0,1.0,593278238.0,593382000,595156000.0,1.601,2282973000.0,17279000.0,76268000.0,68736000.0,3.847,1204319000.0
30,FAST,MRQ,2014-03-31,2014-03-31,2014-03-31,2021-10-16,6266000.0,2165106000.0,,1475492000.0,689614000.0,,3.035,-31510000.0,89021000.0,89021000.0,428023000.0,111931000.0,4.893,0.203,0.0,0.0,0.0,0.0,0.0,17281000.0,0.0,0.019,0.125,178971000.0,196252000.0,0.224,196252000.0,178971000.0,178845000.0,0.19,0.19,0.19,1800324000.0,,1800324000.0,14572366862.0,20.0,18.605,111788000.0,0.188,1.0,448478000.0,0.512,0.0,126000.0,1774559000.0,,793987000.0,453000.0,453000.0,0.0,364782000.0,301526000.0,63256000.0,14630872862.0,30515000.0,0.0,-7206000.0,0.0,-74193000.0,-80849000.0,-31490000.0,-2000.0,143298000.0,-444000.0,111931000.0,111931000.0,111931000.0,0.0,0.0,0.128,269627000.0,178851000.0,105697000.0,0.658,8.127,32.404,32.434,677295000.0,0.0,24.65,4.308,4.306,473181000.0,1726519000.0,876501000.0,876501000.0,0.0,,,,,830000.0,269843000.0,1.0,593544538.0,593284000,594990000.0,1.477,2165106000.0,17893000.0,66914000.0,110516000.0,3.649,1173966000.0
31,FAST,MRQ,2013-12-31,2013-12-31,2013-12-31,2021-10-16,11101000.0,2075784000.0,,1408461000.0,667323000.0,,2.987,-60282000.0,58506000.0,58506000.0,402311000.0,99229000.0,5.873,0.171,0.0,0.0,0.0,0.0,0.0,16558000.0,0.0,0.017,0.125,157326000.0,173884000.0,0.214,173884000.0,157326000.0,157274000.0,0.165,0.17,0.165,1772697000.0,,1772697000.0,14006025698.0,20.0,18.018,40565000.0,0.068,1.0,411449000.0,0.506,0.0,52000.0,1777446000.0,,784068000.0,451000.0,451000.0,0.0,303087000.0,239832000.0,63255000.0,14098215698.0,-33684000.0,0.0,267000.0,0.0,-74237000.0,-73865000.0,-60358000.0,-10000.0,100847000.0,-308000.0,99229000.0,99229000.0,99229000.0,0.0,0.0,0.122,254314000.0,157135000.0,91253000.0,0.758,7.953,31.425,31.464,654850000.0,0.0,23.755,4.239,4.239,414331000.0,1688781000.0,813760000.0,813760000.0,0.0,,,,,1245000.0,254389000.0,1.0,593484138.0,593496000,595266000.0,1.371,2075784000.0,43117000.0,58045000.0,63255000.0,3.498,1168629000.0
32,FAST,MRQ,2013-09-30,2013-09-30,2013-09-30,2021-10-16,14753000.0,2060419000.0,,1436830000.0,623589000.0,,2.947,-51611000.0,92190000.0,92190000.0,415029000.0,119350000.0,5.535,0.178,0.0,0.0,0.0,0.0,0.0,16243000.0,0.0,0.025,0.125,188668000.0,204911000.0,0.239,204911000.0,188668000.0,188643000.0,0.2,0.2,0.2,1749635000.0,,1749635000.0,14800719910.0,21.0,19.075,49797000.0,0.084,1.0,443395000.0,0.517,0.0,25000.0,1708657000.0,,755985000.0,441000.0,441000.0,0.0,310784000.0,259572000.0,51212000.0,14923572910.0,-30663000.0,0.0,-7159000.0,0.0,-74219000.0,-80789000.0,-51731000.0,-4000.0,101408000.0,449000.0,119350000.0,119350000.0,119350000.0,0.0,0.0,0.139,254845000.0,188550000.0,105131000.0,0.625,8.53,33.302,33.291,611051000.0,0.0,25.135,4.564,4.564,453652000.0,1663789000.0,858424000.0,858424000.0,0.0,,,,,761000.0,254957000.0,1.0,593736738.0,593686000,595432000.0,1.446,2060419000.0,13815000.0,69293000.0,53206000.0,3.471,1177258000.0
33,FAST,MRQ,2013-06-30,2013-06-30,2013-06-30,2021-10-16,11081000.0,1993443000.0,,1405318000.0,588125000.0,,2.874,-35411000.0,122853000.0,122853000.0,404875000.0,121009000.0,5.951,0.168,0.0,0.0,0.0,0.0,0.0,15817000.0,0.0,0.026,0.1,192382000.0,208199000.0,0.246,208199000.0,192382000.0,192379000.0,0.205,0.205,0.205,1706052000.0,,1706052000.0,13426054387.0,19.0,17.659,18210000.0,0.031,1.0,442721000.0,0.522,0.0,3000.0,1634450000.0,,725107000.0,437000.0,437000.0,0.0,287391000.0,236140000.0,51251000.0,13585294387.0,-36387000.0,0.0,4297000.0,0.0,-59338000.0,-53902000.0,-35391000.0,-20000.0,53621000.0,-715000.0,121009000.0,121009000.0,121009000.0,0.0,0.0,0.143,250507000.0,192214000.0,89753000.0,0.488,7.963,31.01,30.939,575571000.0,0.0,22.895,4.227,4.229,436452000.0,1618658000.0,847596000.0,847596000.0,0.0,,,,,211000.0,250750000.0,1.0,593373854.0,593558000,595444000.0,1.428,1993443000.0,14593000.0,71370000.0,58348000.0,3.358,1169178000.0
34,FAST,MRQ,2013-03-31,2013-03-31,2013-03-31,2021-10-16,14349000.0,1945296000.0,,1376836000.0,568460000.0,,2.766,-54246000.0,159240000.0,159240000.0,384446000.0,109048000.0,5.44,0.186,0.0,0.0,0.0,0.0,0.0,15152000.0,0.0,0.023,0.05,175206000.0,190358000.0,0.236,190358000.0,175206000.0,175172000.0,0.185,0.185,0.185,1640863000.0,,1640863000.0,15146670069.0,22.0,20.347,105998000.0,0.179,1.0,421880000.0,0.523,0.0,34000.0,1532959000.0,,700484000.0,417000.0,417000.0,0.0,304433000.0,253097000.0,51336000.0,15226281069.0,79629000.0,0.0,2821000.0,0.0,-29662000.0,-25887000.0,-54312000.0,-63000.0,160244000.0,-416000.0,109048000.0,109048000.0,109048000.0,0.0,0.0,0.135,247121000.0,174759000.0,75327000.0,0.27,9.279,35.46,35.4,555734000.0,0.0,25.665,4.802,4.802,418733000.0,1556987000.0,806326000.0,806326000.0,0.0,,,,,396000.0,247334000.0,1.0,593270254.0,593286000,595304000.0,1.359,1945296000.0,14079000.0,66124000.0,103015000.0,3.279,1123739000.0
35,FAST,MRQ,2012-12-31,2012-12-31,2012-12-31,2021-10-16,18357000.0,1815832000.0,,1286656000.0,529176000.0,,2.632,-46661000.0,79611000.0,79611000.0,366414000.0,98716000.0,6.302,0.164,0.0,0.0,0.0,0.0,0.0,14306000.0,0.0,0.027,0.355,158151000.0,172457000.0,0.228,172457000.0,158151000.0,158151000.0,0.165,0.17,0.165,1560360000.0,,1560360000.0,13627810463.0,20.0,18.729,60535000.0,0.102,1.0,390821000.0,0.516,0.0,0.0,1532047000.0,,715383000.0,354000.0,354000.0,0.0,255472000.0,204174000.0,51298000.0,13823413463.0,-115992000.0,0.0,5859000.0,0.0,-210496000.0,-203445000.0,-19798000.0,26874000.0,107196000.0,55000.0,98716000.0,98716000.0,98716000.0,0.0,0.0,0.13,232777000.0,158044000.0,78019000.0,2.152,8.859,32.871,32.852,516427000.0,0.0,23.325,4.411,4.408,372159000.0,1477601000.0,757235000.0,757235000.0,0.0,,,,,158000.0,232914000.0,1.0,592643664.0,592928000,594704000.0,1.277,1815832000.0,21788000.0,59435000.0,51298000.0,3.062,1082482000.0
36,FAST,MRQ,2012-09-30,2012-09-30,2012-09-30,2021-10-16,18996000.0,1919711000.0,,1422890000.0,496821000.0,,2.809,-37566000.0,195603000.0,195603000.0,388202000.0,109320000.0,6.587,0.153,0.0,0.0,0.0,0.0,0.0,13441000.0,0.0,0.016,0.095,175836000.0,189277000.0,0.236,189277000.0,175836000.0,175836000.0,0.185,0.185,0.185,1664378000.0,,1664378000.0,12545742268.0,19.0,17.73,61099000.0,0.103,1.0,414375000.0,0.516,0.0,0.0,1508092000.0,,675828000.0,27228000.0,27228000.0,0.0,255333000.0,216016000.0,39317000.0,12731658268.0,9687000.0,0.0,3584000.0,0.0,-56281000.0,-51843000.0,-37663000.0,-62000.0,98665000.0,528000.0,109320000.0,109320000.0,109320000.0,0.0,0.0,0.136,238656000.0,175719000.0,84882000.0,0.514,7.649,31.107,31.152,483935000.0,0.0,21.495,4.142,4.143,411033000.0,1589381000.0,802577000.0,802577000.0,0.0,,,,,496000.0,238814000.0,1.0,592307898.0,592476000,594358000.0,1.355,1919711000.0,13064000.0,66516000.0,47272000.0,3.24,1206874000.0
37,FAST,MRQ,2012-06-30,2012-06-30,2012-06-30,2021-10-16,14342000.0,1850747000.0,,1378096000.0,472651000.0,,2.703,-22428000.0,185916000.0,185916000.0,389739000.0,112306000.0,6.546,0.156,0.0,0.0,0.0,0.0,0.0,13297000.0,0.0,0.015,0.085,179039000.0,192336000.0,0.239,192336000.0,179039000.0,179039000.0,0.19,0.19,0.19,1600897000.0,,1600897000.0,11735759086.0,18.0,17.14,35815000.0,0.06,1.0,415151000.0,0.516,0.0,0.0,1454312000.0,,662689000.0,27166000.0,27166000.0,0.0,249850000.0,210519000.0,39331000.0,11934637086.0,-12962000.0,0.0,1916000.0,0.0,-50332000.0,-48010000.0,-22430000.0,28000.0,58243000.0,-765000.0,112306000.0,112306000.0,112306000.0,0.0,0.0,0.14,236256000.0,178895000.0,81243000.0,0.447,7.455,30.08,30.082,459652000.0,0.0,20.155,3.98,3.981,399993000.0,1536342000.0,804890000.0,804890000.0,0.0,,,,,-7053000.0,236538000.0,1.0,592142748.0,592220000,594260000.0,1.359,1850747000.0,13741000.0,66733000.0,49328000.0,3.125,1167577000.0
38,FAST,MRQ,2012-03-31,2012-03-31,2012-03-31,2021-10-16,17759000.0,1813332000.0,,1349975000.0,463357000.0,,2.604,-27227000.0,198878000.0,198878000.0,374698000.0,100194000.0,5.715,0.178,0.0,0.0,0.0,0.0,0.0,12415000.0,0.0,0.011,0.085,161129000.0,173544000.0,0.226,173544000.0,161129000.0,161129000.0,0.17,0.17,0.17,1538968000.0,,1538968000.0,15856916493.0,26.0,24.267,104961000.0,0.178,1.0,394177000.0,0.513,0.0,0.0,1378227000.0,,647886000.0,27194000.0,27194000.0,0.0,274364000.0,236227000.0,38137000.0,15974592493.0,81202000.0,0.0,18285000.0,0.0,-50197000.0,-24215000.0,-27313000.0,-29000.0,132188000.0,542000.0,100194000.0,100194000.0,100194000.0,0.0,0.0,0.13,233144000.0,161033000.0,76113000.0,0.5,10.38,42.197,42.266,450239000.0,0.0,27.05,5.518,5.523,386882000.0,1474368000.0,768875000.0,768875000.0,0.0,,,,,1050000.0,232970000.0,1.0,590557948.0,591076000,593854000.0,1.301,1813332000.0,14838000.0,60935000.0,85155000.0,3.068,1113748000.0
39,FAST,MRQ,2011-12-31,2011-12-31,2011-12-31,2021-10-16,14796000.0,1684948000.0,,1236138000.0,448810000.0,,2.471,-26896000.0,117676000.0,117676000.0,340626000.0,87471000.0,6.582,0.155,0.0,0.0,0.0,0.0,0.0,11672000.0,0.0,0.015,0.07,140769000.0,152441000.0,0.218,152441000.0,140769000.0,140769000.0,0.145,0.15,0.145,1458976000.0,,1458976000.0,12762792945.0,22.0,20.612,47412000.0,0.08,1.0,357178000.0,0.512,0.0,0.0,1379454000.0,,646152000.0,27165000.0,27165000.0,0.0,225972000.0,187818000.0,38154000.0,12873840945.0,6628000.0,0.0,1233000.0,0.0,-41327000.0,-39912000.0,-27947000.0,-962000.0,74308000.0,179000.0,87471000.0,87471000.0,87471000.0,0.0,0.0,0.125,216563000.0,140615000.0,73779000.0,0.483,8.824,35.968,36.041,435601000.0,0.0,21.805,4.653,4.651,338594000.0,1424371000.0,697804000.0,697804000.0,0.0,,,,,1125000.0,216552000.0,1.0,590407748.0,590468000,592374000.0,1.182,1684948000.0,16718000.0,53298000.0,40231000.0,2.854,1048320000.0
40,FAST,MRQ,2011-09-30,2011-09-30,2011-09-30,2021-10-16,13330000.0,1651020000.0,,1217364000.0,433656000.0,,2.387,-34904000.0,111048000.0,111048000.0,349361000.0,96798000.0,5.562,0.172,0.0,0.0,0.0,0.0,0.0,11078000.0,0.0,0.022,0.065,155319000.0,166397000.0,0.229,166397000.0,155319000.0,155319000.0,0.165,0.165,0.165,1408826000.0,,1408826000.0,9732228663.0,18.0,16.66,58000000.0,0.098,1.0,377381000.0,0.519,0.0,0.0,1321103000.0,,618149000.0,26203000.0,26203000.0,0.0,242194000.0,218869000.0,23325000.0,9821637663.0,21639000.0,0.0,2353000.0,0.0,-38367000.0,-35213000.0,-34685000.0,40000.0,92904000.0,-1367000.0,96798000.0,96798000.0,96798000.0,0.0,0.0,0.133,222156000.0,155225000.0,86839000.0,0.394,6.972,29.264,29.193,420388000.0,0.0,16.64,3.716,3.717,361075000.0,1378227000.0,726742000.0,726742000.0,0.0,,,,,1125000.0,222257000.0,1.0,590242648.0,590288000,591790000.0,1.231,1651020000.0,16502000.0,58521000.0,46787000.0,2.797,998495000.0
41,FAST,MRQ,2011-06-30,2011-06-30,2011-06-30,2021-10-16,21386000.0,1581871000.0,,1171815000.0,410056000.0,,2.295,-34104000.0,89409000.0,89409000.0,335497000.0,94112000.0,5.733,0.168,0.0,0.0,0.0,0.0,0.0,10882000.0,0.0,0.022,0.065,150182000.0,161064000.0,0.23,161064000.0,150182000.0,150182000.0,0.16,0.16,0.16,1354171000.0,,1354171000.0,10487214650.0,21.0,19.12,-7111000.0,-0.012,1.0,366233000.0,0.522,0.0,0.0,1288068000.0,,608657000.0,26243000.0,26243000.0,0.0,227700000.0,204394000.0,23306000.0,10612062650.0,-35439000.0,0.0,5353000.0,0.0,-38332000.0,-32979000.0,-29689000.0,4513000.0,26993000.0,236000.0,94112000.0,94112000.0,94112000.0,0.0,0.0,0.134,216127000.0,150106000.0,83120000.0,0.406,7.837,33.816,33.953,396461000.0,0.0,17.995,4.211,4.213,357195000.0,1319795000.0,701730000.0,701730000.0,0.0,,,,,900000.0,215868000.0,1.0,589722848.0,589948000,591832000.0,1.189,1581871000.0,17413000.0,56070000.0,44152000.0,2.681,967421000.0
42,FAST,MRQ,2011-03-31,2011-03-31,2011-03-31,2021-10-16,20765000.0,1524613000.0,,1132921000.0,391692000.0,,2.19,-20585000.0,124848000.0,124848000.0,307203000.0,79547000.0,5.407,0.18,0.0,0.0,0.0,0.0,0.0,10481000.0,0.0,0.021,0.125,128811000.0,139292000.0,0.217,139292000.0,128811000.0,128811000.0,0.135,0.135,0.135,1291517000.0,,1291517000.0,9414240059.0,20.0,18.471,53699000.0,0.091,1.0,333380000.0,0.52,0.0,0.0,1190249000.0,,576451000.0,30756000.0,26208000.0,4548000.0,233096000.0,209516000.0,23580000.0,9557933059.0,-18845000.0,0.0,0.0,0.0,-73715000.0,-73715000.0,-19902000.0,463000.0,74284000.0,488000.0,79547000.0,79547000.0,79547000.0,0.0,0.0,0.124,204717000.0,128663000.0,68519000.0,0.926,7.401,33.087,33.418,373498000.0,0.0,16.207,4.0,4.0,325685000.0,1264015000.0,640583000.0,640583000.0,0.0,,,,,900000.0,204692000.0,1.0,589722848.0,589722000,590858000.0,1.086,1524613000.0,17947000.0,49264000.0,72099000.0,2.585,923405000.0
43,FAST,MRQ,2010-12-31,2010-12-31,2010-12-31,2021-10-16,18492000.0,1468283000.0,,1085698000.0,382585000.0,,2.175,-29759000.0,143693000.0,143693000.0,275149000.0,65161000.0,6.694,0.145,0.0,0.0,0.0,0.0,0.0,10256000.0,0.0,0.021,0.105,107144000.0,117400000.0,0.205,117400000.0,107144000.0,107144000.0,0.11,0.11,0.11,1282512000.0,,1282512000.0,8660008956.0,20.0,18.374,44436000.0,0.075,1.0,298617000.0,0.52,0.0,0.0,1162405000.0,,557369000.0,31219000.0,26067000.0,5152000.0,185771000.0,162185000.0,23586000.0,8832573956.0,-28872000.0,0.0,0.0,0.0,-61921000.0,-61921000.0,-41682000.0,-1412000.0,74195000.0,536000.0,65161000.0,65161000.0,65161000.0,0.0,0.0,0.114,191711000.0,106906000.0,60474000.0,0.955,6.887,33.286,33.283,363419000.0,0.0,14.977,3.892,3.892,270133000.0,1258183000.0,573766000.0,573766000.0,0.0,,,,,1015000.0,191779000.0,1.0,589722848.0,589722000,589722000.0,0.973,1468283000.0,17897000.0,41983000.0,28885000.0,2.49,923513000.0
44,FAST,MRQ,2010-09-30,2010-09-30,2010-09-30,2021-10-16,15610000.0,1469337000.0,,1116803000.0,352534000.0,,2.163,-9408000.0,172565000.0,172565000.0,291102000.0,74994000.0,6.305,0.152,0.0,0.0,0.0,0.0,0.0,10028000.0,0.0,0.015,0.105,120702000.0,130730000.0,0.217,130730000.0,120702000.0,120702000.0,0.125,0.125,0.125,1275375000.0,,1275375000.0,7645447571.0,19.0,17.567,37358000.0,0.063,1.0,312648000.0,0.518,0.0,0.0,1119629000.0,,546063000.0,29807000.0,24641000.0,5166000.0,193962000.0,177143000.0,16819000.0,7841839571.0,-23827000.0,0.0,0.0,0.0,-61921000.0,-61921000.0,-9383000.0,-146000.0,46766000.0,711000.0,74994000.0,74994000.0,74994000.0,0.0,0.0,0.124,192138000.0,120510000.0,73605000.0,0.84,6.149,32.043,32.433,343848000.0,0.0,13.297,3.61,3.61,301721000.0,1254943000.0,603750000.0,603750000.0,0.0,,,,,1015000.0,192140000.0,1.0,589722848.0,589722000,589722000.0,1.024,1469337000.0,14710000.0,45708000.0,25132000.0,2.492,939660000.0
45,FAST,MRQ,2010-06-30,2010-06-30,2010-06-30,2021-10-16,13192000.0,1441855000.0,,1088486000.0,353369000.0,,2.135,-22518000.0,196392000.0,196392000.0,273525000.0,69167000.0,6.551,0.145,0.0,0.0,0.0,0.0,0.0,10117000.0,0.0,0.015,0.0,112125000.0,122242000.0,0.214,122242000.0,112125000.0,112125000.0,0.115,0.115,0.115,1258869000.0,,1258869000.0,7220725435.0,21.0,18.454,17981000.0,0.03,1.0,297658000.0,0.521,0.0,0.0,1079299000.0,,522214000.0,29661000.0,24464000.0,5197000.0,182986000.0,166164000.0,16822000.0,7399547435.0,17570000.0,0.0,0.0,0.0,0.0,0.0,-22474000.0,-11000.0,40499000.0,-455000.0,69167000.0,69167000.0,69167000.0,0.0,0.0,0.121,185822000.0,111836000.0,71435000.0,0.0,5.878,34.048,34.377,344465000.0,0.0,12.547,3.595,3.595,280823000.0,1241870000.0,571183000.0,571183000.0,0.0,,,,,1000000.0,185783000.0,1.0,589722848.0,589722000,590318000.0,0.969,1441855000.0,14760000.0,42958000.0,25763000.0,2.445,922322000.0
46,FAST,MRQ,2010-03-31,2010-03-31,2010-03-31,2021-10-16,15455000.0,1370275000.0,,1029183000.0,341092000.0,,2.02,-7453000.0,178822000.0,178822000.0,254859000.0,56034000.0,6.341,0.151,0.0,0.0,0.0,0.0,0.0,10287000.0,0.0,0.016,0.1,90669000.0,100956000.0,0.194,100956000.0,90669000.0,90669000.0,0.095,0.095,0.095,1190965000.0,,1190965000.0,6910347869.0,22.0,19.772,71575000.0,0.121,1.0,265913000.0,0.511,0.0,0.0,1029144000.0,,507243000.0,29650000.0,24440000.0,5210000.0,179310000.0,162309000.0,17001000.0,7075199869.0,13970000.0,0.0,0.0,0.0,-58972000.0,-58972000.0,-6509000.0,988000.0,79028000.0,423000.0,56034000.0,56034000.0,56034000.0,0.0,0.0,0.108,175477000.0,90436000.0,65778000.0,1.053,5.941,36.908,37.144,332103000.0,0.0,11.998,3.607,3.607,262463000.0,1172703000.0,520772000.0,520772000.0,0.0,,,,,1000000.0,175410000.0,1.0,589722848.0,589724000,589724000.0,0.883,1370275000.0,12908000.0,34635000.0,38804000.0,2.324,866874000.0
47,FAST,MRQ,2009-12-31,2009-12-31,2009-12-31,2021-10-16,13395000.0,1327358000.0,,982364000.0,344994000.0,,2.014,-11811000.0,164852000.0,164852000.0,239035000.0,44536000.0,8.22,0.115,0.0,0.0,0.0,0.0,0.0,9873000.0,0.0,0.017,0.0,71419000.0,81292000.0,0.171,81292000.0,71419000.0,71419000.0,0.075,0.075,0.075,1190843000.0,,1190843000.0,5982746848.0,20.0,17.726,41075000.0,0.069,1.0,237715000.0,0.499,0.0,0.0,1042997000.0,,508405000.0,30638000.0,24400000.0,6238000.0,136515000.0,119509000.0,17006000.0,6176490848.0,-28892000.0,-5032000.0,-41104000.0,0.0,0.0,-41104000.0,-40718000.0,-23792000.0,52886000.0,44000.0,44536000.0,44536000.0,44536000.0,0.0,0.0,0.093,166681000.0,71034000.0,53490000.0,0.0,5.187,33.503,33.581,335004000.0,0.0,10.41,3.2,3.2,214169000.0,1175641000.0,476750000.0,476750000.0,0.0,,,,,1000000.0,166621000.0,1.0,593322848.0,591356000,591356000.0,0.806,1327358000.0,24576000.0,26883000.0,17006000.0,2.245,862855000.0
48,FAST,MRQ,2009-09-30,2009-09-30,2009-09-30,2021-10-16,12123000.0,1337764000.0,,998090000.0,339674000.0,,1.995,-6912000.0,193744000.0,193744000.0,244772000.0,47589000.0,7.194,0.129,0.0,0.0,0.0,0.0,0.0,9784000.0,0.0,0.026,0.092,77002000.0,86786000.0,0.177,86786000.0,77002000.0,77002000.0,0.08,0.08,0.08,1185140000.0,,1185140000.0,5574471554.0,17.0,15.236,78720000.0,0.132,1.0,244567000.0,0.5,0.0,0.0,1005276000.0,,498106000.0,6846000.0,1295000.0,5551000.0,152624000.0,138744000.0,13880000.0,5748138554.0,20077000.0,0.0,0.0,0.0,-54957000.0,-54957000.0,-12089000.0,-5125000.0,85632000.0,1491000.0,47589000.0,47589000.0,47589000.0,0.0,0.0,0.097,168157000.0,76410000.0,61352000.0,1.15,4.85,28.406,28.456,330437000.0,0.0,9.675,2.876,2.876,239323000.0,1167123000.0,489339000.0,489339000.0,0.0,,,,,950000.0,168119000.0,1.0,594122848.0,594124000,594124000.0,0.824,1337764000.0,18996000.0,29413000.0,19055000.0,2.252,859346000.0
49,FAST,MRQ,2009-06-30,2009-06-30,2009-06-30,2021-10-16,7409000.0,1328684000.0,,988997000.0,339687000.0,,1.998,-11892000.0,173667000.0,173667000.0,232389000.0,43538000.0,7.73,0.12,0.0,0.0,0.0,0.0,0.0,10063000.0,0.0,0.027,0.0,70402000.0,80465000.0,0.169,80465000.0,70402000.0,70402000.0,0.072,0.072,0.072,1186845000.0,,1186845000.0,4816896717.0,13.0,11.843,62126000.0,0.105,1.0,242505000.0,0.511,0.0,0.0,1027067000.0,,519119000.0,1721000.0,916000.0,805000.0,141839000.0,127950000.0,13889000.0,4926763717.0,63800000.0,0.0,0.0,0.0,0.0,0.0,-11926000.0,-5000.0,74018000.0,1708000.0,43538000.0,43538000.0,43538000.0,0.0,0.0,0.092,172567000.0,69938000.0,54463000.0,0.0,4.151,21.639,21.651,335232000.0,0.0,8.293,2.308,2.308,228257000.0,1174492000.0,474894000.0,474894000.0,0.0,,,,,1000000.0,172143000.0,1.0,594122848.0,594124000,594124000.0,0.799,1328684000.0,18967000.0,26864000.0,15841000.0,2.236,861047000.0
50,FAST,MRQ,2009-03-31,2009-03-31,2009-03-31,2021-10-16,2414000.0,1302649000.0,,967580000.0,335069000.0,,1.914,-17060000.0,109867000.0,109867000.0,230699000.0,48694000.0,6.389,0.145,0.0,0.0,0.0,0.0,0.0,10300000.0,0.0,0.028,0.087,78667000.0,88967000.0,0.182,88967000.0,78667000.0,78667000.0,0.083,0.083,0.083,1137311000.0,,1137311000.0,4690113044.0,11.0,10.204,76474000.0,0.129,1.0,258648000.0,0.529,0.0,0.0,1041341000.0,,555283000.0,1716000.0,899000.0,817000.0,165338000.0,151441000.0,13897000.0,4776005044.0,23975000.0,0.0,0.0,0.0,-51986000.0,-51986000.0,-17016000.0,-19000.0,93534000.0,-557000.0,48694000.0,48694000.0,48694000.0,0.0,0.0,0.1,180237000.0,78411000.0,51001000.0,1.048,4.199,18.348,18.353,330614000.0,0.0,8.039,2.11,2.11,240658000.0,1130953000.0,489347000.0,489347000.0,0.0,,,,,900000.0,179909000.0,1.0,594122848.0,594124000,594124000.0,0.824,1302649000.0,15909000.0,29973000.0,40790000.0,2.193,816139000.0
51,FAST,MRQ,2008-12-31,2008-12-31,2008-12-31,2021-10-16,4971000.0,1304149000.0,,975403000.0,328746000.0,,1.923,-11541000.0,85892000.0,85892000.0,253769000.0,62536000.0,6.591,0.142,0.0,0.0,0.0,0.0,0.0,10048000.0,0.0,0.023,0.068,99600000.0,109648000.0,0.201,109648000.0,99600000.0,99600000.0,0.105,0.105,0.105,1142259000.0,,1142259000.0,5124188313.0,11.0,10.45,74627000.0,0.126,1.0,291190000.0,0.534,0.0,0.0,1070264000.0,,564247000.0,1697000.0,851000.0,846000.0,161890000.0,147993000.0,13897000.0,5176295313.0,33785000.0,0.0,-3000.0,0.0,-40103000.0,-40106000.0,-11544000.0,-6000.0,86168000.0,-733000.0,62536000.0,62536000.0,62536000.0,0.0,0.0,0.115,191885000.0,99305000.0,63949000.0,0.648,4.532,18.506,18.537,324182000.0,0.0,8.713,2.212,2.216,244940000.0,1134244000.0,544959000.0,544959000.0,0.0,,,,,934000.0,191917000.0,1.0,594122848.0,594100000,594100000.0,0.917,1304149000.0,15909000.0,37064000.0,14396000.0,2.195,827410000.0
52,FAST,MRQ,2008-09-30,2008-09-30,2008-09-30,2021-10-16,7855000.0,1308892000.0,,981034000.0,327858000.0,,1.888,-26069000.0,52107000.0,52107000.0,294154000.0,72909000.0,5.703,0.167,0.0,0.0,0.0,0.0,0.0,9857000.0,0.0,0.011,0.068,117786000.0,127643000.0,0.204,127643000.0,117786000.0,117786000.0,0.122,0.122,0.122,1121777000.0,,1121777000.0,7259493866.0,16.0,15.06,32976000.0,0.055,1.0,330883000.0,0.529,0.0,0.0,1084779000.0,,537643000.0,1691000.0,228000.0,1463000.0,187115000.0,172006000.0,15109000.0,7335931866.0,-24331000.0,0.0,-17011000.0,0.0,-40091000.0,-57102000.0,-25591000.0,478000.0,59045000.0,-683000.0,72909000.0,72909000.0,72909000.0,0.0,0.0,0.117,213264000.0,117619000.0,74699000.0,0.557,6.54,26.836,26.842,322657000.0,0.0,12.348,3.169,3.17,309184000.0,1111812000.0,625037000.0,625037000.0,0.0,,,,,884000.0,213310000.0,1.0,594122848.0,594292000,594292000.0,1.052,1308892000.0,16020000.0,44877000.0,22232000.0,2.202,809028000.0
53,FAST,MRQ,2008-06-30,2008-06-30,2008-06-30,2021-10-16,11424000.0,1270663000.0,,959019000.0,311644000.0,,1.859,-17759000.0,76438000.0,76438000.0,286830000.0,76166000.0,6.529,0.146,0.0,0.0,0.0,0.0,0.0,9772000.0,0.0,0.011,0.0,123596000.0,133368000.0,0.221,133368000.0,123596000.0,123596000.0,0.128,0.128,0.128,1108668000.0,,1108668000.0,6360837930.0,15.0,13.736,10190000.0,0.017,1.0,317389000.0,0.525,0.0,0.0,1047339000.0,,507989000.0,2169000.0,678000.0,1491000.0,161995000.0,146886000.0,15109000.0,6436049930.0,1226000.0,0.0,-8944000.0,0.0,0.0,-8944000.0,-17845000.0,-38000.0,27949000.0,66000.0,76166000.0,76166000.0,76166000.0,0.0,0.0,0.126,194040000.0,123349000.0,67243000.0,0.0,5.805,24.51,24.523,306399000.0,0.0,10.79,2.895,2.895,292056000.0,1095755000.0,604219000.0,604219000.0,0.0,,,,,756000.0,193899000.0,1.0,596482848.0,596452000,596452000.0,1.013,1270663000.0,14702000.0,47430000.0,17754000.0,2.13,812133000.0
54,FAST,MRQ,2008-03-31,2008-03-31,2008-03-31,2021-10-16,11097000.0,1222575000.0,,918375000.0,304200000.0,,1.744,-31554000.0,75212000.0,75212000.0,269580000.0,68094000.0,5.496,0.175,0.0,0.0,0.0,0.0,0.0,9524000.0,0.0,0.01,0.062,110185000.0,119709000.0,0.211,119709000.0,110185000.0,110185000.0,0.115,0.115,0.115,1040352000.0,,1040352000.0,6836388976.0,17.0,15.646,55182000.0,0.093,1.0,296630000.0,0.524,0.0,0.0,980249000.0,,494360000.0,2131000.0,207000.0,1924000.0,182223000.0,167114000.0,15109000.0,6890533976.0,17992000.0,0.0,0.0,0.0,-37280000.0,-37280000.0,-31603000.0,-22000.0,86736000.0,139000.0,68094000.0,68094000.0,68094000.0,0.0,0.0,0.12,186666000.0,109964000.0,59573000.0,0.539,6.623,27.933,27.87,298553000.0,0.0,11.482,3.222,3.202,273360000.0,1026864000.0,566210000.0,566210000.0,0.0,,,,,673000.0,186562000.0,1.0,600090048.0,596484000,596484000.0,0.949,1222575000.0,14702000.0,42091000.0,55960000.0,2.05,751261000.0
55,FAST,MRQ,2007-12-31,2007-12-31,2007-12-31,2021-10-16,12393000.0,1163061000.0,,880771000.0,282290000.0,,1.688,-18698000.0,57220000.0,57220000.0,254640000.0,56191000.0,6.392,0.151,0.0,0.0,0.0,0.0,0.0,9373000.0,0.0,0.011,0.0,91956000.0,101329000.0,0.195,101329000.0,91956000.0,91956000.0,0.095,0.095,0.095,1010161000.0,,1010161000.0,6009764935.0,16.0,14.473,48769000.0,0.082,1.0,264566000.0,0.51,0.0,0.0,968050000.0,,504592000.0,2109000.0,159000.0,1950000.0,152900000.0,137791000.0,15109000.0,6063909935.0,3075000.0,0.0,-50234000.0,0.0,0.0,-50234000.0,-14292000.0,4415000.0,67467000.0,134000.0,56191000.0,56191000.0,56191000.0,0.0,0.0,0.108,172944000.0,91622000.0,55353000.0,0.0,6.003,26.068,26.044,276627000.0,0.0,10.105,2.941,2.951,236331000.0,996050000.0,519206000.0,519206000.0,0.0,,,,,681000.0,172958000.0,1.0,600090048.0,598344000,598344000.0,0.868,1163061000.0,14702000.0,35765000.0,21982000.0,1.944,742980000.0
56,FAST,MRQ,2007-09-30,2007-09-30,2007-09-30,2021-10-16,16483000.0,1149777000.0,,876704000.0,273073000.0,,1.674,-10286000.0,54145000.0,54145000.0,261726000.0,62142000.0,6.841,0.141,0.0,0.0,0.0,0.0,0.0,9359000.0,0.0,0.01,0.058,99312000.0,108671000.0,0.204,108671000.0,99312000.0,99312000.0,0.102,0.102,0.102,1007614000.0,,1007614000.0,6780167770.0,19.0,17.122,42369000.0,0.07,1.0,272024000.0,0.51,0.0,0.0,967470000.0,,488824000.0,6524000.0,4460000.0,2064000.0,142163000.0,128162000.0,14001000.0,6837497770.0,-3185000.0,0.0,-11231000.0,0.0,-34632000.0,-45863000.0,-10482000.0,-189000.0,52655000.0,505000.0,62142000.0,62142000.0,62142000.0,0.0,0.0,0.116,173176000.0,98848000.0,54969000.0,0.569,6.786,30.799,30.933,267288000.0,0.0,11.352,3.434,3.431,258738000.0,989401000.0,533750000.0,533750000.0,0.0,,,,,851000.0,173178000.0,1.0,602290048.0,601848000,601848000.0,0.887,1149777000.0,11427000.0,37170000.0,17963000.0,1.91,748542000.0
57,FAST,MRQ,2007-06-30,2007-06-30,2007-06-30,2021-10-16,11679000.0,1129028000.0,,856749000.0,272279000.0,,1.632,-9633000.0,57330000.0,57330000.0,258237000.0,60256000.0,6.624,0.145,0.0,0.0,0.0,0.0,0.0,9374000.0,0.0,0.01,0.0,97860000.0,107234000.0,0.206,107234000.0,97860000.0,97860000.0,0.1,0.1,0.1,985688000.0,,985688000.0,6265930592.0,18.0,16.349,13685000.0,0.023,1.0,261469000.0,0.503,0.0,0.0,942359000.0,,471561000.0,6335000.0,4145000.0,2190000.0,143340000.0,129339000.0,14001000.0,6325318592.0,-2058000.0,0.0,-22412000.0,0.0,0.0,-22412000.0,-3418000.0,6358000.0,23318000.0,454000.0,60256000.0,60256000.0,60256000.0,0.0,0.0,0.116,164063000.0,97406000.0,57452000.0,0.0,6.417,29.563,29.479,266359000.0,0.0,10.465,3.281,3.279,255101000.0,972120000.0,519706000.0,519706000.0,0.0,,,,,383000.0,164261000.0,1.0,604426048.0,603956000,603956000.0,0.861,1129028000.0,11427000.0,37604000.0,19858000.0,1.869,727410000.0
58,FAST,MRQ,2007-03-31,2007-03-31,2007-03-31,2021-10-16,6309000.0,1095186000.0,,822911000.0,272275000.0,,1.558,-11213000.0,59388000.0,59388000.0,239642000.0,54033000.0,5.875,0.163,0.0,0.0,0.0,0.0,0.0,9226000.0,0.0,0.012,0.052,88771000.0,97997000.0,0.2,97997000.0,88771000.0,88771000.0,0.09,0.09,0.09,942082000.0,,942082000.0,5280449256.0,16.0,14.381,73242000.0,0.121,1.0,249515000.0,0.51,0.0,0.0,895721000.0,,446192000.0,12693000.0,9924000.0,2769000.0,153104000.0,140077000.0,13027000.0,5299795256.0,40042000.0,0.0,-3435000.0,0.0,-31584000.0,-35019000.0,-9482000.0,1837000.0,84455000.0,88000.0,54033000.0,54033000.0,54033000.0,0.0,0.0,0.11,160966000.0,88549000.0,44814000.0,0.578,5.626,25.825,25.772,265902000.0,0.0,8.762,2.839,2.838,238657000.0,924999000.0,489157000.0,489157000.0,0.0,,,,,0.0,160851000.0,1.0,604826848.0,604716000,604716000.0,0.809,1095186000.0,11709000.0,34738000.0,46370000.0,1.811,682834000.0
59,FAST,MRQ,2006-12-31,2006-12-31,2006-12-31,2021-10-16,5334000.0,1039016000.0,,767776000.0,271240000.0,,1.527,-11363000.0,19346000.0,19346000.0,224781000.0,45570000.0,7.39,0.127,0.0,0.0,0.0,0.0,0.0,9018000.0,0.0,0.011,0.0,73082000.0,82100000.0,0.183,82100000.0,73082000.0,73082000.0,0.075,0.075,0.075,922093000.0,,922093000.0,5408788973.0,17.0,15.255,5272000.0,0.009,1.0,223948000.0,0.499,0.0,0.0,915774000.0,,455997000.0,14530000.0,10835000.0,3695000.0,116923000.0,103896000.0,13027000.0,5416226973.0,11908000.0,0.0,5057000.0,0.0,0.0,6895000.0,-11671000.0,-272000.0,16635000.0,49000.0,45570000.0,45570000.0,45570000.0,0.0,0.0,0.102,151029000.0,72919000.0,41371000.0,0.0,5.874,27.212,27.182,264030000.0,0.0,8.97,2.993,2.995,209532000.0,902550000.0,448729000.0,448729000.0,0.0,,,,,0.0,150982000.0,1.0,603815716.0,603884000,604576000.0,0.743,1039016000.0,11709000.0,27512000.0,14008000.0,1.721,663880000.0
60,FAST,MRQ,2006-09-30,2006-09-30,2006-09-30,2021-10-16,8109000.0,997270000.0,,724089000.0,273181000.0,,1.445,-24297000.0,7438000.0,7438000.0,232853000.0,54101000.0,6.715,0.143,0.0,0.0,0.0,0.0,0.0,8524000.0,0.0,0.01,0.05,87400000.0,95924000.0,0.204,95924000.0,87400000.0,87400000.0,0.09,0.09,0.09,872402000.0,,872402000.0,5781143152.0,19.0,16.854,-3404000.0,-0.006,1.0,237235000.0,0.505,0.0,0.0,881993000.0,,418695000.0,14258000.0,6305000.0,7953000.0,124868000.0,107839000.0,17029000.0,5823935152.0,-35354000.0,0.0,-4162000.0,0.0,-30337000.0,-31684000.0,-24491000.0,-133000.0,20893000.0,-72000.0,54101000.0,54101000.0,54101000.0,0.0,0.0,0.115,150061000.0,87174000.0,48514000.0,0.556,6.676,30.233,30.148,261732000.0,0.0,9.648,3.338,3.338,232091000.0,856980000.0,470088000.0,470088000.0,0.0,,,,,0.0,150035000.0,1.0,603672988.0,603628000,604028000.0,0.779,997270000.0,9534000.0,33299000.0,17088000.0,1.652,616250000.0
61,FAST,MRQ,2006-06-30,2006-06-30,2006-06-30,2021-10-16,8377000.0,980533000.0,,723999000.0,256534000.0,,1.407,-17398000.0,42792000.0,42792000.0,229812000.0,51513000.0,6.393,0.153,0.0,0.0,0.0,0.0,0.0,7953000.0,0.0,0.009,0.0,83219000.0,91172000.0,0.199,91172000.0,83219000.0,83219000.0,0.085,0.085,0.085,850254000.0,,850254000.0,6016877958.0,20.0,18.29,-20512000.0,-0.034,1.0,229005000.0,0.499,0.0,0.0,824491000.0,,395030000.0,14125000.0,7027000.0,7098000.0,130279000.0,113250000.0,17029000.0,6085995958.0,-26326000.0,0.0,-5667000.0,0.0,0.0,-5667000.0,-17663000.0,-181000.0,-3114000.0,118000.0,51513000.0,51513000.0,51513000.0,0.0,0.0,0.112,146196000.0,82809000.0,55769000.0,0.0,7.158,32.986,33.025,245985000.0,0.0,10.072,3.63,3.63,228061000.0,836602000.0,458817000.0,458817000.0,0.0,,,,,111000.0,146081000.0,1.0,604219008.0,604220000,605608000.0,0.759,980533000.0,11152000.0,31706000.0,17029000.0,1.623,610749000.0
62,FAST,MRQ,2006-03-31,2006-03-31,2006-03-31,2021-10-16,5448000.0,953372000.0,,700170000.0,253202000.0,,1.326,-20277000.0,69118000.0,69118000.0,214216000.0,47854000.0,5.151,0.19,0.0,0.0,0.0,0.0,0.0,8035000.0,0.0,0.008,0.05,77328000.0,85363000.0,0.198,85363000.0,77328000.0,77328000.0,0.08,0.08,0.08,801368000.0,,801368000.0,7094727960.0,25.0,22.377,43184000.0,0.071,1.0,217487000.0,0.504,0.0,0.0,748335000.0,,371095000.0,13944000.0,781000.0,13163000.0,152004000.0,135919000.0,16085000.0,7150931960.0,12914000.0,0.0,0.0,0.0,-30211000.0,-30211000.0,-20374000.0,-47000.0,63461000.0,38000.0,47854000.0,47854000.0,47854000.0,0.0,0.0,0.111,140547000.0,76940000.0,54845000.0,0.625,8.923,40.256,40.119,236655000.0,0.0,11.835,4.466,4.466,212517000.0,794241000.0,431703000.0,431703000.0,0.0,,,,,168000.0,140512000.0,1.0,604219008.0,604220000,605560000.0,0.714,953372000.0,9925000.0,29474000.0,46071000.0,1.578,564251000.0
63,FAST,MRQ,2005-12-31,2005-12-31,2005-12-31,2021-10-16,5440000.0,890035000.0,,649008000.0,241027000.0,,1.297,-21990000.0,56204000.0,56204000.0,190618000.0,39164000.0,7.09,0.136,0.0,0.0,0.0,0.0,0.0,7379000.0,0.0,0.008,0.0,63169000.0,70548000.0,0.184,70548000.0,63169000.0,63169000.0,0.065,0.065,0.065,783549000.0,,783549000.0,5878743446.0,22.0,19.723,24345000.0,0.04,1.0,193425000.0,0.504,0.0,0.0,742293000.0,,361561000.0,13897000.0,669000.0,13228000.0,106486000.0,91538000.0,14948000.0,5910772446.0,24175000.0,0.0,0.0,0.0,0.0,0.0,-22139000.0,-109000.0,46335000.0,-21000.0,39164000.0,39164000.0,39164000.0,0.0,0.0,0.102,130602000.0,62823000.0,38572000.0,0.0,7.544,35.433,35.573,224448000.0,0.0,9.783,3.88,3.886,183556000.0,776598000.0,384043000.0,384043000.0,0.0,,,,,0.0,130468000.0,1.0,604219008.0,604168000,605312000.0,0.636,890035000.0,9925000.0,24005000.0,17656000.0,1.473,557470000.0
64,FAST,MRQ,2005-09-30,2005-09-30,2005-09-30,2021-10-16,9357000.0,848194000.0,,621389000.0,226805000.0,,1.238,-13221000.0,32029000.0,32029000.0,203095000.0,45971000.0,7.292,0.133,0.0,0.0,0.0,0.0,0.0,7742000.0,0.0,0.01,0.039,74148000.0,81890000.0,0.204,81890000.0,74148000.0,74148000.0,0.075,0.075,0.075,748300000.0,,748300000.0,4574322400.0,18.0,16.074,8852000.0,0.015,1.0,199123000.0,0.495,0.0,0.0,730953000.0,,352086000.0,13788000.0,280000.0,13508000.0,99894000.0,85212000.0,14682000.0,4613967400.0,-7616000.0,0.0,0.0,0.0,-23413000.0,-23413000.0,-6563000.0,6730000.0,22073000.0,287000.0,45971000.0,45971000.0,45971000.0,0.0,0.0,0.114,125240000.0,73883000.0,40980000.0,0.52,6.166,28.673,28.925,209971000.0,0.0,7.636,3.165,3.165,204340000.0,738188000.0,402218000.0,402218000.0,0.0,,,,,0.0,125379000.0,1.0,604219008.0,604216000,605168000.0,0.666,848194000.0,6494000.0,28177000.0,15860000.0,1.404,536177000.0
65,FAST,MRQ,2005-06-30,2005-06-30,2005-06-30,2021-10-16,4317000.0,820368000.0,,594474000.0,225894000.0,,1.191,-14467000.0,39645000.0,39645000.0,192471000.0,44647000.0,6.995,0.138,0.0,0.0,0.0,0.0,0.0,7239000.0,0.0,0.009,0.0,72011000.0,79250000.0,0.207,79250000.0,72011000.0,72011000.0,0.075,0.075,0.075,720703000.0,,720703000.0,4581494280.0,19.0,17.3,-8058000.0,-0.013,1.0,190792000.0,0.498,0.0,0.0,695740000.0,,333504000.0,20518000.0,2248000.0,18270000.0,99665000.0,84983000.0,14682000.0,4647489280.0,-26350000.0,0.0,-18739000.0,0.0,0.0,-18739000.0,-13797000.0,699000.0,6409000.0,-223000.0,44647000.0,44647000.0,44647000.0,0.0,0.0,0.116,119062000.0,71730000.0,43553000.0,0.0,6.449,31.048,31.123,204353000.0,0.0,7.656,3.365,3.353,195124000.0,715631000.0,383263000.0,383263000.0,0.0,,,,,0.0,118858000.0,1.0,607019008.0,604944000,605760000.0,0.634,820368000.0,6494000.0,27364000.0,18758000.0,1.356,509491000.0
66,FAST,MRQ,2005-03-31,2005-03-31,2005-03-31,2021-10-16,5962000.0,808416000.0,,589097000.0,219319000.0,,1.147,-10777000.0,65995000.0,65995000.0,179047000.0,37031000.0,6.055,0.161,0.0,0.0,0.0,0.0,0.0,6646000.0,0.0,0.01,0.039,59727000.0,66373000.0,0.188,66373000.0,59727000.0,59727000.0,0.06,0.06,0.06,696440000.0,,696440000.0,4162515893.0,19.0,16.822,36318000.0,0.06,1.0,174762000.0,0.494,0.0,0.0,645127000.0,,310404000.0,21217000.0,2487000.0,18730000.0,111976000.0,97294000.0,14682000.0,4196018893.0,32492000.0,0.0,0.0,0.0,-23522000.0,-23522000.0,8947000.0,19747000.0,47095000.0,-28000.0,37031000.0,37031000.0,37031000.0,0.0,0.0,0.105,115334000.0,59428000.0,43111000.0,0.65,6.025,29.999,30.186,197329000.0,0.0,6.912,3.208,3.208,183431000.0,676026000.0,353809000.0,353809000.0,0.0,,,,,0.0,115086000.0,1.0,607019008.0,607016000,607952000.0,0.583,808416000.0,6494000.0,22696000.0,33883000.0,1.332,491803000.0
67,FAST,MRQ,2004-12-31,2004-12-31,2004-12-31,2021-10-16,7400000.0,775362000.0,,543194000.0,232168000.0,,1.127,-14158000.0,33503000.0,33503000.0,166325000.0,33269000.0,7.118,0.133,0.0,0.0,0.0,0.0,0.0,6339000.0,0.0,0.006,0.0,50723000.0,57062000.0,0.179,57062000.0,50723000.0,50723000.0,0.054,0.054,0.054,684369000.0,,684369000.0,4644979267.0,22.0,20.023,4555000.0,0.008,1.0,152140000.0,0.478,0.0,0.0,665548000.0,,307333000.0,40964000.0,5496000.0,35468000.0,90993000.0,76311000.0,14682000.0,4671011267.0,7471000.0,0.0,0.0,0.0,1000.0,1000.0,-11389000.0,2838000.0,18713000.0,146000.0,33269000.0,33269000.0,33269000.0,0.0,0.0,0.104,101704000.0,50436000.0,39276000.0,0.0,6.825,35.66,35.791,193446000.0,0.0,7.695,3.772,3.772,162500000.0,662517000.0,318465000.0,318465000.0,0.0,,,,,4248000.0,101616000.0,1.0,607019008.0,607032000,608008000.0,0.525,775362000.0,6494000.0,17454000.0,14956000.0,1.277,466883000.0
68,FAST,MRQ,2004-09-30,2004-09-30,2004-09-30,2021-10-16,5593000.0,745153000.0,,520017000.0,225136000.0,,1.063,-14236000.0,26032000.0,26032000.0,162118000.0,34741000.0,6.029,0.155,0.0,0.0,0.0,0.0,0.0,6080000.0,0.0,0.007,0.031,56054000.0,62134000.0,0.191,62134000.0,56054000.0,56054000.0,0.058,0.058,0.058,645044000.0,,645044000.0,4327835858.0,23.0,20.367,-11351000.0,-0.019,1.0,163560000.0,0.502,0.0,0.0,632874000.0,,289910000.0,43802000.0,7583000.0,36219000.0,100109000.0,86247000.0,13862000.0,4370536858.0,-16669000.0,0.0,0.0,0.0,-18969000.0,-18969000.0,-737000.0,13571000.0,2885000.0,152000.0,34741000.0,34741000.0,34741000.0,0.0,0.0,0.107,107867000.0,55693000.0,47242000.0,0.534,6.776,37.161,36.923,185715000.0,0.0,7.2,3.73,3.73,170265000.0,629247000.0,325678000.0,325678000.0,0.0,,,,,0.0,107815000.0,1.0,607019008.0,607016000,608072000.0,0.537,745153000.0,4154000.0,21313000.0,23428000.0,1.228,433770000.0
69,FAST,MRQ,2004-06-30,2004-06-30,2004-06-30,2021-10-16,2761000.0,727778000.0,,509304000.0,218474000.0,,1.032,-11565000.0,42701000.0,42701000.0,152936000.0,34832000.0,5.822,0.162,0.0,0.0,0.0,0.0,0.0,5691000.0,0.0,0.005,0.0,56181000.0,61872000.0,0.199,61872000.0,56181000.0,56181000.0,0.058,0.058,0.058,626440000.0,,626440000.0,4259023278.0,25.0,22.048,-4075000.0,-0.007,1.0,157207000.0,0.507,0.0,0.0,597601000.0,,262032000.0,57373000.0,19656000.0,37717000.0,101338000.0,87476000.0,13862000.0,4312111278.0,-10387000.0,0.0,0.0,0.0,0.0,0.0,-17804000.0,-6191000.0,7490000.0,-73000.0,34832000.0,34832000.0,34832000.0,0.0,0.0,0.112,101309000.0,55898000.0,48261000.0,0.0,6.884,40.63,40.362,177611000.0,0.0,7.104,3.905,3.905,163946000.0,613475000.0,310143000.0,310143000.0,0.0,,,,,0.0,101193000.0,1.0,607019008.0,607016000,607848000.0,0.511,727778000.0,4154000.0,21349000.0,24750000.0,1.199,421828000.0
70,FAST,MRQ,2004-03-31,2004-03-31,2004-03-31,2021-10-16,4160000.0,690227000.0,,486679000.0,203548000.0,,0.977,-8229000.0,53088000.0,53088000.0,141227000.0,28147000.0,5.838,0.164,0.0,0.0,0.0,0.0,0.0,5533000.0,0.0,0.006,0.019,45378000.0,50911000.0,0.179,50911000.0,45378000.0,45378000.0,0.046,0.046,0.046,593007000.0,,593007000.0,4024106317.0,27.0,23.402,20120000.0,0.033,1.0,142979000.0,0.503,0.0,0.0,553781000.0,,240929000.0,51182000.0,22602000.0,28580000.0,97220000.0,83358000.0,13862000.0,4073856317.0,3338000.0,0.0,0.0,0.0,-11382000.0,-11382000.0,-13607000.0,-5315000.0,28349000.0,-22000.0,28147000.0,28147000.0,28147000.0,0.0,0.0,0.099,97849000.0,45130000.0,42878000.0,0.413,6.87,43.699,43.298,171853000.0,0.0,6.711,3.905,3.905,151192000.0,578643000.0,284206000.0,284206000.0,0.0,,,,,0.0,97453000.0,1.0,607019008.0,607016000,607720000.0,0.468,690227000.0,4154000.0,17231000.0,29841000.0,1.137,403321000.0
71,FAST,MRQ,2003-12-31,2003-12-31,2003-12-31,2021-10-16,4658000.0,651543000.0,,454196000.0,197347000.0,,0.95,-15133000.0,49750000.0,49750000.0,136118000.0,19890000.0,7.453,0.13,0.0,0.0,0.0,0.0,0.0,5337000.0,0.0,0.004,0.0,32237000.0,37574000.0,0.149,37574000.0,32237000.0,32237000.0,0.034,0.034,0.034,576740000.0,,576740000.0,3719772456.0,27.0,23.726,13607000.0,0.022,1.0,115525000.0,0.459,0.0,0.0,540852000.0,,232884000.0,45867000.0,21142000.0,24725000.0,74803000.0,60941000.0,13862000.0,3774899456.0,-5377000.0,0.0,0.0,0.0,-11382000.0,-11382000.0,-22854000.0,-7680000.0,28740000.0,119000.0,19890000.0,19890000.0,19890000.0,0.0,0.0,0.079,83617000.0,31908000.0,40124000.0,0.0,6.545,44.875,44.42,169553000.0,0.0,6.219,3.794,3.794,128756000.0,561878000.0,251643000.0,251643000.0,0.0,,,,,1973000.0,83492000.0,1.0,607019008.0,607032000,607512000.0,0.415,651543000.0,4218000.0,12347000.0,13862000.0,1.073,393255000.0
72,FAST,MRQ,2003-09-30,2003-09-30,2003-09-30,2021-10-16,3131000.0,635774000.0,,459328000.0,176446000.0,,0.93,-8376000.0,55127000.0,55127000.0,131823000.0,23262000.0,7.789,0.126,0.0,0.0,0.0,0.0,0.0,5111000.0,0.0,0.006,0.019,37701000.0,42812000.0,0.166,42812000.0,37701000.0,37701000.0,0.039,0.039,0.039,564732000.0,,564732000.0,2829048492.0,22.0,18.738,18483000.0,0.03,1.0,126507000.0,0.49,0.0,0.0,521678000.0,,219810000.0,38187000.0,24668000.0,13519000.0,71042000.0,58969000.0,12073000.0,2865888492.0,18287000.0,0.0,0.0,0.0,0.0,0.0,-8582000.0,-165000.0,26859000.0,10000.0,23262000.0,23262000.0,23262000.0,0.0,0.0,0.09,89120000.0,37387000.0,29631000.0,0.487,5.075,35.329,34.972,159882000.0,0.0,4.721,2.977,2.977,137864000.0,553370000.0,258330000.0,258330000.0,0.0,,,,,0.0,89082000.0,1.0,607019008.0,607016000,607016000.0,0.426,635774000.0,5868000.0,14439000.0,19199000.0,1.047,400359000.0
73,FAST,MRQ,2003-06-30,2003-06-30,2003-06-30,2021-10-16,3030000.0,611736000.0,,436896000.0,174840000.0,,0.892,-8057000.0,36840000.0,36840000.0,125738000.0,21927000.0,7.495,0.13,0.0,0.0,0.0,0.0,0.0,5122000.0,0.0,0.002,0.0,35538000.0,40660000.0,0.163,40660000.0,35538000.0,35538000.0,0.036,0.036,0.036,541369000.0,,541369000.0,2556477141.0,20.0,17.832,18003000.0,0.03,1.0,123374000.0,0.495,0.0,0.0,516602000.0,,227960000.0,38022000.0,22857000.0,15165000.0,70367000.0,58294000.0,12073000.0,2575278141.0,18039000.0,0.0,0.0,0.0,0.0,0.0,-8223000.0,-138000.0,26060000.0,202000.0,21927000.0,21927000.0,21927000.0,0.0,0.0,0.088,88129000.0,35245000.0,24033000.0,0.0,4.757,33.456,33.145,156655000.0,0.0,4.242,2.733,2.733,127397000.0,530108000.0,249112000.0,249112000.0,0.0,,,,,0.0,88106000.0,1.0,607019008.0,607016000,607016000.0,0.41,611736000.0,5868000.0,13611000.0,19201000.0,1.008,378602000.0
74,FAST,MRQ,2003-03-31,2003-03-31,2003-03-31,2021-10-16,229000.0,587740000.0,,418857000.0,168883000.0,,0.851,-14496000.0,18801000.0,18801000.0,119146000.0,19041000.0,7.096,0.138,0.0,0.0,0.0,0.0,0.0,4874000.0,0.0,0.002,0.007,30860000.0,35734000.0,0.152,35734000.0,30860000.0,30860000.0,0.031,0.031,0.031,516641000.0,,516641000.0,2124687229.0,17.0,14.976,-5532000.0,-0.009,1.0,116697000.0,0.495,0.0,0.0,509913000.0,,232682000.0,37884000.0,25753000.0,12131000.0,71099000.0,59026000.0,12073000.0,2138983229.0,4505000.0,0.0,0.0,0.0,-4553000.0,-4553000.0,-74000.0,14518000.0,8964000.0,168000.0,19041000.0,19041000.0,19041000.0,0.0,0.0,0.081,86100000.0,30597000.0,23679000.0,0.226,4.14,27.823,27.529,153743000.0,0.0,3.524,2.308,2.308,120042000.0,508181000.0,235843000.0,235843000.0,0.0,,,,,0.0,85969000.0,1.0,607019008.0,607016000,607016000.0,0.389,587740000.0,7706000.0,11819000.0,22646000.0,0.968,359831000.0
75,FAST,MRQ,2002-12-31,2002-12-31,2002-12-31,2021-10-16,-2053000.0,559008000.0,,396486000.0,162522000.0,,0.823,-12798000.0,14296000.0,14296000.0,109941000.0,16889000.0,8.424,0.118,0.0,0.0,0.0,0.0,0.0,4432000.0,0.0,0.001,0.0,27344000.0,31776000.0,0.145,31776000.0,27344000.0,27344000.0,0.029,0.029,0.029,499871000.0,,499871000.0,2811570089.0,23.0,20.246,-23251000.0,-0.038,1.0,109345000.0,0.499,0.0,0.0,497648000.0,,217262000.0,52402000.0,37062000.0,15340000.0,59137000.0,47064000.0,12073000.0,2837055089.0,-11189000.0,14935000.0,0.0,0.0,0.0,0.0,-743000.0,-2837000.0,-10453000.0,7000.0,16889000.0,16889000.0,16889000.0,0.0,0.0,0.077,88333000.0,21012000.0,25783000.0,0.0,5.676,37.556,37.39,144252000.0,0.0,4.674,3.133,3.133,105553000.0,493693000.0,219286000.0,219286000.0,0.0,,,,,3428000.0,88324000.0,1.0,607019008.0,607016000,607016000.0,0.361,559008000.0,7706000.0,10455000.0,12073000.0,0.921,349422000.0
76,FAST,MRQ,2002-09-30,2002-09-30,2002-09-30,2021-10-16,-2065000.0,539644000.0,,381905000.0,157739000.0,,0.79,-12619000.0,25485000.0,25485000.0,121017000.0,19117000.0,7.591,0.125,0.0,0.0,0.0,0.0,0.0,4208000.0,0.0,0.002,0.0,30985000.0,35193000.0,0.148,35193000.0,30985000.0,30985000.0,0.031,0.031,0.031,479542000.0,,479542000.0,2349514534.0,20.0,17.685,-14826000.0,-0.024,1.0,117069000.0,0.492,0.0,0.0,463852000.0,,184904000.0,49565000.0,30721000.0,18844000.0,60102000.0,50307000.0,9795000.0,2396207534.0,-21208000.0,0.0,0.0,0.0,0.0,0.0,-18922000.0,-6307000.0,-2207000.0,-79000.0,19117000.0,19117000.0,19117000.0,0.0,0.0,0.08,86551000.0,30518000.0,26422000.0,0.0,4.997,33.277,33.453,135991000.0,0.0,3.947,2.71,2.71,121802000.0,476804000.0,238086000.0,238086000.0,0.0,,,,,0.0,86460000.0,1.0,607019008.0,607016000,607016000.0,0.392,539644000.0,4696000.0,11868000.0,13300000.0,0.889,331598000.0
77,FAST,MRQ,2002-06-30,2002-06-30,2002-06-30,2021-10-16,-987000.0,525982000.0,,380110000.0,145872000.0,,0.76,-10260000.0,46693000.0,46693000.0,117999000.0,21831000.0,6.951,0.14,0.0,0.0,0.0,0.0,0.0,4233000.0,0.0,0.001,0.0,34939000.0,39172000.0,0.168,39172000.0,34939000.0,34939000.0,0.036,0.036,0.036,461503000.0,,461503000.0,2874246750.0,25.0,22.286,-1090000.0,-0.002,1.0,115485000.0,0.495,0.0,0.0,424605000.0,,168038000.0,43340000.0,28063000.0,15277000.0,64479000.0,54684000.0,9795000.0,2922037750.0,-1098000.0,0.0,0.0,0.0,0.0,0.0,-10358000.0,-141000.0,9170000.0,90000.0,21831000.0,21831000.0,21831000.0,0.0,0.0,0.094,81833000.0,33652000.0,29709000.0,0.0,6.332,41.808,42.226,127671000.0,0.0,4.814,3.415,3.415,122969000.0,457687000.0,233484000.0,233484000.0,0.0,,,,,0.0,81724000.0,1.0,607019008.0,607016000,607016000.0,0.385,525982000.0,4696000.0,13108000.0,15554000.0,0.867,325426000.0
78,FAST,MRQ,2002-03-31,2002-03-31,2002-03-31,2021-10-16,-1834000.0,504623000.0,,366001000.0,138622000.0,,0.723,-4313000.0,47791000.0,47791000.0,108005000.0,17705000.0,6.535,0.15,0.0,0.0,0.0,0.0,0.0,4072000.0,0.0,0.001,0.006,28655000.0,32727000.0,0.153,32727000.0,28655000.0,28655000.0,0.029,0.029,0.029,438825000.0,,438825000.0,2810277980.0,26.0,22.583,16789000.0,0.028,1.0,106577000.0,0.497,0.0,0.0,400829000.0,,156932000.0,43117000.0,29232000.0,13885000.0,65798000.0,56003000.0,9795000.0,2857541980.0,527000.0,0.0,0.0,0.0,-3794000.0,-3794000.0,-16777000.0,-12485000.0,21102000.0,-4000.0,17705000.0,17705000.0,17705000.0,0.0,0.0,0.083,78462000.0,28115000.0,24307000.0,0.207,6.512,42.6,43.188,121753000.0,0.0,4.707,3.445,3.445,115663000.0,435856000.0,214582000.0,214582000.0,0.0,,,,,0.0,78367000.0,1.0,607019008.0,607016000,607016000.0,0.354,504623000.0,4696000.0,10950000.0,22685000.0,0.831,309998000.0
79,FAST,MRQ,2001-12-31,2001-12-31,2001-12-31,2021-10-16,-1860000.0,475244000.0,,341241000.0,134003000.0,,0.7,-8105000.0,47264000.0,47264000.0,99603000.0,13354000.0,8.413,0.119,0.0,0.0,0.0,0.0,0.0,4120000.0,0.0,0.001,0.0,21643000.0,25763000.0,0.13,25763000.0,21643000.0,21643000.0,0.021,0.021,0.021,424888000.0,,424888000.0,2464050044.0,22.0,19.16,10876000.0,0.018,1.0,98467000.0,0.497,0.0,0.0,387419000.0,,152706000.0,30632000.0,21258000.0,9374000.0,50356000.0,40561000.0,9795000.0,2520267044.0,-8953000.0,0.0,0.0,0.0,0.0,0.0,-27934000.0,-20660000.0,18981000.0,804000.0,13354000.0,13354000.0,13354000.0,0.0,0.0,0.067,77581000.0,20886000.0,20100000.0,0.0,5.932,35.946,36.103,121607000.0,0.0,4.152,3.08,3.08,101356000.0,421945000.0,198070000.0,198070000.0,0.0,,,,,0.0,77242000.0,1.0,607019008.0,607016000,607016000.0,0.326,475244000.0,4696000.0,8289000.0,12283000.0,0.783,300680000.0
80,FAST,MRQ,2001-09-30,2001-09-30,2001-09-30,2021-10-16,-1707000.0,477983000.0,,349464000.0,128519000.0,,0.678,-17887000.0,56217000.0,56217000.0,104623000.0,17001000.0,5.857,0.161,0.0,0.0,0.0,0.0,0.0,3755000.0,0.0,0.002,0.0,27555000.0,31310000.0,0.15,31310000.0,27555000.0,27555000.0,0.028,0.028,0.028,411687000.0,,411687000.0,2115033442.0,17.0,15.426,11147000.0,0.018,1.0,104774000.0,0.5,0.0,0.0,362097000.0,,151997000.0,9972000.0,2000000.0,7972000.0,66296000.0,59669000.0,6627000.0,2161746442.0,9504000.0,0.0,0.0,0.0,0.0,0.0,-19442000.0,-835000.0,29034000.0,-829000.0,17001000.0,17001000.0,17001000.0,0.0,0.0,0.081,77764000.0,27010000.0,28584000.0,0.0,5.251,28.57,28.72,117443000.0,0.0,3.561,2.643,2.643,121753000.0,408591000.0,209397000.0,209397000.0,0.0,,,,,0.0,77764000.0,1.0,607019008.0,607016000,607016000.0,0.345,477983000.0,4060000.0,10554000.0,18614000.0,0.787,289795000.0
81,FAST,MRQ,2001-06-30,2001-06-30,2001-06-30,2021-10-16,-878000.0,444670000.0,,319817000.0,124853000.0,,0.652,-8198000.0,46713000.0,46713000.0,102811000.0,19018000.0,7.52,0.124,0.0,0.0,0.0,0.0,0.0,3817000.0,0.0,0.002,0.0,30824000.0,34641000.0,0.167,34641000.0,30824000.0,30824000.0,0.031,0.031,0.031,395515000.0,,395515000.0,2315693882.0,18.0,16.233,8502000.0,0.014,1.0,104631000.0,0.504,0.0,0.0,355429000.0,,144056000.0,9137000.0,2017000.0,7120000.0,49155000.0,42528000.0,6627000.0,2351439882.0,10967000.0,0.0,0.0,0.0,0.0,0.0,-5785000.0,1848000.0,16700000.0,641000.0,19018000.0,19018000.0,19018000.0,0.0,0.0,0.092,74181000.0,30450000.0,24387000.0,0.0,5.945,29.591,29.571,114553000.0,0.0,3.874,2.934,2.934,112918000.0,391590000.0,207442000.0,207442000.0,0.0,,,,,0.0,74181000.0,1.0,607019008.0,607016000,607016000.0,0.342,444670000.0,4060000.0,11806000.0,8921000.0,0.733,277289000.0
82,FAST,MRQ,2001-03-31,2001-03-31,2001-03-31,2021-10-16,-1445000.0,432935000.0,,311388000.0,121547000.0,,0.619,-7857000.0,35746000.0,35746000.0,98819000.0,20739000.0,6.181,0.152,0.0,0.0,0.0,0.0,0.0,3275000.0,0.0,0.002,0.006,33612000.0,36887000.0,0.181,36887000.0,33612000.0,33612000.0,0.034,0.034,0.034,375930000.0,,375930000.0,2034951496.0,15.0,14.036,18198000.0,0.03,1.0,104555000.0,0.514,0.0,0.0,346811000.0,,145669000.0,11059000.0,3027000.0,8032000.0,57005000.0,50378000.0,6627000.0,2067658496.0,16036000.0,0.0,0.0,0.0,-3415000.0,-3415000.0,-6530000.0,2012000.0,26055000.0,-726000.0,20739000.0,20739000.0,20739000.0,0.0,0.0,0.102,71509000.0,33046000.0,21181000.0,0.176,5.5,25.394,25.42,110304000.0,0.0,3.406,2.642,2.642,113501000.0,372572000.0,203374000.0,203374000.0,0.0,,,,,0.0,71509000.0,1.0,607019008.0,607024000,607024000.0,0.335,432935000.0,4060000.0,12873000.0,21433000.0,0.713,261010000.0
83,FAST,MRQ,2000-12-31,2000-12-31,2000-12-31,2021-10-16,-793000.0,402464000.0,,284455000.0,118009000.0,,0.592,-7265000.0,19710000.0,19710000.0,100030000.0,18907000.0,7.776,0.12,0.0,0.0,0.0,0.0,0.0,3482000.0,0.0,0.001,0.0,30792000.0,34274000.0,0.173,34274000.0,30792000.0,30792000.0,0.031,0.031,0.031,359258000.0,,359258000.0,2058157197.0,16.0,14.352,9635000.0,0.016,1.0,97809000.0,0.494,0.0,0.0,346175000.0,,143068000.0,12997000.0,4028000.0,8969000.0,43206000.0,36579000.0,6627000.0,2082075197.0,-4208000.0,0.0,0.0,0.0,0.0,0.0,-21091000.0,-12997000.0,16900000.0,-824000.0,18907000.0,18907000.0,18907000.0,0.0,0.0,0.096,67739000.0,30070000.0,19898000.0,0.0,5.795,25.791,25.789,105807000.0,0.0,3.43,2.755,2.755,106120000.0,355248000.0,197839000.0,197839000.0,0.0,,,,,0.0,67577000.0,1.0,607019008.0,606992000,606992000.0,0.326,402464000.0,4060000.0,11885000.0,9806000.0,0.663,247876000.0
84,FAST,MRQ,2000-09-30,2000-09-30,2000-09-30,2021-10-16,31000.0,388470000.0,,283389000.0,105081000.0,,0.562,-8300000.0,23918000.0,23918000.0,92462000.0,20802000.0,6.7,0.139,0.0,0.0,0.0,0.0,0.0,2972000.0,0.0,0.001,0.0,33880000.0,36852000.0,0.191,36852000.0,33880000.0,33880000.0,0.034,0.034,0.034,341175000.0,,341175000.0,2157832589.0,17.0,15.653,-5444000.0,-0.009,1.0,100460000.0,0.521,0.0,0.0,322257000.0,,134380000.0,0.0,0.0,0.0,47295000.0,42295000.0,5000000.0,2186406589.0,-4656000.0,0.0,0.0,0.0,0.0,0.0,-7502000.0,143000.0,2856000.0,653000.0,20802000.0,20802000.0,20802000.0,0.0,0.0,0.108,66883000.0,33577000.0,25305000.0,0.0,6.408,28.135,28.14,101815000.0,0.0,3.602,3.028,3.028,111612000.0,336341000.0,192922000.0,192922000.0,0.0,,,,,0.0,66883000.0,1.0,607019008.0,607024000,607024000.0,0.318,388470000.0,2886000.0,13078000.0,8244000.0,0.64,241094000.0
85,FAST,MRQ,2000-06-30,2000-06-30,2000-06-30,2021-10-16,-622000.0,371552000.0,,271577000.0,99975000.0,,0.527,-6728000.0,28574000.0,28574000.0,90927000.0,20975000.0,5.799,0.162,0.0,0.0,0.0,0.0,0.0,2806000.0,0.0,0.002,0.0,34162000.0,36968000.0,0.196,36968000.0,34162000.0,34162000.0,0.034,0.034,0.034,319720000.0,,319720000.0,1880601773.0,16.0,14.284,-11490000.0,-0.019,1.0,97662000.0,0.518,0.0,0.0,296146000.0,,126128000.0,143000.0,0.0,143000.0,51832000.0,46832000.0,5000000.0,1920835773.0,-11660000.0,0.0,0.0,0.0,0.0,0.0,-6868000.0,3000.0,-4762000.0,-149000.0,20975000.0,20975000.0,20975000.0,0.0,0.0,0.111,63949000.0,33713000.0,29866000.0,0.0,6.008,25.957,25.938,96519000.0,0.0,3.164,2.79,2.79,105609000.0,315539000.0,188589000.0,188589000.0,0.0,,,,,0.0,63949000.0,1.0,607019008.0,607024000,607024000.0,0.311,371552000.0,2886000.0,13187000.0,7678000.0,0.612,224745000.0
86,FAST,MRQ,2000-03-31,2000-03-31,2000-03-31,2021-10-16,-473000.0,352980000.0,,256852000.0,96128000.0,,0.492,-7803000.0,40234000.0,40234000.0,84081000.0,20046000.0,5.233,0.181,0.0,0.0,0.0,0.0,0.0,2717000.0,0.0,0.002,0.005,32596000.0,35313000.0,0.2,35313000.0,32596000.0,32596000.0,0.033,0.033,0.033,298894000.0,,298894000.0,1788655381.0,16.0,14.234,15456000.0,0.025,1.0,92187000.0,0.523,0.0,0.0,263660000.0,,110791000.0,146000.0,0.0,146000.0,54086000.0,49086000.0,5000000.0,1816504381.0,12385000.0,0.0,0.0,0.0,-3035000.0,-3035000.0,-7839000.0,69000.0,23259000.0,-77000.0,20046000.0,20046000.0,20046000.0,0.0,0.0,0.114,60152000.0,32035000.0,23617000.0,0.152,6.077,25.918,25.797,92638000.0,0.0,2.993,2.778,2.778,97464000.0,294564000.0,176268000.0,176268000.0,0.0,,,,,0.0,60152000.0,1.0,607019008.0,607024000,607024000.0,0.29,352980000.0,2886000.0,12550000.0,16352000.0,0.581,207766000.0
87,FAST,MRQ,1999-12-31,1999-12-31,1999-12-31,2021-10-16,-396000.0,318621000.0,,227405000.0,91216000.0,,0.464,-11640000.0,27849000.0,27849000.0,82917000.0,15888000.0,6.756,0.13,0.0,0.0,0.0,0.0,0.0,2885000.0,0.0,0.001,0.0,25833000.0,28718000.0,0.175,28718000.0,25833000.0,25833000.0,0.026,0.026,0.026,281960000.0,,281960000.0,1680702639.0,16.0,14.179,3541000.0,0.006,1.0,81390000.0,0.495,0.0,0.0,257111000.0,,106597000.0,215000.0,0.0,215000.0,36661000.0,33661000.0,3000000.0,1704964639.0,3587000.0,0.0,0.0,0.0,0.0,0.0,-11594000.0,0.0,15181000.0,86000.0,15888000.0,15888000.0,15888000.0,0.0,0.0,0.097,55804000.0,25586000.0,19325000.0,0.0,6.047,26.048,26.007,87630000.0,0.0,2.809,2.758,2.758,84563000.0,277553000.0,164307000.0,164307000.0,0.0,,,,,0.0,55804000.0,1.0,607019008.0,607024000,607024000.0,0.271,318621000.0,2886000.0,9945000.0,5551000.0,0.525,193744000.0
88,FAST,MRQ,1999-09-30,1999-09-30,1999-09-30,2021-10-16,-482000.0,304821000.0,,222487000.0,82334000.0,,0.438,-6661000.0,24262000.0,24262000.0,76112000.0,17091000.0,6.171,0.146,0.0,0.0,0.0,0.0,0.0,2854000.0,0.0,0.001,0.0,27808000.0,30662000.0,0.192,30662000.0,27808000.0,27808000.0,0.028,0.028,0.028,265986000.0,,265986000.0,1771501365.0,15.0,13.296,7692000.0,0.013,1.0,83247000.0,0.522,0.0,0.0,244504000.0,,99344000.0,215000.0,0.0,215000.0,38835000.0,36055000.0,2780000.0,1788050365.0,7713000.0,0.0,0.0,0.0,0.0,0.0,-6640000.0,0.0,14353000.0,36000.0,17091000.0,17091000.0,17091000.0,0.0,0.0,0.107,55739000.0,27508000.0,19952000.0,0.0,6.722,23.972,23.948,78733000.0,0.0,2.946,2.597,2.597,90751000.0,261665000.0,159359000.0,159359000.0,0.0,,,,,0.0,55739000.0,1.0,607019008.0,607024000,607024000.0,0.263,304821000.0,2312000.0,10717000.0,6188000.0,0.502,186432000.0
89,FAST,MRQ,1999-06-30,1999-06-30,1999-06-30,2021-10-16,-518000.0,289184000.0,,210718000.0,78466000.0,,0.41,-1272000.0,16549000.0,16549000.0,72857000.0,17062000.0,5.613,0.162,0.0,0.0,0.0,0.0,0.0,3207000.0,0.0,0.001,0.0,27760000.0,30967000.0,0.201,30967000.0,27760000.0,27760000.0,0.028,0.028,0.028,248860000.0,,248860000.0,1978031799.0,17.0,15.389,4954000.0,0.008,1.0,81034000.0,0.527,0.0,0.0,235091000.0,,99589000.0,215000.0,0.0,215000.0,40324000.0,37544000.0,2780000.0,1989504799.0,5076000.0,0.0,0.0,0.0,-1000.0,-1000.0,-1149000.0,0.0,6226000.0,147000.0,17062000.0,17062000.0,17062000.0,0.0,0.0,0.111,53563000.0,27471000.0,21921000.0,0.0,7.994,27.814,27.775,74825000.0,0.0,3.277,3.012,3.012,86256000.0,244575000.0,153891000.0,153891000.0,0.0,,,,,0.0,53563000.0,1.0,607019008.0,607024000,607024000.0,0.254,289184000.0,2312000.0,10698000.0,6544000.0,0.476,173174000.0
90,FAST,MRQ,1999-03-31,1999-03-31,1999-03-31,2021-10-16,-665000.0,274828000.0,,194575000.0,80253000.0,,0.382,-5406000.0,11473000.0,11473000.0,66845000.0,15415000.0,4.817,0.186,0.0,0.0,0.0,0.0,0.0,3051000.0,0.0,0.001,0.003,25135000.0,28186000.0,0.2,28186000.0,25135000.0,25078000.0,0.026,0.026,0.026,231652000.0,,231652000.0,1332099401.0,12.0,10.81,14823000.0,0.024,1.0,73789000.0,0.525,0.0,57000.0,222959000.0,,94051000.0,215000.0,0.0,215000.0,43176000.0,40396000.0,2780000.0,1330130401.0,9387000.0,0.0,0.0,-4055000.0,-1516000.0,-5571000.0,-5271000.0,50000.0,20229000.0,107000.0,15415000.0,15415000.0,15415000.0,0.0,0.0,0.11,48668000.0,25121000.0,20996000.0,0.115,5.742,19.422,19.392,76581000.0,0.0,2.191,2.101,2.101,80679000.0,227514000.0,140634000.0,140634000.0,0.0,,,,,0.0,48668000.0,1.0,607019008.0,607024000,607024000.0,0.232,274828000.0,2312000.0,9663000.0,11167000.0,0.453,154179000.0
91,FAST,MRQ,1998-12-31,1998-12-31,1998-12-31,2021-10-16,-772000.0,251234000.0,,173267000.0,77967000.0,,0.359,-10425000.0,2086000.0,2086000.0,113485000.0,25020000.0,5.624,0.154,4055000.0,4055000.0,0.0,4055000.0,0.0,3560000.0,0.0,0.0,0.0,39863000.0,43423000.0,0.185,43423000.0,39863000.0,40711000.0,0.041,0.041,0.041,217646000.0,,217646000.0,1680390272.0,16.0,14.265,9178000.0,0.015,1.0,121218000.0,0.516,0.0,-848000.0,222395000.0,,93734000.0,265000.0,0.0,265000.0,33588000.0,30808000.0,2780000.0,1669302272.0,441000.0,0.0,0.0,-8678000.0,0.0,-8678000.0,-10484000.0,0.0,19603000.0,-55000.0,25020000.0,25020000.0,25020000.0,0.0,0.0,0.107,82158000.0,39060000.0,17411000.0,0.0,7.67,25.503,25.463,74212000.0,0.0,2.75,2.74,2.74,68498000.0,213615000.0,234703000.0,234703000.0,0.0,,,,,0.0,82158000.0,1.0,607019008.0,607038976,607038976.0,0.387,251234000.0,2312000.0,15691000.0,3123000.0,0.414,142459000.0
92,FAST,MRQ,1998-09-30,1998-09-30,1998-09-30,2021-10-16,-717000.0,243569000.0,,172665000.0,70904000.0,,0.338,-3958000.0,1645000.0,1645000.0,61834000.0,14033000.0,4.7,0.187,12733000.0,12733000.0,0.0,12733000.0,0.0,2833000.0,0.0,0.001,0.0,23126000.0,25959000.0,0.198,25959000.0,23126000.0,22818000.0,0.023,0.023,0.023,205183000.0,,205183000.0,967310200.0,12.0,10.265,8001000.0,0.013,1.0,69515000.0,0.529,0.0,308000.0,217920000.0,,91719000.0,265000.0,0.0,265000.0,38386000.0,36737000.0,1649000.0,948467200.0,844000.0,0.0,0.0,-6911000.0,0.0,-6911000.0,-4204000.0,0.0,11959000.0,-220000.0,14033000.0,14033000.0,14033000.0,0.0,0.0,0.107,46400000.0,23115000.0,11823000.0,0.0,4.623,18.711,18.601,67098000.0,0.0,1.562,1.969,1.969,71662000.0,201097000.0,131349000.0,131349000.0,0.0,,,,,0.0,46400000.0,1.0,607019008.0,607019008,607019008.0,0.216,243569000.0,1591000.0,8785000.0,4175000.0,0.401,135928000.0
93,FAST,MRQ,1998-06-30,1998-06-30,1998-06-30,2021-10-16,-497000.0,238712000.0,,168915000.0,69797000.0,,0.315,-9359000.0,801000.0,801000.0,59489000.0,14016000.0,3.697,0.247,19644000.0,19644000.0,0.0,19644000.0,0.0,2562000.0,0.0,0.0,0.0,23098000.0,25660000.0,0.203,25660000.0,23098000.0,22800000.0,0.023,0.023,0.023,191370000.0,,191370000.0,1772816671.0,22.0,19.848,-7724000.0,-0.013,1.0,66938000.0,0.529,0.0,298000.0,211862000.0,,88097000.0,265000.0,0.0,265000.0,47342000.0,45693000.0,1649000.0,1761872671.0,383000.0,0.0,0.0,8282000.0,0.0,8282000.0,-9534000.0,0.0,1635000.0,-156000.0,14016000.0,14016000.0,14016000.0,0.0,0.0,0.111,43801000.0,23137000.0,14963000.0,0.0,9.207,36.712,36.741,65962000.0,0.0,2.902,3.865,3.865,71852000.0,187064000.0,126427000.0,126427000.0,0.0,,,,,0.0,43801000.0,1.0,607019008.0,607019008,607019008.0,0.208,238712000.0,1591000.0,8784000.0,3710000.0,0.393,123222000.0
94,FAST,MRQ,1998-03-31,1998-03-31,1998-03-31,2021-10-16,-341000.0,220678000.0,,157602000.0,63076000.0,,0.292,-4354000.0,418000.0,418000.0,55112000.0,12386000.0,3.796,0.243,11362000.0,11362000.0,0.0,11362000.0,0.0,2305000.0,0.0,0.0,0.001,20449000.0,22754000.0,0.195,22754000.0,20449000.0,20150000.0,0.021,0.021,0.021,177510000.0,,177510000.0,1661697285.0,23.0,19.874,5765000.0,0.009,1.0,61595000.0,0.528,0.0,299000.0,190103000.0,,82129000.0,265000.0,0.0,265000.0,43168000.0,41519000.0,1649000.0,1645780285.0,32000.0,0.0,0.0,-4941000.0,-759000.0,-5700000.0,-4387000.0,0.0,10119000.0,11000.0,12386000.0,12386000.0,12386000.0,0.0,0.0,0.106,41221000.0,20374000.0,13326000.0,0.048,9.271,37.021,36.639,59205000.0,0.0,2.711,3.849,3.849,67171000.0,173048000.0,116707000.0,116707000.0,0.0,,,,,0.0,41221000.0,1.0,607019008.0,607019008,607019008.0,0.192,220678000.0,1591000.0,7764000.0,9261000.0,0.364,116083000.0
95,FAST,MRQ,1997-12-31,1997-12-31,1997-12-31,2021-10-16,-352000.0,205137000.0,,144171000.0,60966000.0,,0.273,-4639000.0,386000.0,386000.0,50838000.0,10256000.0,3.833,0.237,16303000.0,16303000.0,0.0,16303000.0,0.0,2957000.0,0.0,0.0,0.0,16905000.0,19862000.0,0.185,19862000.0,16905000.0,16687000.0,0.017,0.017,0.017,165872000.0,,165872000.0,1461289816.0,21.0,18.774,-5851000.0,-0.01,1.0,56276000.0,0.525,0.0,218000.0,183438000.0,,79415000.0,265000.0,0.0,265000.0,39265000.0,37616000.0,1649000.0,1451154816.0,83000.0,0.0,0.0,5865000.0,0.0,5865000.0,-4570000.0,250000.0,-1212000.0,-145000.0,10256000.0,10256000.0,10256000.0,0.0,0.0,0.096,39704000.0,16572000.0,12950000.0,0.0,8.749,35.538,35.156,57084000.0,0.0,2.391,3.646,3.646,57542000.0,161421000.0,107114000.0,107114000.0,0.0,,,,,0.0,39704000.0,1.0,607019008.0,607019008,607019008.0,0.176,205137000.0,1591000.0,6431000.0,2698000.0,0.338,106555000.0
96,FAST,MRQ,1997-09-30,1997-09-30,1997-09-30,2021-10-16,-207000.0,195229000.0,,136229000.0,59000000.0,,0.257,-5175000.0,303000.0,303000.0,49899000.0,11334000.0,3.5,0.253,10438000.0,10438000.0,0.0,10438000.0,0.0,2406000.0,0.0,0.0,0.0,18636000.0,21042000.0,0.199,21042000.0,18636000.0,18437000.0,0.019,0.019,0.019,155761000.0,,155761000.0,2032336136.0,31.0,27.808,2020000.0,0.003,1.0,55652000.0,0.527,0.0,199000.0,166436000.0,,68018000.0,515000.0,0.0,515000.0,39468000.0,38928000.0,540000.0,2020235136.0,19000.0,0.0,0.0,-1947000.0,0.0,-1947000.0,-5229000.0,0.0,7195000.0,-2000.0,11334000.0,11334000.0,11334000.0,0.0,0.0,0.107,37067000.0,18585000.0,17468000.0,0.0,12.97,52.41,52.002,54849000.0,0.0,3.328,5.483,5.483,61278000.0,151165000.0,105551000.0,105551000.0,0.0,,,,,0.0,37067000.0,1.0,607019008.0,607019008,607019008.0,0.174,195229000.0,1219000.0,7103000.0,3442000.0,0.322,97301000.0
97,FAST,MRQ,1997-06-30,1997-06-30,1997-06-30,2021-10-16,-205000.0,180688000.0,,124495000.0,56193000.0,,0.238,-2849000.0,284000.0,284000.0,47067000.0,10479000.0,3.485,0.251,12385000.0,12385000.0,0.0,12385000.0,0.0,2144000.0,0.0,0.0,0.0,17808000.0,19952000.0,0.203,19952000.0,17808000.0,17537000.0,0.018,0.018,0.018,144429000.0,,144429000.0,1871731712.0,31.0,27.201,667000.0,0.001,1.0,51165000.0,0.521,0.0,271000.0,157070000.0,,60096000.0,515000.0,0.0,515000.0,36259000.0,35719000.0,540000.0,1858995712.0,34000.0,0.0,0.0,-601000.0,0.0,-601000.0,-2881000.0,0.0,3516000.0,5000.0,10479000.0,10479000.0,10479000.0,0.0,0.0,0.107,33775000.0,17390000.0,13301000.0,0.0,12.871,51.775,51.907,52039000.0,0.0,3.062,5.482,5.482,57404000.0,139831000.0,98232000.0,98232000.0,0.0,,,,,0.0,33775000.0,1.0,607019008.0,607019008,607019008.0,0.162,180688000.0,1219000.0,7058000.0,3063000.0,0.298,88776000.0
98,FAST,MRQ,1997-03-31,1997-03-31,1997-03-31,2021-10-16,-210000.0,173055000.0,,117952000.0,55103000.0,,0.221,-8844000.0,250000.0,250000.0,41259000.0,8765000.0,3.058,0.292,12986000.0,12986000.0,0.0,12986000.0,0.0,2075000.0,0.0,0.0,0.001,14904000.0,16979000.0,0.195,16979000.0,14904000.0,14675000.0,0.014,0.014,0.014,133945000.0,,133945000.0,1336050080.0,23.0,20.595,-3686000.0,-0.006,1.0,45836000.0,0.526,0.0,229000.0,147221000.0,,60006000.0,515000.0,0.0,515000.0,39110000.0,38570000.0,540000.0,1327854080.0,-176000.0,0.0,0.0,4364000.0,-759000.0,3605000.0,-8939000.0,0.0,5158000.0,-28000.0,8765000.0,8765000.0,8765000.0,0.0,0.0,0.101,31179000.0,14657000.0,12992000.0,0.071,9.913,39.203,39.062,50931000.0,0.0,2.188,4.26,4.26,52231000.0,129352000.0,87095000.0,87095000.0,0.0,,,,,0.0,31179000.0,1.0,607019008.0,607019008,607019008.0,0.143,173055000.0,1219000.0,5910000.0,6305000.0,0.285,79382000.0
99,FAST,MRQ,1996-12-31,1996-12-31,1996-12-31,2021-10-16,-182000.0,151545000.0,,103455000.0,48090000.0,,0.208,-5026000.0,426000.0,426000.0,36836000.0,7969000.0,4.132,0.203,8622000.0,8622000.0,0.0,8622000.0,0.0,1773000.0,0.0,0.0,0.0,13339000.0,15112000.0,0.195,15112000.0,13339000.0,13299000.0,0.013,,0.013,125967000.0,,125967000.0,,,,-600000.0,-0.001,1.0,40732000.0,0.525,0.0,40000.0,134703000.0,,56526000.0,515000.0,0.0,515000.0,25578000.0,25038000.0,540000.0,1735694976.0,-484000.0,0.0,0.0,-144000.0,0.0,-144000.0,-4766000.0,165000.0,4426000.0,-19000.0,7969000.0,7969000.0,7969000.0,0.0,0.0,0.103,27470000.0,13262000.0,10010000.0,0.0,13.779,53.342,52.951,43930000.0,0.0,2.859,6.033,6.033,41553000.0,121346000.0,77568000.0,77568000.0,0.0,,,,,0.0,27470000.0,1.0,607019008.0,607019008,,0.128,151545000.0,1219000.0,5330000.0,1335000.0,0.25,78417000.0
100,FAST,MRQ,1996-09-30,1996-09-30,1996-09-30,2021-10-16,,,,,,,,-5211000.0,,,35525000.0,8692000.0,,,,,,,,2210000.0,,0.0,0.0,14557000.0,16767000.0,0.22,16767000.0,14557000.0,14522000.0,0.014,,0.014,,,,,,,-3149000.0,-0.005,1.0,40687000.0,0.534,,35000.0,,,,,,,,,,,60000.0,0.0,0.0,3204000.0,0.0,3204000.0,-5206000.0,3000.0,2062000.0,48000.0,8692000.0,8692000.0,8692000.0,0.0,0.0,0.114,26295000.0,14392000.0,,0.0,,,,,0.0,3.094,,,,,76212000.0,76212000.0,0.0,,,,,0.0,26295000.0,1.0,,607019008,,0.126,,,5830000.0,,,
101,FAST,MRQ,1996-06-30,1996-06-30,1996-06-30,2021-10-16,,,,,,,,-8745000.0,,,32814000.0,8445000.0,,,,,,,,1867000.0,,0.0,0.0,14147000.0,16014000.0,0.226,16014000.0,14147000.0,14140000.0,0.014,,0.014,,,,,,,-9324000.0,-0.015,1.0,38036000.0,0.537,,7000.0,,,,,,,,,,,-7337000.0,0.0,0.0,5562000.0,0.0,5562000.0,-12320000.0,54000.0,-579000.0,-151000.0,8445000.0,8445000.0,8445000.0,0.0,0.0,0.119,24168000.0,13868000.0,,0.0,,,,,0.0,2.609,,,,,70850000.0,70850000.0,0.0,,,,,0.0,24168000.0,1.0,,607019008,,0.117,,,5695000.0,,,
102,FAST,MRQ,1996-03-31,1996-03-31,1996-03-31,2021-10-16,,,,,,,,-4218000.0,,,29636000.0,7433000.0,,,,,,,,1628000.0,,0.0,0.001,12471000.0,14099000.0,0.224,14099000.0,12471000.0,12471000.0,0.013,,0.013,,,,,,,2351000.0,0.004,1.0,33425000.0,0.53,,0.0,,,,,,,,,,,1604000.0,0.0,0.0,0.0,-759000.0,-759000.0,-4206000.0,35000.0,6569000.0,-8000.0,7433000.0,7433000.0,7433000.0,0.0,0.0,0.118,21540000.0,11885000.0,,0.077,,,,,0.0,2.484,,,,,63061000.0,63061000.0,0.0,,,,,0.0,21540000.0,1.0,,607019008,,0.104,,,5038000.0,,,
103,FAST,MRQ,1995-12-31,1995-12-31,1995-12-31,2021-10-16,-46000.0,109320000.0,,81097000.0,28223000.0,,0.155,,6583000.0,6583000.0,,,5.408,0.159,0.0,0.0,0.0,0.0,0.0,,0.0,0.0,0.0,,,,,,,,,,94323000.0,,94323000.0,,,,,,1.0,,,0.0,,87740000.0,,40178000.0,784000.0,0.0,784000.0,14997000.0,14997000.0,0.0,,,,,,,,,,,,,,,,,,,,7882000.0,,,,58.681,27090000.0,,2.641,,7.202,31866000.0,89566000.0,,,,,,,,,,1.0,,607019008,,,109320000.0,947000.0,,2141000.0,0.18,66100000.0
0,FAST,MRT,2021-09-30,2021-09-30,2021-09-30,2021-10-16,-29600000.0,4222500000.0,4107050000.0,2770300000.0,1452200000.0,1.421,5.156,-149600000.0,250500000.0,250500000.0,3153800000.0,889900000.0,4.182,0.424,618300000.0,127600000.0,490700000.0,618300000.0,0.0,169100000.0,0.0,0.029,1.49,1181300000.0,1350400000.0,0.231,1350400000.0,1181300000.0,1171400000.0,1.55,1.55,1.55,2964700000.0,2841350000.0,2964700000.0,30007900073.0,25.0,22.221,785100000.0,1.365,1.0,2683100000.0,0.46,0.0,9900000.0,3927800000.0,3820625000.0,1401100000.0,0.0,0.0,0.0,1257800000.0,662500000.0,595300000.0,29662300073.0,-81300000.0,0.0,27100000.0,-40000000.0,-855800000.0,-868700000.0,-149900000.0,0.0,934700000.0,2600000.0,889900000.0,889900000.0,889900000.0,0.0,0.0,0.152,1502200000.0,1180900000.0,256900000.0,0.961,10.005,33.332,33.297,1268900000.0,0.0,51.61,5.082,5.084,949400000.0,2900800000.0,5836900000.0,5836900000.0,0.0,0.217,0.313,0.309,0.202,5700000.0,1502500000.0,1.0,574739393.0,575000000,577300000.0,10.151,4222500000.0,6700000.0,281500000.0,104600000.0,7.343,2107800000.0
1,FAST,MRT,2021-06-30,2021-06-30,2021-06-30,2021-10-16,-18800000.0,4166600000.0,4078575000.0,2705300000.0,1461300000.0,1.397,5.014,-134100000.0,321800000.0,321800000.0,3092500000.0,867900000.0,4.161,0.446,667400000.0,134800000.0,532600000.0,667400000.0,0.0,167400000.0,0.0,0.028,1.46,1153000000.0,1320400000.0,0.232,1320400000.0,1153000000.0,1142900000.0,1.52,1.51,1.52,2880800000.0,2821575000.0,2880800000.0,30195151404.0,26.0,22.868,922200000.0,1.605,1.0,2603500000.0,0.457,0.0,10100000.0,3862000000.0,3795000000.0,1327900000.0,0.0,0.0,0.0,1285800000.0,650200000.0,635600000.0,29872051404.0,120300000.0,0.0,28300000.0,0.0,-838200000.0,-809900000.0,-134400000.0,0.0,1056300000.0,8300000.0,867900000.0,867900000.0,867900000.0,0.0,0.0,0.152,1450900000.0,1152600000.0,236100000.0,0.961,10.369,34.419,34.211,1275400000.0,0.0,52.0,5.244,5.246,908900000.0,2818300000.0,5696000000.0,5696000000.0,0.0,0.213,0.308,0.304,0.202,5700000.0,1451200000.0,1.0,574462527.0,574600000,577000000.0,9.913,4166600000.0,0.0,275000000.0,104400000.0,7.251,2055100000.0
2,FAST,MRT,2021-03-31,2021-03-31,2021-03-31,2021-10-16,-25600000.0,4074400000.0,4058225000.0,2614200000.0,1460200000.0,1.404,4.852,-140800000.0,333900000.0,333900000.0,3122900000.0,867100000.0,3.954,0.462,657000000.0,133100000.0,523900000.0,657000000.0,0.0,165800000.0,0.0,0.028,1.43,1151300000.0,1317100000.0,0.231,1317100000.0,1151300000.0,1141400000.0,1.52,1.51,1.52,2786700000.0,2797125000.0,2786700000.0,29281072637.0,25.0,22.231,994700000.0,1.732,1.0,2574400000.0,0.452,0.0,9900000.0,3736300000.0,3807525000.0,1305300000.0,0.0,0.0,0.0,1287700000.0,661200000.0,626500000.0,28876672637.0,173200000.0,0.0,40200000.0,-50000000.0,-820600000.0,-830400000.0,-139900000.0,0.0,1135500000.0,8000000.0,867100000.0,867100000.0,867100000.0,0.0,0.0,0.152,1423600000.0,1150800000.0,215100000.0,0.941,10.362,33.303,33.079,1271600000.0,0.0,50.28,5.068,5.068,851000000.0,2739400000.0,5697300000.0,5697300000.0,0.0,0.214,0.31,0.302,0.202,5600000.0,1423900000.0,1.0,574317276.0,574300000,576500000.0,9.92,4074400000.0,0.0,274300000.0,149800000.0,7.095,1953000000.0
3,FAST,MRT,2020-12-31,2020-12-31,2020-12-31,2021-10-16,-21200000.0,3964700000.0,4023300000.0,2499600000.0,1465100000.0,1.404,4.763,-157500000.0,245700000.0,245700000.0,3079500000.0,859100000.0,4.08,0.451,650100000.0,133600000.0,516500000.0,650100000.0,0.0,162400000.0,0.0,0.029,1.4,1142400000.0,1304800000.0,0.231,1304800000.0,1142400000.0,1132700000.0,1.5,1.49,1.5,2733200000.0,2764600000.0,2733200000.0,28350722297.0,25.0,21.728,944300000.0,1.646,1.0,2567800000.0,0.455,0.0,9700000.0,3756400000.0,3846625000.0,1337500000.0,0.0,0.0,0.0,1231500000.0,612700000.0,618800000.0,28031022297.0,70800000.0,-125000000.0,-11000000.0,60000000.0,-803400000.0,-754400000.0,-281700000.0,0.0,1101800000.0,5100000.0,859100000.0,859100000.0,859100000.0,0.0,0.0,0.152,1426000000.0,1141800000.0,207000000.0,0.933,10.256,32.628,32.553,1273700000.0,0.0,48.83,4.964,4.961,769400000.0,2689600000.0,5647300000.0,5647300000.0,0.0,0.214,0.311,0.297,0.202,5700000.0,1427400000.0,1.0,574053293.0,573800000,575700000.0,9.842,3964700000.0,6700000.0,273600000.0,102300000.0,6.91,1886900000.0
4,FAST,MRT,2020-09-30,2020-09-30,2020-09-30,2021-10-16,-41800000.0,4108600000.0,3982100000.0,2646700000.0,1461900000.0,1.398,5.028,-175400000.0,331800000.0,331800000.0,3018800000.0,841700000.0,4.389,0.424,651500000.0,134400000.0,517100000.0,651500000.0,0.0,158300000.0,0.0,0.022,0.97,1116700000.0,1275000000.0,0.229,1275000000.0,1116700000.0,1106900000.0,1.47,1.46,1.47,2885600000.0,2747700000.0,2885600000.0,26323011084.0,24.0,20.645,857800000.0,1.495,1.0,2547400000.0,0.458,0.0,9800000.0,3825300000.0,3825250000.0,1342600000.0,0.0,0.0,0.0,1223000000.0,603000000.0,620000000.0,25864811084.0,140600000.0,-125000000.0,1800000.0,-40000000.0,-556500000.0,-594700000.0,-299400000.0,0.0,1033200000.0,1500000.0,841700000.0,841700000.0,841700000.0,0.0,0.0,0.151,1431100000.0,1116300000.0,210400000.0,0.66,8.963,30.729,30.673,1268100000.0,0.0,45.09,4.647,4.649,834500000.0,2866700000.0,5566200000.0,5566200000.0,0.0,0.211,0.306,0.292,0.201,5700000.0,1431500000.0,1.0,573626327.0,573900000,576100000.0,9.699,4108600000.0,14600000.0,265200000.0,102900000.0,7.159,2043700000.0
5,FAST,MRT,2020-06-30,2020-06-30,2020-06-30,2021-10-16,-52900000.0,4085200000.0,3908500000.0,2606300000.0,1478900000.0,1.415,4.855,-205100000.0,201500000.0,201500000.0,2974100000.0,833700000.0,4.128,0.468,659700000.0,96700000.0,563000000.0,659700000.0,0.0,154500000.0,0.0,0.022,0.94,1108500000.0,1263000000.0,0.228,1263000000.0,1108500000.0,1097700000.0,1.45,1.45,1.45,2783000000.0,2672725000.0,2783000000.0,25077961119.0,23.0,19.856,796400000.0,1.389,1.0,2557900000.0,0.462,0.0,10800000.0,3912100000.0,3807250000.0,1401500000.0,0.0,0.0,0.0,1302200000.0,631300000.0,670900000.0,24539561119.0,26500000.0,-125000000.0,-7300000.0,-95000000.0,-539300000.0,-641600000.0,-328800000.0,0.0,1001500000.0,-4600000.0,833700000.0,833700000.0,833700000.0,0.0,0.0,0.151,1449800000.0,1108100000.0,194100000.0,0.648,8.818,29.435,29.545,1282500000.0,0.0,42.84,4.436,4.439,881500000.0,2788600000.0,5532000000.0,5532000000.0,0.0,0.213,0.312,0.291,0.2,5700000.0,1450200000.0,1.0,572818887.0,573200000,575000000.0,9.651,4085200000.0,0.0,264000000.0,202600000.0,7.127,1975000000.0
6,FAST,MRT,2020-03-31,2020-03-31,2020-03-31,2021-10-16,-63400000.0,3934700000.0,3826300000.0,2464300000.0,1470400000.0,1.409,4.629,-233700000.0,160700000.0,160700000.0,2863900000.0,799400000.0,4.246,0.481,699100000.0,101300000.0,597800000.0,699100000.0,0.0,150900000.0,0.0,0.029,0.905,1067500000.0,1218400000.0,0.226,1218400000.0,1067500000.0,1055400000.0,1.39,1.39,1.39,2656600000.0,2602900000.0,2656600000.0,18360271781.0,17.0,15.069,645200000.0,1.124,1.0,2527500000.0,0.469,0.0,12100000.0,3892700000.0,3776650000.0,1345500000.0,0.0,0.0,0.0,1278100000.0,580400000.0,697700000.0,17944571781.0,-24700000.0,-125000000.0,-4200000.0,-15000000.0,-519200000.0,-538400000.0,-358700000.0,0.0,878900000.0,-6500000.0,799400000.0,799400000.0,799400000.0,0.0,0.0,0.148,1460400000.0,1067100000.0,212100000.0,0.651,6.755,22.448,22.482,1270100000.0,0.0,31.25,3.328,3.326,833900000.0,2692900000.0,5391400000.0,5391400000.0,0.0,0.209,0.307,0.283,0.198,5700000.0,1461300000.0,1.0,574226297.0,573900000,575300000.0,9.394,3934700000.0,0.0,256000000.0,139400000.0,6.856,1883900000.0
7,FAST,MRT,2019-12-31,2019-12-31,2019-12-31,2021-10-16,-38400000.0,3799900000.0,3755575000.0,2457200000.0,1342700000.0,1.42,4.65,-239800000.0,174900000.0,174900000.0,2818300000.0,790900000.0,4.511,0.426,590600000.0,100400000.0,490200000.0,590600000.0,0.0,148700000.0,0.0,0.024,0.87,1057600000.0,1206300000.0,0.226,1206300000.0,1057600000.0,1043700000.0,1.38,1.38,1.38,2665600000.0,2538050000.0,2665600000.0,21686029227.0,21.0,17.977,602900000.0,1.052,1.0,2515400000.0,0.472,0.0,13900000.0,3670900000.0,3709225000.0,1366400000.0,0.0,0.0,0.0,1134300000.0,544700000.0,589600000.0,21191829227.0,7700000.0,0.0,58500000.0,-155000000.0,-498600000.0,-595100000.0,-239700000.0,0.0,842700000.0,-200000.0,790900000.0,790900000.0,790900000.0,0.0,0.0,0.148,1458200000.0,1057200000.0,192800000.0,0.63,7.95,26.795,26.775,1266400000.0,0.0,36.95,3.973,3.971,741800000.0,2633900000.0,5333700000.0,5333700000.0,0.0,0.211,0.312,0.285,0.198,5700000.0,1459400000.0,1.0,573527178.0,573200000,574400000.0,9.305,3799900000.0,16700000.0,252800000.0,99400000.0,6.629,1912500000.0
8,FAST,MRT,2019-09-30,2019-09-30,2019-09-30,2021-10-16,-49000000.0,3814200000.0,3635975000.0,2500800000.0,1313400000.0,1.454,4.509,-257300000.0,191200000.0,191200000.0,2783600000.0,781000000.0,4.505,0.475,685400000.0,98600000.0,586800000.0,685400000.0,0.0,146700000.0,0.0,0.026,0.85,1052100000.0,1198800000.0,0.227,1198800000.0,1052100000.0,1037100000.0,1.36,1.37,1.36,2585700000.0,2447325000.0,2585700000.0,19295172344.0,18.0,16.095,511000000.0,0.891,1.0,2504800000.0,0.474,0.0,15000000.0,3753300000.0,3595725000.0,1354700000.0,0.0,0.0,0.0,1228500000.0,555100000.0,673400000.0,18733972344.0,61500000.0,0.0,-17500000.0,55000000.0,-486700000.0,-449200000.0,-254100000.0,0.0,768300000.0,-3500000.0,781000000.0,781000000.0,781000000.0,0.0,0.0,0.148,1453100000.0,1051700000.0,215200000.0,0.625,7.245,23.987,24.022,1236100000.0,0.0,32.67,3.542,3.543,817300000.0,2581500000.0,5288400000.0,5288400000.0,0.0,0.215,0.319,0.293,0.199,5600000.0,1453900000.0,1.0,573430436.0,573500000,574400000.0,9.221,3814200000.0,400000.0,256100000.0,86600000.0,6.651,1945700000.0
9,FAST,MRT,2019-06-30,2019-06-30,2019-06-30,2021-10-16,-39400000.0,3756400000.0,3480900000.0,2468300000.0,1288100000.0,1.491,4.368,-232600000.0,175000000.0,175000000.0,2719600000.0,765100000.0,4.676,0.5,736200000.0,98100000.0,638100000.0,736200000.0,0.0,144200000.0,0.0,0.025,0.83,1032500000.0,1176700000.0,0.227,1176700000.0,1032500000.0,1018100000.0,1.33,1.34,1.33,2503700000.0,2379800000.0,2503700000.0,19187800163.0,19.0,16.306,463000000.0,0.808,1.0,2469500000.0,0.476,0.0,14400000.0,3789700000.0,3416925000.0,1345700000.0,0.0,0.0,0.0,1252700000.0,527900000.0,724800000.0,18662000163.0,39500000.0,-3700000.0,-14700000.0,75000000.0,-475300000.0,-415000000.0,-239600000.0,0.0,695600000.0,-1500000.0,765100000.0,765100000.0,765100000.0,0.0,0.0,0.147,1437400000.0,1032100000.0,203800000.0,0.624,7.454,24.392,24.504,1209600000.0,0.0,32.59,3.596,3.6,819800000.0,2494200000.0,5189100000.0,5189100000.0,0.0,0.22,0.321,0.302,0.199,5500000.0,1438500000.0,1.0,572629646.0,573200000,574600000.0,9.053,3756400000.0,4000000.0,253000000.0,86700000.0,6.553,1940400000.0
10,FAST,MRT,2019-03-31,2019-03-31,2019-03-31,2021-10-16,-41100000.0,3651800000.0,3316825000.0,2389200000.0,1262600000.0,1.534,4.189,-190800000.0,185400000.0,185400000.0,2642600000.0,771700000.0,4.308,0.523,711200000.0,96200000.0,615000000.0,711200000.0,0.0,141200000.0,0.0,0.025,0.8,1026500000.0,1167700000.0,0.229,1167700000.0,1026500000.0,1012600000.0,1.34,1.35,1.34,2397200000.0,2310525000.0,2397200000.0,18721056630.0,18.0,16.032,528600000.0,0.924,1.0,2446000000.0,0.481,0.0,13900000.0,3623000000.0,3221650000.0,1293900000.0,0.0,0.0,0.0,1254600000.0,554600000.0,700000000.0,18388256630.0,48300000.0,-3700000.0,-75300000.0,65000000.0,-458500000.0,-468800000.0,-197700000.0,0.0,719400000.0,-4600000.0,771700000.0,771700000.0,771700000.0,0.0,0.0,0.152,1419900000.0,1026100000.0,183900000.0,0.597,7.671,23.828,23.996,1164200000.0,0.0,32.155,3.614,3.616,793000000.0,2412700000.0,5088600000.0,5088600000.0,0.0,0.233,0.334,0.319,0.202,5300000.0,1421100000.0,1.0,571863058.0,572200000,573000000.0,8.893,3651800000.0,0.0,240900000.0,126700000.0,6.382,1834600000.0
11,FAST,MRT,2018-12-31,2018-12-31,2018-12-31,2021-10-16,-44800000.0,3321500000.0,3161275000.0,2316200000.0,1005300000.0,1.571,4.012,-166800000.0,167200000.0,167200000.0,2566200000.0,751900000.0,5.295,0.442,500000000.0,3000000.0,497000000.0,500000000.0,0.0,138200000.0,0.0,0.029,0.77,999600000.0,1137800000.0,0.229,1137800000.0,999600000.0,987000000.0,1.31,1.31,1.31,2302700000.0,2254225000.0,2302700000.0,15270490555.0,15.0,13.421,507400000.0,0.884,1.0,2398900000.0,0.483,0.0,12600000.0,3216900000.0,3039525000.0,1278700000.0,0.0,0.0,0.0,1018800000.0,437400000.0,581400000.0,15010190555.0,50300000.0,-3700000.0,-89600000.0,85000000.0,-441900000.0,-446500000.0,-173900000.0,0.0,674200000.0,-3500000.0,751900000.0,751900000.0,751900000.0,0.0,0.0,0.151,1399700000.0,999200000.0,193600000.0,0.588,6.519,19.963,19.958,924800000.0,0.0,26.145,3.023,3.022,714300000.0,2341600000.0,4965100000.0,4965100000.0,0.0,0.238,0.334,0.329,0.201,5100000.0,1400200000.0,1.0,574113236.0,573900000,574300000.0,8.652,3321500000.0,9000000.0,235100000.0,84400000.0,5.788,1878800000.0
12,FAST,MRT,2018-09-30,2018-09-30,2018-09-30,2021-10-16,-36700000.0,3193900000.0,3058525000.0,2225500000.0,968400000.0,1.577,4.034,-124800000.0,129700000.0,129700000.0,2479700000.0,735500000.0,5.348,0.379,390000000.0,2500000.0,387500000.0,390000000.0,0.0,134600000.0,0.0,0.025,0.73,969500000.0,1104100000.0,0.229,1104100000.0,969500000.0,958000000.0,1.275,1.275,1.275,2315600000.0,2202775000.0,2315600000.0,16938254001.0,17.0,15.341,500700000.0,0.872,1.0,2342300000.0,0.486,0.0,11500000.0,3038100000.0,2949700000.0,1194700000.0,0.0,0.0,0.0,878300000.0,416100000.0,462200000.0,16648754001.0,-3700000.0,-3700000.0,-23100000.0,-45000000.0,-419500000.0,-487600000.0,-140000000.0,0.0,625500000.0,-1600000.0,735500000.0,735500000.0,735500000.0,0.0,0.0,0.153,1373200000.0,969100000.0,186000000.0,0.573,7.19,22.636,22.753,883800000.0,0.0,29.01,3.453,3.453,772500000.0,2342000000.0,4822000000.0,4822000000.0,0.0,0.24,0.334,0.329,0.201,5000000.0,1373600000.0,1.0,573897070.0,574000000,574500000.0,8.401,3193900000.0,2200000.0,222500000.0,74700000.0,5.564,1809400000.0
13,FAST,MRT,2018-06-30,2018-06-30,2018-06-30,2021-10-16,-35900000.0,3100100000.0,2985450000.0,2140700000.0,959400000.0,1.566,3.877,-113500000.0,135500000.0,135500000.0,2392600000.0,681000000.0,5.619,0.392,425000000.0,2500000.0,422500000.0,425000000.0,0.0,132300000.0,0.0,0.029,0.69,935700000.0,1068000000.0,0.228,1068000000.0,935700000.0,924600000.0,1.185,1.185,1.185,2226600000.0,2130450000.0,2226600000.0,14114363821.0,15.0,13.216,490000000.0,0.853,1.0,2282400000.0,0.488,0.0,11100000.0,3008600000.0,2902125000.0,1163400000.0,0.0,0.0,0.0,873500000.0,381000000.0,492500000.0,13846463821.0,20400000.0,0.0,-54500000.0,-10000000.0,-396700000.0,-461200000.0,-123500000.0,0.0,603500000.0,1600000.0,681000000.0,681000000.0,681000000.0,0.0,0.0,0.146,1347100000.0,935300000.0,172100000.0,0.582,6.219,20.333,20.308,880100000.0,0.0,24.065,2.962,2.956,733700000.0,2259200000.0,4675000000.0,4675000000.0,0.0,0.228,0.32,0.322,0.2,4900000.0,1347300000.0,1.0,575377678.0,574300000,574500000.0,8.14,3100100000.0,0.0,243600000.0,72000000.0,5.398,1759700000.0
14,FAST,MRT,2018-03-31,2018-03-31,2018-03-31,2021-10-16,-23100000.0,3029600000.0,2923275000.0,2060300000.0,969300000.0,1.549,3.776,-122200000.0,137100000.0,137100000.0,2305400000.0,618700000.0,5.112,0.395,405000000.0,13100000.0,391900000.0,405000000.0,0.0,130100000.0,0.0,0.024,0.665,904200000.0,1034300000.0,0.228,1034300000.0,904200000.0,894100000.0,1.075,1.075,1.075,2172000000.0,2071675000.0,2172000000.0,15998397556.0,18.0,15.468,412300000.0,0.717,1.0,2223200000.0,0.491,0.0,10100000.0,2894500000.0,2859725000.0,1134900000.0,0.0,0.0,0.0,857600000.0,403000000.0,454600000.0,15700297556.0,2800000.0,-800000.0,-72200000.0,50000000.0,-382900000.0,-405100000.0,-133100000.0,0.0,534500000.0,6500000.0,618700000.0,618700000.0,618700000.0,0.0,0.0,0.137,1319400000.0,903800000.0,148100000.0,0.619,7.228,25.376,25.391,889000000.0,0.0,27.295,3.467,3.467,688600000.0,2178500000.0,4528600000.0,4528600000.0,0.0,0.212,0.299,0.316,0.2,5400000.0,1319600000.0,1.0,575207824.0,575200000,575800000.0,7.873,3029600000.0,0.0,275400000.0,104800000.0,5.267,1657300000.0
15,FAST,MRT,2017-12-31,2017-12-31,2017-12-31,2021-10-16,-25100000.0,2910500000.0,2862475000.0,1935700000.0,974800000.0,1.534,3.638,-112500000.0,116900000.0,116900000.0,2226900000.0,578600000.0,5.515,0.388,415000000.0,3000000.0,412000000.0,415000000.0,0.0,127400000.0,0.0,0.023,0.64,882200000.0,1009600000.0,0.23,1009600000.0,882200000.0,873100000.0,1.0,1.0,1.0,2096900000.0,2024100000.0,2096900000.0,16023979554.0,18.0,15.872,472700000.0,0.82,1.0,2163600000.0,0.493,0.0,9100000.0,2857600000.0,2797975000.0,1092900000.0,0.0,0.0,0.0,813600000.0,351000000.0,462600000.0,15717379554.0,4200000.0,-58700000.0,-73100000.0,35000000.0,-369100000.0,-407200000.0,-179300000.0,0.0,585200000.0,5500000.0,578600000.0,578600000.0,578600000.0,0.0,0.0,0.132,1281800000.0,881800000.0,147500000.0,0.64,7.496,27.164,27.345,893600000.0,0.0,27.345,3.58,3.59,607800000.0,2110600000.0,4390500000.0,4390500000.0,0.0,0.202,0.286,0.315,0.201,5200000.0,1282800000.0,1.0,574780748.0,576400000,576700000.0,7.617,2910500000.0,0.0,294500000.0,57100000.0,5.049,1584700000.0
16,FAST,MRT,2017-09-30,2017-09-30,2017-09-30,2021-10-16,-28100000.0,2901600000.0,2802075000.0,1930200000.0,971400000.0,1.517,3.524,-102100000.0,133400000.0,133400000.0,2145600000.0,541000000.0,5.356,0.432,440000000.0,8000000.0,432000000.0,440000000.0,0.0,124200000.0,0.0,0.028,0.63,861400000.0,985600000.0,0.232,985600000.0,861400000.0,853100000.0,0.94,0.94,0.94,2026300000.0,1983150000.0,2026300000.0,13455945171.0,16.0,13.653,486800000.0,0.847,1.0,2104300000.0,0.495,0.0,8300000.0,2847800000.0,2751200000.0,1047000000.0,0.0,0.0,0.0,875300000.0,360400000.0,514900000.0,13126045171.0,-13600000.0,-58700000.0,-74800000.0,5000000.0,-363800000.0,-433600000.0,-168700000.0,0.0,588900000.0,-200000.0,541000000.0,541000000.0,541000000.0,0.0,0.0,0.127,1243300000.0,861000000.0,147100000.0,0.67,6.478,24.263,24.245,889300000.0,0.0,22.79,3.089,3.083,632100000.0,2050200000.0,4249900000.0,4249900000.0,0.0,0.193,0.273,0.313,0.203,5200000.0,1244600000.0,1.0,575956348.0,575000000,575200000.0,7.391,2901600000.0,0.0,312100000.0,89500000.0,5.046,1569800000.0
17,FAST,MRT,2017-06-30,2017-06-30,2017-06-30,2021-10-16,-36300000.0,2851400000.0,2759292000.0,1872900000.0,978500000.0,1.497,3.449,-150100000.0,115100000.0,115100000.0,2082000000.0,524800000.0,5.472,0.432,445000000.0,8800000.0,436200000.0,445000000.0,0.0,118400000.0,0.0,0.028,0.62,835800000.0,954200000.0,0.231,954200000.0,835800000.0,828300000.0,0.91,0.91,0.91,1991500000.0,1953899500.0,1991500000.0,12822358612.0,15.0,13.438,409600000.0,0.709,1.0,2048200000.0,0.496,0.0,7500000.0,2839000000.0,2713605000.0,1044300000.0,0.0,0.0,0.0,859900000.0,342300000.0,517600000.0,12591658612.0,-40300000.0,-58700000.0,-46500000.0,20000000.0,-358500000.0,-385000000.0,-211900000.0,0.0,559700000.0,-3100000.0,524800000.0,524800000.0,524800000.0,0.0,0.0,0.127,1212800000.0,835400000.0,141200000.0,0.681,6.323,23.993,23.918,895200000.0,0.0,21.765,3.049,3.043,613500000.0,2023700000.0,4130200000.0,4130200000.0,0.0,0.19,0.269,0.308,0.202,5200000.0,1214200000.0,1.0,578527848.0,577400000,577600000.0,7.153,2851400000.0,0.0,303500000.0,93300000.0,4.938,1530600000.0
18,FAST,MRT,2017-03-31,2017-03-31,2017-03-31,2021-10-16,-44400000.0,2786400000.0,2721226000.0,1810700000.0,975700000.0,1.478,3.426,-173300000.0,134300000.0,134300000.0,2031700000.0,507400000.0,4.899,0.406,365000000.0,10900000.0,354100000.0,365000000.0,0.0,111300000.0,0.0,0.024,0.61,807500000.0,918800000.0,0.228,918800000.0,807500000.0,800700000.0,0.88,0.875,0.88,1981700000.0,1923065000.0,1981700000.0,15173507336.0,19.0,16.514,390500000.0,0.675,1.0,1991300000.0,0.495,0.0,6800000.0,2647500000.0,2644479000.0,1007400000.0,0.0,0.0,0.0,804700000.0,369600000.0,435100000.0,14896242336.0,-16300000.0,-57900000.0,11700000.0,0.0,-352700000.0,-341000000.0,-234300000.0,0.0,563800000.0,-4800000.0,507400000.0,507400000.0,507400000.0,0.0,0.0,0.126,1184200000.0,807100000.0,129700000.0,0.693,7.517,29.358,29.261,890700000.0,0.0,25.75,3.703,3.702,574700000.0,1981700000.0,4023000000.0,4023000000.0,0.0,0.186,0.264,0.305,0.201,4300000.0,1185200000.0,1.0,578494848.0,578400000,579000000.0,6.955,2786400000.0,0.0,293300000.0,146500000.0,4.817,1441100000.0
19,FAST,MRT,2016-12-31,2016-12-31,2016-12-31,2021-10-16,-47300000.0,2668900000.0,2685321250.0,1720800000.0,948100000.0,1.475,3.346,-183000000.0,112700000.0,112700000.0,1997200000.0,499400000.0,6.242,0.381,390000000.0,10500000.0,379500000.0,390000000.0,0.0,104000000.0,0.0,0.026,0.6,796200000.0,900200000.0,0.227,900200000.0,796200000.0,789700000.0,0.865,0.865,0.865,1933100000.0,1883109000.0,1933100000.0,13876743837.0,17.0,15.415,336900000.0,0.583,1.0,1964800000.0,0.496,0.0,6500000.0,2670500000.0,2597743000.0,993000000.0,0.0,0.0,0.0,735800000.0,275700000.0,460100000.0,13578726837.0,-16300000.0,0.0,-30200000.0,30000000.0,-346600000.0,-346800000.0,-188100000.0,0.0,519900000.0,-1300000.0,499400000.0,499400000.0,499400000.0,0.0,0.0,0.126,1169000000.0,795800000.0,108800000.0,0.694,7.024,27.19,27.156,899700000.0,0.0,23.49,3.427,3.426,499700000.0,1940100000.0,3962000000.0,3962000000.0,0.0,0.186,0.265,0.306,0.201,4100000.0,1169500000.0,1.0,578064148.0,577800000,578400000.0,6.857,2668900000.0,12900000.0,290300000.0,80600000.0,4.619,1445100000.0
20,FAST,MRT,2016-09-30,2016-09-30,2016-09-30,2021-10-16,-37143000.0,2730468000.0,2651211750.0,1777662000.0,952806000.0,1.485,3.303,-189934000.0,146983000.0,146983000.0,1983468000.0,496543000.0,5.37,0.43,445000000.0,12610000.0,432390000.0,445000000.0,0.0,101000000.0,0.0,0.028,0.59,792889000.0,893889000.0,0.227,893889000.0,792889000.0,787185000.0,0.865,0.86,0.865,1909298000.0,1850156250.0,1909298000.0,12347539349.0,16.0,13.813,345281000.0,0.597,1.0,1953438000.0,0.496,0.0,5704000.0,2697420000.0,2528937250.0,966931000.0,0.0,0.0,0.0,821170000.0,331065000.0,490105000.0,12072997349.0,35321000.0,-23500000.0,-44099000.0,115000000.0,-341017000.0,-271872000.0,-225352000.0,0.0,535215000.0,-2670000.0,496543000.0,496543000.0,496543000.0,0.0,0.0,0.126,1160950000.0,792488000.0,117765000.0,0.682,6.323,24.314,24.15,904201000.0,0.0,20.89,3.067,3.067,543744000.0,1912048000.0,3936906000.0,3936906000.0,0.0,0.187,0.268,0.314,0.201,5815000.0,1161991000.0,1.0,577931898.0,578000000,578200000.0,6.811,2730468000.0,0.0,290642000.0,69393000.0,4.724,1446597000.0
21,FAST,MRT,2016-06-30,2016-06-30,2016-06-30,2021-10-16,-34242000.0,2699136000.0,2592414000.0,1790906000.0,908230000.0,1.512,3.233,-147092000.0,155458000.0,155458000.0,1963193000.0,506137000.0,4.356,0.445,430000000.0,67610000.0,362390000.0,430000000.0,0.0,95505000.0,0.0,0.026,0.58,810035000.0,905540000.0,0.231,905540000.0,810035000.0,805189000.0,0.88,0.875,0.88,1868162000.0,1818704500.0,1868162000.0,13042975423.0,16.0,14.404,395554000.0,0.685,1.0,1955863000.0,0.499,0.0,4846000.0,2562496000.0,2437137750.0,985085000.0,0.0,0.0,0.0,830974000.0,411182000.0,419792000.0,12823527423.0,34330000.0,-23500000.0,-67386000.0,85000000.0,-335564000.0,-319224000.0,-182572000.0,0.0,542646000.0,-6520000.0,506137000.0,506137000.0,506137000.0,0.0,0.0,0.129,1146266000.0,809597000.0,158698000.0,0.659,6.864,25.336,25.222,859490000.0,0.0,22.195,3.272,3.272,537341000.0,1871813000.0,3919056000.0,3919056000.0,0.0,0.195,0.278,0.332,0.207,5333000.0,1147269000.0,1.0,577766498.0,577800000,578200000.0,6.783,2699136000.0,0.0,299052000.0,65720000.0,4.671,1379724000.0
22,FAST,MRT,2016-03-31,2016-03-31,2016-03-31,2021-10-16,-32687000.0,2642781000.0,2537863000.0,1767180000.0,875601000.0,1.538,3.154,-131841000.0,150552000.0,150552000.0,1946233000.0,514994000.0,4.4,0.451,370000000.0,7610000.0,362390000.0,370000000.0,0.0,90588000.0,0.0,0.023,0.57,826631000.0,917219000.0,0.235,917219000.0,826631000.0,822488000.0,0.89,0.89,0.89,1821876000.0,1792660000.0,1821876000.0,14367766318.0,17.0,15.664,404854000.0,0.701,1.0,1956350000.0,0.501,0.0,4143000.0,2460556000.0,2369811250.0,965054000.0,0.0,0.0,0.0,820905000.0,401673000.0,419232000.0,14131785318.0,29906000.0,-23500000.0,-233015000.0,230000000.0,-330754000.0,-334220000.0,-167218000.0,0.0,536695000.0,-5351000.0,514994000.0,514994000.0,514994000.0,0.0,0.0,0.132,1130120000.0,826230000.0,158496000.0,0.64,7.757,27.441,27.528,826736000.0,0.0,24.5,3.621,3.626,533485000.0,1826958000.0,3902583000.0,3902583000.0,0.0,0.203,0.287,0.349,0.212,5631000.0,1131313000.0,1.0,576807564.0,577600000,578200000.0,6.757,2642781000.0,0.0,307494000.0,113058000.0,4.575,1365507000.0
23,FAST,MRT,2015-12-31,2015-12-31,2015-12-31,2021-10-16,-46403000.0,2532462000.0,2483152000.0,1664776000.0,867686000.0,1.558,3.09,-145300000.0,129019000.0,129019000.0,1920300000.0,516400000.0,4.461,0.406,365000000.0,62050000.0,302950000.0,365000000.0,0.0,86600000.0,0.0,0.027,0.56,829200000.0,915800000.0,0.237,915800000.0,829200000.0,826100000.0,0.885,0.885,0.885,1801289000.0,1802894250.0,1801289000.0,12028582003.0,15.0,13.135,405000000.0,0.695,1.0,1948900000.0,0.504,0.0,3100000.0,2395277000.0,2238618250.0,913263000.0,0.0,0.0,0.0,731173000.0,373166000.0,358007000.0,11825357003.0,14600000.0,-23500000.0,-273800000.0,260000000.0,-327100000.0,-340900000.0,-180600000.0,0.0,550300000.0,-14200000.0,516400000.0,516400000.0,516400000.0,0.0,0.0,0.133,1120100000.0,828800000.0,125973000.0,0.633,6.565,22.9,23.062,818889000.0,0.0,20.41,3.056,3.075,468375000.0,1842772000.0,3869200000.0,3869200000.0,0.0,0.208,0.286,0.37,0.214,5800000.0,1121500000.0,1.0,579390348.0,583000000,584000000.0,6.637,2532462000.0,22558000.0,309700000.0,55057000.0,4.344,1291610000.0
24,FAST,MRT,2015-09-30,2015-09-30,2015-09-30,2021-10-16,-40231000.0,2495277000.0,2439812000.0,1672990000.0,822287000.0,1.587,3.076,-157028000.0,111775000.0,111775000.0,1916722000.0,522848000.0,4.543,0.399,315000000.0,41510000.0,273490000.0,315000000.0,0.0,79169000.0,0.0,0.03,0.545,839055000.0,918224000.0,0.237,918224000.0,839055000.0,836634000.0,0.89,0.89,0.89,1783491000.0,1831376250.0,1783491000.0,10831778640.0,13.0,11.796,411407000.0,0.71,1.0,1955926000.0,0.505,0.0,2421000.0,2330222000.0,2129612250.0,883207000.0,0.0,0.0,0.0,711786000.0,368280000.0,343506000.0,10622944640.0,-4554000.0,-5575000.0,-289785000.0,210000000.0,-320018000.0,-397878000.0,-162664000.0,0.0,568435000.0,-12447000.0,522848000.0,522848000.0,522848000.0,0.0,0.0,0.135,1117292000.0,838634000.0,131979000.0,0.612,5.956,20.317,20.567,810652000.0,0.0,18.305,2.743,2.741,537055000.0,1819794000.0,3872648000.0,3872648000.0,0.0,0.214,0.285,0.394,0.217,5135000.0,1118194000.0,1.0,580330218.0,579836000,580950000.0,6.679,2495277000.0,23266000.0,313786000.0,70016000.0,4.303,1304710000.0
25,FAST,MRT,2015-06-30,2015-06-30,2015-06-30,2021-10-16,-23497000.0,2480932000.0,2409241500.0,1663373000.0,817559000.0,1.601,3.029,-172723000.0,121166000.0,121166000.0,1905818000.0,519668000.0,4.194,0.406,330000000.0,79575000.0,250425000.0,330000000.0,0.0,76250000.0,0.0,0.025,0.53,832168000.0,908418000.0,0.235,908418000.0,832168000.0,830418000.0,0.88,0.88,0.88,1763984000.0,1860896750.0,1763984000.0,12403233756.0,15.0,13.654,364894000.0,0.627,1.0,1952394000.0,0.506,0.0,1750000.0,2293190000.0,2035497500.0,876697000.0,0.0,0.0,0.0,716948000.0,396576000.0,320372000.0,12399023756.0,15226000.0,-5575000.0,-285055000.0,260000000.0,-312964000.0,-336139000.0,-177798000.0,453000.0,537617000.0,-8454000.0,519668000.0,519668000.0,519668000.0,0.0,0.0,0.135,1120898000.0,831496000.0,133472000.0,0.602,7.029,23.86,23.966,805854000.0,0.0,21.09,3.214,3.183,537650000.0,1781645000.0,3858212000.0,3858212000.0,0.0,0.216,0.279,0.409,0.216,5600000.0,1121948000.0,1.0,587910088.0,582354000,583660000.0,6.625,2480932000.0,20653000.0,310750000.0,71079000.0,4.26,1266797000.0
26,FAST,MRT,2015-03-31,2015-03-31,2015-03-31,2021-10-16,-27286000.0,2423937000.0,2359751750.0,1628947000.0,794990000.0,1.615,3.155,-194404000.0,120790000.0,120790000.0,1877349000.0,509825000.0,3.308,0.301,125000000.0,125000000.0,0.0,125000000.0,0.0,74276000.0,0.0,0.025,0.515,813248000.0,887524000.0,0.233,887524000.0,813248000.0,812101000.0,0.86,0.86,0.86,1862813000.0,1886931750.0,1862813000.0,12235300874.0,15.0,13.786,341795000.0,0.579,1.0,1932974000.0,0.507,0.0,1147000.0,1935784000.0,1936092500.0,867922000.0,0.0,0.0,0.0,561124000.0,492363000.0,68761000.0,12259796874.0,31769000.0,-5575000.0,-117824000.0,125000000.0,-305234000.0,-296063000.0,-199573000.0,453000.0,536199000.0,-8794000.0,509825000.0,509825000.0,509825000.0,0.0,0.0,0.134,1120464000.0,812510000.0,132234000.0,0.599,6.581,24.047,24.09,783151000.0,0.0,20.718,3.218,3.211,521094000.0,1887159000.0,3810323000.0,3810323000.0,0.0,0.216,0.27,0.42,0.213,5284000.0,1121320000.0,1.0,591760438.0,590476000,591874000.0,6.453,2423937000.0,21578000.0,302276000.0,134947000.0,4.105,1136584000.0
27,FAST,MRT,2014-12-31,2014-12-31,2014-12-31,2021-10-16,-7836000.0,2359102000.0,2295044000.0,1583265000.0,775837000.0,1.627,3.23,-183655000.0,114496000.0,114496000.0,1836105000.0,494150000.0,4.218,0.232,90000000.0,90000000.0,0.0,90000000.0,0.0,72145000.0,0.0,0.021,0.5,788349000.0,860494000.0,0.23,860494000.0,788349000.0,787434000.0,0.835,0.83,0.835,1915217000.0,1871309500.0,1915217000.0,14087395163.0,18.0,16.371,315737000.0,0.532,1.0,1897402000.0,0.508,0.0,915000.0,1959253000.0,1895786250.0,869224000.0,0.0,0.0,0.0,443885000.0,375353000.0,68532000.0,14098724163.0,55990000.0,-5575000.0,-45245000.0,90000000.0,-296581000.0,-249732000.0,-188781000.0,451000.0,499392000.0,-4889000.0,494150000.0,494150000.0,494150000.0,0.0,0.0,0.132,1109812000.0,787590000.0,103909000.0,0.599,7.361,28.531,28.479,763889000.0,0.0,23.78,3.776,3.777,462077000.0,1886350000.0,3733507000.0,3733507000.0,0.0,0.215,0.264,0.416,0.211,4945000.0,1110776000.0,1.0,592881588.0,592980000,594626000.0,6.296,2359102000.0,21765000.0,293284000.0,75974000.0,3.978,1207912000.0
28,FAST,MRT,2014-09-30,2014-09-30,2014-09-30,2021-10-16,-120000.0,2372995000.0,2224214500.0,1619405000.0,753590000.0,1.628,3.206,-199675000.0,116329000.0,116329000.0,1779726000.0,474988000.0,3.97,0.248,105000000.0,105000000.0,0.0,105000000.0,0.0,70034000.0,0.0,0.022,0.5,756532000.0,826566000.0,0.228,826566000.0,756532000.0,755889000.0,0.8,0.805,0.8,1901573000.0,1835679500.0,1901573000.0,13289036098.0,18.0,16.077,234114000.0,0.395,1.0,1841287000.0,0.509,0.0,643000.0,1953763000.0,1850334500.0,836379000.0,0.0,0.0,0.0,471422000.0,407903000.0,63519000.0,13324976098.0,24139000.0,0.0,-19394000.0,105000000.0,-296783000.0,-209147000.0,-199323000.0,441000.0,433789000.0,-1180000.0,474988000.0,474988000.0,474988000.0,0.0,0.0,0.131,1085583000.0,755704000.0,112579000.0,0.625,7.007,28.053,28.062,741489000.0,0.0,22.45,3.68,3.678,522265000.0,1841994000.0,3621013000.0,3621013000.0,0.0,0.214,0.259,0.409,0.209,3940000.0,1086380000.0,1.0,593540138.0,593190000,594756000.0,6.104,2372995000.0,17098000.0,280901000.0,71700000.0,4.0,1211502000.0
29,FAST,MRT,2014-06-30,2014-06-30,2014-06-30,2021-10-16,11652000.0,2282973000.0,2146070500.0,1555782000.0,727191000.0,1.63,3.148,-206733000.0,105940000.0,105940000.0,1712634000.0,461024000.0,4.427,0.222,70000000.0,70000000.0,0.0,70000000.0,0.0,67991000.0,0.0,0.02,0.5,731941000.0,799932000.0,0.229,799932000.0,731941000.0,731544000.0,0.775,0.78,0.775,1868124000.0,1797695000.0,1868124000.0,14591648999.0,20.0,18.241,218451000.0,0.368,1.0,1785989000.0,0.51,0.0,397000.0,1895570000.0,1789058000.0,818771000.0,453000.0,453000.0,0.0,414849000.0,351463000.0,63386000.0,14680669999.0,-16913000.0,0.0,-10596000.0,70000000.0,-296809000.0,-235223000.0,-207000000.0,-16000.0,425184000.0,126000.0,461024000.0,461024000.0,461024000.0,0.0,0.0,0.132,1054606000.0,731383000.0,109488000.0,0.645,7.859,31.844,31.929,714912000.0,0.0,24.745,4.196,4.197,502330000.0,1782873000.0,3498623000.0,3498623000.0,0.0,0.215,0.256,0.409,0.209,3518000.0,1055205000.0,1.0,593278238.0,593382000,595156000.0,5.896,2282973000.0,17279000.0,270520000.0,68736000.0,3.847,1204319000.0
30,FAST,MRT,2014-03-31,2014-03-31,2014-03-31,2021-10-16,6266000.0,2165106000.0,2073688000.0,1475492000.0,689614000.0,1.638,3.035,-178814000.0,89021000.0,89021000.0,1650238000.0,451519000.0,4.893,0.203,0.0,0.0,0.0,0.0,0.0,65899000.0,0.0,0.019,0.475,717347000.0,783246000.0,0.231,783246000.0,717347000.0,717141000.0,0.76,0.765,0.76,1800324000.0,1757177000.0,1800324000.0,14572366862.0,20.0,18.605,220360000.0,0.371,1.0,1746043000.0,0.514,0.0,206000.0,1774559000.0,1723778000.0,793987000.0,453000.0,453000.0,0.0,364782000.0,301526000.0,63256000.0,14630872862.0,-70219000.0,0.0,-9801000.0,0.0,-281987000.0,-289405000.0,-178970000.0,-36000.0,399174000.0,-1018000.0,451519000.0,451519000.0,451519000.0,0.0,0.0,0.133,1029293000.0,716750000.0,105697000.0,0.625,8.127,32.404,32.434,677295000.0,0.0,24.65,4.308,4.306,473181000.0,1726519000.0,3396281000.0,3396281000.0,0.0,0.218,0.257,0.416,0.211,3047000.0,1029939000.0,1.0,593544538.0,593284000,594990000.0,5.725,2165106000.0,17893000.0,265622000.0,110516000.0,3.649,1173966000.0
31,FAST,MRT,2013-12-31,2013-12-31,2013-12-31,2021-10-16,11101000.0,2075784000.0,2018735500.0,1408461000.0,667323000.0,1.648,2.987,-201550000.0,58506000.0,58506000.0,1606661000.0,448636000.0,5.873,0.171,0.0,0.0,0.0,0.0,0.0,63770000.0,0.0,0.017,0.4,713581000.0,777351000.0,0.234,777351000.0,713581000.0,713468000.0,0.755,0.755,0.755,1772697000.0,1717311750.0,1772697000.0,14006025698.0,20.0,18.018,214570000.0,0.362,1.0,1719445000.0,0.517,0.0,113000.0,1777446000.0,1663378000.0,784068000.0,451000.0,451000.0,0.0,303087000.0,239832000.0,63255000.0,14098215698.0,-21105000.0,0.0,226000.0,0.0,-237456000.0,-234443000.0,-201792000.0,-97000.0,416120000.0,-990000.0,448636000.0,448636000.0,448636000.0,0.0,0.0,0.135,1006788000.0,712657000.0,91253000.0,0.53,7.953,31.425,31.464,654850000.0,0.0,23.755,4.239,4.239,414331000.0,1688781000.0,3326106000.0,3326106000.0,0.0,0.222,0.261,0.429,0.215,2613000.0,1007431000.0,1.0,593484138.0,593508000,595368000.0,5.604,2075784000.0,43117000.0,264832000.0,63255000.0,3.497,1168629000.0
32,FAST,MRT,2013-09-30,2013-09-30,2013-09-30,2021-10-16,14753000.0,2060419000.0,1953747500.0,1436830000.0,623589000.0,1.673,2.947,-187929000.0,92190000.0,92190000.0,1570764000.0,448123000.0,5.535,0.178,0.0,0.0,0.0,0.0,0.0,61518000.0,0.0,0.025,0.63,714407000.0,775925000.0,0.237,775925000.0,714407000.0,714345000.0,0.755,0.76,0.755,1749635000.0,1664227500.0,1749635000.0,14800719910.0,21.0,19.075,234540000.0,0.395,1.0,1698817000.0,0.52,0.0,62000.0,1708657000.0,1602028250.0,755985000.0,441000.0,441000.0,0.0,310784000.0,259572000.0,51212000.0,14923572910.0,-103413000.0,0.0,5818000.0,0.0,-373715000.0,-364023000.0,-161232000.0,26787000.0,422469000.0,-627000.0,448123000.0,448123000.0,448123000.0,0.0,0.0,0.137,985250000.0,713567000.0,105131000.0,0.834,8.53,33.302,33.291,611051000.0,0.0,25.135,4.564,4.564,453652000.0,1663789000.0,3269581000.0,3269581000.0,0.0,0.229,0.269,0.446,0.219,1526000.0,985955000.0,1.0,593736738.0,593686000,595432000.0,5.507,2060419000.0,13815000.0,266222000.0,53206000.0,3.471,1177258000.0
33,FAST,MRT,2013-06-30,2013-06-30,2013-06-30,2021-10-16,11081000.0,1993443000.0,1918570500.0,1405318000.0,588125000.0,1.675,2.874,-173884000.0,122853000.0,122853000.0,1543937000.0,438093000.0,5.951,0.168,0.0,0.0,0.0,0.0,0.0,58716000.0,0.0,0.026,0.6,701575000.0,760291000.0,0.237,760291000.0,701575000.0,701538000.0,0.74,0.745,0.74,1706052000.0,1642913250.0,1706052000.0,13426054387.0,19.0,17.659,245842000.0,0.414,1.0,1669797000.0,0.52,0.0,37000.0,1634450000.0,1551887000.0,725107000.0,437000.0,437000.0,0.0,287391000.0,236140000.0,51251000.0,13585294387.0,-63063000.0,0.0,16561000.0,0.0,-355777000.0,-335077000.0,-147164000.0,26729000.0,419726000.0,-548000.0,438093000.0,438093000.0,438093000.0,0.0,0.0,0.136,969061000.0,700736000.0,89753000.0,0.811,7.963,31.01,30.939,575571000.0,0.0,22.895,4.227,4.229,436452000.0,1618658000.0,3213734000.0,3213734000.0,0.0,0.228,0.267,0.452,0.218,1261000.0,969812000.0,1.0,593373854.0,593558000,595444000.0,5.414,1993443000.0,14593000.0,263445000.0,58348000.0,3.358,1169178000.0
34,FAST,MRT,2013-03-31,2013-03-31,2013-03-31,2021-10-16,14349000.0,1945296000.0,1882896500.0,1376836000.0,568460000.0,1.684,2.766,-160901000.0,159240000.0,159240000.0,1528801000.0,429390000.0,5.44,0.186,0.0,0.0,0.0,0.0,0.0,56196000.0,0.0,0.023,0.585,688232000.0,744428000.0,0.235,744428000.0,688232000.0,688198000.0,0.725,0.73,0.725,1640863000.0,1616624500.0,1640863000.0,15146670069.0,22.0,20.347,263447000.0,0.444,1.0,1642227000.0,0.518,0.0,34000.0,1532959000.0,1506852500.0,700484000.0,417000.0,417000.0,0.0,304433000.0,253097000.0,51336000.0,15226281069.0,-39638000.0,0.0,14180000.0,0.0,-346771000.0,-329185000.0,-134203000.0,26777000.0,424348000.0,-598000.0,429390000.0,429390000.0,429390000.0,0.0,0.0,0.135,954810000.0,687417000.0,75327000.0,0.807,9.279,35.46,35.4,555734000.0,0.0,25.665,4.802,4.802,418733000.0,1556987000.0,3171028000.0,3171028000.0,0.0,0.228,0.266,0.457,0.217,-6003000.0,955600000.0,1.0,593270254.0,593286000,595304000.0,5.345,1945296000.0,14079000.0,258808000.0,103015000.0,3.279,1123739000.0
35,FAST,MRT,2012-12-31,2012-12-31,2012-12-31,2021-10-16,18357000.0,1815832000.0,1849905500.0,1286656000.0,529176000.0,1.694,2.635,-133882000.0,79611000.0,79611000.0,1519053000.0,420536000.0,6.302,0.164,0.0,0.0,0.0,0.0,0.0,53459000.0,0.0,0.027,0.62,674155000.0,727614000.0,0.232,727614000.0,674155000.0,674155000.0,0.71,0.71,0.71,1560360000.0,1591150750.0,1560360000.0,13627810463.0,20.0,18.729,262410000.0,0.443,1.0,1614524000.0,0.515,0.0,0.0,1532047000.0,1468169500.0,715383000.0,354000.0,354000.0,0.0,255472000.0,204174000.0,51298000.0,13823413463.0,-38065000.0,0.0,29644000.0,0.0,-367306000.0,-327513000.0,-107204000.0,26811000.0,396292000.0,360000.0,420536000.0,420536000.0,420536000.0,0.0,0.0,0.134,940833000.0,673691000.0,78019000.0,0.873,8.859,32.871,32.852,516427000.0,0.0,23.325,4.411,4.408,372159000.0,1477601000.0,3133577000.0,3133577000.0,0.0,0.227,0.264,0.459,0.215,-5349000.0,941236000.0,1.0,592643664.0,592178000,594302000.0,5.292,1815832000.0,21788000.0,253619000.0,51298000.0,3.066,1082482000.0
36,FAST,MRT,2012-09-30,2012-09-30,2012-09-30,2021-10-16,18996000.0,1919711000.0,1817184500.0,1422890000.0,496821000.0,1.692,2.809,-114117000.0,195603000.0,195603000.0,1493265000.0,409291000.0,6.587,0.153,0.0,0.0,0.0,0.0,0.0,50825000.0,0.0,0.016,0.335,656773000.0,707598000.0,0.23,707598000.0,656773000.0,656773000.0,0.69,0.695,0.69,1664378000.0,1565804750.0,1664378000.0,12545742268.0,19.0,17.73,249287000.0,0.421,1.0,1580881000.0,0.514,0.0,0.0,1508092000.0,1430021250.0,675828000.0,27228000.0,27228000.0,0.0,255333000.0,216016000.0,39317000.0,12731658268.0,84555000.0,0.0,25018000.0,0.0,-198137000.0,-163980000.0,-115353000.0,-1025000.0,363404000.0,484000.0,409291000.0,409291000.0,409291000.0,0.0,0.0,0.133,924619000.0,656262000.0,84882000.0,0.486,7.649,31.107,31.152,483935000.0,0.0,21.495,4.142,4.143,411033000.0,1589381000.0,3074146000.0,3074146000.0,0.0,0.225,0.261,0.459,0.214,-4382000.0,924874000.0,1.0,592307898.0,592476000,594358000.0,5.189,1919711000.0,13064000.0,247482000.0,47272000.0,3.24,1206874000.0
37,FAST,MRT,2012-06-30,2012-06-30,2012-06-30,2021-10-16,14342000.0,1850747000.0,1750011750.0,1378096000.0,472651000.0,1.713,2.703,-111455000.0,185916000.0,185916000.0,1454424000.0,396769000.0,6.546,0.156,0.0,0.0,0.0,0.0,0.0,48462000.0,0.0,0.015,0.305,636256000.0,684718000.0,0.228,684718000.0,636256000.0,636256000.0,0.67,0.675,0.67,1600897000.0,1501916750.0,1600897000.0,11735759086.0,18.0,17.14,246188000.0,0.416,1.0,1543887000.0,0.515,0.0,0.0,1454312000.0,1383274000.0,662689000.0,27166000.0,27166000.0,0.0,249850000.0,210519000.0,39331000.0,11934637086.0,96507000.0,0.0,23787000.0,0.0,-180223000.0,-147350000.0,-112375000.0,-923000.0,357643000.0,-1411000.0,396769000.0,396769000.0,396769000.0,0.0,0.0,0.132,908119000.0,635768000.0,81243000.0,0.455,7.455,30.08,30.082,459652000.0,0.0,20.155,3.98,3.981,399993000.0,1536342000.0,2998311000.0,2998311000.0,0.0,0.227,0.264,0.46,0.212,-3753000.0,908317000.0,1.0,592142748.0,592220000,594260000.0,5.063,1850747000.0,13741000.0,239487000.0,49328000.0,3.125,1167577000.0
38,FAST,MRT,2012-03-31,2012-03-31,2012-03-31,2021-10-16,17759000.0,1813332000.0,1682792750.0,1349975000.0,463357000.0,1.72,2.604,-123131000.0,198878000.0,198878000.0,1400182000.0,378575000.0,5.715,0.178,0.0,0.0,0.0,0.0,0.0,46047000.0,0.0,0.011,0.285,607399000.0,653446000.0,0.226,653446000.0,607399000.0,607399000.0,0.64,0.645,0.64,1538968000.0,1440235250.0,1538968000.0,15856916493.0,26.0,24.267,203262000.0,0.344,1.0,1494969000.0,0.516,0.0,0.0,1378227000.0,1341713000.0,647886000.0,27194000.0,27194000.0,0.0,274364000.0,236227000.0,38137000.0,15974592493.0,74030000.0,0.0,27224000.0,0.0,-168223000.0,-132319000.0,-119634000.0,3562000.0,326393000.0,-410000.0,378575000.0,378575000.0,378575000.0,0.0,0.0,0.131,887990000.0,606979000.0,76113000.0,0.445,10.38,42.197,42.266,450239000.0,0.0,27.05,5.518,5.523,386882000.0,1474368000.0,2895151000.0,2895151000.0,0.0,0.225,0.263,0.453,0.21,4200000.0,887647000.0,1.0,590557948.0,591076000,593854000.0,4.898,1813332000.0,14838000.0,228824000.0,85155000.0,3.068,1113748000.0
39,FAST,MRT,2011-12-31,2011-12-31,2011-12-31,2021-10-16,14796000.0,1684948000.0,1610613000.0,1236138000.0,448810000.0,1.718,2.472,-116489000.0,117676000.0,117676000.0,1332687000.0,357929000.0,6.582,0.155,0.0,0.0,0.0,0.0,0.0,44113000.0,0.0,0.015,0.325,575081000.0,619194000.0,0.224,619194000.0,575081000.0,575081000.0,0.605,0.605,0.605,1458976000.0,1378372500.0,1458976000.0,12762792945.0,22.0,20.612,152000000.0,0.258,1.0,1434172000.0,0.518,0.0,0.0,1379454000.0,1294718500.0,646152000.0,27165000.0,27165000.0,0.0,225972000.0,187818000.0,38154000.0,12873840945.0,-26017000.0,0.0,8939000.0,0.0,-191741000.0,-181819000.0,-112223000.0,4054000.0,268489000.0,-464000.0,357929000.0,357929000.0,357929000.0,0.0,0.0,0.129,859563000.0,574609000.0,73779000.0,0.537,8.824,35.968,36.041,435601000.0,0.0,21.805,4.653,4.651,338594000.0,1424371000.0,2766859000.0,2766859000.0,0.0,0.222,0.26,0.444,0.208,4050000.0,859369000.0,1.0,590407748.0,590108000,591738000.0,4.689,1684948000.0,16718000.0,217152000.0,40231000.0,2.855,1048320000.0
40,FAST,MRT,2011-09-30,2011-09-30,2011-09-30,2021-10-16,13330000.0,1651020000.0,1556446750.0,1217364000.0,433656000.0,1.698,2.387,-119352000.0,111048000.0,111048000.0,1267210000.0,335618000.0,5.562,0.172,0.0,0.0,0.0,0.0,0.0,42697000.0,0.0,0.022,0.36,541456000.0,584153000.0,0.221,584153000.0,541456000.0,541456000.0,0.57,0.57,0.57,1408826000.0,1334256500.0,1408826000.0,9732228663.0,18.0,16.66,149024000.0,0.252,1.0,1375611000.0,0.521,0.0,0.0,1321103000.0,1240456250.0,618149000.0,26203000.0,26203000.0,0.0,242194000.0,218869000.0,23325000.0,9821637663.0,-61517000.0,0.0,7706000.0,0.0,-212335000.0,-203828000.0,-125958000.0,3604000.0,268376000.0,-107000.0,335618000.0,335618000.0,335618000.0,0.0,0.0,0.127,834711000.0,540900000.0,86839000.0,0.632,6.972,29.264,29.193,420388000.0,0.0,16.64,3.716,3.717,361075000.0,1378227000.0,2642821000.0,2642821000.0,0.0,0.216,0.252,0.436,0.205,3940000.0,834596000.0,1.0,590242648.0,590288000,591790000.0,4.477,1651020000.0,16502000.0,205838000.0,46787000.0,2.797,998495000.0
41,FAST,MRT,2011-06-30,2011-06-30,2011-06-30,2021-10-16,21386000.0,1581871000.0,1511026000.0,1171815000.0,410056000.0,1.668,2.295,-93856000.0,89409000.0,89409000.0,1208951000.0,313814000.0,5.733,0.168,0.0,0.0,0.0,0.0,0.0,41647000.0,0.0,0.022,0.4,506839000.0,548486000.0,0.218,548486000.0,506839000.0,506839000.0,0.53,0.53,0.53,1354171000.0,1300893750.0,1354171000.0,10487214650.0,21.0,19.12,128382000.0,0.218,1.0,1310878000.0,0.52,0.0,0.0,1288068000.0,1190087750.0,608657000.0,26243000.0,26243000.0,0.0,227700000.0,204394000.0,23306000.0,10612062650.0,-106983000.0,0.0,5353000.0,0.0,-235889000.0,-230536000.0,-100656000.0,3418000.0,222238000.0,1971000.0,313814000.0,313814000.0,313814000.0,0.0,0.0,0.125,804693000.0,506185000.0,83120000.0,0.755,7.837,33.816,33.953,396461000.0,0.0,17.995,4.211,4.213,357195000.0,1319795000.0,2519829000.0,2519829000.0,0.0,0.208,0.241,0.426,0.201,3830000.0,804479000.0,1.0,589722848.0,589948000,591832000.0,4.271,1581871000.0,17413000.0,193025000.0,44152000.0,2.681,967421000.0
42,FAST,MRT,2011-03-31,2011-03-31,2011-03-31,2021-10-16,20765000.0,1524613000.0,1476022000.0,1132921000.0,391692000.0,1.619,2.19,-82270000.0,124848000.0,124848000.0,1146979000.0,288869000.0,5.407,0.18,0.0,0.0,0.0,0.0,0.0,40882000.0,0.0,0.021,0.335,468782000.0,509664000.0,0.213,509664000.0,468782000.0,468782000.0,0.485,0.485,0.485,1291517000.0,1277068250.0,1291517000.0,9414240059.0,20.0,18.471,153474000.0,0.26,1.0,1242303000.0,0.52,0.0,0.0,1190249000.0,1137895500.0,576451000.0,30756000.0,26208000.0,4548000.0,233096000.0,209516000.0,23580000.0,9557933059.0,-53974000.0,0.0,0.0,0.0,-197557000.0,-197557000.0,-93441000.0,-1106000.0,235744000.0,1280000.0,288869000.0,288869000.0,288869000.0,0.0,0.0,0.121,774388000.0,467915000.0,68519000.0,0.691,7.401,33.087,33.418,373498000.0,0.0,16.207,4.0,4.0,325685000.0,1264015000.0,2389282000.0,2389282000.0,0.0,0.196,0.226,0.412,0.196,3930000.0,774394000.0,1.0,589722848.0,589722000,590858000.0,4.052,1524613000.0,17947000.0,179913000.0,72099000.0,2.585,923405000.0
43,FAST,MRT,2010-12-31,2010-12-31,2010-12-31,2021-10-16,18492000.0,1468283000.0,1437437500.0,1085698000.0,382585000.0,1.579,2.175,-69138000.0,143693000.0,143693000.0,1094635000.0,265356000.0,6.694,0.145,0.0,0.0,0.0,0.0,0.0,40688000.0,0.0,0.021,0.31,430640000.0,471328000.0,0.208,471328000.0,430640000.0,430640000.0,0.45,0.45,0.45,1282512000.0,1251930250.0,1282512000.0,8660008956.0,20.0,18.374,171350000.0,0.291,1.0,1174836000.0,0.518,0.0,0.0,1162405000.0,1097619250.0,557369000.0,31219000.0,26067000.0,5152000.0,185771000.0,162185000.0,23586000.0,8832573956.0,-21159000.0,0.0,0.0,0.0,-182814000.0,-182814000.0,-80048000.0,-581000.0,240488000.0,1215000.0,265356000.0,265356000.0,265356000.0,0.0,0.0,0.117,745147000.0,429689000.0,60474000.0,0.689,6.887,33.286,33.283,363419000.0,0.0,14.977,3.892,3.892,270133000.0,1258183000.0,2269471000.0,2269471000.0,0.0,0.185,0.212,0.392,0.19,4030000.0,745112000.0,1.0,589722848.0,589722000,589722000.0,3.848,1468283000.0,17897000.0,165284000.0,28885000.0,2.49,923513000.0
44,FAST,MRT,2010-09-30,2010-09-30,2010-09-30,2021-10-16,15610000.0,1469337000.0,1402206250.0,1116803000.0,352534000.0,1.549,2.163,-51190000.0,172565000.0,172565000.0,1058521000.0,244731000.0,6.305,0.152,0.0,0.0,0.0,0.0,0.0,40305000.0,0.0,0.015,0.205,394915000.0,435220000.0,0.2,435220000.0,394915000.0,394915000.0,0.41,0.41,0.41,1275375000.0,1229013000.0,1275375000.0,7645447571.0,19.0,17.567,167989000.0,0.285,1.0,1113934000.0,0.513,0.0,0.0,1119629000.0,1067767250.0,546063000.0,29807000.0,24641000.0,5166000.0,193962000.0,177143000.0,16819000.0,7841839571.0,-21179000.0,-5032000.0,-41104000.0,0.0,-120893000.0,-161997000.0,-79084000.0,-22961000.0,219179000.0,723000.0,244731000.0,244731000.0,244731000.0,0.0,0.0,0.113,720118000.0,393816000.0,73605000.0,0.5,6.149,32.043,32.433,343848000.0,0.0,13.297,3.61,3.61,301721000.0,1254943000.0,2172455000.0,2172455000.0,0.0,0.175,0.199,0.37,0.182,4015000.0,719954000.0,1.0,589722848.0,589722000,589722000.0,3.684,1469337000.0,14710000.0,150184000.0,25132000.0,2.492,939660000.0
45,FAST,MRT,2010-06-30,2010-06-30,2010-06-30,2021-10-16,13192000.0,1441855000.0,1369313000.0,1088486000.0,353369000.0,1.503,2.135,-48694000.0,196392000.0,196392000.0,1012191000.0,217326000.0,6.551,0.145,0.0,0.0,0.0,0.0,0.0,40061000.0,0.0,0.015,0.193,351215000.0,391276000.0,0.19,391276000.0,351215000.0,351215000.0,0.365,0.365,0.365,1258869000.0,1206454250.0,1258869000.0,7220725435.0,21.0,18.454,209351000.0,0.355,1.0,1045853000.0,0.508,0.0,0.0,1079299000.0,1039179000.0,522214000.0,29661000.0,24464000.0,5197000.0,182986000.0,166164000.0,16822000.0,7399547435.0,22725000.0,-5032000.0,-41104000.0,0.0,-113929000.0,-155033000.0,-81790000.0,-27940000.0,258045000.0,1503000.0,217326000.0,217326000.0,217326000.0,0.0,0.0,0.106,696137000.0,349716000.0,71435000.0,0.529,5.878,34.048,34.377,344465000.0,0.0,12.547,3.595,3.595,280823000.0,1241870000.0,2058044000.0,2058044000.0,0.0,0.159,0.18,0.338,0.171,3950000.0,695933000.0,1.0,589722848.0,589722000,590318000.0,3.49,1441855000.0,14760000.0,133889000.0,25763000.0,2.445,922322000.0
46,FAST,MRT,2010-03-31,2010-03-31,2010-03-31,2021-10-16,15455000.0,1370275000.0,1341020250.0,1029183000.0,341092000.0,1.463,2.02,-38068000.0,178822000.0,178822000.0,971055000.0,191697000.0,6.341,0.151,0.0,0.0,0.0,0.0,0.0,40007000.0,0.0,0.016,0.193,309492000.0,349499000.0,0.178,349499000.0,309492000.0,309492000.0,0.323,0.323,0.323,1190965000.0,1188448250.0,1190965000.0,6910347869.0,22.0,19.772,253496000.0,0.43,1.0,990700000.0,0.505,0.0,0.0,1029144000.0,1026121000.0,507243000.0,29650000.0,24440000.0,5210000.0,179310000.0,162309000.0,17001000.0,7075199869.0,68955000.0,-5032000.0,-41104000.0,0.0,-113929000.0,-155033000.0,-71242000.0,-27934000.0,291564000.0,3666000.0,191697000.0,191697000.0,191697000.0,0.0,0.0,0.098,682882000.0,307818000.0,65778000.0,0.598,5.941,36.908,37.144,332103000.0,0.0,11.998,3.607,3.607,262463000.0,1172703000.0,1961755000.0,1961755000.0,0.0,0.143,0.161,0.302,0.158,3950000.0,682293000.0,1.0,589722848.0,589724000,589724000.0,3.327,1370275000.0,12908000.0,117795000.0,38804000.0,2.324,866874000.0
47,FAST,MRT,2009-12-31,2009-12-31,2009-12-31,2021-10-16,13395000.0,1327358000.0,1324113750.0,982364000.0,344994000.0,1.458,2.007,-47675000.0,164852000.0,164852000.0,946895000.0,184357000.0,8.22,0.115,0.0,0.0,0.0,0.0,0.0,40020000.0,0.0,0.017,0.18,297490000.0,337510000.0,0.175,337510000.0,297490000.0,297490000.0,0.31,0.31,0.31,1190843000.0,1175034750.0,1190843000.0,5982746848.0,20.0,17.726,258395000.0,0.435,1.0,983435000.0,0.509,0.0,0.0,1042997000.0,1029170250.0,508405000.0,30638000.0,24400000.0,6238000.0,136515000.0,119509000.0,17006000.0,6176490848.0,78960000.0,-5032000.0,-41104000.0,0.0,-106943000.0,-148047000.0,-81749000.0,-28941000.0,306070000.0,2686000.0,184357000.0,184357000.0,184357000.0,0.0,0.0,0.096,687642000.0,295793000.0,53490000.0,0.581,5.187,33.503,33.581,335004000.0,0.0,10.41,3.2,3.2,214169000.0,1175641000.0,1930330000.0,1930330000.0,0.0,0.139,0.157,0.289,0.154,3850000.0,686792000.0,1.0,593322848.0,593432000,593432000.0,3.253,1327358000.0,24576000.0,113133000.0,17006000.0,2.237,862855000.0
48,FAST,MRT,2009-09-30,2009-09-30,2009-09-30,2021-10-16,12123000.0,1337764000.0,1318311500.0,998090000.0,339674000.0,1.516,1.995,-47405000.0,193744000.0,193744000.0,961629000.0,202357000.0,7.194,0.129,0.0,0.0,0.0,0.0,0.0,40195000.0,0.0,0.026,0.247,325671000.0,365866000.0,0.183,365866000.0,325671000.0,325671000.0,0.34,0.34,0.34,1185140000.0,1162888750.0,1185140000.0,5574471554.0,17.0,15.236,291947000.0,0.491,1.0,1036910000.0,0.519,0.0,0.0,1005276000.0,1035987000.0,498106000.0,6846000.0,1295000.0,5551000.0,152624000.0,138744000.0,13880000.0,5748138554.0,141637000.0,0.0,-3000.0,0.0,-147046000.0,-147049000.0,-52575000.0,-5155000.0,339352000.0,1909000.0,202357000.0,202357000.0,202357000.0,0.0,0.0,0.101,712846000.0,324064000.0,61352000.0,0.726,4.85,28.406,28.456,330437000.0,0.0,9.675,2.876,2.876,239323000.0,1167123000.0,1998539000.0,1998539000.0,0.0,0.153,0.174,0.314,0.163,3784000.0,712088000.0,1.0,594122848.0,594124000,594124000.0,3.364,1337764000.0,18996000.0,123314000.0,19055000.0,2.252,859346000.0
49,FAST,MRT,2009-06-30,2009-06-30,2009-06-30,2021-10-16,7409000.0,1328684000.0,1311093500.0,988997000.0,339687000.0,1.628,1.998,-66562000.0,173667000.0,173667000.0,1011011000.0,227677000.0,7.73,0.12,0.0,0.0,0.0,0.0,0.0,40268000.0,0.0,0.027,0.223,366455000.0,406723000.0,0.191,406723000.0,366455000.0,366455000.0,0.383,0.383,0.383,1186845000.0,1147048000.0,1186845000.0,4816896717.0,13.0,11.843,246203000.0,0.414,1.0,1123226000.0,0.526,0.0,0.0,1027067000.0,1055862750.0,519119000.0,1721000.0,916000.0,805000.0,141839000.0,127950000.0,13889000.0,4926763717.0,97229000.0,0.0,-17014000.0,0.0,-132180000.0,-149194000.0,-66077000.0,448000.0,312765000.0,-265000.0,227677000.0,227677000.0,227677000.0,0.0,0.0,0.107,757953000.0,365273000.0,54463000.0,0.582,4.151,21.639,21.651,335232000.0,0.0,8.293,2.308,2.308,228257000.0,1174492000.0,2134237000.0,2134237000.0,0.0,0.174,0.198,0.347,0.172,3718000.0,757279000.0,1.0,594122848.0,594124000,594124000.0,3.592,1328684000.0,18967000.0,138778000.0,15841000.0,2.236,861047000.0
50,FAST,MRT,2009-03-31,2009-03-31,2009-03-31,2021-10-16,2414000.0,1302649000.0,1296588250.0,967580000.0,335069000.0,1.746,1.914,-72429000.0,109867000.0,109867000.0,1065452000.0,260305000.0,6.389,0.145,0.0,0.0,0.0,0.0,0.0,39977000.0,0.0,0.028,0.223,419649000.0,459626000.0,0.203,459626000.0,419649000.0,419649000.0,0.438,0.438,0.438,1137311000.0,1127503750.0,1137311000.0,4690113044.0,11.0,10.204,194267000.0,0.327,1.0,1198110000.0,0.529,0.0,0.0,1041341000.0,1060930750.0,555283000.0,1716000.0,899000.0,817000.0,165338000.0,151441000.0,13897000.0,4776005044.0,34655000.0,0.0,-25958000.0,0.0,-132180000.0,-158138000.0,-71996000.0,415000.0,266696000.0,-1907000.0,260305000.0,260305000.0,260305000.0,0.0,0.0,0.115,779426000.0,418684000.0,51001000.0,0.509,4.199,18.348,18.353,330614000.0,0.0,8.039,2.11,2.11,240658000.0,1130953000.0,2263562000.0,2263562000.0,0.0,0.201,0.231,0.396,0.185,3474000.0,779035000.0,1.0,594122848.0,594124000,594124000.0,3.81,1302649000.0,15909000.0,159344000.0,40790000.0,2.193,816139000.0
51,FAST,MRT,2008-12-31,2008-12-31,2008-12-31,2021-10-16,4971000.0,1304149000.0,1276569750.0,975403000.0,328746000.0,1.833,1.919,-86923000.0,85892000.0,85892000.0,1104333000.0,279705000.0,6.591,0.142,0.0,0.0,0.0,0.0,0.0,39201000.0,0.0,0.023,0.198,451167000.0,490368000.0,0.21,490368000.0,451167000.0,451167000.0,0.47,0.47,0.47,1142259000.0,1103264000.0,1142259000.0,5124188313.0,11.0,10.45,172975000.0,0.291,1.0,1236092000.0,0.528,0.0,0.0,1070264000.0,1045657750.0,564247000.0,1697000.0,851000.0,846000.0,161890000.0,147993000.0,13897000.0,5176295313.0,28672000.0,0.0,-25958000.0,0.0,-117474000.0,-143432000.0,-86583000.0,412000.0,259898000.0,-1211000.0,279705000.0,279705000.0,279705000.0,0.0,0.0,0.12,785855000.0,450237000.0,63949000.0,0.421,4.532,18.506,18.537,324182000.0,0.0,8.713,2.212,2.216,244940000.0,1134244000.0,2340425000.0,2340425000.0,0.0,0.219,0.254,0.431,0.193,3247000.0,785688000.0,1.0,594122848.0,595324000,595324000.0,3.931,1304149000.0,15909000.0,171462000.0,14396000.0,2.191,827410000.0
52,FAST,MRT,2008-09-30,2008-09-30,2008-09-30,2021-10-16,7855000.0,1308892000.0,1241297750.0,981034000.0,327858000.0,1.865,1.888,-94080000.0,52107000.0,52107000.0,1105204000.0,273360000.0,5.703,0.167,0.0,0.0,0.0,0.0,0.0,38526000.0,0.0,0.011,0.13,443523000.0,482049000.0,0.208,482049000.0,443523000.0,443523000.0,0.46,0.46,0.46,1121777000.0,1070239500.0,1121777000.0,7259493866.0,16.0,15.06,147117000.0,0.248,1.0,1209468000.0,0.523,0.0,0.0,1084779000.0,1020104250.0,537643000.0,1691000.0,228000.0,1463000.0,187115000.0,172006000.0,15109000.0,7335931866.0,-2038000.0,0.0,-76189000.0,0.0,-77371000.0,-153560000.0,-89331000.0,4833000.0,241197000.0,-344000.0,273360000.0,273360000.0,273360000.0,0.0,0.0,0.118,766914000.0,442554000.0,74699000.0,0.283,6.54,26.836,26.842,322657000.0,0.0,12.348,3.169,3.17,309184000.0,1111812000.0,2314672000.0,2314672000.0,0.0,0.22,0.255,0.435,0.192,2994000.0,766729000.0,1.0,594122848.0,594292000,594292000.0,3.895,1308892000.0,16020000.0,170163000.0,22232000.0,2.202,809028000.0
53,FAST,MRT,2008-06-30,2008-06-30,2008-06-30,2021-10-16,11424000.0,1270663000.0,1201519000.0,959019000.0,311644000.0,1.85,1.859,-78297000.0,76438000.0,76438000.0,1072776000.0,262593000.0,6.529,0.146,0.0,0.0,0.0,0.0,0.0,38028000.0,0.0,0.011,0.12,425049000.0,463077000.0,0.208,463077000.0,425049000.0,425049000.0,0.44,0.44,0.44,1108668000.0,1041698750.0,1108668000.0,6360837930.0,15.0,13.736,156510000.0,0.262,1.0,1150609000.0,0.518,0.0,0.0,1047339000.0,990777000.0,507989000.0,2169000.0,678000.0,1491000.0,161995000.0,146886000.0,15109000.0,6436049930.0,19108000.0,0.0,-70409000.0,0.0,-71912000.0,-142321000.0,-74222000.0,4166000.0,234807000.0,844000.0,262593000.0,262593000.0,262593000.0,0.0,0.0,0.118,726826000.0,423783000.0,67243000.0,0.273,5.805,24.51,24.523,306399000.0,0.0,10.79,2.895,2.895,292056000.0,1095755000.0,2223385000.0,2223385000.0,0.0,0.219,0.252,0.429,0.191,2961000.0,726597000.0,1.0,596482848.0,596452000,596452000.0,3.728,1270663000.0,14702000.0,162456000.0,17754000.0,2.13,812133000.0
54,FAST,MRT,2008-03-31,2008-03-31,2008-03-31,2021-10-16,11097000.0,1222575000.0,1166110250.0,918375000.0,304200000.0,1.834,1.744,-70171000.0,75212000.0,75212000.0,1044183000.0,246683000.0,5.496,0.175,0.0,0.0,0.0,0.0,0.0,37630000.0,0.0,0.01,0.12,399313000.0,436943000.0,0.204,436943000.0,399313000.0,399313000.0,0.412,0.412,0.412,1040352000.0,1010953750.0,1040352000.0,6836388976.0,17.0,15.646,160005000.0,0.268,1.0,1094689000.0,0.512,0.0,0.0,980249000.0,964532000.0,494360000.0,2131000.0,207000.0,1924000.0,182223000.0,167114000.0,15109000.0,6890533976.0,15824000.0,0.0,-83877000.0,0.0,-71912000.0,-155789000.0,-59795000.0,10562000.0,230176000.0,1232000.0,246683000.0,246683000.0,246683000.0,0.0,0.0,0.115,696849000.0,397840000.0,59573000.0,0.291,6.623,27.933,27.87,298553000.0,0.0,11.482,3.222,3.202,273360000.0,1026864000.0,2138872000.0,2138872000.0,0.0,0.212,0.244,0.414,0.187,2588000.0,696959000.0,1.0,600090048.0,596484000,596484000.0,3.586,1222575000.0,14702000.0,152630000.0,55960000.0,2.05,751261000.0
55,FAST,MRT,2007-12-31,2007-12-31,2007-12-31,2021-10-16,12393000.0,1163061000.0,1134263000.0,880771000.0,282290000.0,1.818,1.677,-49830000.0,57220000.0,57220000.0,1014245000.0,232622000.0,6.392,0.151,0.0,0.0,0.0,0.0,0.0,37332000.0,0.0,0.011,0.11,377899000.0,415231000.0,0.201,415231000.0,377899000.0,377899000.0,0.388,0.388,0.388,1010161000.0,986386250.0,1010161000.0,6009764935.0,16.0,14.473,178065000.0,0.296,1.0,1047574000.0,0.508,0.0,0.0,968050000.0,943400000.0,504592000.0,2109000.0,159000.0,1950000.0,152900000.0,137791000.0,15109000.0,6063909935.0,37874000.0,0.0,-87312000.0,0.0,-66216000.0,-153528000.0,-37674000.0,12421000.0,227895000.0,1181000.0,232622000.0,232622000.0,232622000.0,0.0,0.0,0.113,671149000.0,376425000.0,55353000.0,0.284,6.003,26.068,26.044,276627000.0,0.0,10.105,2.941,2.951,236331000.0,996050000.0,2061819000.0,2061819000.0,0.0,0.205,0.236,0.401,0.183,1915000.0,671248000.0,1.0,600090048.0,602220000,602220000.0,3.424,1163061000.0,14702000.0,145277000.0,21982000.0,1.931,742980000.0
56,FAST,MRT,2007-09-30,2007-09-30,2007-09-30,2021-10-16,16483000.0,1149777000.0,1103251750.0,876704000.0,273073000.0,1.805,1.674,-42495000.0,54145000.0,54145000.0,984386000.0,222001000.0,6.841,0.141,0.0,0.0,0.0,0.0,0.0,36977000.0,0.0,0.01,0.11,359025000.0,396002000.0,0.199,396002000.0,359025000.0,359025000.0,0.367,0.367,0.367,1007614000.0,964369250.0,1007614000.0,6780167770.0,19.0,17.122,134568000.0,0.224,1.0,1006956000.0,0.506,0.0,0.0,967470000.0,930331000.0,488824000.0,6524000.0,4460000.0,2064000.0,142163000.0,128162000.0,14001000.0,6837497770.0,46707000.0,0.0,-32021000.0,0.0,-66216000.0,-96399000.0,-35053000.0,7734000.0,177063000.0,1096000.0,222001000.0,222001000.0,222001000.0,0.0,0.0,0.111,649234000.0,357722000.0,54969000.0,0.3,6.786,30.799,30.933,267288000.0,0.0,11.352,3.434,3.431,258738000.0,989401000.0,1991342000.0,1991342000.0,0.0,0.201,0.23,0.386,0.18,1234000.0,649272000.0,1.0,602290048.0,601848000,601848000.0,3.309,1149777000.0,11427000.0,137024000.0,17963000.0,1.91,748542000.0
57,FAST,MRT,2007-06-30,2007-06-30,2007-06-30,2021-10-16,11679000.0,1129028000.0,1065125000.0,856749000.0,272279000.0,1.81,1.632,-56506000.0,57330000.0,57330000.0,955513000.0,213960000.0,6.624,0.145,0.0,0.0,0.0,0.0,0.0,36142000.0,0.0,0.01,0.103,347113000.0,383255000.0,0.199,383255000.0,347113000.0,347113000.0,0.355,0.355,0.355,985688000.0,930566250.0,985688000.0,6265930592.0,18.0,16.349,88795000.0,0.147,1.0,972167000.0,0.504,0.0,0.0,942359000.0,908961750.0,471561000.0,6335000.0,4145000.0,2190000.0,143340000.0,129339000.0,14001000.0,6325318592.0,14538000.0,0.0,-24952000.0,0.0,-61921000.0,-82220000.0,-49062000.0,7790000.0,145301000.0,519000.0,213960000.0,213960000.0,213960000.0,0.0,0.0,0.111,626119000.0,346048000.0,57452000.0,0.29,6.417,29.563,29.479,266359000.0,0.0,10.465,3.281,3.279,255101000.0,972120000.0,1927680000.0,1927680000.0,0.0,0.201,0.23,0.382,0.18,383000.0,626129000.0,1.0,604426048.0,603956000,603956000.0,3.192,1129028000.0,11427000.0,133153000.0,19858000.0,1.869,727410000.0
58,FAST,MRT,2007-03-31,2007-03-31,2007-03-31,2021-10-16,6309000.0,1095186000.0,1028001250.0,822911000.0,272275000.0,1.816,1.558,-64271000.0,59388000.0,59388000.0,927088000.0,205217000.0,5.875,0.163,0.0,0.0,0.0,0.0,0.0,34721000.0,0.0,0.012,0.103,332472000.0,367193000.0,0.197,367193000.0,332472000.0,332472000.0,0.34,0.34,0.34,942082000.0,896707750.0,942082000.0,5280449256.0,16.0,14.381,54598000.0,0.09,1.0,939703000.0,0.503,0.0,0.0,895721000.0,879494750.0,446192000.0,12693000.0,9924000.0,2769000.0,153104000.0,140077000.0,13027000.0,5299795256.0,-9730000.0,0.0,-8207000.0,0.0,-61921000.0,-65475000.0,-63307000.0,1251000.0,118869000.0,183000.0,205217000.0,205217000.0,205217000.0,0.0,0.0,0.11,608252000.0,331451000.0,44814000.0,0.303,5.626,25.825,25.772,265902000.0,0.0,8.762,2.839,2.838,238657000.0,924999000.0,1866791000.0,1866791000.0,0.0,0.2,0.229,0.378,0.178,111000.0,607949000.0,1.0,604826848.0,604716000,604716000.0,3.087,1095186000.0,11709000.0,127255000.0,46370000.0,1.811,682834000.0
59,FAST,MRT,2006-12-31,2006-12-31,2006-12-31,2021-10-16,5334000.0,1039016000.0,992547750.0,767776000.0,271240000.0,1.823,1.526,-73335000.0,19346000.0,19346000.0,901662000.0,199038000.0,7.39,0.127,0.0,0.0,0.0,0.0,0.0,33530000.0,0.0,0.011,0.1,321029000.0,354559000.0,0.196,354559000.0,321029000.0,321029000.0,0.33,0.33,0.33,922093000.0,861529250.0,922093000.0,5408788973.0,17.0,15.255,24540000.0,0.041,1.0,907675000.0,0.502,0.0,0.0,915774000.0,842648250.0,455997000.0,14530000.0,10835000.0,3695000.0,116923000.0,103896000.0,13027000.0,5416226973.0,-36858000.0,0.0,-4772000.0,0.0,-60548000.0,-60667000.0,-74199000.0,-633000.0,97875000.0,133000.0,199038000.0,199038000.0,199038000.0,0.0,0.0,0.11,587833000.0,319842000.0,41371000.0,0.303,5.874,27.212,27.182,264030000.0,0.0,8.97,2.993,2.995,209532000.0,902550000.0,1809337000.0,1809337000.0,0.0,0.201,0.231,0.381,0.177,279000.0,587610000.0,1.0,603815716.0,604136000,604660000.0,2.995,1039016000.0,11709000.0,121991000.0,14008000.0,1.72,663880000.0
60,FAST,MRT,2006-09-30,2006-09-30,2006-09-30,2021-10-16,8109000.0,997270000.0,955302500.0,724089000.0,273181000.0,1.826,1.445,-83962000.0,7438000.0,7438000.0,867499000.0,192632000.0,6.715,0.143,0.0,0.0,0.0,0.0,0.0,31891000.0,0.0,0.01,0.1,311116000.0,343007000.0,0.197,343007000.0,311116000.0,311116000.0,0.32,0.32,0.32,872402000.0,826893250.0,872402000.0,5781143152.0,19.0,16.854,43613000.0,0.072,1.0,877152000.0,0.503,0.0,0.0,881993000.0,799278000.0,418695000.0,14258000.0,6305000.0,7953000.0,124868000.0,107839000.0,17029000.0,5823935152.0,-24591000.0,0.0,-9829000.0,0.0,-60548000.0,-67562000.0,-84667000.0,-470000.0,127575000.0,63000.0,192632000.0,192632000.0,192632000.0,0.0,0.0,0.11,567406000.0,309746000.0,48514000.0,0.312,6.676,30.233,30.148,261732000.0,0.0,9.648,3.338,3.338,232091000.0,856980000.0,1744651000.0,1744651000.0,0.0,0.202,0.233,0.389,0.178,279000.0,567096000.0,1.0,603672988.0,603628000,604028000.0,2.89,997270000.0,9534000.0,118484000.0,17088000.0,1.652,616250000.0
61,FAST,MRT,2006-06-30,2006-06-30,2006-06-30,2021-10-16,8377000.0,980533000.0,918033500.0,723999000.0,256534000.0,1.826,1.407,-72886000.0,42792000.0,42792000.0,837741000.0,184502000.0,6.393,0.153,0.0,0.0,0.0,0.0,0.0,31109000.0,0.0,0.009,0.089,297864000.0,328973000.0,0.196,328973000.0,297864000.0,297864000.0,0.305,0.305,0.305,850254000.0,795867750.0,850254000.0,6016877958.0,20.0,18.29,55869000.0,0.092,1.0,839040000.0,0.5,0.0,0.0,824491000.0,761518000.0,395030000.0,14125000.0,7027000.0,7098000.0,130279000.0,113250000.0,17029000.0,6085995958.0,3147000.0,0.0,-5667000.0,0.0,-53624000.0,-59291000.0,-66739000.0,6393000.0,128755000.0,422000.0,184502000.0,184502000.0,184502000.0,0.0,0.0,0.11,542585000.0,296455000.0,55769000.0,0.292,7.158,32.986,33.025,245985000.0,0.0,10.072,3.63,3.63,228061000.0,836602000.0,1676781000.0,1676781000.0,0.0,0.201,0.232,0.391,0.178,279000.0,542440000.0,1.0,604219008.0,604220000,605608000.0,2.775,980533000.0,11152000.0,113362000.0,17029000.0,1.623,610749000.0
62,FAST,MRT,2006-03-31,2006-03-31,2006-03-31,2021-10-16,5448000.0,953372000.0,877992250.0,700170000.0,253202000.0,1.824,1.326,-69955000.0,69118000.0,69118000.0,800400000.0,177636000.0,5.151,0.19,0.0,0.0,0.0,0.0,0.0,30395000.0,0.0,0.008,0.089,286656000.0,317051000.0,0.198,317051000.0,286656000.0,286656000.0,0.295,0.295,0.295,801368000.0,763480000.0,801368000.0,7094727960.0,25.0,22.377,68323000.0,0.113,1.0,800827000.0,0.5,0.0,0.0,748335000.0,729330250.0,371095000.0,13944000.0,781000.0,13163000.0,152004000.0,135919000.0,16085000.0,7150931960.0,3123000.0,0.0,-18739000.0,0.0,-53624000.0,-72363000.0,-62873000.0,7273000.0,138278000.0,81000.0,177636000.0,177636000.0,177636000.0,0.0,0.0,0.111,515451000.0,285376000.0,54845000.0,0.302,8.923,40.256,40.119,236655000.0,0.0,11.835,4.466,4.466,212517000.0,794241000.0,1601227000.0,1601227000.0,0.0,0.202,0.233,0.393,0.179,168000.0,515217000.0,1.0,604219008.0,604220000,605560000.0,2.65,953372000.0,9925000.0,109020000.0,46071000.0,1.578,564251000.0
63,FAST,MRT,2005-12-31,2005-12-31,2005-12-31,2021-10-16,5440000.0,890035000.0,841753250.0,649008000.0,241027000.0,1.81,1.295,-60455000.0,56204000.0,56204000.0,765230000.0,166814000.0,7.09,0.136,0.0,0.0,0.0,0.0,0.0,29006000.0,0.0,0.008,0.077,269056000.0,298062000.0,0.196,298062000.0,269056000.0,269056000.0,0.275,0.275,0.275,783549000.0,737248000.0,783549000.0,5878743446.0,22.0,19.723,61457000.0,0.102,1.0,758103000.0,0.498,0.0,0.0,742293000.0,703528250.0,361561000.0,13897000.0,669000.0,13228000.0,106486000.0,91538000.0,14948000.0,5910772446.0,22701000.0,0.0,-18739000.0,0.0,-46935000.0,-65674000.0,-33552000.0,27067000.0,121912000.0,15000.0,166814000.0,166814000.0,166814000.0,0.0,0.0,0.11,490239000.0,267864000.0,38572000.0,0.28,7.544,35.433,35.573,224448000.0,0.0,9.783,3.88,3.886,183556000.0,776598000.0,1523333000.0,1523333000.0,0.0,0.198,0.226,0.382,0.177,0.0,489792000.0,1.0,604219008.0,605080000,606032000.0,2.518,890035000.0,9925000.0,102242000.0,17656000.0,1.471,557470000.0
64,FAST,MRT,2005-09-30,2005-09-30,2005-09-30,2021-10-16,9357000.0,848194000.0,813085000.0,621389000.0,226805000.0,1.793,1.238,-52623000.0,32029000.0,32029000.0,740938000.0,160918000.0,7.292,0.133,0.0,0.0,0.0,0.0,0.0,27966000.0,0.0,0.01,0.077,256609000.0,284575000.0,0.195,284575000.0,256609000.0,256609000.0,0.264,0.264,0.264,748300000.0,712453000.0,748300000.0,4574322400.0,18.0,16.074,41667000.0,0.069,1.0,716817000.0,0.492,0.0,0.0,730953000.0,684342000.0,352086000.0,13788000.0,280000.0,13508000.0,99894000.0,85212000.0,14682000.0,4613967400.0,5997000.0,0.0,-18739000.0,0.0,-46934000.0,-65673000.0,-22802000.0,30014000.0,94290000.0,182000.0,160918000.0,160918000.0,160918000.0,0.0,0.0,0.11,461340000.0,255477000.0,40980000.0,0.292,6.166,28.673,28.925,209971000.0,0.0,7.636,3.165,3.165,204340000.0,738188000.0,1457755000.0,1457755000.0,0.0,0.198,0.226,0.375,0.176,4248000.0,460939000.0,1.0,604219008.0,604216000,605168000.0,2.413,848194000.0,6494000.0,95691000.0,15860000.0,1.404,536177000.0
65,FAST,MRT,2005-06-30,2005-06-30,2005-06-30,2021-10-16,4317000.0,820368000.0,787324750.0,594474000.0,225894000.0,1.754,1.191,-53638000.0,39645000.0,39645000.0,699961000.0,149688000.0,6.995,0.138,0.0,0.0,0.0,0.0,0.0,26304000.0,0.0,0.009,0.07,238515000.0,264819000.0,0.192,264819000.0,238515000.0,238515000.0,0.246,0.246,0.246,720703000.0,686639000.0,720703000.0,4581494280.0,19.0,17.3,21464000.0,0.035,1.0,681254000.0,0.493,0.0,0.0,695740000.0,659822250.0,333504000.0,20518000.0,2248000.0,18270000.0,99665000.0,84983000.0,14682000.0,4647489280.0,-3056000.0,0.0,-18739000.0,0.0,-42490000.0,-61229000.0,-16976000.0,36855000.0,75102000.0,47000.0,149688000.0,149688000.0,149688000.0,0.0,0.0,0.108,443967000.0,237287000.0,43553000.0,0.285,6.449,31.048,31.123,204353000.0,0.0,7.656,3.365,3.353,195124000.0,715631000.0,1381215000.0,1381215000.0,0.0,0.19,0.218,0.361,0.173,4248000.0,443375000.0,1.0,607019008.0,604944000,605760000.0,2.283,820368000.0,6494000.0,88827000.0,18758000.0,1.356,509491000.0
66,FAST,MRT,2005-03-31,2005-03-31,2005-03-31,2021-10-16,5962000.0,808416000.0,764177250.0,589097000.0,219319000.0,1.712,1.147,-50736000.0,65995000.0,65995000.0,660426000.0,139873000.0,6.055,0.161,0.0,0.0,0.0,0.0,0.0,24756000.0,0.0,0.01,0.07,222685000.0,247441000.0,0.189,247441000.0,222685000.0,222685000.0,0.229,0.229,0.229,696440000.0,663073250.0,696440000.0,4162515893.0,19.0,16.822,25447000.0,0.042,1.0,647669000.0,0.495,0.0,0.0,645127000.0,635287500.0,310404000.0,21217000.0,2487000.0,18730000.0,111976000.0,97294000.0,14682000.0,4196018893.0,12907000.0,0.0,0.0,0.0,-42490000.0,-42490000.0,-20983000.0,29965000.0,76183000.0,197000.0,139873000.0,139873000.0,139873000.0,0.0,0.0,0.107,426214000.0,221455000.0,43111000.0,0.306,6.025,29.999,30.186,197329000.0,0.0,6.912,3.208,3.208,183431000.0,676026000.0,1308095000.0,1308095000.0,0.0,0.183,0.211,0.351,0.17,4248000.0,425710000.0,1.0,607019008.0,607016000,607952000.0,2.155,808416000.0,6494000.0,82812000.0,33883000.0,1.332,491803000.0
67,FAST,MRT,2004-12-31,2004-12-31,2004-12-31,2021-10-16,7400000.0,775362000.0,734630000.0,543194000.0,232168000.0,1.686,1.127,-48188000.0,33503000.0,33503000.0,622606000.0,130989000.0,7.118,0.133,0.0,0.0,0.0,0.0,0.0,23643000.0,0.0,0.006,0.05,208336000.0,231979000.0,0.187,231979000.0,208336000.0,208336000.0,0.215,0.215,0.215,684369000.0,637215000.0,684369000.0,4644979267.0,22.0,20.023,9249000.0,0.015,1.0,615886000.0,0.497,0.0,0.0,665548000.0,612451000.0,307333000.0,40964000.0,5496000.0,35468000.0,90993000.0,76311000.0,14682000.0,4671011267.0,-16247000.0,0.0,0.0,0.0,-30350000.0,-30350000.0,-43537000.0,4903000.0,57437000.0,203000.0,130989000.0,130989000.0,130989000.0,0.0,0.0,0.106,408729000.0,207157000.0,39276000.0,0.233,6.825,35.66,35.791,193446000.0,0.0,7.695,3.772,3.772,162500000.0,662517000.0,1238492000.0,1238492000.0,0.0,0.178,0.206,0.34,0.168,4248000.0,408077000.0,1.0,607019008.0,607020000,607888000.0,2.04,775362000.0,6494000.0,77347000.0,14956000.0,1.277,466883000.0
68,FAST,MRT,2004-09-30,2004-09-30,2004-09-30,2021-10-16,5593000.0,745153000.0,703675250.0,520017000.0,225136000.0,1.665,1.063,-49163000.0,26032000.0,26032000.0,592399000.0,117610000.0,6.029,0.155,0.0,0.0,0.0,0.0,0.0,22641000.0,0.0,0.007,0.05,189850000.0,212491000.0,0.181,212491000.0,189850000.0,189850000.0,0.195,0.195,0.195,645044000.0,610307750.0,645044000.0,4327835858.0,23.0,20.367,18301000.0,0.03,1.0,579271000.0,0.494,0.0,0.0,632874000.0,581277000.0,289910000.0,43802000.0,7583000.0,36219000.0,100109000.0,86247000.0,13862000.0,4370536858.0,-29095000.0,0.0,0.0,0.0,-41733000.0,-41733000.0,-55002000.0,-5615000.0,67464000.0,176000.0,117610000.0,117610000.0,117610000.0,0.0,0.0,0.1,390642000.0,188629000.0,47242000.0,0.256,6.776,37.161,36.923,185715000.0,0.0,7.2,3.73,3.73,170265000.0,629247000.0,1171670000.0,1171670000.0,0.0,0.167,0.193,0.327,0.162,1973000.0,389953000.0,1.0,607019008.0,607016000,608072000.0,1.93,745153000.0,4154000.0,72240000.0,23428000.0,1.228,433770000.0
69,FAST,MRT,2004-06-30,2004-06-30,2004-06-30,2021-10-16,2761000.0,727778000.0,676330500.0,509304000.0,218474000.0,1.633,1.032,-43303000.0,42701000.0,42701000.0,562104000.0,106131000.0,5.822,0.162,0.0,0.0,0.0,0.0,0.0,21672000.0,0.0,0.005,0.037,171497000.0,193169000.0,0.175,193169000.0,171497000.0,171497000.0,0.176,0.176,0.176,626440000.0,590229750.0,626440000.0,4259023278.0,25.0,22.048,48135000.0,0.079,1.0,542218000.0,0.491,0.0,0.0,597601000.0,553478000.0,262032000.0,57373000.0,19656000.0,37717000.0,101338000.0,87476000.0,13862000.0,4312111278.0,5861000.0,0.0,0.0,0.0,-22764000.0,-22764000.0,-62847000.0,-19351000.0,91438000.0,34000.0,106131000.0,106131000.0,106131000.0,0.0,0.0,0.096,371895000.0,170323000.0,48261000.0,0.21,6.884,40.63,40.362,177611000.0,0.0,7.104,3.905,3.905,163946000.0,613475000.0,1104322000.0,1104322000.0,0.0,0.157,0.18,0.31,0.155,1973000.0,371220000.0,1.0,607019008.0,607016000,607848000.0,1.819,727778000.0,4154000.0,65366000.0,24750000.0,1.199,421828000.0
70,FAST,MRT,2004-03-31,2004-03-31,2004-03-31,2021-10-16,4160000.0,690227000.0,647320000.0,486679000.0,203548000.0,1.612,0.977,-39795000.0,53088000.0,53088000.0,534906000.0,93226000.0,5.838,0.164,0.0,0.0,0.0,0.0,0.0,21103000.0,0.0,0.006,0.037,150854000.0,171957000.0,0.165,171957000.0,150854000.0,150854000.0,0.155,0.155,0.155,593007000.0,568962000.0,593007000.0,4024106317.0,27.0,23.402,70213000.0,0.116,1.0,508385000.0,0.487,0.0,0.0,553781000.0,533228250.0,240929000.0,51182000.0,22602000.0,28580000.0,97220000.0,83358000.0,13862000.0,4073856317.0,34287000.0,0.0,0.0,0.0,-22764000.0,-22764000.0,-53266000.0,-13298000.0,110008000.0,309000.0,93226000.0,93226000.0,93226000.0,0.0,0.0,0.089,358715000.0,149670000.0,42878000.0,0.239,6.87,43.699,43.298,171853000.0,0.0,6.711,3.905,3.905,151192000.0,578643000.0,1043291000.0,1043291000.0,0.0,0.144,0.164,0.283,0.145,1973000.0,358133000.0,1.0,607019008.0,607016000,607720000.0,1.719,690227000.0,4154000.0,57628000.0,29841000.0,1.137,403321000.0
71,FAST,MRT,2003-12-31,2003-12-31,2003-12-31,2021-10-16,4658000.0,651543000.0,621698250.0,454196000.0,197347000.0,1.6,0.95,-46062000.0,49750000.0,49750000.0,512825000.0,84120000.0,7.453,0.13,0.0,0.0,0.0,0.0,0.0,20444000.0,0.0,0.004,0.026,136336000.0,156780000.0,0.158,156780000.0,136336000.0,136336000.0,0.14,0.14,0.14,576740000.0,549870500.0,576740000.0,3719772456.0,27.0,23.726,44561000.0,0.073,1.0,482103000.0,0.485,0.0,0.0,540852000.0,522261250.0,232884000.0,45867000.0,21142000.0,24725000.0,74803000.0,60941000.0,13862000.0,3774899456.0,35454000.0,0.0,0.0,0.0,-15935000.0,-15935000.0,-39733000.0,6535000.0,90623000.0,499000.0,84120000.0,84120000.0,84120000.0,0.0,0.0,0.085,346966000.0,135137000.0,40124000.0,0.186,6.545,44.875,44.42,169553000.0,0.0,6.219,3.794,3.794,128756000.0,561878000.0,994928000.0,994928000.0,0.0,0.135,0.153,0.261,0.137,1973000.0,346649000.0,1.0,607019008.0,607020000,607140000.0,1.639,651543000.0,4218000.0,52216000.0,13862000.0,1.073,393255000.0
72,FAST,MRT,2003-09-30,2003-09-30,2003-09-30,2021-10-16,3131000.0,635774000.0,598564500.0,459328000.0,176446000.0,1.608,0.93,-43727000.0,55127000.0,55127000.0,486648000.0,81119000.0,7.789,0.126,0.0,0.0,0.0,0.0,0.0,19539000.0,0.0,0.006,0.026,131443000.0,150982000.0,0.157,150982000.0,131443000.0,131443000.0,0.135,0.135,0.135,564732000.0,530653250.0,564732000.0,2829048492.0,22.0,18.738,7703000.0,0.013,1.0,475923000.0,0.494,0.0,0.0,521678000.0,511460250.0,219810000.0,38187000.0,24668000.0,13519000.0,71042000.0,58969000.0,12073000.0,2865888492.0,29642000.0,14935000.0,0.0,0.0,-4553000.0,-4553000.0,-17622000.0,11378000.0,51430000.0,387000.0,81119000.0,81119000.0,81119000.0,0.0,0.0,0.084,351682000.0,124241000.0,29631000.0,0.193,5.075,35.329,34.972,159882000.0,0.0,4.721,2.977,2.977,137864000.0,553370000.0,962571000.0,962571000.0,0.0,0.136,0.153,0.257,0.137,3428000.0,351481000.0,1.0,607019008.0,607016000,607016000.0,1.586,635774000.0,5868000.0,50324000.0,19199000.0,1.047,400359000.0
73,FAST,MRT,2003-06-30,2003-06-30,2003-06-30,2021-10-16,3030000.0,611736000.0,574532000.0,436896000.0,174840000.0,1.64,0.892,-47970000.0,36840000.0,36840000.0,475842000.0,76974000.0,7.495,0.13,0.0,0.0,0.0,0.0,0.0,18636000.0,0.0,0.002,0.007,124727000.0,143363000.0,0.152,143363000.0,124727000.0,124727000.0,0.128,0.128,0.128,541369000.0,509355750.0,541369000.0,2556477141.0,20.0,17.832,-25606000.0,-0.042,1.0,466485000.0,0.495,0.0,0.0,516602000.0,497003750.0,227960000.0,38022000.0,22857000.0,15165000.0,70367000.0,58294000.0,12073000.0,2575278141.0,-9853000.0,14935000.0,0.0,0.0,-4553000.0,-4553000.0,-27962000.0,5236000.0,22364000.0,298000.0,76974000.0,76974000.0,76974000.0,0.0,0.0,0.082,349113000.0,117372000.0,24033000.0,0.055,4.757,33.456,33.145,156655000.0,0.0,4.242,2.733,2.733,127397000.0,530108000.0,942327000.0,942327000.0,0.0,0.134,0.151,0.251,0.132,3428000.0,348859000.0,1.0,607019008.0,607016000,607016000.0,1.552,611736000.0,5868000.0,47753000.0,19201000.0,1.008,378602000.0
74,FAST,MRT,2003-03-31,2003-03-31,2003-03-31,2021-10-16,229000.0,587740000.0,553093500.0,418857000.0,168883000.0,1.675,0.851,-50173000.0,18801000.0,18801000.0,468103000.0,76878000.0,7.096,0.138,0.0,0.0,0.0,0.0,0.0,17747000.0,0.0,0.002,0.007,124128000.0,141875000.0,0.153,141875000.0,124128000.0,124128000.0,0.128,0.128,0.128,516641000.0,489389250.0,516641000.0,2124687229.0,17.0,14.976,-44699000.0,-0.074,1.0,458596000.0,0.495,0.0,0.0,509913000.0,474004500.0,232682000.0,37884000.0,25753000.0,12131000.0,71099000.0,59026000.0,12073000.0,2138983229.0,-28990000.0,14935000.0,0.0,0.0,-4553000.0,-4553000.0,-30097000.0,5233000.0,5474000.0,186000.0,76878000.0,76878000.0,76878000.0,0.0,0.0,0.083,342817000.0,115779000.0,23679000.0,0.055,4.14,27.823,27.529,153743000.0,0.0,3.524,2.308,2.308,120042000.0,508181000.0,926699000.0,926699000.0,0.0,0.139,0.157,0.262,0.134,3428000.0,342477000.0,1.0,607019008.0,607016000,607016000.0,1.527,587740000.0,7706000.0,47250000.0,22646000.0,0.968,359831000.0
75,FAST,MRT,2002-12-31,2002-12-31,2002-12-31,2021-10-16,-2053000.0,559008000.0,532314250.0,396486000.0,162522000.0,1.701,0.823,-39990000.0,14296000.0,14296000.0,456962000.0,75542000.0,8.424,0.118,0.0,0.0,0.0,0.0,0.0,16945000.0,0.0,0.001,0.006,121923000.0,138868000.0,0.153,138868000.0,121923000.0,121923000.0,0.125,0.125,0.125,499871000.0,469935250.0,499871000.0,2811570089.0,23.0,20.246,-22378000.0,-0.037,1.0,448476000.0,0.495,0.0,0.0,497648000.0,446733500.0,217262000.0,52402000.0,37062000.0,15340000.0,59137000.0,47064000.0,12073000.0,2837055089.0,-32968000.0,14935000.0,0.0,0.0,-3794000.0,-3794000.0,-46800000.0,-21770000.0,17612000.0,14000.0,75542000.0,75542000.0,75542000.0,0.0,0.0,0.083,335179000.0,113297000.0,25783000.0,0.048,5.676,37.556,37.39,144252000.0,0.0,4.674,3.133,3.133,105553000.0,493693000.0,905438000.0,905438000.0,0.0,0.142,0.161,0.273,0.135,3428000.0,334875000.0,1.0,607019008.0,607016000,607016000.0,1.492,559008000.0,7706000.0,46381000.0,12073000.0,0.921,349422000.0
76,FAST,MRT,2002-09-30,2002-09-30,2002-09-30,2021-10-16,-2065000.0,539644000.0,511373250.0,381905000.0,157739000.0,1.729,0.79,-35297000.0,25485000.0,25485000.0,446624000.0,72007000.0,7.591,0.125,0.0,0.0,0.0,0.0,0.0,16633000.0,0.0,0.002,0.006,116222000.0,132855000.0,0.15,132855000.0,116222000.0,116222000.0,0.118,0.118,0.118,479542000.0,451189500.0,479542000.0,2349514534.0,20.0,17.685,11749000.0,0.019,1.0,437598000.0,0.495,0.0,0.0,463852000.0,419176250.0,184904000.0,49565000.0,30721000.0,18844000.0,60102000.0,50307000.0,9795000.0,2396207534.0,-30732000.0,0.0,0.0,0.0,-3794000.0,-3794000.0,-73991000.0,-39593000.0,47046000.0,811000.0,72007000.0,72007000.0,72007000.0,0.0,0.0,0.081,324427000.0,113171000.0,26422000.0,0.051,4.997,33.277,33.453,135991000.0,0.0,3.947,2.71,2.71,121802000.0,476804000.0,884222000.0,884222000.0,0.0,0.141,0.16,0.277,0.131,0.0,323793000.0,1.0,607019008.0,607016000,607016000.0,1.457,539644000.0,4696000.0,44215000.0,13300000.0,0.889,331598000.0
77,FAST,MRT,2002-06-30,2002-06-30,2002-06-30,2021-10-16,-987000.0,525982000.0,495958000.0,380110000.0,145872000.0,1.725,0.76,-40565000.0,46693000.0,46693000.0,430230000.0,69891000.0,6.951,0.14,0.0,0.0,0.0,0.0,0.0,16180000.0,0.0,0.001,0.006,112792000.0,128972000.0,0.151,128972000.0,112792000.0,112792000.0,0.114,0.114,0.114,461503000.0,434225750.0,461503000.0,2874246750.0,25.0,22.286,37722000.0,0.062,1.0,425303000.0,0.497,0.0,0.0,424605000.0,393737500.0,168038000.0,43340000.0,28063000.0,15277000.0,64479000.0,54684000.0,9795000.0,2922037750.0,-20000.0,0.0,0.0,0.0,-3794000.0,-3794000.0,-74511000.0,-34121000.0,78287000.0,61000.0,69891000.0,69891000.0,69891000.0,0.0,0.0,0.082,315640000.0,109663000.0,29709000.0,0.053,6.332,41.808,42.226,127671000.0,0.0,4.814,3.415,3.415,122969000.0,457687000.0,855533000.0,855533000.0,0.0,0.141,0.161,0.286,0.132,0.0,315097000.0,1.0,607019008.0,607016000,607016000.0,1.409,525982000.0,4696000.0,42901000.0,15554000.0,0.867,325426000.0
78,FAST,MRT,2002-03-31,2002-03-31,2002-03-31,2021-10-16,-1834000.0,504623000.0,475630000.0,366001000.0,138622000.0,1.744,0.723,-38503000.0,47791000.0,47791000.0,415042000.0,67078000.0,6.535,0.15,0.0,0.0,0.0,0.0,0.0,15764000.0,0.0,0.001,0.006,108677000.0,124441000.0,0.15,124441000.0,108677000.0,108677000.0,0.109,0.109,0.109,438825000.0,417728750.0,438825000.0,2810277980.0,26.0,22.583,47314000.0,0.078,1.0,414449000.0,0.5,0.0,0.0,400829000.0,376443500.0,156932000.0,43117000.0,29232000.0,13885000.0,65798000.0,56003000.0,9795000.0,2857541980.0,12045000.0,0.0,0.0,0.0,-3794000.0,-3794000.0,-69938000.0,-32132000.0,85817000.0,612000.0,67078000.0,67078000.0,67078000.0,0.0,0.0,0.081,307988000.0,106461000.0,24307000.0,0.055,6.512,42.6,43.188,121753000.0,0.0,4.707,3.445,3.445,115663000.0,435856000.0,829491000.0,829491000.0,0.0,0.141,0.161,0.289,0.131,0.0,307554000.0,1.0,607019008.0,607016000,607016000.0,1.367,504623000.0,4696000.0,41599000.0,22685000.0,0.831,309998000.0
79,FAST,MRT,2001-12-31,2001-12-31,2001-12-31,2021-10-16,-1860000.0,475244000.0,457708000.0,341241000.0,134003000.0,1.788,0.7,-42047000.0,47264000.0,47264000.0,405856000.0,70112000.0,8.413,0.119,0.0,0.0,0.0,0.0,0.0,14967000.0,0.0,0.001,0.006,113634000.0,128601000.0,0.157,128601000.0,113634000.0,113634000.0,0.115,0.115,0.115,424888000.0,402005000.0,424888000.0,2464050044.0,22.0,19.16,48723000.0,0.08,1.0,412427000.0,0.504,0.0,0.0,387419000.0,362939000.0,152706000.0,30632000.0,21258000.0,9374000.0,50356000.0,40561000.0,9795000.0,2520267044.0,27554000.0,0.0,0.0,0.0,-3415000.0,-3415000.0,-59691000.0,-17635000.0,90770000.0,-110000.0,70112000.0,70112000.0,70112000.0,0.0,0.0,0.086,301035000.0,111392000.0,20100000.0,0.052,5.932,35.946,36.103,121607000.0,0.0,4.152,3.08,3.08,101356000.0,421945000.0,818283000.0,818283000.0,0.0,0.153,0.174,0.313,0.139,0.0,300696000.0,1.0,607019008.0,607016000,607016000.0,1.348,475244000.0,4696000.0,43522000.0,12283000.0,0.783,300680000.0
80,FAST,MRT,2001-09-30,2001-09-30,2001-09-30,2021-10-16,-1707000.0,477983000.0,439513000.0,349464000.0,128519000.0,1.861,0.678,-41207000.0,56217000.0,56217000.0,406283000.0,75665000.0,5.857,0.161,0.0,0.0,0.0,0.0,0.0,14329000.0,0.0,0.002,0.006,122783000.0,137112000.0,0.168,137112000.0,122783000.0,122783000.0,0.124,0.124,0.124,411687000.0,385597500.0,411687000.0,2115033442.0,17.0,15.426,47482000.0,0.078,1.0,411769000.0,0.503,0.0,0.0,362097000.0,352628000.0,151997000.0,9972000.0,2000000.0,7972000.0,66296000.0,59669000.0,6627000.0,2161746442.0,32299000.0,0.0,0.0,0.0,-3415000.0,-3415000.0,-52848000.0,-9972000.0,88689000.0,-1738000.0,75665000.0,75665000.0,75665000.0,0.0,0.0,0.092,291193000.0,120576000.0,28584000.0,0.048,5.251,28.57,28.72,117443000.0,0.0,3.561,2.643,2.643,121753000.0,408591000.0,818052000.0,818052000.0,0.0,0.172,0.196,0.348,0.15,0.0,291031000.0,1.0,607019008.0,607016000,607016000.0,1.348,477983000.0,4060000.0,47118000.0,18614000.0,0.787,289795000.0
81,FAST,MRT,2001-06-30,2001-06-30,2001-06-30,2021-10-16,-878000.0,444670000.0,417134750.0,319817000.0,124853000.0,1.922,0.652,-31620000.0,46713000.0,46713000.0,394122000.0,79466000.0,7.52,0.124,0.0,0.0,0.0,0.0,0.0,13546000.0,0.0,0.002,0.006,129108000.0,142654000.0,0.178,142654000.0,129108000.0,129108000.0,0.131,0.131,0.131,395515000.0,367969500.0,395515000.0,2315693882.0,18.0,16.233,30891000.0,0.051,1.0,407455000.0,0.508,0.0,0.0,355429000.0,342668000.0,144056000.0,9137000.0,2017000.0,7120000.0,49155000.0,42528000.0,6627000.0,2351439882.0,18139000.0,0.0,0.0,0.0,-3415000.0,-3415000.0,-40908000.0,-8994000.0,62511000.0,-256000.0,79466000.0,79466000.0,79466000.0,0.0,0.0,0.099,280312000.0,127143000.0,24387000.0,0.046,5.945,29.591,29.571,114553000.0,0.0,3.874,2.934,2.934,112918000.0,391590000.0,801577000.0,801577000.0,0.0,0.191,0.216,0.377,0.161,0.0,280150000.0,1.0,607019008.0,607016000,607016000.0,1.321,444670000.0,4060000.0,49642000.0,8921000.0,0.733,277289000.0
82,FAST,MRT,2001-03-31,2001-03-31,2001-03-31,2021-10-16,-1445000.0,432935000.0,398855250.0,311388000.0,121547000.0,1.962,0.619,-30150000.0,35746000.0,35746000.0,382238000.0,81423000.0,6.181,0.152,0.0,0.0,0.0,0.0,0.0,12535000.0,0.0,0.002,0.006,132446000.0,144981000.0,0.185,144981000.0,132446000.0,132446000.0,0.134,0.134,0.134,375930000.0,349020750.0,375930000.0,2034951496.0,15.0,14.036,10899000.0,0.018,1.0,400486000.0,0.512,0.0,0.0,346811000.0,327847250.0,145669000.0,11059000.0,3027000.0,8032000.0,57005000.0,50378000.0,6627000.0,2067658496.0,-4488000.0,0.0,0.0,0.0,-3415000.0,-3415000.0,-41991000.0,-10839000.0,41049000.0,-1046000.0,81423000.0,81423000.0,81423000.0,0.0,0.0,0.104,270080000.0,130406000.0,21181000.0,0.045,5.5,25.394,25.42,110304000.0,0.0,3.406,2.642,2.642,113501000.0,372572000.0,782724000.0,782724000.0,0.0,0.204,0.233,0.404,0.169,0.0,269918000.0,1.0,607019008.0,607024000,607024000.0,1.289,432935000.0,4060000.0,51023000.0,21433000.0,0.713,261010000.0
83,FAST,MRT,2000-12-31,2000-12-31,2000-12-31,2021-10-16,-793000.0,402464000.0,378866500.0,284455000.0,118009000.0,1.994,0.592,-30096000.0,19710000.0,19710000.0,367500000.0,80730000.0,7.776,0.12,0.0,0.0,0.0,0.0,0.0,11977000.0,0.0,0.001,0.005,131430000.0,143407000.0,0.19,143407000.0,131430000.0,131430000.0,0.133,0.133,0.133,359258000.0,329761750.0,359258000.0,2058157197.0,16.0,14.352,8157000.0,0.013,1.0,388118000.0,0.514,0.0,0.0,346175000.0,307059500.0,143068000.0,12997000.0,4028000.0,8969000.0,43206000.0,36579000.0,6627000.0,2082075197.0,-8139000.0,0.0,0.0,0.0,-3035000.0,-3035000.0,-43300000.0,-12782000.0,38253000.0,-397000.0,80730000.0,80730000.0,80730000.0,0.0,0.0,0.107,258723000.0,129395000.0,19898000.0,0.038,5.795,25.791,25.789,105807000.0,0.0,3.43,2.755,2.755,106120000.0,355248000.0,755618000.0,755618000.0,0.0,0.213,0.245,0.428,0.174,0.0,258561000.0,1.0,607019008.0,607016000,607016000.0,1.245,402464000.0,4060000.0,50700000.0,9806000.0,0.663,247876000.0
84,FAST,MRT,2000-09-30,2000-09-30,2000-09-30,2021-10-16,31000.0,388470000.0,357905750.0,283389000.0,105081000.0,2.018,0.562,-34471000.0,23918000.0,23918000.0,350387000.0,77711000.0,6.7,0.139,0.0,0.0,0.0,0.0,0.0,11380000.0,0.0,0.001,0.005,126471000.0,137851000.0,0.191,137851000.0,126471000.0,126471000.0,0.128,0.128,0.128,341175000.0,310437250.0,341175000.0,2157832589.0,17.0,15.653,2063000.0,0.003,1.0,371699000.0,0.515,0.0,0.0,322257000.0,284793500.0,134380000.0,0.0,0.0,0.0,47295000.0,42295000.0,5000000.0,2186406589.0,-344000.0,0.0,0.0,0.0,-3035000.0,-3035000.0,-33803000.0,215000.0,36534000.0,513000.0,77711000.0,77711000.0,77711000.0,0.0,0.0,0.108,246788000.0,124911000.0,25305000.0,0.039,6.408,28.135,28.14,101815000.0,0.0,3.602,3.028,3.028,111612000.0,336341000.0,722086000.0,722086000.0,0.0,0.217,0.25,0.444,0.175,0.0,246788000.0,1.0,607019008.0,607024000,607024000.0,1.19,388470000.0,2886000.0,48760000.0,8244000.0,0.64,241094000.0
85,FAST,MRT,2000-06-30,2000-06-30,2000-06-30,2021-10-16,-622000.0,371552000.0,336993500.0,271577000.0,99975000.0,2.043,0.527,-32832000.0,28574000.0,28574000.0,334037000.0,74000000.0,5.799,0.162,0.0,0.0,0.0,0.0,0.0,11262000.0,0.0,0.002,0.005,120399000.0,131661000.0,0.191,131661000.0,120399000.0,120399000.0,0.122,0.122,0.122,319720000.0,291640000.0,319720000.0,1880601773.0,16.0,14.284,15199000.0,0.025,1.0,354486000.0,0.515,0.0,0.0,296146000.0,265355250.0,126128000.0,143000.0,0.0,143000.0,51832000.0,46832000.0,5000000.0,1920835773.0,12025000.0,0.0,0.0,0.0,-3035000.0,-3035000.0,-32941000.0,72000.0,48031000.0,-104000.0,74000000.0,74000000.0,74000000.0,0.0,0.0,0.107,235644000.0,118842000.0,29866000.0,0.041,6.008,25.957,25.938,96519000.0,0.0,3.164,2.79,2.79,105609000.0,315539000.0,688523000.0,688523000.0,0.0,0.22,0.254,0.454,0.175,0.0,235644000.0,1.0,607019008.0,607024000,607024000.0,1.134,371552000.0,2886000.0,46399000.0,7678000.0,0.612,224745000.0
86,FAST,MRT,2000-03-31,2000-03-31,2000-03-31,2021-10-16,-473000.0,352980000.0,316401500.0,256852000.0,96128000.0,2.066,0.492,-27376000.0,40234000.0,40234000.0,315967000.0,70087000.0,5.233,0.181,0.0,0.0,0.0,0.0,0.0,11663000.0,0.0,0.002,0.005,113997000.0,125660000.0,0.192,125660000.0,113997000.0,113997000.0,0.116,0.116,0.116,298894000.0,273925000.0,298894000.0,1788655381.0,16.0,14.234,31643000.0,0.052,1.0,337858000.0,0.517,0.0,0.0,263660000.0,250091500.0,110791000.0,146000.0,0.0,146000.0,54086000.0,49086000.0,5000000.0,1816504381.0,28761000.0,0.0,0.0,0.0,-3036000.0,-3036000.0,-27222000.0,69000.0,59019000.0,192000.0,70087000.0,70087000.0,70087000.0,0.0,0.0,0.107,225258000.0,112600000.0,23617000.0,0.043,6.077,25.918,25.797,92638000.0,0.0,2.993,2.778,2.778,97464000.0,294564000.0,653825000.0,653825000.0,0.0,0.222,0.256,0.456,0.174,0.0,225258000.0,1.0,607019008.0,607024000,607024000.0,1.077,352980000.0,2886000.0,43910000.0,16352000.0,0.581,207766000.0
87,FAST,MRT,1999-12-31,1999-12-31,1999-12-31,2021-10-16,-396000.0,318621000.0,296863500.0,227405000.0,91216000.0,2.082,0.464,-24979000.0,27849000.0,27849000.0,298731000.0,65455000.0,6.756,0.13,0.0,0.0,0.0,0.0,0.0,11997000.0,0.0,0.001,0.003,106536000.0,118533000.0,0.192,118533000.0,106536000.0,106479000.0,0.108,0.108,0.108,281960000.0,257114500.0,281960000.0,1680702639.0,16.0,14.179,31010000.0,0.051,1.0,319460000.0,0.517,0.0,57000.0,257111000.0,239916250.0,106597000.0,215000.0,0.0,215000.0,36661000.0,33661000.0,3000000.0,1704964639.0,25763000.0,0.0,0.0,-4055000.0,-1517000.0,-5572000.0,-24654000.0,50000.0,55989000.0,376000.0,65455000.0,65455000.0,65455000.0,0.0,0.0,0.106,213774000.0,105686000.0,19325000.0,0.028,6.047,26.048,26.007,87630000.0,0.0,2.809,2.758,2.758,84563000.0,277553000.0,618191000.0,618191000.0,0.0,0.22,0.255,0.444,0.172,0.0,213774000.0,1.0,607019008.0,607024000,607024000.0,1.018,318621000.0,2886000.0,41024000.0,5551000.0,0.525,193744000.0
88,FAST,MRT,1999-09-30,1999-09-30,1999-09-30,2021-10-16,-482000.0,304821000.0,280016750.0,222487000.0,82334000.0,2.459,0.438,-23764000.0,24262000.0,24262000.0,329299000.0,74588000.0,6.171,0.146,0.0,0.0,0.0,0.0,0.0,12672000.0,0.0,0.001,0.003,120566000.0,133238000.0,0.193,133238000.0,120566000.0,121357000.0,0.123,0.123,0.123,265986000.0,241036000.0,265986000.0,1771501365.0,15.0,13.296,36647000.0,0.06,1.0,359288000.0,0.522,0.0,-791000.0,244504000.0,231237250.0,99344000.0,215000.0,0.0,215000.0,38835000.0,36055000.0,2780000.0,1788050365.0,22617000.0,0.0,0.0,-12733000.0,-1517000.0,-14250000.0,-23544000.0,50000.0,60411000.0,235000.0,74588000.0,74588000.0,74588000.0,0.0,0.0,0.108,240128000.0,119160000.0,19952000.0,0.024,6.722,23.972,23.948,78733000.0,0.0,2.946,2.597,2.597,90751000.0,261665000.0,688587000.0,688587000.0,0.0,0.266,0.309,0.521,0.175,0.0,240128000.0,1.0,607019008.0,607024000,607024000.0,1.134,304821000.0,2312000.0,46769000.0,6188000.0,0.502,186432000.0
89,FAST,MRT,1999-06-30,1999-06-30,1999-06-30,2021-10-16,-518000.0,289184000.0,264703750.0,210718000.0,78466000.0,2.496,0.41,-21061000.0,16549000.0,16549000.0,315021000.0,71530000.0,5.613,0.162,0.0,0.0,0.0,0.0,0.0,12651000.0,0.0,0.001,0.003,115884000.0,128535000.0,0.195,128535000.0,115884000.0,116367000.0,0.118,0.118,0.118,248860000.0,225835250.0,248860000.0,1978031799.0,17.0,15.389,36956000.0,0.061,1.0,345556000.0,0.523,0.0,-483000.0,235091000.0,224591250.0,99589000.0,215000.0,0.0,215000.0,40324000.0,37544000.0,2780000.0,1989504799.0,15748000.0,0.0,0.0,-19644000.0,-1517000.0,-21161000.0,-21108000.0,50000.0,58017000.0,-21000.0,71530000.0,71530000.0,71530000.0,0.0,0.0,0.108,230789000.0,114767000.0,21921000.0,0.025,7.994,27.814,27.775,74825000.0,0.0,3.277,3.012,3.012,86256000.0,244575000.0,660577000.0,660577000.0,0.0,0.27,0.317,0.516,0.175,0.0,230789000.0,1.0,607019008.0,607024000,607024000.0,1.088,289184000.0,2312000.0,44837000.0,6544000.0,0.476,173174000.0
90,FAST,MRT,1999-03-31,1999-03-31,1999-03-31,2021-10-16,-665000.0,274828000.0,252085750.0,194575000.0,80253000.0,2.511,0.382,-29148000.0,11473000.0,11473000.0,301653000.0,68484000.0,4.817,0.186,0.0,0.0,0.0,0.0,0.0,12006000.0,0.0,0.001,0.003,111222000.0,123228000.0,0.195,123228000.0,111222000.0,111407000.0,0.113,0.113,0.113,231652000.0,211462750.0,231652000.0,1332099401.0,12.0,10.81,24278000.0,0.04,1.0,331460000.0,0.524,0.0,-185000.0,222959000.0,218784000.0,94051000.0,215000.0,0.0,215000.0,43176000.0,40396000.0,2780000.0,1330130401.0,11055000.0,0.0,0.0,-11362000.0,-1516000.0,-12878000.0,-29493000.0,50000.0,53426000.0,-324000.0,68484000.0,68484000.0,68484000.0,0.0,0.0,0.108,221027000.0,110433000.0,20996000.0,0.027,5.742,19.422,19.392,76581000.0,0.0,2.191,2.101,2.101,80679000.0,227514000.0,633113000.0,633113000.0,0.0,0.272,0.324,0.508,0.176,0.0,221027000.0,1.0,607019008.0,607024000,607024000.0,1.043,274828000.0,2312000.0,42923000.0,11167000.0,0.453,154179000.0
91,FAST,MRT,1998-12-31,1998-12-31,1998-12-31,2021-10-16,-772000.0,251234000.0,238548250.0,173267000.0,77967000.0,2.554,0.359,-28096000.0,2086000.0,2086000.0,289920000.0,65455000.0,5.624,0.154,4055000.0,4055000.0,0.0,4055000.0,0.0,11260000.0,0.0,0.0,0.001,106536000.0,117796000.0,0.193,117796000.0,106536000.0,106479000.0,0.108,0.108,0.108,217646000.0,197927250.0,217646000.0,1680390272.0,16.0,14.265,15220000.0,0.025,1.0,319266000.0,0.524,0.0,57000.0,222395000.0,210570000.0,93734000.0,265000.0,0.0,265000.0,33588000.0,30808000.0,2780000.0,1669302272.0,1700000.0,0.0,0.0,-12248000.0,-759000.0,-13007000.0,-28609000.0,0.0,43316000.0,-420000.0,65455000.0,65455000.0,65455000.0,0.0,0.0,0.107,213580000.0,105686000.0,17411000.0,0.009,7.67,25.503,25.463,74212000.0,0.0,2.75,2.74,2.74,68498000.0,213615000.0,609186000.0,609186000.0,0.0,0.274,0.331,0.506,0.175,0.0,213580000.0,1.0,607019008.0,607024000,607024000.0,1.004,251234000.0,2312000.0,41024000.0,3123000.0,0.414,142459000.0
92,FAST,MRT,1998-09-30,1998-09-30,1998-09-30,2021-10-16,-717000.0,243569000.0,227024000.0,172665000.0,70904000.0,2.121,0.338,-22310000.0,1645000.0,1645000.0,227273000.0,50691000.0,4.7,0.187,12733000.0,12733000.0,0.0,12733000.0,0.0,10657000.0,0.0,0.001,0.001,83578000.0,94235000.0,0.196,94235000.0,83578000.0,82455000.0,0.084,0.084,0.084,205183000.0,184983750.0,205183000.0,967310200.0,12.0,10.265,191000.0,0.0,1.0,254324000.0,0.528,0.0,1123000.0,217920000.0,200830750.0,91719000.0,265000.0,0.0,265000.0,38386000.0,36737000.0,1649000.0,948467200.0,1342000.0,0.0,0.0,2295000.0,-759000.0,1536000.0,-22695000.0,250000.0,22501000.0,-510000.0,50691000.0,50691000.0,50691000.0,0.0,0.0,0.105,171126000.0,83198000.0,11823000.0,0.012,4.623,18.711,18.601,67098000.0,0.0,1.562,1.969,1.969,71662000.0,201097000.0,481597000.0,481597000.0,0.0,0.223,0.274,0.416,0.174,0.0,171126000.0,1.0,607019008.0,607019008,607019008.0,0.793,243569000.0,1591000.0,31764000.0,4175000.0,0.401,135928000.0
93,FAST,MRT,1998-06-30,1998-06-30,1998-06-30,2021-10-16,-497000.0,238712000.0,214939000.0,168915000.0,69797000.0,2.121,0.315,-23527000.0,801000.0,801000.0,215338000.0,47992000.0,3.697,0.247,19644000.0,19644000.0,0.0,19644000.0,0.0,10230000.0,0.0,0.0,0.001,79088000.0,89318000.0,0.196,89318000.0,79088000.0,78074000.0,0.079,0.079,0.079,191370000.0,172628250.0,191370000.0,1772816671.0,22.0,19.848,-5790000.0,-0.01,1.0,240461000.0,0.528,0.0,1014000.0,211862000.0,187959750.0,88097000.0,265000.0,0.0,265000.0,47342000.0,45693000.0,1649000.0,1761872671.0,517000.0,0.0,0.0,7259000.0,-759000.0,6500000.0,-23720000.0,250000.0,17737000.0,-292000.0,47992000.0,47992000.0,47992000.0,0.0,0.0,0.105,161793000.0,78668000.0,14963000.0,0.013,9.207,36.712,36.741,65962000.0,0.0,2.902,3.865,3.865,71852000.0,187064000.0,455799000.0,455799000.0,0.0,0.223,0.278,0.421,0.174,0.0,161793000.0,1.0,607019008.0,607019008,607019008.0,0.751,238712000.0,1591000.0,30082000.0,3710000.0,0.393,123222000.0
94,FAST,MRT,1998-03-31,1998-03-31,1998-03-31,2021-10-16,-341000.0,220678000.0,200433000.0,157602000.0,63076000.0,2.133,0.292,-17017000.0,418000.0,418000.0,202916000.0,44455000.0,3.796,0.243,11362000.0,11362000.0,0.0,11362000.0,0.0,9812000.0,0.0,0.0,0.001,73798000.0,83610000.0,0.196,83610000.0,73798000.0,72811000.0,0.074,0.074,0.074,177510000.0,160893000.0,177510000.0,1661697285.0,23.0,19.874,2601000.0,0.004,1.0,224688000.0,0.525,0.0,987000.0,190103000.0,174261750.0,82129000.0,265000.0,0.0,265000.0,43168000.0,41519000.0,1649000.0,1645780285.0,168000.0,0.0,0.0,-1624000.0,-759000.0,-2383000.0,-17067000.0,250000.0,19618000.0,-131000.0,44455000.0,44455000.0,44455000.0,0.0,0.0,0.104,151767000.0,72921000.0,13326000.0,0.014,9.271,37.021,36.639,59205000.0,0.0,2.711,3.849,3.849,67171000.0,173048000.0,427604000.0,427604000.0,0.0,0.222,0.276,0.423,0.173,0.0,151767000.0,1.0,607019008.0,607019008,607019008.0,0.704,220678000.0,1591000.0,28356000.0,9261000.0,0.364,116083000.0
95,FAST,MRT,1997-12-31,1997-12-31,1997-12-31,2021-10-16,-352000.0,205137000.0,188527250.0,144171000.0,60966000.0,2.111,0.273,-21507000.0,386000.0,386000.0,189063000.0,40834000.0,3.833,0.237,16303000.0,16303000.0,0.0,16303000.0,0.0,9582000.0,0.0,0.0,0.001,68253000.0,77835000.0,0.196,77835000.0,68253000.0,67336000.0,0.068,0.068,0.068,165872000.0,150001750.0,165872000.0,1461289816.0,21.0,18.774,-6850000.0,-0.011,1.0,208929000.0,0.525,0.0,917000.0,183438000.0,163541250.0,79415000.0,265000.0,0.0,265000.0,39265000.0,37616000.0,1649000.0,1451154816.0,-40000.0,0.0,0.0,7681000.0,-759000.0,6922000.0,-21619000.0,250000.0,14657000.0,-170000.0,40834000.0,40834000.0,40834000.0,0.0,0.0,0.103,141725000.0,67204000.0,12950000.0,0.015,8.749,35.538,35.156,57084000.0,0.0,2.391,3.646,3.646,57542000.0,161421000.0,397992000.0,397992000.0,0.0,0.217,0.272,0.417,0.171,0.0,141725000.0,1.0,607019008.0,607019008,607019008.0,0.656,205137000.0,1591000.0,26502000.0,2698000.0,0.338,106555000.0
96,FAST,MRT,1997-09-30,1997-09-30,1997-09-30,2021-10-16,-207000.0,195229000.0,175129250.0,136229000.0,59000000.0,2.104,0.257,-21894000.0,303000.0,303000.0,175061000.0,38547000.0,3.5,0.253,10438000.0,10438000.0,0.0,10438000.0,0.0,8398000.0,0.0,0.0,0.001,64687000.0,73085000.0,0.198,73085000.0,64687000.0,63948000.0,0.064,,0.064,155761000.0,140025500.0,155761000.0,2032336136.0,31.0,27.808,-1599000.0,-0.003,1.0,193385000.0,0.525,0.0,739000.0,166436000.0,151357500.0,68018000.0,515000.0,0.0,515000.0,39468000.0,38928000.0,540000.0,2020235136.0,-607000.0,0.0,0.0,1672000.0,-759000.0,913000.0,-21815000.0,165000.0,20295000.0,-44000.0,38547000.0,38547000.0,38547000.0,0.0,0.0,0.105,129491000.0,63894000.0,17468000.0,0.016,12.97,52.41,52.002,54849000.0,0.0,3.328,5.483,5.483,61278000.0,151165000.0,368446000.0,368446000.0,0.0,0.22,0.275,0.427,0.176,0.0,129491000.0,1.0,607019008.0,607019008,,0.607,195229000.0,1219000.0,25401000.0,3442000.0,0.322,97301000.0
97,FAST,MRT,1997-06-30,1997-06-30,1997-06-30,2021-10-16,-205000.0,180688000.0,,124495000.0,56193000.0,,0.238,-21930000.0,284000.0,284000.0,160687000.0,35905000.0,3.485,0.251,12385000.0,12385000.0,0.0,12385000.0,0.0,8202000.0,0.0,0.0,0.001,60608000.0,68810000.0,0.203,68810000.0,60608000.0,60033000.0,0.059,,0.059,144429000.0,,144429000.0,1871731712.0,31.0,27.201,-6768000.0,-0.011,1.0,178420000.0,0.526,0.0,575000.0,157070000.0,,60096000.0,515000.0,0.0,515000.0,36259000.0,35719000.0,540000.0,1858995712.0,-566000.0,0.0,0.0,6823000.0,-759000.0,6064000.0,-21792000.0,168000.0,15162000.0,6000.0,35905000.0,35905000.0,35905000.0,0.0,0.0,0.106,118719000.0,59701000.0,13301000.0,0.017,12.871,51.775,51.907,52039000.0,0.0,3.062,5.482,5.482,57404000.0,139831000.0,339107000.0,339107000.0,0.0,,,,0.179,0.0,118719000.0,1.0,607019008.0,607019008,,0.559,180688000.0,1219000.0,24128000.0,3063000.0,0.298,88776000.0
98,FAST,MRT,1997-03-31,1997-03-31,1997-03-31,2021-10-16,-210000.0,173055000.0,,117952000.0,55103000.0,,0.221,-27826000.0,250000.0,250000.0,146434000.0,33871000.0,3.058,0.292,12986000.0,12986000.0,0.0,12986000.0,0.0,7925000.0,0.0,0.0,0.001,56947000.0,64872000.0,0.208,64872000.0,56947000.0,56636000.0,0.056,,0.056,133945000.0,,133945000.0,1336050080.0,23.0,20.595,-16759000.0,-0.028,1.0,165291000.0,0.53,0.0,311000.0,147221000.0,,60006000.0,515000.0,0.0,515000.0,39110000.0,38570000.0,540000.0,1327854080.0,-7937000.0,0.0,0.0,12986000.0,-759000.0,12227000.0,-31231000.0,222000.0,11067000.0,-150000.0,33871000.0,33871000.0,33871000.0,0.0,0.0,0.109,109112000.0,56179000.0,12992000.0,0.018,9.913,39.203,39.062,50931000.0,0.0,2.188,4.26,4.26,52231000.0,129352000.0,311725000.0,311725000.0,0.0,,,,0.183,0.0,109112000.0,1.0,607019008.0,607019008,,0.514,173055000.0,1219000.0,22765000.0,6305000.0,0.285,79382000.0
99,FAST,MRT,1996-12-31,1996-12-31,1996-12-31,2021-10-16,-182000.0,151545000.0,130432500.0,103455000.0,48090000.0,2.206,0.208,-23200000.0,426000.0,426000.0,134811000.0,32539000.0,4.132,0.203,8622000.0,8622000.0,0.0,8622000.0,0.0,7478000.0,0.0,0.0,0.001,54514000.0,61992000.0,0.215,61992000.0,54514000.0,54432000.0,0.054,0.054,0.054,125967000.0,110145000.0,125967000.0,,,,-10722000.0,-0.018,1.0,152880000.0,0.531,0.0,82000.0,134703000.0,111221500.0,56526000.0,515000.0,0.0,515000.0,25578000.0,25038000.0,540000.0,1735694976.0,-6157000.0,0.0,0.0,8622000.0,-759000.0,7863000.0,-26498000.0,257000.0,12478000.0,-130000.0,32539000.0,32539000.0,32539000.0,0.0,0.0,0.113,99473000.0,53407000.0,10010000.0,0.019,13.779,53.342,52.951,43930000.0,0.0,2.859,6.033,6.033,41553000.0,121346000.0,287691000.0,287691000.0,0.0,0.249,0.295,0.49,0.189,0.0,99473000.0,1.0,607019008.0,607019008,607019008.0,0.474,151545000.0,1219000.0,21893000.0,1335000.0,0.25,78417000.0
100,FAST,MRT,1996-09-30,1996-09-30,1996-09-30,2021-10-16,,,,,,,,,,,,,,,,,,,,,,0.0,0.001,,,,,,,,,,,,,,,,,,1.0,,,,,,,,,,,,,,,,,,,,,,,,,,,,,,,,,,,,,,,,3.094,,,,,,,,,,,,,,1.0,,607019008,,,,,,,,
101,FAST,MRT,1996-06-30,1996-06-30,1996-06-30,2021-10-16,,,,,,,,,,,,,,,,,,,,,,0.0,0.001,,,,,,,,,,,,,,,,,,1.0,,,,,,,,,,,,,,,,,,,,,,,,,,,,,,,,,,,,,,,,2.609,,,,,,,,,,,,,,1.0,,607019008,,,,,,,,
102,FAST,MRT,1996-03-31,1996-03-31,1996-03-31,2021-10-16,,,,,,,,,,,,,,,,,,,,,,0.0,0.001,,,,,,,,,,,,,,,,,,1.0,,,,,,,,,,,,,,,,,,,,,,,,,,,,,,,,,,,,,,,,2.484,,,,,,,,,,,,,,1.0,,607019008,,,,,,,,
103,FAST,MRT,1995-12-31,1995-12-31,1995-12-31,2021-10-16,-46000.0,109320000.0,,81097000.0,28223000.0,,0.155,-14909000.0,6583000.0,6583000.0,103611000.0,27411000.0,5.408,0.159,0.0,0.0,0.0,0.0,0.0,5404000.0,0.0,0.0,0.001,46274000.0,51678000.0,0.232,51678000.0,46274000.0,46206000.0,0.045,0.045,0.045,94323000.0,,94323000.0,,,,36000.0,0.0,1.0,118944000.0,0.534,0.0,68000.0,87740000.0,,40178000.0,784000.0,0.0,784000.0,14997000.0,14997000.0,0.0,,3450000.0,0.0,0.0,0.0,-759000.0,-759000.0,-10736000.0,4269000.0,14945000.0,-41000.0,27411000.0,27411000.0,27411000.0,0.0,0.0,0.123,73448000.0,45496000.0,7882000.0,0.022,,,58.681,27090000.0,0.0,2.641,,7.202,31866000.0,89566000.0,222555000.0,222555000.0,0.0,,,,0.208,0.0,73448000.0,1.0,,607019008,607019008.0,0.367,109320000.0,947000.0,18795000.0,2141000.0,0.18,66100000.0
104,FAST,MRT,1994-12-31,1994-12-31,1994-12-31,2021-10-16,,,,,,,,-7679000.0,,,75959000.0,18666000.0,,,,,,,,3619000.0,,0.001,0.001,31391000.0,35010000.0,0.216,35010000.0,31391000.0,31391000.0,0.031,,0.031,,,,,,,3605000.0,0.006,1.0,85927000.0,0.531,,0.0,,,,,,,,,,,1157000.0,0.0,0.0,0.0,-758000.0,-758000.0,-9369000.0,-1681000.0,11284000.0,-11000.0,18666000.0,18666000.0,18666000.0,0.0,0.0,0.115,54963000.0,30964000.0,,0.032,,,41.835,,0.0,1.297,,4.863,,,161886000.0,161886000.0,0.0,,,,0.194,0.0,54963000.0,1.0,,607019008,,0.267,,,12725000.0,,,
