None,ticker,dimension,calendardate,datekey,reportperiod,lastupdated,accoci,assets,assetsavg,assetsc,assetsnc,assetturnover,bvps,capex,cashneq,cashnequsd,cor,consolinc,currentratio,de,debt,debtc,debtnc,debtusd,deferredrev,depamor,deposits,divyield,dps,ebit,ebitda,ebitdamargin,ebitdausd,ebitusd,ebt,eps,epsdil,epsusd,equity,equityavg,equityusd,ev,evebit,evebitda,fcf,fcfps,fxusd,gp,grossmargin,intangibles,intexp,invcap,invcapavg,inventory,investments,investmentsc,investmentsnc,liabilities,liabilitiesc,liabilitiesnc,marketcap,ncf,ncfbus,ncfcommon,ncfdebt,ncfdiv,ncff,ncfi,ncfinv,ncfo,ncfx,netinc,netinccmn,netinccmnusd,netincdis,netincnci,netmargin,opex,opinc,payables,payoutratio,pb,pe,pe1,ppnenet,prefdivis,price,ps,ps1,receivables,retearn,revenue,revenueusd,rnd,roa,roe,roic,ros,sbcomp,sgna,sharefactor,sharesbas,shareswa,shareswadil,sps,tangibles,taxassets,taxexp,taxliabilities,tbvps,workingcapital
0,A,MRY,2020-12-31,2020-10-31,2020-10-31,2021-09-01,-522000000.0,9627000000.0,9532250000.0,3415000000.0,6212000000.0,0.56,15.77,-118000000.0,1441000000.0,1441000000.0,2502000000.0,719000000.0,2.328,0.976,2359000000.0,75000000.0,2284000000.0,2359000000.0,386000000.0,308000000.0,0.0,0.007,0.72,920000000.0,1228000000.0,0.23,1228000000.0,920000000.0,842000000.0,2.33,2.3,2.33,4873000000.0,4867500000.0,4873000000.0,32440330637.0,35.0,26.417,803000000.0,2.599,1.0,2837000000.0,0.531,4433000000.0,78000000.0,4645000000.0,4432000000.0,720000000.0,158000000.0,0.0,158000000.0,4754000000.0,1467000000.0,3287000000.0,31475330637.0,59000000.0,0.0,-409000000.0,-49000000.0,-222000000.0,-717000000.0,-147000000.0,-29000000.0,921000000.0,2000000.0,719000000.0,719000000.0,719000000.0,0.0,0.0,0.135,1991000000.0,846000000.0,354000000.0,0.309,6.459,43.777,43.815,845000000.0,0.0,102.09,5.895,5.909,1038000000.0,81000000.0,5339000000.0,5339000000.0,495000000.0,0.075,0.148,0.208,0.172,83000000.0,1496000000.0,1.0,308309635.0,309000000.0,312000000.0,17.278,5194000000.0,0.0,123000000.0,0.0,16.809,1948000000.0
1,A,MRY,2019-12-31,2019-10-31,2019-10-31,2021-09-01,-514000000.0,9452000000.0,9012750000.0,3189000000.0,6263000000.0,0.573,15.121,-155000000.0,1382000000.0,1382000000.0,2358000000.0,1071000000.0,1.533,0.991,2407000000.0,616000000.0,1791000000.0,2407000000.0,336000000.0,238000000.0,0.0,0.009,0.656,993000000.0,1231000000.0,0.238,1231000000.0,993000000.0,919000000.0,3.41,3.37,3.41,4748000000.0,4914000000.0,4748000000.0,23475176608.0,24.0,19.07,866000000.0,2.758,1.0,2805000000.0,0.543,4700000000.0,74000000.0,3697000000.0,3727750000.0,679000000.0,102000000.0,0.0,102000000.0,4704000000.0,2080000000.0,2624000000.0,23442176608.0,-866000000.0,-1408000000.0,-669000000.0,596000000.0,-206000000.0,-299000000.0,-1590000000.0,-26000000.0,1021000000.0,2000000.0,1071000000.0,1071000000.0,1071000000.0,0.0,0.0,0.207,1864000000.0,941000000.0,354000000.0,0.192,4.937,21.888,22.214,850000000.0,0.0,75.75,4.54,4.607,930000000.0,-18000000.0,5163000000.0,5163000000.0,404000000.0,0.119,0.218,0.266,0.192,72000000.0,1460000000.0,1.0,309467678.0,314000000.0,318000000.0,16.443,4752000000.0,0.0,-152000000.0,0.0,15.134,1109000000.0
2,A,MRY,2018-12-31,2018-10-31,2018-10-31,2021-09-01,-408000000.0,8541000000.0,8593000000.0,3848000000.0,4693000000.0,0.572,14.227,-176000000.0,2247000000.0,2247000000.0,2234000000.0,316000000.0,3.286,0.869,1799000000.0,0.0,1799000000.0,1799000000.0,324000000.0,210000000.0,0.0,0.009,0.596,1021000000.0,1231000000.0,0.251,1231000000.0,1021000000.0,946000000.0,0.98,0.97,0.98,4567000000.0,4566500000.0,4567000000.0,20321078950.0,20.0,16.508,911000000.0,2.838,1.0,2680000000.0,0.545,3464000000.0,75000000.0,3458000000.0,3556250000.0,638000000.0,68000000.0,0.0,68000000.0,3970000000.0,1171000000.0,2799000000.0,20653078950.0,-432000000.0,-516000000.0,-366000000.0,-210000000.0,-191000000.0,-797000000.0,-705000000.0,-13000000.0,1087000000.0,-17000000.0,316000000.0,316000000.0,316000000.0,0.0,0.0,0.064,1776000000.0,904000000.0,340000000.0,0.608,4.522,65.358,66.112,822000000.0,0.0,64.79,4.203,4.232,776000000.0,-336000000.0,4914000000.0,4914000000.0,387000000.0,0.037,0.069,0.287,0.208,70000000.0,1389000000.0,1.0,318769547.0,321000000.0,325000000.0,15.308,5077000000.0,0.0,630000000.0,0.0,15.816,2677000000.0
3,A,MRY,2017-12-31,2017-10-31,2017-10-31,2021-09-01,-346000000.0,8426000000.0,8143750000.0,4169000000.0,4257000000.0,0.549,15.003,-176000000.0,2678000000.0,2678000000.0,2073000000.0,684000000.0,3.301,0.743,2011000000.0,210000000.0,1801000000.0,2011000000.0,291000000.0,212000000.0,0.0,0.008,0.528,882000000.0,1094000000.0,0.245,1094000000.0,882000000.0,803000000.0,2.12,2.1,2.12,4831000000.0,4527000000.0,4831000000.0,21411959044.0,24.0,19.572,713000000.0,2.214,1.0,2399000000.0,0.536,2968000000.0,79000000.0,3528000000.0,3545250000.0,575000000.0,138000000.0,0.0,138000000.0,3591000000.0,1263000000.0,2328000000.0,21893959044.0,391000000.0,-126000000.0,-128000000.0,110000000.0,-170000000.0,-202000000.0,-304000000.0,-2000000.0,889000000.0,8000000.0,684000000.0,684000000.0,684000000.0,0.0,0.0,0.153,1592000000.0,807000000.0,305000000.0,0.249,4.532,32.009,32.09,757000000.0,0.0,68.03,4.896,4.898,724000000.0,-126000000.0,4472000000.0,4472000000.0,341000000.0,0.084,0.151,0.249,0.197,60000000.0,1251000000.0,1.0,321828003.0,322000000.0,326000000.0,13.888,5458000000.0,0.0,119000000.0,0.0,16.95,2906000000.0
4,A,MRY,2016-12-31,2016-10-31,2016-10-31,2021-09-01,-503000000.0,7794000000.0,7617500000.0,3635000000.0,4159000000.0,0.552,13.015,-139000000.0,2289000000.0,2289000000.0,2005000000.0,462000000.0,3.847,0.836,1904000000.0,0.0,1904000000.0,1904000000.0,269000000.0,246000000.0,0.0,0.011,0.46,616000000.0,862000000.0,0.205,862000000.0,616000000.0,544000000.0,1.42,1.4,1.42,4243000000.0,4198250000.0,4243000000.0,13821443775.0,22.0,16.034,654000000.0,2.006,1.0,2197000000.0,0.523,2933000000.0,72000000.0,3531000000.0,3303000000.0,533000000.0,135000000.0,0.0,135000000.0,3548000000.0,945000000.0,2603000000.0,14133443775.0,286000000.0,-261000000.0,-372000000.0,260000000.0,-150000000.0,-268000000.0,-238000000.0,162000000.0,793000000.0,-1000000.0,462000000.0,462000000.0,462000000.0,0.0,0.0,0.11,1582000000.0,615000000.0,257000000.0,0.324,3.331,30.592,30.683,639000000.0,0.0,43.57,3.364,3.38,631000000.0,6089000000.0,4202000000.0,4202000000.0,329000000.0,0.061,0.11,0.186,0.147,58000000.0,1253000000.0,1.0,324384755.0,326000000.0,329000000.0,12.89,4861000000.0,0.0,82000000.0,0.0,14.911,2690000000.0
5,A,MRY,2015-12-31,2015-10-31,2015-10-31,2021-09-01,-391000000.0,7479000000.0,7415250000.0,3686000000.0,3793000000.0,0.545,12.514,-86000000.0,2245000000.0,2245000000.0,1997000000.0,401000000.0,3.777,0.794,1655000000.0,0.0,1655000000.0,1655000000.0,258000000.0,253000000.0,0.0,0.011,0.4,509000000.0,762000000.0,0.189,762000000.0,509000000.0,443000000.0,1.2,1.2,1.2,4167000000.0,4166250000.0,4167000000.0,12093786003.0,24.0,15.871,426000000.0,1.279,1.0,2041000000.0,0.505,2811000000.0,66000000.0,3102000000.0,3133500000.0,541000000.0,86000000.0,0.0,86000000.0,3309000000.0,976000000.0,2333000000.0,12513786003.0,-1025000000.0,-72000000.0,-209000000.0,0.0,-133000000.0,-1089000000.0,-400000000.0,-242000000.0,512000000.0,-48000000.0,401000000.0,401000000.0,401000000.0,37000000.0,0.0,0.099,1519000000.0,522000000.0,279000000.0,0.333,3.003,31.206,31.467,604000000.0,0.0,37.76,3.099,3.114,606000000.0,5581000000.0,4038000000.0,4038000000.0,330000000.0,0.054,0.096,0.162,0.126,54000000.0,1189000000.0,1.0,331403231.0,333000000.0,335000000.0,12.126,4668000000.0,0.0,42000000.0,0.0,14.018,2710000000.0
6,A,MRY,2014-12-31,2014-10-31,2014-10-31,2021-09-01,-334000000.0,10815000000.0,10714750000.0,5509000000.0,5306000000.0,0.378,15.919,-191000000.0,2218000000.0,2218000000.0,2072000000.0,549000000.0,3.256,1.04,1663000000.0,0.0,1663000000.0,1663000000.0,260000000.0,384000000.0,0.0,0.01,0.528,656000000.0,1040000000.0,0.257,1040000000.0,656000000.0,546000000.0,1.65,1.62,1.65,5301000000.0,5502000000.0,5301000000.0,18261584157.0,28.0,17.559,540000000.0,1.622,1.0,1976000000.0,0.488,3156000000.0,110000000.0,5412000000.0,5148000000.0,574000000.0,96000000.0,0.0,96000000.0,5511000000.0,1692000000.0,3819000000.0,18436584157.0,353000000.0,-36000000.0,-12000000.0,90000000.0,-176000000.0,-117000000.0,-230000000.0,-3000000.0,731000000.0,-31000000.0,549000000.0,549000000.0,549000000.0,-317000000.0,0.0,0.136,1557000000.0,419000000.0,302000000.0,0.32,3.478,33.582,33.503,631000000.0,0.0,55.28,4.554,4.547,626000000.0,6469000000.0,4048000000.0,4048000000.0,358000000.0,0.051,0.1,0.127,0.162,96000000.0,1199000000.0,1.0,333512738.0,333000000.0,338000000.0,12.156,7659000000.0,0.0,-3000000.0,0.0,23.0,3817000000.0
7,A,MRY,2013-12-31,2013-10-31,2013-10-31,2021-09-01,91000000.0,10686000000.0,10551000000.0,4983000000.0,5703000000.0,0.369,15.501,-193000000.0,2675000000.0,2675000000.0,1987000000.0,734000000.0,3.11,1.021,2699000000.0,0.0,2699000000.0,2699000000.0,439000000.0,372000000.0,0.0,0.009,0.46,909000000.0,1281000000.0,0.329,1281000000.0,909000000.0,802000000.0,2.15,2.13,2.15,5286000000.0,5181500000.0,5286000000.0,17162000956.0,19.0,13.397,959000000.0,2.812,1.0,1907000000.0,0.49,3963000000.0,107000000.0,5145000000.0,4849250000.0,1066000000.0,139000000.0,0.0,139000000.0,5397000000.0,1602000000.0,3795000000.0,16791000956.0,324000000.0,-42000000.0,-739000000.0,342000000.0,-156000000.0,-554000000.0,-248000000.0,-13000000.0,1152000000.0,-26000000.0,734000000.0,734000000.0,734000000.0,-509000000.0,0.0,0.188,1521000000.0,386000000.0,432000000.0,0.214,3.177,22.876,23.609,1134000000.0,0.0,50.76,4.312,4.445,899000000.0,6073000000.0,3894000000.0,3894000000.0,337000000.0,0.07,0.142,0.187,0.233,83000000.0,1184000000.0,1.0,330791981.0,341000000.0,345000000.0,11.419,6723000000.0,0.0,68000000.0,0.0,19.716,3381000000.0
8,A,MRY,2012-12-31,2012-10-31,2012-10-31,2021-09-01,-111000000.0,10536000000.0,9701250000.0,4629000000.0,5907000000.0,0.707,14.891,-194000000.0,2351000000.0,2351000000.0,3254000000.0,1153000000.0,2.445,1.033,2362000000.0,250000000.0,2112000000.0,2362000000.0,420000000.0,301000000.0,0.0,0.008,0.3,1144000000.0,1445000000.0,0.211,1445000000.0,1144000000.0,1043000000.0,3.31,3.27,3.31,5182000000.0,4817500000.0,5182000000.0,12831468609.0,11.0,8.88,1034000000.0,2.971,1.0,3604000000.0,0.526,4111000000.0,101000000.0,4543000000.0,4058750000.0,1014000000.0,109000000.0,0.0,109000000.0,5351000000.0,1893000000.0,3458000000.0,12540468609.0,-1176000000.0,-2257000000.0,-72000000.0,145000000.0,-104000000.0,-37000000.0,-2366000000.0,85000000.0,1228000000.0,-1000000.0,1153000000.0,1153000000.0,1153000000.0,0.0,0.0,0.168,2485000000.0,1119000000.0,461000000.0,0.091,2.42,10.876,10.873,1164000000.0,0.0,35.99,1.829,1.826,923000000.0,5505000000.0,6858000000.0,6858000000.0,668000000.0,0.119,0.239,0.282,0.167,74000000.0,1817000000.0,1.0,348443140.0,348000000.0,353000000.0,19.707,6425000000.0,0.0,-110000000.0,0.0,18.463,2736000000.0
9,A,MRY,2011-12-31,2011-10-31,2011-10-31,2021-09-01,116000000.0,9057000000.0,8625750000.0,5569000000.0,3488000000.0,0.767,12.415,-170000000.0,3527000000.0,3527000000.0,3086000000.0,1012000000.0,3.032,1.101,2185000000.0,253000000.0,1932000000.0,2185000000.0,389000000.0,253000000.0,0.0,0.0,0.0,1118000000.0,1371000000.0,0.207,1371000000.0,1118000000.0,1032000000.0,2.92,2.85,2.92,4308000000.0,3946250000.0,4308000000.0,11938235436.0,11.0,8.708,1090000000.0,3.141,1.0,3529000000.0,0.533,1996000000.0,86000000.0,3882000000.0,4135000000.0,898000000.0,117000000.0,0.0,117000000.0,4741000000.0,1837000000.0,2904000000.0,12871235436.0,878000000.0,-97000000.0,-193000000.0,-1500000000.0,0.0,-1693000000.0,1294000000.0,1561000000.0,1260000000.0,17000000.0,1012000000.0,1012000000.0,1012000000.0,0.0,0.0,0.153,2458000000.0,1071000000.0,472000000.0,0.0,2.988,12.719,12.695,1006000000.0,0.0,37.07,1.946,1.945,860000000.0,4456000000.0,6615000000.0,6615000000.0,649000000.0,0.117,0.256,0.27,0.169,72000000.0,1809000000.0,1.0,347214336.0,347000000.0,355000000.0,19.063,7061000000.0,0.0,20000000.0,0.0,20.349,3732000000.0
10,A,MRY,2010-12-31,2010-10-31,2010-10-31,2021-09-01,-88000000.0,9696000000.0,8534250000.0,6169000000.0,3527000000.0,0.638,9.303,-114000000.0,4199000000.0,4199000000.0,2514000000.0,684000000.0,2.001,2.001,3691000000.0,1501000000.0,2190000000.0,3691000000.0,358000000.0,202000000.0,0.0,0.0,0.0,788000000.0,990000000.0,0.182,990000000.0,788000000.0,692000000.0,1.97,1.94,1.97,3228000000.0,2811000000.0,3228000000.0,11852688215.0,15.0,11.972,604000000.0,1.741,1.0,2930000000.0,0.538,1950000000.0,96000000.0,4155000000.0,3571000000.0,716000000.0,142000000.0,0.0,142000000.0,6460000000.0,3083000000.0,3377000000.0,12053688215.0,170000000.0,-1108000000.0,-112000000.0,713000000.0,0.0,601000000.0,-1174000000.0,48000000.0,718000000.0,25000000.0,684000000.0,684000000.0,684000000.0,0.0,0.0,0.126,2364000000.0,566000000.0,499000000.0,0.0,3.734,17.622,17.665,980000000.0,0.0,34.8,2.214,2.218,869000000.0,3444000000.0,5444000000.0,5444000000.0,612000000.0,0.08,0.243,0.221,0.145,66000000.0,1752000000.0,1.0,346370351.0,347000000.0,353000000.0,15.689,7746000000.0,0.0,8000000.0,0.0,22.323,3086000000.0
11,A,MRY,2009-12-31,2009-10-31,2009-10-31,2021-09-01,-185000000.0,7612000000.0,6980750000.0,3961000000.0,3651000000.0,0.642,7.243,-127000000.0,4045000000.0,4045000000.0,2189000000.0,-31000000.0,3.527,2.034,2905000000.0,1000000.0,2904000000.0,2905000000.0,285000000.0,162000000.0,0.0,0.0,0.0,95000000.0,257000000.0,0.057,257000000.0,95000000.0,7000000.0,-0.09,-0.09,-0.09,2506000000.0,2496250000.0,2506000000.0,7644072315.0,80.0,29.743,281000000.0,0.812,1.0,2292000000.0,0.511,822000000.0,88000000.0,4527000000.0,4160250000.0,552000000.0,177000000.0,14000000.0,163000000.0,5098000000.0,1123000000.0,3975000000.0,8538072315.0,1074000000.0,33000000.0,-86000000.0,743000000.0,0.0,657000000.0,-14000000.0,80000000.0,408000000.0,23000000.0,-31000000.0,-31000000.0,-31000000.0,0.0,0.0,-0.007,2245000000.0,47000000.0,307000000.0,0.0,3.407,-275.422,-274.889,845000000.0,0.0,24.74,1.905,1.91,595000000.0,2760000000.0,4481000000.0,4481000000.0,642000000.0,-0.004,-0.012,0.023,0.021,71000000.0,1603000000.0,1.0,345112058.0,346000000.0,346000000.0,12.951,6790000000.0,0.0,38000000.0,0.0,19.624,2838000000.0
12,A,MRY,2008-12-31,2008-10-31,2008-10-31,2021-09-01,-178000000.0,7007000000.0,7420250000.0,3182000000.0,3825000000.0,0.778,7.05,-140000000.0,2987000000.0,2987000000.0,2578000000.0,693000000.0,2.392,1.738,2125000000.0,0.0,2125000000.0,2125000000.0,280000000.0,201000000.0,0.0,0.0,0.0,938000000.0,1139000000.0,0.197,1139000000.0,938000000.0,815000000.0,1.91,1.87,1.91,2559000000.0,3018250000.0,2559000000.0,7026842623.0,7.0,6.169,616000000.0,1.697,1.0,3196000000.0,0.554,874000000.0,123000000.0,3941000000.0,3181000000.0,646000000.0,230000000.0,24000000.0,206000000.0,4448000000.0,1330000000.0,3118000000.0,7933842623.0,-421000000.0,-186000000.0,-790000000.0,16000000.0,0.0,-774000000.0,-399000000.0,-73000000.0,756000000.0,-4000000.0,693000000.0,693000000.0,693000000.0,0.0,0.0,0.12,2401000000.0,795000000.0,308000000.0,0.0,3.1,11.449,11.618,824000000.0,0.0,22.19,1.374,1.395,770000000.0,2791000000.0,5774000000.0,5774000000.0,704000000.0,0.093,0.23,0.295,0.162,82000000.0,1697000000.0,1.0,357541353.0,363000000.0,371000000.0,15.906,6133000000.0,0.0,122000000.0,128000000.0,16.895,1852000000.0
13,A,MRY,2007-12-31,2007-10-31,2007-10-31,2021-09-01,408000000.0,7554000000.0,7263500000.0,3671000000.0,3883000000.0,0.746,8.208,-142000000.0,3441000000.0,3441000000.0,2451000000.0,638000000.0,2.207,1.336,2087000000.0,0.0,2087000000.0,2087000000.0,249000000.0,191000000.0,0.0,0.0,0.0,761000000.0,952000000.0,0.176,952000000.0,761000000.0,670000000.0,1.62,1.57,1.62,3234000000.0,3433500000.0,3234000000.0,12641283335.0,17.0,13.279,827000000.0,2.099,1.0,2969000000.0,0.548,736000000.0,91000000.0,3801000000.0,3287000000.0,643000000.0,194000000.0,0.0,194000000.0,4320000000.0,1663000000.0,2657000000.0,14244283335.0,-436000000.0,-330000000.0,-1569000000.0,589000000.0,0.0,-980000000.0,-456000000.0,16000000.0,969000000.0,31000000.0,638000000.0,638000000.0,638000000.0,0.0,0.0,0.118,2385000000.0,584000000.0,323000000.0,0.0,4.405,22.326,22.747,801000000.0,0.0,36.85,2.628,2.679,735000000.0,2172000000.0,5420000000.0,5420000000.0,685000000.0,0.088,0.186,0.232,0.14,139000000.0,1700000000.0,1.0,386547716.0,394000000.0,406000000.0,13.756,6818000000.0,0.0,32000000.0,522000000.0,17.305,2008000000.0
14,A,MRY,2006-12-31,2006-10-31,2006-10-31,2021-09-01,29000000.0,7369000000.0,7795250000.0,3958000000.0,3411000000.0,0.638,8.464,22000000.0,3868000000.0,3868000000.0,2315000000.0,3307000000.0,2.573,1.02,1500000000.0,0.0,1500000000.0,1500000000.0,225000000.0,170000000.0,0.0,0.0,0.0,3467000000.0,3637000000.0,0.731,3637000000.0,3467000000.0,3398000000.0,7.67,7.5,7.67,3648000000.0,3924000000.0,3648000000.0,12194983899.0,4.0,3.353,656000000.0,1.522,1.0,2658000000.0,0.534,468000000.0,69000000.0,2995000000.0,3905500000.0,627000000.0,0.0,0.0,0.0,3721000000.0,1538000000.0,2183000000.0,14548983899.0,36000000.0,3330000000.0,-3688000000.0,1475000000.0,0.0,-2408000000.0,1796000000.0,-1514000000.0,634000000.0,14000000.0,3307000000.0,3307000000.0,3307000000.0,-1870000000.0,0.0,0.665,2194000000.0,464000000.0,378000000.0,0.0,3.988,4.399,4.641,775000000.0,0.0,35.6,2.926,3.085,692000000.0,1534000000.0,4973000000.0,4973000000.0,655000000.0,0.424,0.843,0.888,0.697,94000000.0,1660000000.0,1.0,408679323.0,431000000.0,441000000.0,11.538,6901000000.0,0.0,91000000.0,390000000.0,16.012,2420000000.0
15,A,MRY,2005-12-31,2005-10-31,2005-10-31,2021-09-01,-49000000.0,6751000000.0,7130250000.0,4447000000.0,2304000000.0,0.657,8.261,-74000000.0,2248000000.0,2248000000.0,2321000000.0,327000000.0,2.297,0.654,0.0,0.0,0.0,0.0,205000000.0,180000000.0,0.0,0.0,0.0,496000000.0,676000000.0,0.144,676000000.0,496000000.0,469000000.0,0.66,0.65,0.66,4081000000.0,3916500000.0,4081000000.0,14186642517.0,29.0,20.986,825000000.0,1.67,1.0,2364000000.0,0.505,345000000.0,27000000.0,2222000000.0,3201750000.0,612000000.0,25000000.0,25000000.0,0.0,2670000000.0,1936000000.0,734000000.0,15818642517.0,-89000000.0,-34000000.0,-92000000.0,-688000000.0,0.0,-780000000.0,-200000000.0,-51000000.0,899000000.0,-8000000.0,327000000.0,327000000.0,327000000.0,-136000000.0,0.0,0.07,2148000000.0,216000000.0,323000000.0,0.0,3.876,48.375,48.5,855000000.0,0.0,32.01,3.376,3.375,678000000.0,-1463000000.0,4685000000.0,4685000000.0,650000000.0,0.046,0.083,0.155,0.106,8000000.0,1498000000.0,1.0,494178148.0,494000000.0,500000000.0,9.484,6406000000.0,0.0,142000000.0,474000000.0,12.968,2511000000.0
16,A,MRY,2004-12-31,2004-10-31,2004-10-31,2021-09-01,159000000.0,7144000000.0,6736000000.0,4663000000.0,2481000000.0,0.676,7.389,-45000000.0,2315000000.0,2315000000.0,2392000000.0,369000000.0,2.631,1.002,1150000000.0,0.0,1150000000.0,1150000000.0,227000000.0,212000000.0,0.0,0.0,0.0,426000000.0,638000000.0,0.14,638000000.0,426000000.0,426000000.0,0.76,0.75,0.76,3569000000.0,3288500000.0,3569000000.0,11382282576.0,27.0,17.841,625000000.0,1.294,1.0,2164000000.0,0.475,345000000.0,0.0,3862000000.0,3749750000.0,809000000.0,0.0,0.0,0.0,3575000000.0,1772000000.0,1803000000.0,12169282576.0,708000000.0,-18000000.0,137000000.0,1000000.0,0.0,138000000.0,-114000000.0,-14000000.0,670000000.0,14000000.0,369000000.0,369000000.0,369000000.0,-310000000.0,0.0,0.081,2101000000.0,63000000.0,306000000.0,0.0,3.41,32.979,32.974,984000000.0,0.0,25.06,2.671,2.657,788000000.0,-1790000000.0,4556000000.0,4556000000.0,599000000.0,0.055,0.112,0.114,0.094,7000000.0,1502000000.0,1.0,485605849.0,483000000.0,490000000.0,9.433,6799000000.0,0.0,57000000.0,338000000.0,14.077,2891000000.0
17,A,MRY,2003-12-31,2003-10-31,2003-10-31,2021-09-01,-6000000.0,6297000000.0,6918500000.0,3889000000.0,2408000000.0,0.646,5.97,-169000000.0,1607000000.0,1607000000.0,2633000000.0,-2058000000.0,2.04,1.23,1150000000.0,0.0,1150000000.0,1150000000.0,262000000.0,279000000.0,0.0,0.0,0.0,-968000000.0,-689000000.0,-0.154,-689000000.0,-968000000.0,-968000000.0,-4.35,-4.35,-4.35,2824000000.0,3523500000.0,2824000000.0,11569651286.0,-12.0,-16.792,-327000000.0,-0.691,1.0,1835000000.0,0.411,402000000.0,0.0,3532000000.0,4149500000.0,995000000.0,0.0,0.0,0.0,3473000000.0,1906000000.0,1567000000.0,11849651286.0,-237000000.0,0.0,106000000.0,-2000000.0,0.0,104000000.0,-203000000.0,-4000000.0,-158000000.0,20000000.0,-2058000000.0,-2058000000.0,-2058000000.0,13000000.0,0.0,-0.461,2555000000.0,-720000000.0,441000000.0,0.0,4.196,-5.758,-5.729,1447000000.0,0.0,24.92,2.652,2.638,1086000000.0,-2159000000.0,4468000000.0,4468000000.0,771000000.0,-0.297,-0.584,-0.233,-0.217,6000000.0,1784000000.0,1.0,475507676.0,473000000.0,473000000.0,9.446,5895000000.0,0.0,1090000000.0,326000000.0,12.463,1983000000.0
18,A,MRY,2002-12-31,2002-10-31,2002-10-31,2021-09-01,-149000000.0,8203000000.0,8342750000.0,4880000000.0,3323000000.0,0.72,9.951,-324000000.0,1844000000.0,1844000000.0,3866000000.0,-1032000000.0,2.463,0.773,1150000000.0,0.0,1150000000.0,1150000000.0,244000000.0,735000000.0,0.0,0.0,0.0,-1557000000.0,-822000000.0,-0.137,-822000000.0,-1557000000.0,-1557000000.0,-2.22,-2.22,-2.22,4627000000.0,5027250000.0,4627000000.0,5462206400.0,-4.0,-6.645,-915000000.0,-1.968,1.0,2144000000.0,0.357,685000000.0,0.0,4843000000.0,4779750000.0,1184000000.0,0.0,0.0,0.0,3576000000.0,1981000000.0,1595000000.0,6417206400.0,674000000.0,16000000.0,121000000.0,1122000000.0,0.0,1243000000.0,-71000000.0,237000000.0,-591000000.0,6000000.0,-1032000000.0,-1032000000.0,-1032000000.0,10000000.0,0.0,-0.172,3751000000.0,-1607000000.0,451000000.0,0.0,1.387,-6.218,-6.194,1579000000.0,0.0,13.75,1.068,1.064,1118000000.0,-101000000.0,6010000000.0,6010000000.0,1250000000.0,-0.124,-0.205,-0.326,-0.259,0.0,2501000000.0,1.0,466705920.0,465000000.0,465000000.0,12.925,7518000000.0,1097000000.0,-525000000.0,325000000.0,16.168,2899000000.0
19,A,MRY,2001-12-31,2001-10-31,2001-10-31,2021-09-01,0.0,7986000000.0,8724000000.0,4799000000.0,3187000000.0,0.962,12.356,-248000000.0,1170000000.0,1170000000.0,5088000000.0,174000000.0,2.397,0.411,0.0,0.0,0.0,0.0,279000000.0,734000000.0,0.0,0.0,0.0,103000000.0,837000000.0,0.1,837000000.0,103000000.0,103000000.0,0.38,0.38,0.38,5659000000.0,5575750000.0,5659000000.0,10053392871.0,98.0,12.011,-362000000.0,-0.79,1.0,3308000000.0,0.394,1070000000.0,0.0,3744000000.0,4483750000.0,1491000000.0,237000000.0,237000000.0,0.0,2327000000.0,2002000000.0,325000000.0,10258392871.0,174000000.0,-891000000.0,150000000.0,-113000000.0,0.0,37000000.0,-1365000000.0,-242000000.0,-114000000.0,0.0,174000000.0,174000000.0,174000000.0,-652000000.0,0.0,0.021,4086000000.0,-778000000.0,392000000.0,0.0,1.813,58.956,58.605,1848000000.0,0.0,22.27,1.222,1.215,977000000.0,931000000.0,8396000000.0,8396000000.0,1358000000.0,0.02,0.031,0.023,0.012,0.0,2728000000.0,1.0,460637309.0,458000000.0,458000000.0,18.332,6916000000.0,504000000.0,-71000000.0,173000000.0,15.1,2797000000.0
20,A,MRY,2000-12-31,2000-10-31,2000-10-31,2021-09-01,-5000000.0,8330000000.0,7646250000.0,5139000000.0,3191000000.0,1.224,11.726,-470000000.0,996000000.0,996000000.0,4586000000.0,757000000.0,1.93,0.582,110000000.0,110000000.0,0.0,110000000.0,322000000.0,460000000.0,0.0,0.0,0.0,1103000000.0,1563000000.0,0.167,1563000000.0,1103000000.0,1103000000.0,1.68,1.66,1.68,5265000000.0,4823750000.0,5265000000.0,20405105153.0,18.0,13.055,66000000.0,0.147,1.0,4775000000.0,0.51,467000000.0,0.0,4314000000.0,4412250000.0,1610000000.0,597000000.0,0.0,597000000.0,3065000000.0,2663000000.0,402000000.0,20979105153.0,996000000.0,-634000000.0,2152000000.0,110000000.0,0.0,1275000000.0,-1062000000.0,28000000.0,536000000.0,0.0,757000000.0,757000000.0,757000000.0,-85000000.0,0.0,0.081,3851000000.0,924000000.0,857000000.0,0.0,3.985,27.713,27.565,1685000000.0,0.0,46.31,2.241,2.221,1938000000.0,757000000.0,9361000000.0,9361000000.0,1065000000.0,0.099,0.157,0.25,0.118,0.0,2786000000.0,1.0,453014579.0,449000000.0,455000000.0,20.849,7863000000.0,0.0,346000000.0,0.0,17.512,2476000000.0
21,A,MRY,1999-12-31,1999-10-31,1999-10-31,2021-09-01,0.0,5444000000.0,5215500000.0,3538000000.0,1906000000.0,1.31,8.9,-429000000.0,0.0,0.0,3627000000.0,512000000.0,2.105,0.61,0.0,0.0,0.0,0.0,241000000.0,440000000.0,0.0,,0.0,669000000.0,1109000000.0,0.162,1109000000.0,669000000.0,669000000.0,1.35,1.35,1.35,3382000000.0,3202000000.0,3382000000.0,,,,-88000000.0,-0.232,1.0,3203000000.0,0.469,142000000.0,0.0,3621000000.0,3504500000.0,1499000000.0,0.0,0.0,0.0,2062000000.0,1681000000.0,381000000.0,,0.0,16000000.0,0.0,0.0,0.0,-152000000.0,-336000000.0,0.0,341000000.0,0.0,512000000.0,512000000.0,512000000.0,-206000000.0,0.0,0.075,2781000000.0,422000000.0,510000000.0,0.0,,,,1387000000.0,0.0,,,,1635000000.0,,6830000000.0,6830000000.0,879000000.0,0.098,0.16,0.191,0.098,0.0,1902000000.0,1.0,445000000.0,380000000.0,380000000.0,17.974,5302000000.0,0.0,157000000.0,0.0,13.953,1857000000.0
22,A,MRY,1998-12-31,1998-10-31,1998-10-31,2021-09-01,0.0,4987000000.0,,3075000000.0,1912000000.0,,7.953,-332000000.0,0.0,0.0,4512000000.0,257000000.0,1.923,0.65,0.0,0.0,0.0,0.0,205000000.0,477000000.0,0.0,,0.0,396000000.0,873000000.0,0.11,873000000.0,396000000.0,396000000.0,0.68,0.68,0.68,3022000000.0,,3022000000.0,,,,419000000.0,1.103,1.0,3440000000.0,0.433,0.0,0.0,3388000000.0,,1485000000.0,0.0,0.0,0.0,1965000000.0,1599000000.0,366000000.0,,0.0,55000000.0,0.0,0.0,0.0,-479000000.0,-272000000.0,0.0,751000000.0,,257000000.0,257000000.0,257000000.0,0.0,0.0,0.032,2998000000.0,442000000.0,435000000.0,0.0,,,,1481000000.0,0.0,,,,1215000000.0,,7952000000.0,7952000000.0,948000000.0,,,,0.05,0.0,2050000000.0,1.0,,380000000.0,380000000.0,20.926,4987000000.0,0.0,139000000.0,0.0,13.124,1476000000.0
23,A,MRY,1997-12-31,1997-10-31,1997-10-31,2021-09-01,,,,,,,,-501000000.0,,,4126000000.0,543000000.0,,,,,,,,409000000.0,,,0.0,823000000.0,1232000000.0,0.158,1232000000.0,823000000.0,823000000.0,1.43,1.43,1.43,,,,,,,464000000.0,1.221,1.0,3659000000.0,0.47,,0.0,,,,,,,,,,,0.0,-9000000.0,0.0,0.0,0.0,-450000000.0,-515000000.0,0.0,965000000.0,,543000000.0,543000000.0,543000000.0,0.0,0.0,0.07,2789000000.0,870000000.0,,0.0,,,,,0.0,,,,,,7785000000.0,7785000000.0,880000000.0,,,,0.106,0.0,1909000000.0,1.0,,380000000.0,380000000.0,20.487,,,280000000.0,,,
24,A,MRY,1996-12-31,1996-10-31,1996-10-31,2021-09-01,,,,,,,,-495000000.0,,,3901000000.0,542000000.0,,,,,,,,401000000.0,,,0.0,854000000.0,1255000000.0,0.17,1255000000.0,854000000.0,854000000.0,1.43,1.43,1.43,,,,,,,386000000.0,1.016,1.0,3478000000.0,0.471,,0.0,,,,,,,,,,,0.0,-6000000.0,0.0,0.0,0.0,-373000000.0,-508000000.0,0.0,881000000.0,,542000000.0,542000000.0,542000000.0,0.0,0.0,0.073,2603000000.0,875000000.0,,0.0,,,,,0.0,,,,,,7379000000.0,7379000000.0,805000000.0,,,,0.116,0.0,1798000000.0,1.0,,380000000.0,380000000.0,19.418,,,312000000.0,,,
0,A,MRQ,2021-06-30,2021-07-31,2021-07-31,2021-09-01,-454000000.0,10491000000.0,,3632000000.0,6859000000.0,,16.323,-54000000.0,1428000000.0,1428000000.0,734000000.0,264000000.0,2.107,1.121,2858000000.0,130000000.0,2728000000.0,2858000000.0,443000000.0,84000000.0,0.0,0.005,0.194,348000000.0,432000000.0,0.272,432000000.0,348000000.0,327000000.0,0.87,0.86,0.87,4946000000.0,,4946000000.0,48048605367.0,38.0,30.276,280000000.0,0.924,1.0,852000000.0,0.537,5008000000.0,21000000.0,5189000000.0,,818000000.0,204000000.0,0.0,204000000.0,5545000000.0,1724000000.0,3821000000.0,46496605367.0,48000000.0,1000000.0,-87000000.0,-75000000.0,-59000000.0,-222000000.0,-61000000.0,-7000000.0,334000000.0,-3000000.0,264000000.0,264000000.0,264000000.0,0.0,0.0,0.166,516000000.0,336000000.0,416000000.0,0.223,9.401,46.966,47.293,905000000.0,0.0,153.23,7.57,7.559,1122000000.0,90000000.0,1586000000.0,1586000000.0,113000000.0,,,,,22000000.0,403000000.0,1.0,303443225.0,303000000.0,306000000.0,5.234,5483000000.0,0.0,63000000.0,0.0,18.096,1908000000.0
1,A,MRQ,2021-03-31,2021-04-30,2021-04-30,2021-09-01,-452000000.0,10398000000.0,,3514000000.0,6884000000.0,,15.822,-31000000.0,1380000000.0,1380000000.0,708000000.0,216000000.0,1.999,1.162,2932000000.0,205000000.0,2727000000.0,2932000000.0,429000000.0,77000000.0,0.0,0.006,0.194,293000000.0,370000000.0,0.243,370000000.0,293000000.0,273000000.0,0.71,0.7,0.71,4810000000.0,,4810000000.0,41889775905.0,36.0,28.496,441000000.0,1.451,1.0,817000000.0,0.536,5059000000.0,20000000.0,5133000000.0,,791000000.0,188000000.0,0.0,188000000.0,5588000000.0,1758000000.0,3830000000.0,40719775905.0,51000000.0,-547000000.0,-194000000.0,420000000.0,-59000000.0,166000000.0,-587000000.0,-9000000.0,472000000.0,0.0,216000000.0,216000000.0,216000000.0,0.0,0.0,0.142,529000000.0,288000000.0,423000000.0,0.273,8.466,44.021,44.399,884000000.0,0.0,133.64,7.0,6.984,1075000000.0,-12000000.0,1525000000.0,1525000000.0,109000000.0,,,,,26000000.0,420000000.0,1.0,304697515.0,304000000.0,307000000.0,5.016,5339000000.0,0.0,57000000.0,0.0,17.562,1756000000.0
2,A,MRQ,2020-12-31,2021-01-31,2021-01-31,2021-09-01,-469000000.0,9674000000.0,,3483000000.0,6191000000.0,,15.699,-41000000.0,1329000000.0,1329000000.0,710000000.0,288000000.0,2.065,1.014,2499000000.0,314000000.0,2185000000.0,2499000000.0,419000000.0,76000000.0,0.0,0.006,0.194,331000000.0,407000000.0,0.263,407000000.0,331000000.0,312000000.0,0.94,0.93,0.94,4804000000.0,,4804000000.0,37792107539.0,37.0,28.696,197000000.0,0.644,1.0,838000000.0,0.541,4405000000.0,19000000.0,4752000000.0,,755000000.0,165000000.0,0.0,165000000.0,4870000000.0,1687000000.0,3183000000.0,36874107539.0,-111000000.0,0.0,-319000000.0,134000000.0,-59000000.0,-316000000.0,-42000000.0,-1000000.0,238000000.0,9000000.0,288000000.0,288000000.0,288000000.0,0.0,0.0,0.186,510000000.0,328000000.0,398000000.0,0.206,7.676,45.524,45.692,866000000.0,0.0,120.17,6.668,6.65,1087000000.0,4000000.0,1548000000.0,1548000000.0,103000000.0,,,,,40000000.0,407000000.0,1.0,306849526.0,306000000.0,309000000.0,5.059,5269000000.0,0.0,24000000.0,0.0,17.219,1796000000.0
3,A,MRQ,2020-09-30,2020-10-31,2020-10-31,2021-09-01,-522000000.0,9627000000.0,,3415000000.0,6212000000.0,,15.77,-27000000.0,1441000000.0,1441000000.0,695000000.0,222000000.0,2.328,0.976,2359000000.0,75000000.0,2284000000.0,2359000000.0,386000000.0,76000000.0,0.0,0.007,0.18,302000000.0,378000000.0,0.255,378000000.0,302000000.0,283000000.0,0.72,0.71,0.72,4873000000.0,,4873000000.0,32440330637.0,35.0,26.417,350000000.0,1.133,1.0,788000000.0,0.531,4433000000.0,19000000.0,4645000000.0,,720000000.0,158000000.0,0.0,158000000.0,4754000000.0,1467000000.0,3287000000.0,31475330637.0,83000000.0,0.0,-246000000.0,35000000.0,-55000000.0,-269000000.0,-27000000.0,0.0,377000000.0,2000000.0,222000000.0,222000000.0,222000000.0,0.0,0.0,0.15,489000000.0,299000000.0,354000000.0,0.25,6.459,43.777,43.815,845000000.0,0.0,102.09,5.895,5.909,1038000000.0,81000000.0,1483000000.0,1483000000.0,102000000.0,,,,,20000000.0,387000000.0,1.0,308309635.0,309000000.0,312000000.0,4.799,5194000000.0,0.0,61000000.0,0.0,16.809,1948000000.0
4,A,MRQ,2020-06-30,2020-07-31,2020-07-31,2021-09-01,-476000000.0,9546000000.0,,3245000000.0,6301000000.0,,16.12,-24000000.0,1358000000.0,1358000000.0,592000000.0,199000000.0,2.47,0.916,2323000000.0,40000000.0,2283000000.0,2323000000.0,397000000.0,77000000.0,0.0,0.007,0.18,238000000.0,315000000.0,0.25,315000000.0,238000000.0,219000000.0,0.64,0.64,0.64,4981000000.0,,4981000000.0,30908526557.0,36.0,26.238,266000000.0,0.861,1.0,669000000.0,0.531,4482000000.0,19000000.0,4715000000.0,,746000000.0,148000000.0,0.0,148000000.0,4565000000.0,1314000000.0,3251000000.0,29744526557.0,35000000.0,0.0,-9000000.0,-165000000.0,-56000000.0,-231000000.0,-32000000.0,-8000000.0,290000000.0,8000000.0,199000000.0,199000000.0,199000000.0,0.0,0.0,0.158,439000000.0,230000000.0,311000000.0,0.281,5.972,43.046,43.004,846000000.0,0.0,96.33,5.695,5.699,930000000.0,130000000.0,1261000000.0,1261000000.0,92000000.0,,,,,19000000.0,347000000.0,1.0,308777396.0,309000000.0,312000000.0,4.081,5064000000.0,0.0,20000000.0,0.0,16.388,1931000000.0
5,A,MRQ,2020-03-31,2020-04-30,2020-04-30,2021-09-01,-538000000.0,9455000000.0,,3171000000.0,6284000000.0,,15.43,-33000000.0,1324000000.0,1324000000.0,581000000.0,101000000.0,1.63,0.983,2488000000.0,700000000.0,1788000000.0,2488000000.0,399000000.0,76000000.0,0.0,0.009,0.18,141000000.0,217000000.0,0.175,217000000.0,141000000.0,121000000.0,0.33,0.32,0.33,4768000000.0,,4768000000.0,24973873181.0,29.0,21.566,280000000.0,0.906,1.0,657000000.0,0.531,4503000000.0,20000000.0,4171000000.0,,750000000.0,141000000.0,0.0,141000000.0,4687000000.0,1945000000.0,2742000000.0,23737873181.0,97000000.0,0.0,-126000000.0,25000000.0,-55000000.0,-156000000.0,-53000000.0,-20000000.0,313000000.0,-7000000.0,101000000.0,101000000.0,101000000.0,0.0,0.0,0.082,555000000.0,102000000.0,333000000.0,0.545,4.979,34.755,34.688,836000000.0,0.0,76.66,4.534,4.524,886000000.0,15000000.0,1238000000.0,1238000000.0,197000000.0,,,,,17000000.0,358000000.0,1.0,309651359.0,309000000.0,312000000.0,4.006,4952000000.0,0.0,20000000.0,0.0,16.026,1226000000.0
6,A,MRQ,2019-12-31,2020-01-31,2020-01-31,2021-09-01,-521000000.0,9501000000.0,,3102000000.0,6399000000.0,,15.639,-34000000.0,1226000000.0,1226000000.0,634000000.0,197000000.0,1.64,0.96,2462000000.0,675000000.0,1787000000.0,2462000000.0,379000000.0,79000000.0,0.0,0.008,0.18,239000000.0,318000000.0,0.234,318000000.0,239000000.0,219000000.0,0.64,0.63,0.64,4848000000.0,,4848000000.0,26633742742.0,28.0,21.671,-93000000.0,-0.3,1.0,723000000.0,0.533,4648000000.0,20000000.0,4197000000.0,,706000000.0,118000000.0,0.0,118000000.0,4653000000.0,1892000000.0,2761000000.0,25608742742.0,-156000000.0,0.0,-28000000.0,56000000.0,-56000000.0,-61000000.0,-35000000.0,-1000000.0,-59000000.0,-1000000.0,197000000.0,197000000.0,197000000.0,0.0,0.0,0.145,508000000.0,215000000.0,329000000.0,0.281,5.282,33.519,33.698,844000000.0,0.0,82.56,4.891,4.888,966000000.0,73000000.0,1357000000.0,1357000000.0,104000000.0,,,,,27000000.0,404000000.0,1.0,310183415.0,310000000.0,313000000.0,4.377,4853000000.0,0.0,22000000.0,0.0,15.655,1210000000.0
7,A,MRQ,2019-09-30,2019-10-31,2019-10-31,2021-09-01,-514000000.0,9452000000.0,,3189000000.0,6263000000.0,,15.416,-30000000.0,1382000000.0,1382000000.0,630000000.0,194000000.0,1.533,0.991,2407000000.0,616000000.0,1791000000.0,2407000000.0,336000000.0,76000000.0,0.0,0.009,0.164,252000000.0,328000000.0,0.24,328000000.0,252000000.0,231000000.0,0.63,0.63,0.63,4748000000.0,,4748000000.0,23475176608.0,24.0,19.07,284000000.0,0.922,1.0,737000000.0,0.539,4700000000.0,21000000.0,3697000000.0,,679000000.0,102000000.0,0.0,102000000.0,4704000000.0,2080000000.0,2624000000.0,23442176608.0,-383000000.0,-1160000000.0,-47000000.0,596000000.0,-51000000.0,497000000.0,-1193000000.0,-3000000.0,314000000.0,-1000000.0,194000000.0,194000000.0,194000000.0,0.0,0.0,0.142,487000000.0,250000000.0,354000000.0,0.26,4.937,21.888,22.214,850000000.0,0.0,75.75,4.54,4.607,930000000.0,-18000000.0,1367000000.0,1367000000.0,102000000.0,,,,,15000000.0,385000000.0,1.0,309467678.0,308000000.0,312000000.0,4.438,4752000000.0,0.0,37000000.0,0.0,15.429,1109000000.0
8,A,MRQ,2019-06-30,2019-07-31,2019-07-31,2021-09-01,-404000000.0,8625000000.0,,3457000000.0,5168000000.0,,15.215,-47000000.0,1765000000.0,1765000000.0,582000000.0,191000000.0,2.131,0.817,1798000000.0,504000000.0,1294000000.0,1798000000.0,344000000.0,55000000.0,0.0,0.009,0.164,240000000.0,295000000.0,0.232,295000000.0,240000000.0,222000000.0,0.61,0.6,0.61,4747000000.0,,4747000000.0,21576098562.0,22.0,17.671,195000000.0,0.625,1.0,692000000.0,0.543,3618000000.0,18000000.0,3418000000.0,,660000000.0,99000000.0,0.0,99000000.0,3878000000.0,1622000000.0,2256000000.0,21933098562.0,-390000000.0,0.0,-530000000.0,0.0,-51000000.0,-582000000.0,-51000000.0,-3000000.0,242000000.0,1000000.0,191000000.0,191000000.0,191000000.0,0.0,0.0,0.15,467000000.0,225000000.0,316000000.0,0.269,4.62,20.46,20.658,839000000.0,0.0,69.41,4.309,4.255,856000000.0,-122000000.0,1274000000.0,1274000000.0,101000000.0,,,,,17000000.0,366000000.0,1.0,315993352.0,312000000.0,316000000.0,4.083,5007000000.0,0.0,31000000.0,0.0,16.048,1835000000.0
9,A,MRQ,2019-03-31,2019-04-30,2019-04-30,2021-09-01,-398000000.0,9022000000.0,,3812000000.0,5210000000.0,,16.167,-39000000.0,2155000000.0,2155000000.0,569000000.0,182000000.0,3.41,0.76,1798000000.0,0.0,1798000000.0,1798000000.0,347000000.0,53000000.0,0.0,0.008,0.164,235000000.0,288000000.0,0.233,288000000.0,235000000.0,218000000.0,0.57,0.57,0.57,5125000000.0,,5125000000.0,24665995716.0,24.0,19.908,213000000.0,0.672,1.0,669000000.0,0.54,3650000000.0,17000000.0,3897000000.0,,657000000.0,96000000.0,0.0,96000000.0,3897000000.0,1118000000.0,2779000000.0,24924995716.0,97000000.0,0.0,-39000000.0,0.0,-52000000.0,-92000000.0,-56000000.0,-17000000.0,252000000.0,-7000000.0,182000000.0,182000000.0,182000000.0,0.0,0.0,0.147,453000000.0,216000000.0,314000000.0,0.288,4.863,22.314,22.493,827000000.0,0.0,78.5,4.966,4.958,819000000.0,178000000.0,1238000000.0,1238000000.0,99000000.0,,,,,16000000.0,354000000.0,1.0,317515869.0,317000000.0,321000000.0,3.905,5372000000.0,0.0,36000000.0,0.0,16.946,2694000000.0
10,A,MRQ,2018-12-31,2019-01-31,2019-01-31,2021-09-01,-381000000.0,8952000000.0,,3712000000.0,5240000000.0,,15.836,-39000000.0,2057000000.0,2057000000.0,577000000.0,504000000.0,3.39,0.778,1798000000.0,0.0,1798000000.0,1798000000.0,346000000.0,54000000.0,0.0,0.008,0.164,266000000.0,320000000.0,0.249,320000000.0,266000000.0,248000000.0,1.58,1.57,1.58,5036000000.0,,5036000000.0,23776438757.0,23.0,19.067,174000000.0,0.547,1.0,707000000.0,0.551,3699000000.0,18000000.0,3899000000.0,,653000000.0,77000000.0,0.0,77000000.0,3916000000.0,1095000000.0,2821000000.0,24224438757.0,-190000000.0,-248000000.0,-53000000.0,0.0,-52000000.0,-122000000.0,-290000000.0,-3000000.0,213000000.0,9000000.0,504000000.0,504000000.0,504000000.0,0.0,0.0,0.393,457000000.0,250000000.0,315000000.0,0.104,4.81,21.25,21.362,829000000.0,0.0,76.05,4.858,4.849,833000000.0,90000000.0,1284000000.0,1284000000.0,102000000.0,,,,,24000000.0,355000000.0,1.0,318533054.0,318000000.0,322000000.0,4.038,5253000000.0,0.0,-256000000.0,0.0,16.519,2617000000.0
11,A,MRQ,2018-09-30,2018-10-31,2018-10-31,2021-09-01,-408000000.0,8541000000.0,,3848000000.0,4693000000.0,,14.362,-35000000.0,2247000000.0,2247000000.0,586000000.0,195000000.0,3.286,0.869,1799000000.0,0.0,1799000000.0,1799000000.0,324000000.0,56000000.0,0.0,0.009,0.149,262000000.0,318000000.0,0.246,318000000.0,262000000.0,244000000.0,0.6,0.6,0.6,4567000000.0,,4567000000.0,20321078950.0,20.0,16.508,337000000.0,1.06,1.0,708000000.0,0.547,3464000000.0,18000000.0,3458000000.0,,638000000.0,68000000.0,0.0,68000000.0,3970000000.0,1171000000.0,2799000000.0,20653078950.0,115000000.0,-79000000.0,-83000000.0,0.0,-47000000.0,-131000000.0,-114000000.0,0.0,372000000.0,-12000000.0,195000000.0,195000000.0,195000000.0,0.0,0.0,0.151,464000000.0,244000000.0,340000000.0,0.248,4.522,65.358,66.112,822000000.0,0.0,64.79,4.203,4.232,776000000.0,-336000000.0,1294000000.0,1294000000.0,104000000.0,,,,,14000000.0,360000000.0,1.0,318769547.0,318000000.0,322000000.0,4.069,5077000000.0,0.0,49000000.0,0.0,15.965,2677000000.0
12,A,MRQ,2018-06-30,2018-07-31,2018-07-31,2021-09-01,-335000000.0,8349000000.0,,3667000000.0,4682000000.0,,14.262,-33000000.0,2131000000.0,2131000000.0,544000000.0,236000000.0,3.616,0.828,1799000000.0,0.0,1799000000.0,1799000000.0,328000000.0,53000000.0,0.0,0.009,0.149,260000000.0,313000000.0,0.26,313000000.0,260000000.0,242000000.0,0.74,0.73,0.74,4564000000.0,,4564000000.0,20233638401.0,20.0,16.708,164000000.0,0.512,1.0,659000000.0,0.548,3448000000.0,18000000.0,3555000000.0,,623000000.0,70000000.0,0.0,70000000.0,3781000000.0,1014000000.0,2767000000.0,21129638401.0,-879000000.0,-430000000.0,-226000000.0,-315000000.0,-48000000.0,-589000000.0,-473000000.0,-10000000.0,197000000.0,-14000000.0,236000000.0,236000000.0,236000000.0,0.0,0.0,0.196,438000000.0,221000000.0,273000000.0,0.201,4.63,70.905,70.255,801000000.0,0.0,66.04,4.394,4.394,733000000.0,-416000000.0,1203000000.0,1203000000.0,97000000.0,,,,,13000000.0,341000000.0,1.0,319952126.0,320000000.0,324000000.0,3.759,4901000000.0,0.0,6000000.0,0.0,15.316,2653000000.0
13,A,MRQ,2018-03-31,2018-04-30,2018-04-30,2021-09-01,-310000000.0,8784000000.0,,4525000000.0,4259000000.0,,14.326,-48000000.0,3011000000.0,3011000000.0,563000000.0,205000000.0,3.315,0.903,2115000000.0,315000000.0,1800000000.0,2115000000.0,333000000.0,50000000.0,0.0,0.009,0.149,246000000.0,296000000.0,0.245,296000000.0,246000000.0,227000000.0,0.64,0.63,0.64,4613000000.0,,4613000000.0,20457610303.0,21.0,17.621,255000000.0,0.792,1.0,643000000.0,0.533,2932000000.0,19000000.0,3591000000.0,,594000000.0,139000000.0,0.0,139000000.0,4167000000.0,1365000000.0,2802000000.0,21199610303.0,122000000.0,-1000000.0,-35000000.0,-30000000.0,-48000000.0,-114000000.0,-51000000.0,-2000000.0,303000000.0,-16000000.0,205000000.0,205000000.0,205000000.0,0.0,0.0,0.17,433000000.0,210000000.0,271000000.0,0.233,4.596,89.45,87.653,798000000.0,0.0,65.74,4.491,4.485,754000000.0,-412000000.0,1206000000.0,1206000000.0,92000000.0,,,,,12000000.0,341000000.0,1.0,322476579.0,322000000.0,326000000.0,3.745,5852000000.0,0.0,22000000.0,0.0,18.174,3160000000.0
14,A,MRQ,2017-12-31,2018-01-31,2018-01-31,2021-09-01,-269000000.0,8698000000.0,,4397000000.0,4301000000.0,,14.0,-60000000.0,2887000000.0,2887000000.0,541000000.0,-320000000.0,3.231,0.923,2145000000.0,345000000.0,1800000000.0,2145000000.0,321000000.0,51000000.0,0.0,0.007,0.149,253000000.0,304000000.0,0.251,304000000.0,253000000.0,233000000.0,-0.99,-0.99,-0.99,4522000000.0,,4522000000.0,23052213723.0,25.0,20.4,155000000.0,0.48,1.0,670000000.0,0.553,2974000000.0,20000000.0,3621000000.0,,608000000.0,140000000.0,0.0,140000000.0,4172000000.0,1361000000.0,2811000000.0,23719213723.0,210000000.0,-6000000.0,-22000000.0,135000000.0,-48000000.0,37000000.0,-67000000.0,-1000000.0,215000000.0,25000000.0,-320000000.0,-320000000.0,-320000000.0,0.0,0.0,-0.264,441000000.0,229000000.0,292000000.0,-0.151,5.245,121.016,118.435,792000000.0,0.0,73.43,5.138,5.138,751000000.0,-529000000.0,1211000000.0,1211000000.0,94000000.0,,,,,31000000.0,347000000.0,1.0,323018027.0,323000000.0,323000000.0,3.749,5724000000.0,0.0,553000000.0,0.0,17.721,3036000000.0
15,A,MRQ,2017-09-30,2017-10-31,2017-10-31,2021-09-01,-346000000.0,8426000000.0,,4169000000.0,4257000000.0,,15.003,-58000000.0,2678000000.0,2678000000.0,552000000.0,177000000.0,3.301,0.743,2011000000.0,210000000.0,1801000000.0,2011000000.0,291000000.0,52000000.0,0.0,0.008,0.132,246000000.0,298000000.0,0.251,298000000.0,246000000.0,226000000.0,0.55,0.54,0.55,4831000000.0,,4831000000.0,21411959044.0,24.0,19.572,230000000.0,0.714,1.0,637000000.0,0.536,2968000000.0,20000000.0,3528000000.0,,575000000.0,138000000.0,0.0,138000000.0,3591000000.0,1263000000.0,2328000000.0,21893959044.0,391000000.0,0.0,8000000.0,-70000000.0,-43000000.0,-106000000.0,-59000000.0,-1000000.0,288000000.0,-6000000.0,177000000.0,177000000.0,177000000.0,0.0,0.0,0.149,438000000.0,199000000.0,305000000.0,0.24,4.532,32.009,32.09,757000000.0,0.0,68.03,4.896,4.898,724000000.0,-126000000.0,1189000000.0,1189000000.0,91000000.0,,,,,12000000.0,347000000.0,1.0,321828003.0,322000000.0,329000000.0,3.693,5458000000.0,0.0,49000000.0,0.0,16.95,2906000000.0
16,A,MRQ,2017-06-30,2017-07-31,2017-07-31,2021-09-01,-417000000.0,8261000000.0,,3996000000.0,4265000000.0,,14.355,-43000000.0,2563000000.0,2563000000.0,518000000.0,175000000.0,3.22,0.792,2081000000.0,280000000.0,1801000000.0,2081000000.0,301000000.0,51000000.0,0.0,0.009,0.132,212000000.0,263000000.0,0.236,263000000.0,212000000.0,193000000.0,0.55,0.54,0.55,4608000000.0,,4608000000.0,18866765717.0,23.0,18.461,185000000.0,0.576,1.0,596000000.0,0.535,2987000000.0,19000000.0,3551000000.0,,566000000.0,137000000.0,0.0,137000000.0,3650000000.0,1241000000.0,2409000000.0,19212765717.0,0.0,-57000000.0,32000000.0,39000000.0,-42000000.0,29000000.0,-101000000.0,-1000000.0,228000000.0,18000000.0,175000000.0,175000000.0,175000000.0,0.0,0.0,0.157,395000000.0,201000000.0,289000000.0,0.24,4.169,30.352,30.35,716000000.0,0.0,59.79,4.373,4.368,678000000.0,-260000000.0,1114000000.0,1114000000.0,87000000.0,,,,,13000000.0,308000000.0,1.0,321337443.0,321000000.0,326000000.0,3.47,5274000000.0,0.0,18000000.0,0.0,16.43,2755000000.0
17,A,MRQ,2017-03-31,2017-04-30,2017-04-30,2021-09-01,-477000000.0,8016000000.0,,3800000000.0,4216000000.0,,13.62,-43000000.0,2389000000.0,2389000000.0,510000000.0,164000000.0,3.201,0.833,2043000000.0,241000000.0,1802000000.0,2043000000.0,301000000.0,54000000.0,0.0,0.009,0.132,211000000.0,265000000.0,0.24,265000000.0,211000000.0,191000000.0,0.51,0.5,0.51,4372000000.0,,4372000000.0,17493664820.0,23.0,18.035,214000000.0,0.667,1.0,592000000.0,0.537,2941000000.0,20000000.0,3542000000.0,,548000000.0,134000000.0,0.0,134000000.0,3641000000.0,1187000000.0,2454000000.0,17742664820.0,48000000.0,0.0,-75000000.0,52000000.0,-43000000.0,-67000000.0,-43000000.0,0.0,257000000.0,1000000.0,164000000.0,164000000.0,164000000.0,0.0,0.0,0.149,391000000.0,201000000.0,265000000.0,0.259,4.058,30.486,30.583,675000000.0,0.0,55.05,4.103,4.087,677000000.0,-393000000.0,1102000000.0,1102000000.0,84000000.0,,,,,15000000.0,307000000.0,1.0,322300905.0,321000000.0,325000000.0,3.433,5075000000.0,0.0,27000000.0,0.0,15.81,2613000000.0
18,A,MRQ,2016-12-31,2017-01-31,2017-01-31,2021-09-01,-489000000.0,7872000000.0,,3635000000.0,4237000000.0,,13.345,-32000000.0,2241000000.0,2241000000.0,493000000.0,168000000.0,3.338,0.831,1992000000.0,190000000.0,1802000000.0,1992000000.0,299000000.0,55000000.0,0.0,0.01,0.132,213000000.0,268000000.0,0.251,268000000.0,213000000.0,193000000.0,0.52,0.52,0.52,4297000000.0,,4297000000.0,15378993733.0,23.0,17.012,84000000.0,0.261,1.0,574000000.0,0.538,2974000000.0,20000000.0,3560000000.0,,551000000.0,133000000.0,0.0,133000000.0,3572000000.0,1089000000.0,2483000000.0,15755993733.0,-48000000.0,-69000000.0,-93000000.0,89000000.0,-42000000.0,-58000000.0,-101000000.0,0.0,116000000.0,-5000000.0,168000000.0,168000000.0,168000000.0,0.0,0.0,0.157,368000000.0,206000000.0,268000000.0,0.254,3.667,30.955,31.191,653000000.0,0.0,48.97,3.715,3.718,653000000.0,-453000000.0,1067000000.0,1067000000.0,79000000.0,,,,,20000000.0,289000000.0,1.0,321747881.0,322000000.0,326000000.0,3.314,4898000000.0,0.0,25000000.0,0.0,15.211,2546000000.0
19,A,MRQ,2016-09-30,2016-10-31,2016-10-31,2021-09-01,-503000000.0,7794000000.0,,3635000000.0,4159000000.0,,13.015,-52000000.0,2289000000.0,2289000000.0,523000000.0,126000000.0,3.847,0.836,1904000000.0,0.0,1904000000.0,1904000000.0,269000000.0,56000000.0,0.0,0.011,0.115,170000000.0,226000000.0,0.203,226000000.0,170000000.0,151000000.0,0.39,0.38,0.39,4243000000.0,,4243000000.0,13821443775.0,22.0,16.034,182000000.0,0.558,1.0,588000000.0,0.529,2933000000.0,19000000.0,3531000000.0,,533000000.0,135000000.0,0.0,135000000.0,3548000000.0,945000000.0,2603000000.0,14133443775.0,41000000.0,-26000000.0,-43000000.0,25000000.0,-38000000.0,-56000000.0,-78000000.0,245000000.0,234000000.0,-10000000.0,126000000.0,126000000.0,126000000.0,0.0,0.0,0.113,405000000.0,183000000.0,257000000.0,0.295,3.331,30.592,30.683,639000000.0,0.0,43.57,3.364,3.38,631000000.0,6089000000.0,1111000000.0,1111000000.0,84000000.0,,,,,11000000.0,321000000.0,1.0,324384755.0,326000000.0,329000000.0,3.408,4861000000.0,0.0,25000000.0,0.0,14.911,2690000000.0
20,A,MRQ,2016-06-30,2016-07-31,2016-07-31,2021-09-01,-345000000.0,7734000000.0,,3530000000.0,4204000000.0,,13.363,-24000000.0,2199000000.0,2199000000.0,502000000.0,124000000.0,3.067,0.78,1887000000.0,235000000.0,1652000000.0,1887000000.0,279000000.0,60000000.0,0.0,0.009,0.115,151000000.0,211000000.0,0.202,211000000.0,151000000.0,134000000.0,0.38,0.38,0.38,4343000000.0,,4343000000.0,15410848987.0,25.0,18.024,170000000.0,0.523,1.0,542000000.0,0.519,2967000000.0,17000000.0,3304000000.0,,543000000.0,155000000.0,0.0,155000000.0,3388000000.0,1151000000.0,2237000000.0,15660848987.0,0.0,0.0,-67000000.0,0.0,-37000000.0,-105000000.0,-24000000.0,0.0,194000000.0,-5000000.0,124000000.0,124000000.0,124000000.0,0.0,0.0,0.119,396000000.0,146000000.0,261000000.0,0.303,3.606,32.901,33.179,623000000.0,0.0,48.11,3.796,3.79,590000000.0,6000000000.0,1044000000.0,1044000000.0,86000000.0,,,,,11000000.0,310000000.0,1.0,325521700.0,325000000.0,328000000.0,3.212,4767000000.0,0.0,10000000.0,0.0,14.668,2379000000.0
21,A,MRQ,2016-03-31,2016-04-30,2016-04-30,2021-09-01,-299000000.0,7640000000.0,,3488000000.0,4152000000.0,,12.767,-25000000.0,2139000000.0,2139000000.0,489000000.0,91000000.0,3.079,0.835,1889000000.0,235000000.0,1654000000.0,1889000000.0,279000000.0,64000000.0,0.0,0.011,0.115,135000000.0,199000000.0,0.195,199000000.0,135000000.0,117000000.0,0.28,0.28,0.28,4162000000.0,,4162000000.0,13214351715.0,22.0,15.565,229000000.0,0.702,1.0,530000000.0,0.52,3046000000.0,18000000.0,3211000000.0,,555000000.0,157000000.0,0.0,157000000.0,3475000000.0,1133000000.0,2342000000.0,13412351715.0,0.0,0.0,-86000000.0,155000000.0,-37000000.0,32000000.0,-108000000.0,-83000000.0,254000000.0,30000000.0,91000000.0,91000000.0,91000000.0,0.0,0.0,0.089,399000000.0,131000000.0,220000000.0,0.411,3.223,28.968,29.229,610000000.0,0.0,40.92,3.274,3.257,602000000.0,5720000000.0,1019000000.0,1019000000.0,81000000.0,,,,,13000000.0,318000000.0,1.0,327770081.0,326000000.0,328000000.0,3.126,4594000000.0,0.0,26000000.0,0.0,14.092,2355000000.0
22,A,MRQ,2015-12-31,2016-01-31,2016-01-31,2021-09-01,-438000000.0,7302000000.0,,3399000000.0,3903000000.0,,12.295,-38000000.0,1931000000.0,1931000000.0,491000000.0,121000000.0,3.589,0.804,1733000000.0,80000000.0,1653000000.0,1733000000.0,277000000.0,66000000.0,0.0,0.011,0.115,160000000.0,226000000.0,0.22,226000000.0,160000000.0,142000000.0,0.37,0.36,0.37,4045000000.0,,4045000000.0,11916234008.0,21.0,14.514,73000000.0,0.222,1.0,537000000.0,0.522,2991000000.0,18000000.0,3166000000.0,,554000000.0,76000000.0,0.0,76000000.0,3254000000.0,947000000.0,2307000000.0,12506234008.0,245000000.0,-235000000.0,-176000000.0,80000000.0,-38000000.0,-139000000.0,-28000000.0,0.0,111000000.0,-16000000.0,121000000.0,121000000.0,121000000.0,0.0,0.0,0.118,382000000.0,155000000.0,250000000.0,0.311,3.092,27.247,27.283,594000000.0,0.0,37.65,3.096,3.066,617000000.0,5666000000.0,1028000000.0,1028000000.0,78000000.0,,,,,23000000.0,304000000.0,1.0,332170890.0,329000000.0,332000000.0,3.125,4311000000.0,0.0,21000000.0,0.0,13.103,2452000000.0
23,A,MRQ,2015-09-30,2015-10-31,2015-10-31,2021-09-01,-391000000.0,7479000000.0,,3686000000.0,3793000000.0,,12.627,-26000000.0,2245000000.0,2245000000.0,500000000.0,140000000.0,3.777,0.794,1655000000.0,0.0,1655000000.0,1655000000.0,258000000.0,60000000.0,0.0,0.011,0.1,159000000.0,219000000.0,0.212,219000000.0,159000000.0,143000000.0,0.42,0.42,0.42,4167000000.0,,4167000000.0,12093786003.0,24.0,15.871,215000000.0,0.652,1.0,535000000.0,0.517,2811000000.0,16000000.0,3102000000.0,,541000000.0,86000000.0,0.0,86000000.0,3309000000.0,976000000.0,2333000000.0,12513786003.0,-1026000000.0,-8000000.0,1000000.0,0.0,-33000000.0,-33000000.0,-275000000.0,-240000000.0,241000000.0,-5000000.0,140000000.0,140000000.0,140000000.0,0.0,0.0,0.135,379000000.0,156000000.0,279000000.0,0.238,3.003,31.206,31.467,604000000.0,0.0,37.76,3.099,3.114,606000000.0,5581000000.0,1035000000.0,1035000000.0,82000000.0,,,,,11000000.0,297000000.0,1.0,331403231.0,330000000.0,332000000.0,3.136,4668000000.0,0.0,3000000.0,0.0,14.145,2710000000.0
24,A,MRQ,2015-06-30,2015-07-31,2015-07-31,2021-09-01,-332000000.0,7251000000.0,,3478000000.0,3773000000.0,,12.358,-19000000.0,2075000000.0,2075000000.0,501000000.0,111000000.0,4.077,0.767,1655000000.0,0.0,1655000000.0,1655000000.0,265000000.0,62000000.0,0.0,0.011,0.1,143000000.0,205000000.0,0.202,205000000.0,143000000.0,126000000.0,0.33,0.33,0.33,4103000000.0,,4103000000.0,13103202203.0,32.0,18.799,89000000.0,0.268,1.0,513000000.0,0.506,2850000000.0,17000000.0,3128000000.0,,545000000.0,88000000.0,0.0,88000000.0,3145000000.0,853000000.0,2292000000.0,13644202203.0,0.0,-66000000.0,-82000000.0,0.0,-33000000.0,-127000000.0,-87000000.0,-2000000.0,108000000.0,-16000000.0,111000000.0,111000000.0,111000000.0,2000000.0,0.0,0.109,369000000.0,144000000.0,248000000.0,0.303,3.325,41.472,41.364,587000000.0,0.0,40.95,3.372,3.36,584000000.0,5474000000.0,1014000000.0,1014000000.0,79000000.0,,,,,10000000.0,290000000.0,1.0,333191751.0,332000000.0,334000000.0,3.054,4401000000.0,0.0,15000000.0,0.0,13.256,2625000000.0
25,A,MRQ,2015-03-31,2015-04-30,2015-04-30,2021-09-01,-270000000.0,7412000000.0,,3620000000.0,3792000000.0,,12.449,-9000000.0,2197000000.0,2197000000.0,483000000.0,87000000.0,3.892,0.782,1656000000.0,0.0,1656000000.0,1656000000.0,271000000.0,63000000.0,0.0,0.011,0.1,108000000.0,171000000.0,0.178,171000000.0,108000000.0,91000000.0,0.26,0.26,0.26,4158000000.0,,4158000000.0,13432471987.0,29.0,17.068,174000000.0,0.521,1.0,480000000.0,0.498,2857000000.0,17000000.0,3084000000.0,,556000000.0,91000000.0,0.0,91000000.0,3251000000.0,930000000.0,2321000000.0,13892471987.0,0.0,2000000.0,-130000000.0,0.0,-33000000.0,-101000000.0,-7000000.0,0.0,183000000.0,4000000.0,87000000.0,87000000.0,87000000.0,5000000.0,0.0,0.09,373000000.0,107000000.0,261000000.0,0.385,3.341,38.062,37.609,593000000.0,0.0,41.37,3.438,3.419,576000000.0,5397000000.0,963000000.0,963000000.0,81000000.0,,,,,11000000.0,292000000.0,1.0,335810297.0,334000000.0,337000000.0,2.883,4555000000.0,0.0,4000000.0,0.0,13.638,2690000000.0
26,A,MRQ,2014-12-31,2015-01-31,2015-01-31,2021-09-01,-261000000.0,7519000000.0,,3654000000.0,3865000000.0,,12.61,-32000000.0,2118000000.0,2118000000.0,513000000.0,63000000.0,3.938,0.774,1658000000.0,0.0,1658000000.0,1658000000.0,278000000.0,68000000.0,0.0,0.013,0.1,99000000.0,167000000.0,0.163,167000000.0,99000000.0,83000000.0,0.19,0.19,0.19,4237000000.0,,4237000000.0,12399104462.0,22.0,13.61,-52000000.0,-0.155,1.0,513000000.0,0.5,2911000000.0,16000000.0,3220000000.0,,560000000.0,90000000.0,0.0,90000000.0,3279000000.0,928000000.0,2351000000.0,12665104462.0,1000000.0,0.0,2000000.0,0.0,-34000000.0,-828000000.0,-31000000.0,0.0,-20000000.0,-31000000.0,63000000.0,63000000.0,63000000.0,30000000.0,0.0,0.061,398000000.0,115000000.0,257000000.0,0.526,2.989,30.372,29.976,610000000.0,0.0,37.77,3.115,3.121,615000000.0,5348000000.0,1026000000.0,1026000000.0,88000000.0,,,,,22000000.0,310000000.0,1.0,335321802.0,336000000.0,338000000.0,3.054,4608000000.0,0.0,20000000.0,0.0,13.714,2726000000.0
27,A,MRQ,2014-09-30,2014-10-31,2014-10-31,2021-09-01,-334000000.0,10815000000.0,,5509000000.0,5306000000.0,,15.919,-43000000.0,2218000000.0,2218000000.0,564000000.0,68000000.0,3.256,1.04,1663000000.0,0.0,1663000000.0,1663000000.0,260000000.0,93000000.0,0.0,0.01,0.132,61000000.0,154000000.0,0.148,154000000.0,61000000.0,38000000.0,0.21,0.2,0.21,5301000000.0,,5301000000.0,18261584157.0,28.0,17.559,141000000.0,0.423,1.0,479000000.0,0.459,3156000000.0,23000000.0,5412000000.0,,574000000.0,96000000.0,0.0,96000000.0,5511000000.0,1692000000.0,3819000000.0,18436584157.0,352000000.0,-10000000.0,52000000.0,555000000.0,-44000000.0,541000000.0,-58000000.0,-4000000.0,184000000.0,-30000000.0,68000000.0,68000000.0,68000000.0,-60000000.0,0.0,0.065,409000000.0,70000000.0,302000000.0,0.629,3.478,33.582,33.503,631000000.0,0.0,55.28,4.554,4.547,626000000.0,6469000000.0,1043000000.0,1043000000.0,97000000.0,,,,,22000000.0,312000000.0,1.0,333512738.0,333000000.0,338000000.0,3.132,7659000000.0,0.0,-30000000.0,0.0,23.0,3817000000.0
28,A,MRQ,2014-06-30,2014-07-31,2014-07-31,2021-09-01,53000000.0,10380000000.0,,4834000000.0,5546000000.0,,16.877,-52000000.0,2391000000.0,2391000000.0,507000000.0,147000000.0,3.061,0.841,2216000000.0,35000000.0,2181000000.0,2216000000.0,447000000.0,98000000.0,0.0,0.009,0.132,197000000.0,295000000.0,0.292,295000000.0,197000000.0,169000000.0,0.44,0.43,0.44,5637000000.0,,5637000000.0,18435604330.0,22.0,15.261,-24000000.0,-0.072,1.0,502000000.0,0.498,3770000000.0,28000000.0,4856000000.0,,1099000000.0,164000000.0,0.0,164000000.0,4740000000.0,1579000000.0,3161000000.0,18692604330.0,1000000.0,-24000000.0,-9000000.0,-465000000.0,-44000000.0,-518000000.0,-70000000.0,5000000.0,28000000.0,1000000.0,147000000.0,147000000.0,147000000.0,-84000000.0,0.0,0.146,371000000.0,131000000.0,402000000.0,0.3,3.316,26.628,26.583,1142000000.0,0.0,56.09,10.187,10.209,891000000.0,6487000000.0,1009000000.0,1009000000.0,86000000.0,,,,,19000000.0,285000000.0,1.0,333260908.0,334000000.0,338000000.0,3.021,6610000000.0,0.0,22000000.0,0.0,19.79,3255000000.0
29,A,MRQ,2014-03-31,2014-04-30,2014-04-30,2021-09-01,132000000.0,11026000000.0,,5377000000.0,5649000000.0,,16.895,-51000000.0,2950000000.0,2950000000.0,503000000.0,139000000.0,3.128,0.959,2693000000.0,0.0,2693000000.0,2693000000.0,470000000.0,97000000.0,0.0,0.009,0.132,198000000.0,295000000.0,0.299,295000000.0,198000000.0,168000000.0,0.42,0.41,0.42,5626000000.0,,5626000000.0,17971045117.0,21.0,14.458,274000000.0,0.823,1.0,485000000.0,0.491,3892000000.0,30000000.0,5158000000.0,,1100000000.0,133000000.0,0.0,133000000.0,5397000000.0,1719000000.0,3678000000.0,18018045117.0,0.0,0.0,-28000000.0,0.0,-44000000.0,-72000000.0,-55000000.0,-4000000.0,325000000.0,10000000.0,139000000.0,139000000.0,139000000.0,-99000000.0,0.0,0.141,391000000.0,94000000.0,481000000.0,0.314,3.203,24.921,24.903,1139000000.0,0.0,54.04,7.271,7.262,903000000.0,6384000000.0,988000000.0,988000000.0,87000000.0,,,,,22000000.0,304000000.0,1.0,333420524.0,333000000.0,337000000.0,2.967,7134000000.0,0.0,29000000.0,0.0,21.423,3658000000.0
30,A,MRQ,2013-12-31,2014-01-31,2014-01-31,2021-09-01,36000000.0,10638000000.0,,5073000000.0,5565000000.0,,16.348,-45000000.0,2742000000.0,2742000000.0,498000000.0,195000000.0,3.275,0.954,2695000000.0,0.0,2695000000.0,2695000000.0,459000000.0,96000000.0,0.0,0.008,0.132,200000000.0,296000000.0,0.294,296000000.0,200000000.0,171000000.0,0.59,0.58,0.59,5444000000.0,,5444000000.0,19318664275.0,22.0,15.296,149000000.0,0.447,1.0,510000000.0,0.506,3876000000.0,29000000.0,5166000000.0,,1088000000.0,129000000.0,0.0,129000000.0,5191000000.0,1549000000.0,3642000000.0,19294664275.0,0.0,-2000000.0,-27000000.0,0.0,-44000000.0,-68000000.0,-47000000.0,0.0,194000000.0,-12000000.0,195000000.0,195000000.0,195000000.0,-74000000.0,0.0,0.193,386000000.0,124000000.0,430000000.0,0.224,3.544,25.726,26.076,1129000000.0,0.0,58.15,5.988,6.01,849000000.0,6289000000.0,1008000000.0,1008000000.0,88000000.0,,,,,33000000.0,298000000.0,1.0,331808500.0,333000000.0,338000000.0,3.027,6762000000.0,0.0,-24000000.0,0.0,20.306,3524000000.0
31,A,MRQ,2013-09-30,2013-10-31,2013-10-31,2021-09-01,91000000.0,10686000000.0,,4983000000.0,5703000000.0,,15.922,-32000000.0,2675000000.0,2675000000.0,-450000000.0,221000000.0,3.11,1.021,2699000000.0,0.0,2699000000.0,2699000000.0,439000000.0,95000000.0,0.0,0.009,0.12,227000000.0,322000000.0,-0.275,322000000.0,227000000.0,197000000.0,0.66,0.66,0.66,5286000000.0,,5286000000.0,17162000956.0,19.0,13.397,345000000.0,1.039,1.0,-720000000.0,0.615,3963000000.0,30000000.0,5145000000.0,,1066000000.0,139000000.0,0.0,139000000.0,5397000000.0,1602000000.0,3795000000.0,16791000956.0,324000000.0,-10000000.0,45000000.0,0.0,-39000000.0,6000000.0,-51000000.0,-9000000.0,377000000.0,13000000.0,221000000.0,221000000.0,221000000.0,-509000000.0,0.0,-0.189,-440000000.0,-280000000.0,432000000.0,0.182,3.177,22.876,23.609,1134000000.0,0.0,50.76,4.312,4.445,899000000.0,6073000000.0,-1170000000.0,-1170000000.0,-194000000.0,,,,,19000000.0,-246000000.0,1.0,330791981.0,332000000.0,336000000.0,-3.524,6723000000.0,0.0,-24000000.0,0.0,20.25,3381000000.0
32,A,MRQ,2013-06-30,2013-07-31,2013-07-31,2021-09-01,-173000000.0,10278000000.0,,4584000000.0,5694000000.0,,14.121,-53000000.0,2330000000.0,2330000000.0,796000000.0,168000000.0,2.957,1.146,2701000000.0,0.0,2701000000.0,2701000000.0,463000000.0,91000000.0,0.0,0.01,0.12,239000000.0,330000000.0,0.2,330000000.0,239000000.0,212000000.0,0.5,0.49,0.5,4787000000.0,,4787000000.0,15245412777.0,16.0,11.42,162000000.0,0.478,1.0,856000000.0,0.518,3940000000.0,27000000.0,5159000000.0,,1054000000.0,124000000.0,0.0,124000000.0,5488000000.0,1550000000.0,3938000000.0,15408412777.0,-168000000.0,-1000000.0,-633000000.0,342000000.0,-41000000.0,-332000000.0,-54000000.0,0.0,215000000.0,-18000000.0,168000000.0,168000000.0,168000000.0,0.0,0.0,0.102,620000000.0,236000000.0,407000000.0,0.24,3.219,16.427,16.445,1139000000.0,0.0,44.73,2.256,2.22,875000000.0,5901000000.0,1652000000.0,1652000000.0,171000000.0,,,,,17000000.0,449000000.0,1.0,344476029.0,339000000.0,343000000.0,4.873,6338000000.0,0.0,44000000.0,0.0,18.696,3034000000.0
33,A,MRQ,2013-03-31,2013-04-30,2013-04-30,2021-09-01,-145000000.0,10587000000.0,,4818000000.0,5769000000.0,,15.377,-50000000.0,2519000000.0,2519000000.0,841000000.0,166000000.0,2.525,0.995,2356000000.0,250000000.0,2106000000.0,2356000000.0,459000000.0,92000000.0,0.0,0.01,0.12,223000000.0,315000000.0,0.182,315000000.0,223000000.0,198000000.0,0.48,0.48,0.48,5305000000.0,,5305000000.0,14297280605.0,14.0,10.583,265000000.0,0.768,1.0,891000000.0,0.514,4001000000.0,25000000.0,4515000000.0,,1042000000.0,120000000.0,0.0,120000000.0,5279000000.0,1908000000.0,3371000000.0,14386280605.0,69000000.0,-21000000.0,-124000000.0,0.0,-41000000.0,-165000000.0,-71000000.0,0.0,315000000.0,-10000000.0,166000000.0,166000000.0,166000000.0,0.0,0.0,0.096,678000000.0,213000000.0,448000000.0,0.25,2.712,14.202,14.192,1147000000.0,0.0,41.44,2.084,2.071,916000000.0,5774000000.0,1732000000.0,1732000000.0,181000000.0,,,,,18000000.0,497000000.0,1.0,347159281.0,345000000.0,349000000.0,5.02,6586000000.0,0.0,32000000.0,0.0,19.09,2910000000.0
34,A,MRQ,2012-12-31,2013-01-31,2013-01-31,2021-09-01,-41000000.0,10653000000.0,,4712000000.0,5941000000.0,,15.412,-58000000.0,2450000000.0,2450000000.0,800000000.0,179000000.0,2.553,0.991,2361000000.0,250000000.0,2111000000.0,2361000000.0,465000000.0,94000000.0,0.0,0.009,0.1,220000000.0,314000000.0,0.187,314000000.0,220000000.0,195000000.0,0.52,0.51,0.52,5348000000.0,,5348000000.0,15591508880.0,14.0,11.019,187000000.0,0.539,1.0,880000000.0,0.524,4140000000.0,25000000.0,4578000000.0,,1040000000.0,128000000.0,0.0,128000000.0,5302000000.0,1846000000.0,3456000000.0,15580508880.0,99000000.0,-10000000.0,-27000000.0,0.0,-35000000.0,-63000000.0,-72000000.0,-4000000.0,245000000.0,-11000000.0,179000000.0,179000000.0,179000000.0,0.0,0.0,0.107,663000000.0,217000000.0,454000000.0,0.192,2.913,14.138,14.126,1163000000.0,0.0,44.78,2.257,2.251,874000000.0,5607000000.0,1680000000.0,1680000000.0,179000000.0,,,,,29000000.0,484000000.0,1.0,347934544.0,347000000.0,352000000.0,4.841,6513000000.0,0.0,16000000.0,0.0,18.769,2866000000.0
35,A,MRQ,2012-09-30,2012-10-31,2012-10-31,2021-09-01,-111000000.0,10536000000.0,,4629000000.0,5907000000.0,,14.891,-62000000.0,2351000000.0,2351000000.0,845000000.0,425000000.0,2.445,1.033,2362000000.0,250000000.0,2112000000.0,2362000000.0,420000000.0,94000000.0,0.0,0.008,0.1,282000000.0,376000000.0,0.213,376000000.0,282000000.0,256000000.0,1.22,1.21,1.22,5182000000.0,,5182000000.0,12831468609.0,11.0,8.88,423000000.0,1.216,1.0,922000000.0,0.522,4111000000.0,26000000.0,4543000000.0,,1014000000.0,109000000.0,0.0,109000000.0,5351000000.0,1893000000.0,3458000000.0,12540468609.0,428000000.0,-30000000.0,-84000000.0,146000000.0,-34000000.0,28000000.0,-92000000.0,0.0,485000000.0,7000000.0,425000000.0,425000000.0,425000000.0,0.0,0.0,0.241,644000000.0,278000000.0,461000000.0,0.082,2.42,10.876,10.873,1164000000.0,0.0,35.99,1.829,1.826,923000000.0,5505000000.0,1767000000.0,1767000000.0,178000000.0,,,,,15000000.0,466000000.0,1.0,348443140.0,348000000.0,353000000.0,5.078,6425000000.0,0.0,-169000000.0,0.0,18.463,2736000000.0
36,A,MRQ,2012-06-30,2012-07-31,2012-07-31,2021-09-01,-35000000.0,9757000000.0,,4211000000.0,5546000000.0,,13.994,-49000000.0,1923000000.0,1923000000.0,833000000.0,243000000.0,2.015,1.003,2214000000.0,500000000.0,1714000000.0,2214000000.0,435000000.0,84000000.0,0.0,0.005,0.1,262000000.0,346000000.0,0.201,346000000.0,262000000.0,238000000.0,0.7,0.69,0.7,4870000000.0,,4870000000.0,11586808121.0,10.0,8.002,191000000.0,0.549,1.0,890000000.0,0.517,4035000000.0,24000000.0,3923000000.0,,1036000000.0,104000000.0,0.0,104000000.0,4884000000.0,2090000000.0,2794000000.0,13305808121.0,-1973000000.0,-2151000000.0,29000000.0,-1000000.0,-35000000.0,-7000000.0,-2200000000.0,0.0,240000000.0,-6000000.0,243000000.0,243000000.0,243000000.0,0.0,0.0,0.141,620000000.0,270000000.0,492000000.0,0.143,2.732,13.083,13.068,1139000000.0,0.0,38.29,1.951,1.954,950000000.0,5114000000.0,1723000000.0,1723000000.0,162000000.0,,,,,16000000.0,458000000.0,1.0,347500865.0,348000000.0,353000000.0,4.951,5722000000.0,0.0,-5000000.0,0.0,16.443,2121000000.0
37,A,MRQ,2012-03-31,2012-04-30,2012-04-30,2021-09-01,68000000.0,9413000000.0,,6010000000.0,3403000000.0,,13.569,-37000000.0,3896000000.0,3896000000.0,815000000.0,255000000.0,3.275,0.993,2177000000.0,251000000.0,1926000000.0,2177000000.0,423000000.0,61000000.0,0.0,0.002,0.1,318000000.0,379000000.0,0.219,379000000.0,318000000.0,293000000.0,0.73,0.72,0.73,4722000000.0,,4722000000.0,13181832581.0,11.0,8.992,316000000.0,0.908,1.0,918000000.0,0.53,1991000000.0,25000000.0,3868000000.0,,947000000.0,111000000.0,0.0,111000000.0,4688000000.0,1835000000.0,2853000000.0,14662832581.0,234000000.0,-21000000.0,-25000000.0,0.0,-35000000.0,-61000000.0,-56000000.0,2000000.0,353000000.0,-2000000.0,255000000.0,255000000.0,255000000.0,0.0,0.0,0.147,618000000.0,300000000.0,457000000.0,0.137,3.105,13.282,13.264,996000000.0,0.0,42.18,2.16,2.163,909000000.0,4906000000.0,1733000000.0,1733000000.0,166000000.0,,,,,16000000.0,452000000.0,1.0,347625239.0,348000000.0,354000000.0,4.98,7422000000.0,0.0,38000000.0,0.0,21.328,4175000000.0
38,A,MRQ,2011-12-31,2012-01-31,2012-01-31,2021-09-01,87000000.0,9099000000.0,,5715000000.0,3384000000.0,,12.92,-46000000.0,3662000000.0,3662000000.0,761000000.0,230000000.0,3.352,1.023,2181000000.0,252000000.0,1929000000.0,2181000000.0,413000000.0,62000000.0,0.0,0.0,0.0,282000000.0,344000000.0,0.21,344000000.0,282000000.0,256000000.0,0.66,0.65,0.66,4496000000.0,,4496000000.0,13442876097.0,11.0,9.394,104000000.0,0.299,1.0,874000000.0,0.535,2012000000.0,26000000.0,3901000000.0,,937000000.0,110000000.0,0.0,110000000.0,4600000000.0,1705000000.0,2895000000.0,14784876097.0,135000000.0,-55000000.0,8000000.0,0.0,0.0,3000000.0,-18000000.0,83000000.0,150000000.0,0.0,230000000.0,230000000.0,230000000.0,0.0,0.0,0.141,603000000.0,271000000.0,426000000.0,0.0,3.288,14.094,14.017,1007000000.0,0.0,42.47,2.197,2.196,814000000.0,4651000000.0,1635000000.0,1635000000.0,162000000.0,,,,,27000000.0,441000000.0,1.0,348125173.0,348000000.0,352000000.0,4.698,7087000000.0,0.0,26000000.0,0.0,20.365,4010000000.0
39,A,MRQ,2011-09-30,2011-10-31,2011-10-31,2021-09-01,116000000.0,9057000000.0,,5569000000.0,3488000000.0,,12.415,-49000000.0,3527000000.0,3527000000.0,807000000.0,289000000.0,3.032,1.101,2185000000.0,253000000.0,1932000000.0,2185000000.0,389000000.0,63000000.0,0.0,0.0,0.0,316000000.0,379000000.0,0.219,379000000.0,316000000.0,293000000.0,0.84,0.81,0.84,4308000000.0,,4308000000.0,11938235436.0,11.0,8.708,461000000.0,1.329,1.0,921000000.0,0.533,1996000000.0,23000000.0,3882000000.0,,898000000.0,117000000.0,0.0,117000000.0,4741000000.0,1837000000.0,2904000000.0,12871235436.0,-667000000.0,-1000000.0,-30000000.0,0.0,0.0,-30000000.0,-48000000.0,1547000000.0,510000000.0,-6000000.0,289000000.0,289000000.0,289000000.0,0.0,0.0,0.167,608000000.0,313000000.0,472000000.0,0.0,2.988,12.719,12.695,1006000000.0,0.0,37.07,1.946,1.945,860000000.0,4456000000.0,1728000000.0,1728000000.0,163000000.0,,,,,14000000.0,445000000.0,1.0,347214336.0,347000000.0,355000000.0,4.98,7061000000.0,0.0,4000000.0,0.0,20.349,3732000000.0
40,A,MRQ,2011-06-30,2011-07-31,2011-07-31,2021-09-01,271000000.0,8753000000.0,,5223000000.0,3530000000.0,,12.046,-32000000.0,3101000000.0,3101000000.0,799000000.0,330000000.0,3.47,1.086,2168000000.0,0.0,2168000000.0,2168000000.0,424000000.0,63000000.0,0.0,0.0,0.0,301000000.0,364000000.0,0.215,364000000.0,301000000.0,281000000.0,0.95,0.92,0.95,4192000000.0,,4192000000.0,13842583229.0,13.0,10.416,220000000.0,0.632,1.0,892000000.0,0.527,2042000000.0,20000000.0,4273000000.0,,897000000.0,122000000.0,0.0,122000000.0,4553000000.0,1505000000.0,3048000000.0,14673583229.0,0.0,0.0,-97000000.0,0.0,0.0,-97000000.0,-32000000.0,0.0,252000000.0,3000000.0,330000000.0,330000000.0,330000000.0,0.0,0.0,0.195,611000000.0,281000000.0,470000000.0,0.0,3.5,14.457,14.389,1000000000.0,0.0,42.16,2.27,2.27,917000000.0,4167000000.0,1691000000.0,1691000000.0,162000000.0,,,,,14000000.0,449000000.0,1.0,348045143.0,348000000.0,357000000.0,4.859,6711000000.0,0.0,-49000000.0,0.0,19.284,3718000000.0
41,A,MRQ,2011-03-31,2011-04-30,2011-04-30,2021-09-01,278000000.0,8649000000.0,,5096000000.0,3553000000.0,,11.392,-51000000.0,2975000000.0,2975000000.0,777000000.0,200000000.0,3.201,1.186,2144000000.0,0.0,2144000000.0,2144000000.0,429000000.0,64000000.0,0.0,0.0,0.0,280000000.0,344000000.0,0.205,344000000.0,280000000.0,260000000.0,0.58,0.56,0.58,3953000000.0,,3953000000.0,16709047006.0,16.0,13.095,327000000.0,0.942,1.0,900000000.0,0.537,2048000000.0,20000000.0,4178000000.0,,853000000.0,123000000.0,0.0,123000000.0,4688000000.0,1592000000.0,3096000000.0,17225047006.0,12000000.0,-96000000.0,68000000.0,0.0,0.0,68000000.0,-126000000.0,9000000.0,378000000.0,17000000.0,200000000.0,200000000.0,200000000.0,0.0,0.0,0.119,634000000.0,266000000.0,486000000.0,0.0,4.357,19.354,19.42,1004000000.0,0.0,49.91,2.798,2.813,918000000.0,3837000000.0,1677000000.0,1677000000.0,165000000.0,,,,,16000000.0,469000000.0,1.0,345122160.0,347000000.0,355000000.0,4.833,6601000000.0,0.0,60000000.0,0.0,19.023,3504000000.0
42,A,MRQ,2010-12-31,2011-01-31,2011-01-31,2021-09-01,-63000000.0,8044000000.0,,4598000000.0,3446000000.0,,9.602,-38000000.0,2655000000.0,2655000000.0,703000000.0,193000000.0,3.27,1.412,2139000000.0,1000000.0,2138000000.0,2139000000.0,413000000.0,63000000.0,0.0,0.0,0.0,221000000.0,284000000.0,0.187,284000000.0,221000000.0,198000000.0,0.56,0.54,0.56,3332000000.0,,3332000000.0,14026283770.0,16.0,12.424,82000000.0,0.236,1.0,816000000.0,0.537,1915000000.0,23000000.0,4207000000.0,,797000000.0,134000000.0,0.0,134000000.0,4705000000.0,1406000000.0,3299000000.0,14540283770.0,1533000000.0,0.0,-134000000.0,-1500000000.0,0.0,-1634000000.0,1500000000.0,5000000.0,120000000.0,3000000.0,193000000.0,193000000.0,193000000.0,0.0,0.0,0.127,605000000.0,211000000.0,444000000.0,0.0,4.364,18.221,18.187,982000000.0,0.0,41.83,2.529,2.524,854000000.0,3637000000.0,1519000000.0,1519000000.0,159000000.0,,,,,28000000.0,446000000.0,1.0,347604202.0,347000000.0,355000000.0,4.378,6129000000.0,0.0,5000000.0,0.0,17.663,3192000000.0
43,A,MRQ,2010-09-30,2010-10-31,2010-10-31,2021-09-01,-88000000.0,9696000000.0,,6169000000.0,3527000000.0,,9.384,-34000000.0,4199000000.0,4199000000.0,742000000.0,292000000.0,2.001,2.001,3691000000.0,1501000000.0,2190000000.0,3691000000.0,358000000.0,67000000.0,0.0,0.0,0.0,270000000.0,337000000.0,0.214,337000000.0,270000000.0,243000000.0,0.84,0.83,0.84,3228000000.0,,3228000000.0,11852688215.0,15.0,11.972,339000000.0,0.985,1.0,834000000.0,0.529,1950000000.0,27000000.0,4155000000.0,,716000000.0,142000000.0,0.0,142000000.0,6460000000.0,3083000000.0,3377000000.0,12053688215.0,165000000.0,-14000000.0,-17000000.0,0.0,0.0,-17000000.0,-43000000.0,10000000.0,373000000.0,19000000.0,292000000.0,292000000.0,292000000.0,0.0,0.0,0.185,631000000.0,203000000.0,499000000.0,0.0,3.734,17.622,17.665,980000000.0,0.0,34.8,2.214,2.218,869000000.0,3444000000.0,1576000000.0,1576000000.0,159000000.0,,,,,15000000.0,472000000.0,1.0,346370351.0,344000000.0,356000000.0,4.581,7746000000.0,0.0,-49000000.0,0.0,22.517,3086000000.0
44,A,MRQ,2010-06-30,2010-07-31,2010-07-31,2021-09-01,-225000000.0,9100000000.0,,5735000000.0,3365000000.0,,8.075,-27000000.0,3879000000.0,3879000000.0,659000000.0,205000000.0,1.966,2.245,3678000000.0,1501000000.0,2177000000.0,3678000000.0,331000000.0,60000000.0,0.0,0.0,0.0,251000000.0,311000000.0,0.225,311000000.0,251000000.0,227000000.0,0.59,0.58,0.59,2802000000.0,,2802000000.0,8406396993.0,14.0,10.601,63000000.0,0.182,1.0,725000000.0,0.524,1912000000.0,24000000.0,4070000000.0,,688000000.0,136000000.0,0.0,136000000.0,6290000000.0,2917000000.0,3373000000.0,9721396993.0,1000000.0,-1102000000.0,-54000000.0,728000000.0,0.0,674000000.0,-1098000000.0,30000000.0,90000000.0,5000000.0,205000000.0,205000000.0,205000000.0,0.0,0.0,0.148,610000000.0,115000000.0,459000000.0,0.0,3.469,23.313,23.275,957000000.0,0.0,27.93,1.931,1.925,790000000.0,3152000000.0,1384000000.0,1384000000.0,154000000.0,,,,,13000000.0,456000000.0,1.0,348062907.0,347000000.0,352000000.0,3.988,7188000000.0,0.0,22000000.0,0.0,20.715,2818000000.0
45,A,MRQ,2010-03-31,2010-04-30,2010-04-30,2021-09-01,-239000000.0,7767000000.0,,5712000000.0,2055000000.0,,7.54,-28000000.0,4209000000.0,4209000000.0,560000000.0,108000000.0,2.109,1.957,2894000000.0,1501000000.0,1393000000.0,2894000000.0,311000000.0,36000000.0,0.0,0.0,0.0,161000000.0,197000000.0,0.155,197000000.0,161000000.0,139000000.0,0.31,0.31,0.31,2624000000.0,,2624000000.0,11489767469.0,33.0,22.842,197000000.0,0.566,1.0,711000000.0,0.559,770000000.0,22000000.0,2973000000.0,,546000000.0,169000000.0,11000000.0,158000000.0,5135000000.0,2709000000.0,2426000000.0,12623767469.0,2000000.0,20000000.0,-44000000.0,-15000000.0,0.0,-59000000.0,-2000000.0,4000000.0,225000000.0,1000000.0,108000000.0,108000000.0,108000000.0,0.0,0.0,0.085,557000000.0,154000000.0,362000000.0,0.0,4.811,65.408,65.927,831000000.0,0.0,36.26,2.681,2.68,669000000.0,2947000000.0,1271000000.0,1271000000.0,150000000.0,,,,,13000000.0,407000000.0,1.0,348145821.0,348000000.0,354000000.0,3.652,6997000000.0,0.0,31000000.0,0.0,20.106,3003000000.0
46,A,MRQ,2009-12-31,2010-01-31,2010-01-31,2021-09-01,-201000000.0,7574000000.0,,5519000000.0,2055000000.0,,7.443,-25000000.0,4045000000.0,4045000000.0,553000000.0,79000000.0,2.165,1.921,2911000000.0,1501000000.0,1410000000.0,2911000000.0,300000000.0,39000000.0,0.0,0.0,0.0,106000000.0,145000000.0,0.12,145000000.0,106000000.0,83000000.0,0.23,0.22,0.23,2590000000.0,,2590000000.0,8636740722.0,57.0,27.771,5000000.0,0.014,1.0,660000000.0,0.544,805000000.0,23000000.0,3086000000.0,,548000000.0,166000000.0,12000000.0,154000000.0,4976000000.0,2549000000.0,2427000000.0,9777740722.0,2000000.0,-12000000.0,3000000.0,0.0,0.0,3000000.0,-31000000.0,4000000.0,30000000.0,0.0,79000000.0,79000000.0,79000000.0,0.0,0.0,0.065,566000000.0,94000000.0,315000000.0,0.0,3.775,-611.109,-560.6,837000000.0,0.0,28.03,2.159,2.154,628000000.0,2839000000.0,1213000000.0,1213000000.0,149000000.0,,,,,25000000.0,417000000.0,1.0,348831278.0,348000000.0,354000000.0,3.486,6769000000.0,0.0,4000000.0,0.0,19.451,2970000000.0
47,A,MRQ,2009-09-30,2009-10-31,2009-10-31,2021-09-01,-185000000.0,7612000000.0,,3961000000.0,3651000000.0,,7.306,-29000000.0,4045000000.0,4045000000.0,533000000.0,25000000.0,3.527,2.034,2905000000.0,1000000.0,2904000000.0,2905000000.0,285000000.0,40000000.0,0.0,0.0,0.0,100000000.0,140000000.0,0.12,140000000.0,100000000.0,79000000.0,0.07,0.07,0.07,2506000000.0,,2506000000.0,7644072315.0,80.0,29.743,184000000.0,0.536,1.0,634000000.0,0.543,822000000.0,21000000.0,4527000000.0,,552000000.0,177000000.0,14000000.0,163000000.0,5098000000.0,1123000000.0,3975000000.0,8538072315.0,1060000000.0,34000000.0,18000000.0,743000000.0,0.0,761000000.0,20000000.0,29000000.0,213000000.0,6000000.0,25000000.0,25000000.0,25000000.0,0.0,0.0,0.021,563000000.0,71000000.0,307000000.0,0.0,3.407,-275.422,-274.889,845000000.0,0.0,24.74,1.905,1.91,595000000.0,2760000000.0,1167000000.0,1167000000.0,150000000.0,,,,,15000000.0,413000000.0,1.0,345112058.0,343000000.0,343000000.0,3.402,6790000000.0,0.0,54000000.0,0.0,19.796,2838000000.0
48,A,MRQ,2009-06-30,2009-07-31,2009-07-31,2021-09-01,-141000000.0,6573000000.0,,2897000000.0,3676000000.0,,7.214,-30000000.0,3047000000.0,3047000000.0,518000000.0,-19000000.0,2.923,1.641,2153000000.0,0.0,2153000000.0,2153000000.0,286000000.0,41000000.0,0.0,0.0,0.0,-20000000.0,21000000.0,0.02,21000000.0,-20000000.0,-41000000.0,-0.06,-0.06,-0.06,2489000000.0,,2489000000.0,7154678742.0,25.0,15.864,11000000.0,0.032,1.0,539000000.0,0.51,820000000.0,21000000.0,3868000000.0,,571000000.0,173000000.0,20000000.0,153000000.0,4084000000.0,991000000.0,3093000000.0,7972678742.0,4000000.0,1000000.0,26000000.0,0.0,0.0,26000000.0,-6000000.0,19000000.0,41000000.0,18000000.0,-19000000.0,-19000000.0,-19000000.0,0.0,0.0,-0.018,540000000.0,-1000000.0,250000000.0,0.0,3.203,45.558,49.404,839000000.0,0.0,23.22,1.663,1.671,544000000.0,2735000000.0,1057000000.0,1057000000.0,153000000.0,,,,,17000000.0,387000000.0,1.0,343353951.0,345000000.0,345000000.0,3.064,5753000000.0,0.0,-22000000.0,38000000.0,16.675,1906000000.0
49,A,MRQ,2009-03-31,2009-04-30,2009-04-30,2021-09-01,-188000000.0,6576000000.0,,2883000000.0,3693000000.0,,7.032,-34000000.0,2972000000.0,2972000000.0,561000000.0,-101000000.0,2.623,1.718,2154000000.0,0.0,2154000000.0,2154000000.0,292000000.0,40000000.0,0.0,0.0,0.0,-35000000.0,5000000.0,0.005,5000000.0,-35000000.0,-58000000.0,-0.29,-0.29,-0.29,2419000000.0,,2419000000.0,5568380330.0,10.0,7.597,103000000.0,0.299,1.0,530000000.0,0.486,837000000.0,23000000.0,3822000000.0,,608000000.0,179000000.0,12000000.0,167000000.0,4157000000.0,1099000000.0,3058000000.0,6304380330.0,6000000.0,-1000000.0,-31000000.0,-50000000.0,0.0,-81000000.0,-17000000.0,12000000.0,137000000.0,-1000000.0,-101000000.0,-101000000.0,-101000000.0,0.0,0.0,-0.093,577000000.0,-47000000.0,252000000.0,0.0,2.606,17.367,18.26,821000000.0,0.0,18.26,1.217,1.212,569000000.0,2754000000.0,1091000000.0,1091000000.0,170000000.0,,,,,18000000.0,407000000.0,1.0,345256316.0,344000000.0,344000000.0,3.172,5739000000.0,0.0,43000000.0,89000000.0,16.683,1784000000.0
50,A,MRQ,2008-12-31,2009-01-31,2009-01-31,2021-09-01,-154000000.0,7162000000.0,,3008000000.0,4154000000.0,,7.325,-34000000.0,2940000000.0,2940000000.0,577000000.0,64000000.0,2.662,1.786,2204000000.0,50000000.0,2154000000.0,2204000000.0,299000000.0,41000000.0,0.0,0.0,0.0,50000000.0,91000000.0,0.078,91000000.0,50000000.0,27000000.0,0.18,0.18,0.18,2571000000.0,,2571000000.0,5501811183.0,7.0,5.48,-17000000.0,-0.048,1.0,589000000.0,0.505,872000000.0,23000000.0,4424000000.0,,655000000.0,187000000.0,18000000.0,169000000.0,4591000000.0,1130000000.0,3461000000.0,6363811183.0,4000000.0,-1000000.0,-99000000.0,50000000.0,0.0,-49000000.0,-11000000.0,20000000.0,17000000.0,0.0,64000000.0,64000000.0,64000000.0,0.0,0.0,0.055,565000000.0,24000000.0,257000000.0,0.0,2.475,9.99,10.215,831000000.0,0.0,18.08,1.147,1.144,630000000.0,2855000000.0,1166000000.0,1166000000.0,169000000.0,,,,,21000000.0,396000000.0,1.0,351980707.0,351000000.0,352000000.0,3.322,6290000000.0,0.0,-37000000.0,95000000.0,17.92,1878000000.0
51,A,MRQ,2008-09-30,2008-10-31,2008-10-31,2021-09-01,-178000000.0,7007000000.0,,3182000000.0,3825000000.0,,7.168,-44000000.0,2987000000.0,2987000000.0,651000000.0,231000000.0,2.392,1.738,2125000000.0,0.0,2125000000.0,2125000000.0,280000000.0,44000000.0,0.0,0.0,0.0,290000000.0,334000000.0,0.226,334000000.0,290000000.0,257000000.0,0.64,0.64,0.64,2559000000.0,,2559000000.0,7026842623.0,7.0,6.169,214000000.0,0.599,1.0,830000000.0,0.56,874000000.0,33000000.0,3941000000.0,,646000000.0,230000000.0,24000000.0,206000000.0,4448000000.0,1330000000.0,3118000000.0,7933842623.0,-454000000.0,-1000000.0,-238000000.0,-194000000.0,0.0,-432000000.0,-28000000.0,50000000.0,258000000.0,-33000000.0,231000000.0,231000000.0,231000000.0,0.0,0.0,0.156,578000000.0,252000000.0,308000000.0,0.0,3.1,11.449,11.618,824000000.0,0.0,22.19,1.374,1.395,770000000.0,2791000000.0,1481000000.0,1481000000.0,170000000.0,,,,,15000000.0,408000000.0,1.0,357541353.0,357000000.0,359000000.0,4.148,6133000000.0,0.0,26000000.0,128000000.0,17.179,1852000000.0
52,A,MRQ,2008-06-30,2008-07-31,2008-07-31,2021-09-01,455000000.0,7541000000.0,,5074000000.0,2467000000.0,,8.798,-39000000.0,3222000000.0,3222000000.0,641000000.0,169000000.0,1.753,1.368,2315000000.0,1711000000.0,604000000.0,2315000000.0,310000000.0,57000000.0,0.0,0.0,0.0,246000000.0,303000000.0,0.21,303000000.0,246000000.0,215000000.0,0.47,0.45,0.47,3185000000.0,,3185000000.0,12065503675.0,14.0,11.203,130000000.0,0.359,1.0,803000000.0,0.556,883000000.0,31000000.0,2857000000.0,,674000000.0,280000000.0,29000000.0,251000000.0,4356000000.0,2894000000.0,1462000000.0,12985503675.0,2000000.0,-41000000.0,-136000000.0,-40000000.0,0.0,-176000000.0,-60000000.0,18000000.0,169000000.0,-3000000.0,169000000.0,169000000.0,169000000.0,0.0,0.0,0.117,585000000.0,218000000.0,293000000.0,0.0,4.077,20.227,20.724,816000000.0,0.0,36.06,2.263,2.275,761000000.0,2560000000.0,1444000000.0,1444000000.0,170000000.0,,,,,18000000.0,415000000.0,1.0,360108255.0,362000000.0,372000000.0,3.989,6658000000.0,0.0,46000000.0,116000000.0,18.392,2180000000.0
53,A,MRQ,2008-03-31,2008-04-30,2008-04-30,2021-09-01,477000000.0,7674000000.0,,5185000000.0,2489000000.0,,8.694,-37000000.0,3294000000.0,3294000000.0,649000000.0,173000000.0,1.703,1.432,2374000000.0,1752000000.0,622000000.0,2374000000.0,321000000.0,51000000.0,0.0,0.0,0.0,225000000.0,276000000.0,0.19,276000000.0,225000000.0,196000000.0,0.48,0.47,0.48,3156000000.0,,3156000000.0,10166930813.0,12.0,9.804,288000000.0,0.793,1.0,807000000.0,0.554,867000000.0,29000000.0,2843000000.0,,674000000.0,304000000.0,30000000.0,274000000.0,4518000000.0,3044000000.0,1474000000.0,11027930813.0,17000000.0,-31000000.0,-248000000.0,250000000.0,0.0,2000000.0,-16000000.0,35000000.0,325000000.0,14000000.0,173000000.0,173000000.0,173000000.0,0.0,0.0,0.119,616000000.0,191000000.0,312000000.0,0.0,3.494,16.76,17.362,809000000.0,0.0,30.21,1.945,1.934,791000000.0,2391000000.0,1456000000.0,1456000000.0,183000000.0,,,,,19000000.0,433000000.0,1.0,365042397.0,363000000.0,370000000.0,4.011,6807000000.0,0.0,23000000.0,106000000.0,18.752,2141000000.0
54,A,MRQ,2007-12-31,2008-01-31,2008-01-31,2021-09-01,439000000.0,7459000000.0,,5070000000.0,2389000000.0,,8.553,-20000000.0,2987000000.0,2987000000.0,637000000.0,120000000.0,1.896,1.351,2126000000.0,1500000000.0,626000000.0,2126000000.0,277000000.0,49000000.0,0.0,0.0,0.0,177000000.0,226000000.0,0.162,226000000.0,177000000.0,147000000.0,0.32,0.31,0.32,3173000000.0,,3173000000.0,11223926661.0,14.0,11.383,-16000000.0,-0.043,1.0,756000000.0,0.543,841000000.0,30000000.0,3083000000.0,,674000000.0,172000000.0,172000000.0,0.0,4286000000.0,2674000000.0,1612000000.0,12577926661.0,14000000.0,-113000000.0,-168000000.0,0.0,0.0,-168000000.0,-295000000.0,-176000000.0,4000000.0,18000000.0,120000000.0,120000000.0,120000000.0,0.0,0.0,0.086,622000000.0,134000000.0,303000000.0,0.0,3.964,20.687,21.567,801000000.0,0.0,33.86,2.273,2.27,726000000.0,2218000000.0,1393000000.0,1393000000.0,181000000.0,,,,,30000000.0,441000000.0,1.0,371468596.0,371000000.0,382000000.0,3.755,6618000000.0,0.0,27000000.0,117000000.0,17.838,2396000000.0
55,A,MRQ,2007-09-30,2007-10-31,2007-10-31,2021-09-01,408000000.0,7554000000.0,,3671000000.0,3883000000.0,,8.601,-39000000.0,3441000000.0,3441000000.0,656000000.0,180000000.0,2.207,1.336,2087000000.0,0.0,2087000000.0,2087000000.0,249000000.0,48000000.0,0.0,0.0,0.0,224000000.0,272000000.0,0.188,272000000.0,224000000.0,201000000.0,0.47,0.46,0.47,3234000000.0,,3234000000.0,12641283335.0,17.0,13.279,359000000.0,0.955,1.0,790000000.0,0.546,736000000.0,23000000.0,3801000000.0,,643000000.0,194000000.0,0.0,194000000.0,4320000000.0,1663000000.0,2657000000.0,14244283335.0,-437000000.0,-33000000.0,-600000000.0,593000000.0,0.0,-7000000.0,-69000000.0,4000000.0,398000000.0,18000000.0,180000000.0,180000000.0,180000000.0,0.0,0.0,0.124,600000000.0,190000000.0,323000000.0,0.0,4.405,22.326,22.747,801000000.0,0.0,36.85,2.628,2.679,735000000.0,2172000000.0,1446000000.0,1446000000.0,174000000.0,,,,,36000000.0,426000000.0,1.0,386547716.0,376000000.0,388000000.0,3.846,6818000000.0,0.0,21000000.0,522000000.0,18.133,2008000000.0
56,A,MRQ,2007-06-30,2007-07-31,2007-07-31,2021-09-01,77000000.0,7024000000.0,,3281000000.0,3743000000.0,,8.388,-32000000.0,3103000000.0,3103000000.0,616000000.0,185000000.0,2.173,1.136,1500000000.0,0.0,1500000000.0,1500000000.0,251000000.0,50000000.0,0.0,0.0,0.0,213000000.0,263000000.0,0.191,263000000.0,213000000.0,190000000.0,0.47,0.45,0.47,3288000000.0,,3288000000.0,12951801553.0,17.0,13.735,144000000.0,0.367,1.0,758000000.0,0.552,732000000.0,23000000.0,3179000000.0,,674000000.0,0.0,0.0,0.0,3736000000.0,1510000000.0,2226000000.0,15105801553.0,-1000000.0,-225000000.0,-480000000.0,-4000000.0,0.0,-484000000.0,-258000000.0,0.0,176000000.0,2000000.0,185000000.0,185000000.0,185000000.0,0.0,0.0,0.135,590000000.0,168000000.0,346000000.0,0.0,4.594,24.886,23.696,787000000.0,0.0,38.15,2.849,2.821,738000000.0,1992000000.0,1374000000.0,1374000000.0,170000000.0,,,,,27000000.0,420000000.0,1.0,395958101.0,392000000.0,407000000.0,3.505,6292000000.0,0.0,5000000.0,389000000.0,16.051,1771000000.0
57,A,MRQ,2007-03-31,2007-04-30,2007-04-30,2021-09-01,74000000.0,7283000000.0,,3791000000.0,3492000000.0,,8.843,-35000000.0,3654000000.0,3654000000.0,590000000.0,123000000.0,2.44,1.049,1500000000.0,0.0,1500000000.0,1500000000.0,248000000.0,47000000.0,0.0,0.0,0.0,178000000.0,225000000.0,0.17,225000000.0,178000000.0,156000000.0,0.31,0.3,0.31,3555000000.0,,3555000000.0,11679572307.0,15.0,11.894,267000000.0,0.664,1.0,730000000.0,0.553,517000000.0,22000000.0,3058000000.0,,650000000.0,0.0,0.0,0.0,3728000000.0,1554000000.0,2174000000.0,13873572307.0,1000000.0,-2000000.0,-320000000.0,0.0,0.0,-320000000.0,-36000000.0,0.0,302000000.0,14000000.0,123000000.0,123000000.0,123000000.0,0.0,0.0,0.093,599000000.0,131000000.0,332000000.0,0.0,3.903,21.377,20.337,777000000.0,0.0,34.37,2.685,2.674,718000000.0,1807000000.0,1320000000.0,1320000000.0,173000000.0,,,,,40000000.0,426000000.0,1.0,403653544.0,402000000.0,413000000.0,3.284,6766000000.0,0.0,33000000.0,412000000.0,16.831,2237000000.0
58,A,MRQ,2006-12-31,2007-01-31,2007-01-31,2021-09-01,21000000.0,7193000000.0,,3749000000.0,3444000000.0,,9.007,-36000000.0,3694000000.0,3694000000.0,589000000.0,150000000.0,2.733,0.967,1500000000.0,0.0,1500000000.0,1500000000.0,235000000.0,46000000.0,0.0,0.0,0.0,146000000.0,192000000.0,0.15,192000000.0,146000000.0,123000000.0,0.37,0.36,0.37,3657000000.0,,3657000000.0,10659550688.0,14.0,11.115,57000000.0,0.14,1.0,691000000.0,0.54,517000000.0,23000000.0,3110000000.0,,648000000.0,0.0,0.0,0.0,3536000000.0,1372000000.0,2164000000.0,13027550688.0,1000000.0,-70000000.0,-169000000.0,0.0,0.0,-169000000.0,-93000000.0,12000000.0,93000000.0,-3000000.0,150000000.0,150000000.0,150000000.0,0.0,0.0,0.117,596000000.0,95000000.0,312000000.0,0.0,3.562,20.324,19.394,775000000.0,0.0,32.0,2.561,2.554,671000000.0,1684000000.0,1280000000.0,1280000000.0,168000000.0,,,,,36000000.0,428000000.0,1.0,407110959.0,406000000.0,418000000.0,3.153,6676000000.0,0.0,-27000000.0,343000000.0,16.443,2377000000.0
59,A,MRQ,2006-09-30,2006-10-31,2006-10-31,2021-09-01,29000000.0,7369000000.0,,3958000000.0,3411000000.0,,8.898,-48000000.0,3868000000.0,3868000000.0,599000000.0,149000000.0,2.573,1.02,1500000000.0,0.0,1500000000.0,1500000000.0,225000000.0,42000000.0,0.0,0.0,0.0,221000000.0,263000000.0,0.198,263000000.0,221000000.0,196000000.0,0.46,0.47,0.46,3648000000.0,,3648000000.0,12194983899.0,4.0,3.353,353000000.0,0.861,1.0,729000000.0,0.549,468000000.0,25000000.0,2995000000.0,,627000000.0,0.0,0.0,0.0,3721000000.0,1538000000.0,2183000000.0,14548983899.0,13000000.0,-11000000.0,-22000000.0,0.0,0.0,-322000000.0,-66000000.0,-1000000.0,401000000.0,0.0,149000000.0,149000000.0,149000000.0,-23000000.0,0.0,0.112,580000000.0,149000000.0,378000000.0,0.0,3.988,4.399,4.641,775000000.0,0.0,35.6,2.926,3.085,692000000.0,1534000000.0,1328000000.0,1328000000.0,156000000.0,,,,,21000000.0,424000000.0,1.0,408679323.0,410000000.0,417000000.0,3.239,6901000000.0,0.0,47000000.0,390000000.0,16.832,2420000000.0
60,A,MRQ,2006-06-30,2006-07-31,2006-07-31,2021-09-01,18000000.0,7729000000.0,,4219000000.0,3510000000.0,,9.204,62000000.0,3854000000.0,3854000000.0,553000000.0,227000000.0,2.513,1.038,1500000000.0,0.0,1500000000.0,1500000000.0,292000000.0,43000000.0,0.0,0.0,0.0,259000000.0,302000000.0,0.244,302000000.0,259000000.0,238000000.0,0.55,0.54,0.55,3792000000.0,,3792000000.0,10953248335.0,3.0,3.082,127000000.0,0.308,1.0,686000000.0,0.554,481000000.0,21000000.0,3215000000.0,,705000000.0,0.0,0.0,0.0,3937000000.0,1679000000.0,2258000000.0,12110248335.0,-408000000.0,-12000000.0,-636000000.0,0.0,0.0,-515000000.0,40000000.0,-4000000.0,65000000.0,2000000.0,227000000.0,227000000.0,227000000.0,-11000000.0,0.0,0.183,504000000.0,182000000.0,425000000.0,0.0,3.194,3.805,4.17,822000000.0,0.0,28.44,2.634,2.548,853000000.0,1695000000.0,1239000000.0,1239000000.0,162000000.0,,,,,19000000.0,407000000.0,1.0,425817452.0,412000000.0,422000000.0,3.007,7248000000.0,0.0,11000000.0,381000000.0,17.592,2540000000.0
61,A,MRQ,2006-03-31,2006-04-30,2006-04-30,2021-09-01,-22000000.0,8057000000.0,,4576000000.0,3481000000.0,,9.474,53000000.0,2657000000.0,2657000000.0,598000000.0,115000000.0,2.565,0.978,1500000000.0,0.0,1500000000.0,1500000000.0,293000000.0,46000000.0,0.0,0.0,0.0,156000000.0,202000000.0,0.163,202000000.0,156000000.0,138000000.0,0.27,0.26,0.27,4074000000.0,,4074000000.0,15407339063.0,5.0,4.5,349000000.0,0.812,1.0,641000000.0,0.517,481000000.0,18000000.0,4635000000.0,,713000000.0,1602000000.0,0.0,1602000000.0,3983000000.0,1784000000.0,2199000000.0,16644339063.0,-80000000.0,-123000000.0,-274000000.0,-1000000.0,0.0,-291000000.0,-94000000.0,-3000000.0,296000000.0,9000000.0,115000000.0,115000000.0,115000000.0,6000000.0,0.0,0.093,543000000.0,98000000.0,422000000.0,0.0,4.086,5.439,5.929,853000000.0,0.0,38.42,3.618,3.591,845000000.0,1468000000.0,1239000000.0,1239000000.0,172000000.0,,,,,22000000.0,427000000.0,1.0,433220694.0,430000000.0,442000000.0,2.881,7576000000.0,0.0,23000000.0,389000000.0,17.619,2792000000.0
62,A,MRQ,2005-12-31,2006-01-31,2006-01-31,2021-09-01,-51000000.0,8026000000.0,,4626000000.0,3400000000.0,,8.841,-45000000.0,2737000000.0,2737000000.0,565000000.0,2816000000.0,2.826,0.919,1500000000.0,0.0,1500000000.0,1500000000.0,262000000.0,39000000.0,0.0,0.0,0.0,2831000000.0,2870000000.0,2.459,2870000000.0,2831000000.0,2826000000.0,5.95,5.83,5.95,4182000000.0,,4182000000.0,12288259264.0,4.0,3.636,-173000000.0,-0.366,1.0,602000000.0,0.516,375000000.0,5000000.0,4777000000.0,,740000000.0,1601000000.0,0.0,1601000000.0,3844000000.0,1637000000.0,2207000000.0,14539259264.0,511000000.0,3476000000.0,-2756000000.0,1476000000.0,0.0,-1280000000.0,1916000000.0,-1506000000.0,-128000000.0,3000000.0,2816000000.0,2816000000.0,2816000000.0,-1842000000.0,0.0,2.413,567000000.0,35000000.0,386000000.0,0.0,3.477,4.783,5.298,875000000.0,0.0,33.91,3.133,3.457,772000000.0,1353000000.0,1167000000.0,1167000000.0,165000000.0,,,,,32000000.0,402000000.0,1.0,428760226.0,473000000.0,483000000.0,2.467,7651000000.0,0.0,10000000.0,365000000.0,16.175,2989000000.0
63,A,MRQ,2005-09-30,2005-10-31,2005-10-31,2021-09-01,-49000000.0,6751000000.0,,4447000000.0,2304000000.0,,8.162,-7000000.0,2248000000.0,2248000000.0,416000000.0,25000000.0,2.297,0.654,0.0,0.0,0.0,0.0,205000000.0,39000000.0,0.0,0.0,0.0,141000000.0,180000000.0,0.189,180000000.0,141000000.0,114000000.0,0.05,0.04,0.05,4081000000.0,,4081000000.0,14186642517.0,29.0,20.986,412000000.0,0.824,1.0,537000000.0,0.563,345000000.0,27000000.0,2222000000.0,,612000000.0,25000000.0,25000000.0,0.0,2670000000.0,1936000000.0,734000000.0,15818642517.0,-556000000.0,-9000000.0,-207000000.0,-685000000.0,0.0,-892000000.0,-78000000.0,-26000000.0,419000000.0,-5000000.0,25000000.0,25000000.0,25000000.0,8000000.0,0.0,0.026,436000000.0,101000000.0,323000000.0,0.0,3.876,48.375,48.5,855000000.0,0.0,32.01,3.376,3.375,678000000.0,-1463000000.0,953000000.0,953000000.0,103000000.0,,,,,4000000.0,333000000.0,1.0,494178148.0,500000000.0,509000000.0,1.906,6406000000.0,0.0,89000000.0,474000000.0,12.812,2511000000.0
64,A,MRQ,2005-06-30,2005-07-31,2005-07-31,2021-09-01,141000000.0,7352000000.0,,4926000000.0,2426000000.0,,7.992,-43000000.0,2782000000.0,2782000000.0,646000000.0,104000000.0,2.781,0.862,1150000000.0,0.0,1150000000.0,1150000000.0,323000000.0,49000000.0,0.0,0.0,0.0,123000000.0,172000000.0,0.138,172000000.0,123000000.0,123000000.0,0.21,0.2,0.21,3948000000.0,,3948000000.0,11358202091.0,26.0,20.139,95000000.0,0.192,1.0,596000000.0,0.48,461000000.0,0.0,3488000000.0,,936000000.0,0.0,0.0,0.0,3404000000.0,1771000000.0,1633000000.0,12893202091.0,97000000.0,-37000000.0,53000000.0,0.0,0.0,53000000.0,-85000000.0,-1000000.0,138000000.0,-9000000.0,104000000.0,104000000.0,104000000.0,-50000000.0,0.0,0.084,561000000.0,35000000.0,399000000.0,0.0,3.266,32.559,32.8,1148000000.0,0.0,26.24,4.402,4.426,966000000.0,-1509000000.0,1242000000.0,1242000000.0,183000000.0,,,,,2000000.0,378000000.0,1.0,491356787.0,494000000.0,499000000.0,2.514,6891000000.0,0.0,19000000.0,374000000.0,13.949,3155000000.0
65,A,MRQ,2005-03-31,2005-04-30,2005-04-30,2021-09-01,217000000.0,7268000000.0,,4813000000.0,2455000000.0,,7.88,4000000.0,2685000000.0,2685000000.0,638000000.0,95000000.0,2.727,0.879,1150000000.0,0.0,1150000000.0,1150000000.0,314000000.0,44000000.0,0.0,0.0,0.0,114000000.0,158000000.0,0.124,158000000.0,114000000.0,114000000.0,0.19,0.19,0.19,3869000000.0,,3869000000.0,8858647148.0,20.0,14.888,209000000.0,0.426,1.0,640000000.0,0.501,458000000.0,0.0,3510000000.0,,958000000.0,0.0,0.0,0.0,3399000000.0,1765000000.0,1634000000.0,10191647148.0,202000000.0,12000000.0,4000000.0,-26000000.0,0.0,-22000000.0,20000000.0,-4000000.0,205000000.0,-1000000.0,95000000.0,95000000.0,95000000.0,-42000000.0,0.0,0.074,598000000.0,42000000.0,389000000.0,0.0,2.634,25.999,25.938,1185000000.0,0.0,20.75,2.853,2.852,964000000.0,-1612000000.0,1278000000.0,1278000000.0,189000000.0,,,,,1000000.0,409000000.0,1.0,491163718.0,491000000.0,496000000.0,2.603,6810000000.0,0.0,19000000.0,351000000.0,13.87,3048000000.0
66,A,MRQ,2004-12-31,2005-01-31,2005-01-31,2021-09-01,215000000.0,7150000000.0,,4649000000.0,2501000000.0,,7.674,-28000000.0,2483000000.0,2483000000.0,621000000.0,103000000.0,2.625,0.898,1150000000.0,0.0,1150000000.0,1150000000.0,295000000.0,48000000.0,0.0,0.0,0.0,118000000.0,166000000.0,0.137,166000000.0,118000000.0,118000000.0,0.21,0.21,0.21,3768000000.0,,3768000000.0,9599056434.0,21.0,14.999,109000000.0,0.222,1.0,591000000.0,0.488,459000000.0,0.0,3587000000.0,,1037000000.0,0.0,0.0,0.0,3382000000.0,1771000000.0,1611000000.0,10764056434.0,168000000.0,0.0,58000000.0,23000000.0,0.0,81000000.0,-57000000.0,-20000000.0,137000000.0,7000000.0,103000000.0,103000000.0,103000000.0,-52000000.0,0.0,0.085,553000000.0,38000000.0,408000000.0,0.0,2.857,26.843,26.639,1235000000.0,0.0,22.11,2.609,2.632,946000000.0,-1707000000.0,1212000000.0,1212000000.0,175000000.0,,,,,1000000.0,378000000.0,1.0,486841087.0,491000000.0,496000000.0,2.468,6691000000.0,0.0,15000000.0,351000000.0,13.627,2878000000.0
67,A,MRQ,2004-09-30,2004-10-31,2004-10-31,2021-09-01,159000000.0,7144000000.0,,4663000000.0,2481000000.0,,7.344,9000000.0,2315000000.0,2315000000.0,-624000000.0,94000000.0,2.631,1.002,1150000000.0,0.0,1150000000.0,1150000000.0,227000000.0,-14000000.0,0.0,0.0,0.0,82000000.0,68000000.0,-0.085,68000000.0,82000000.0,82000000.0,0.19,0.19,0.19,3569000000.0,,3569000000.0,11382282576.0,27.0,17.841,426000000.0,0.877,1.0,-179000000.0,0.223,345000000.0,0.0,3862000000.0,,809000000.0,0.0,0.0,0.0,3575000000.0,1772000000.0,1803000000.0,12169282576.0,378000000.0,-13000000.0,1000000.0,0.0,0.0,1000000.0,-54000000.0,-13000000.0,417000000.0,14000000.0,94000000.0,94000000.0,94000000.0,-310000000.0,0.0,-0.117,55000000.0,-234000000.0,306000000.0,0.0,3.41,32.979,32.974,984000000.0,0.0,25.06,2.671,2.657,788000000.0,-1790000000.0,-803000000.0,-803000000.0,-102000000.0,,,,,7000000.0,157000000.0,1.0,485605849.0,486000000.0,487000000.0,-1.652,6799000000.0,0.0,-12000000.0,338000000.0,13.99,2891000000.0
68,A,MRQ,2004-06-30,2004-07-31,2004-07-31,2021-09-01,41000000.0,6741000000.0,,4398000000.0,2343000000.0,,6.864,2000000.0,1937000000.0,1937000000.0,1089000000.0,100000000.0,2.424,1.025,1150000000.0,0.0,1150000000.0,1150000000.0,295000000.0,70000000.0,0.0,0.0,0.0,133000000.0,203000000.0,0.108,203000000.0,133000000.0,133000000.0,0.21,0.2,0.21,3329000000.0,,3329000000.0,10771348000.0,26.0,16.752,43000000.0,0.089,1.0,796000000.0,0.422,388000000.0,0.0,3752000000.0,,1061000000.0,0.0,0.0,0.0,3412000000.0,1814000000.0,1598000000.0,11463348000.0,95000000.0,0.0,53000000.0,0.0,0.0,53000000.0,1000000.0,-1000000.0,41000000.0,0.0,100000000.0,100000000.0,100000000.0,0.0,0.0,0.053,689000000.0,107000000.0,395000000.0,0.0,3.443,39.803,38.403,1283000000.0,0.0,23.81,2.105,2.12,1150000000.0,-1884000000.0,1885000000.0,1885000000.0,235000000.0,,,,,0.0,454000000.0,1.0,481450987.0,485000000.0,491000000.0,3.887,6353000000.0,0.0,33000000.0,379000000.0,13.099,2584000000.0
69,A,MRQ,2004-03-31,2004-04-30,2004-04-30,2021-09-01,99000000.0,6675000000.0,,4255000000.0,2420000000.0,,6.626,-27000000.0,1842000000.0,1842000000.0,1023000000.0,104000000.0,2.232,1.094,1150000000.0,0.0,1150000000.0,1150000000.0,307000000.0,75000000.0,0.0,0.0,0.0,128000000.0,203000000.0,0.111,203000000.0,128000000.0,128000000.0,0.22,0.21,0.22,3187000000.0,,3187000000.0,12457178451.0,164.0,37.864,155000000.0,0.322,1.0,808000000.0,0.441,393000000.0,0.0,3684000000.0,,1050000000.0,0.0,0.0,0.0,3488000000.0,1906000000.0,1582000000.0,12985178451.0,164000000.0,-5000000.0,17000000.0,2000000.0,0.0,19000000.0,-27000000.0,0.0,182000000.0,-10000000.0,104000000.0,104000000.0,104000000.0,0.0,0.0,0.057,697000000.0,111000000.0,428000000.0,0.0,4.074,-9.492,-9.411,1363000000.0,0.0,27.01,2.565,2.566,1094000000.0,-1984000000.0,1831000000.0,1831000000.0,237000000.0,,,,,0.0,460000000.0,1.0,480754478.0,481000000.0,495000000.0,3.807,6282000000.0,43000000.0,24000000.0,326000000.0,13.06,2349000000.0
70,A,MRQ,2003-12-31,2004-01-31,2004-01-31,2021-09-01,102000000.0,6384000000.0,,3986000000.0,2398000000.0,,6.394,-29000000.0,1678000000.0,1678000000.0,904000000.0,71000000.0,2.284,1.08,1150000000.0,0.0,1150000000.0,1150000000.0,284000000.0,81000000.0,0.0,0.0,0.0,83000000.0,164000000.0,0.1,164000000.0,83000000.0,83000000.0,0.15,0.14,0.15,3069000000.0,,3069000000.0,17093855199.0,-45.0,-174.427,1000000.0,0.002,1.0,739000000.0,0.45,410000000.0,0.0,3701000000.0,,1056000000.0,0.0,0.0,0.0,3315000000.0,1745000000.0,1570000000.0,17550855199.0,71000000.0,0.0,66000000.0,-1000000.0,0.0,65000000.0,-34000000.0,0.0,30000000.0,10000000.0,71000000.0,71000000.0,71000000.0,0.0,0.0,0.043,660000000.0,79000000.0,416000000.0,0.0,5.719,-10.847,-10.841,1419000000.0,0.0,36.86,3.735,3.765,1064000000.0,-2088000000.0,1643000000.0,1643000000.0,229000000.0,,,,,0.0,431000000.0,1.0,476149083.0,480000000.0,490000000.0,3.423,5974000000.0,33000000.0,12000000.0,269000000.0,12.446,2241000000.0
71,A,MRQ,2003-09-30,2003-10-31,2003-10-31,2021-09-01,-6000000.0,6297000000.0,,3889000000.0,2408000000.0,,5.933,-27000000.0,1607000000.0,1607000000.0,-156000000.0,13000000.0,2.04,1.23,1150000000.0,0.0,1150000000.0,1150000000.0,262000000.0,6000000.0,0.0,0.0,0.0,67000000.0,73000000.0,0.839,73000000.0,67000000.0,67000000.0,0.04,0.04,0.04,2824000000.0,,2824000000.0,11569651286.0,-12.0,-16.792,188000000.0,0.395,1.0,243000000.0,2.793,402000000.0,0.0,3532000000.0,,995000000.0,0.0,0.0,0.0,3473000000.0,1906000000.0,1567000000.0,11849651286.0,177000000.0,0.0,2000000.0,-3000000.0,0.0,-1000000.0,-57000000.0,0.0,215000000.0,20000000.0,13000000.0,13000000.0,13000000.0,13000000.0,0.0,0.149,182000000.0,61000000.0,441000000.0,0.0,4.196,-5.758,-5.729,1447000000.0,0.0,24.92,2.652,2.638,1086000000.0,-2159000000.0,87000000.0,87000000.0,-59000000.0,,,,,6000000.0,241000000.0,1.0,475507676.0,476000000.0,476000000.0,0.183,5895000000.0,0.0,54000000.0,326000000.0,12.384,1983000000.0
72,A,MRQ,2003-06-30,2003-07-31,2003-07-31,2021-09-01,-89000000.0,5990000000.0,,3750000000.0,2240000000.0,,5.726,-63000000.0,1430000000.0,1430000000.0,951000000.0,-1556000000.0,2.097,1.202,1150000000.0,0.0,1150000000.0,1150000000.0,259000000.0,91000000.0,0.0,0.0,0.0,-202000000.0,-111000000.0,-0.074,-111000000.0,-202000000.0,-202000000.0,-3.28,-3.28,-3.28,2720000000.0,,2720000000.0,9858439788.0,-7.0,-10.377,-154000000.0,-0.324,1.0,551000000.0,0.367,391000000.0,0.0,3531000000.0,,1051000000.0,0.0,0.0,0.0,3270000000.0,1788000000.0,1482000000.0,10241439788.0,-103000000.0,0.0,53000000.0,0.0,0.0,53000000.0,-65000000.0,-2000000.0,-91000000.0,0.0,-1556000000.0,-1556000000.0,-1556000000.0,0.0,0.0,-1.036,741000000.0,-190000000.0,328000000.0,0.0,3.765,-4.439,-4.453,1449000000.0,0.0,21.73,1.674,1.687,967000000.0,-2172000000.0,1502000000.0,1502000000.0,257000000.0,,,,,0.0,484000000.0,1.0,471304178.0,475000000.0,475000000.0,3.162,5599000000.0,27000000.0,1354000000.0,295000000.0,11.787,1962000000.0
73,A,MRQ,2003-03-31,2003-04-30,2003-04-30,2021-09-01,-111000000.0,7617000000.0,,4309000000.0,3308000000.0,,8.919,-34000000.0,1533000000.0,1533000000.0,958000000.0,-146000000.0,2.148,0.813,1150000000.0,0.0,1150000000.0,1150000000.0,257000000.0,100000000.0,0.0,0.0,0.0,-324000000.0,-224000000.0,-0.153,-224000000.0,-324000000.0,-324000000.0,-0.31,-0.31,-0.31,4201000000.0,,4201000000.0,6945307894.0,-4.0,-6.389,-225000000.0,-0.478,1.0,509000000.0,0.347,414000000.0,0.0,4814000000.0,,1131000000.0,0.0,0.0,0.0,3416000000.0,2006000000.0,1410000000.0,7549307894.0,-221000000.0,0.0,1000000.0,3000000.0,0.0,4000000.0,-34000000.0,0.0,-191000000.0,0.0,-146000000.0,-146000000.0,-146000000.0,0.0,0.0,-0.1,844000000.0,-335000000.0,294000000.0,0.0,1.797,-7.711,-7.665,1510000000.0,0.0,16.02,1.257,1.256,929000000.0,-616000000.0,1467000000.0,1467000000.0,296000000.0,,,,,0.0,548000000.0,1.0,471242690.0,471000000.0,471000000.0,3.115,7203000000.0,1407000000.0,-178000000.0,335000000.0,15.293,2303000000.0
74,A,MRQ,2002-12-31,2003-01-31,2003-01-31,2021-09-01,-108000000.0,7770000000.0,,4559000000.0,3211000000.0,,9.234,-45000000.0,1754000000.0,1754000000.0,880000000.0,-369000000.0,2.254,0.787,1150000000.0,0.0,1150000000.0,1150000000.0,256000000.0,82000000.0,0.0,0.0,0.0,-509000000.0,-427000000.0,-0.302,-427000000.0,-509000000.0,-509000000.0,-0.78,-0.78,-0.78,4349000000.0,,4349000000.0,7002562458.0,-4.0,-6.818,-136000000.0,-0.289,1.0,532000000.0,0.377,422000000.0,0.0,4721000000.0,,1166000000.0,0.0,0.0,0.0,3421000000.0,2023000000.0,1398000000.0,7696562458.0,-90000000.0,0.0,50000000.0,-2000000.0,0.0,48000000.0,-47000000.0,-2000000.0,-91000000.0,0.0,-369000000.0,-369000000.0,-369000000.0,0.0,0.0,-0.261,788000000.0,-256000000.0,290000000.0,0.0,1.77,-7.087,-7.073,1571000000.0,0.0,16.48,1.284,1.295,930000000.0,-470000000.0,1412000000.0,1412000000.0,277000000.0,,,,,0.0,511000000.0,1.0,467024421.0,471000000.0,471000000.0,2.998,7348000000.0,1247000000.0,-140000000.0,387000000.0,15.601,2536000000.0
75,A,MRQ,2002-09-30,2002-10-31,2002-10-31,2021-09-01,-149000000.0,8203000000.0,,4880000000.0,3323000000.0,,9.951,-111000000.0,1844000000.0,1844000000.0,1155000000.0,-236000000.0,2.463,0.773,1150000000.0,0.0,1150000000.0,1150000000.0,244000000.0,187000000.0,0.0,0.0,0.0,-375000000.0,-188000000.0,-0.108,-188000000.0,-375000000.0,-375000000.0,-0.51,-0.51,-0.51,4627000000.0,,4627000000.0,5462206400.0,-4.0,-6.645,-259000000.0,-0.557,1.0,581000000.0,0.335,685000000.0,0.0,4843000000.0,,1184000000.0,0.0,0.0,0.0,3576000000.0,1981000000.0,1595000000.0,6417206400.0,-261000000.0,-10000000.0,-10000000.0,-2000000.0,0.0,-12000000.0,-106000000.0,15000000.0,-148000000.0,6000000.0,-236000000.0,-236000000.0,-236000000.0,1000000.0,0.0,-0.136,968000000.0,-387000000.0,451000000.0,0.0,1.387,-6.218,-6.194,1579000000.0,0.0,13.75,1.068,1.064,1118000000.0,-101000000.0,1736000000.0,1736000000.0,322000000.0,,,,,0.0,646000000.0,1.0,466705920.0,465000000.0,465000000.0,3.733,7518000000.0,1097000000.0,-139000000.0,325000000.0,16.168,2899000000.0
76,A,MRQ,2002-06-30,2002-07-31,2002-07-31,2021-09-01,-1000000.0,8437000000.0,,4979000000.0,3458000000.0,,10.732,-58000000.0,2105000000.0,2105000000.0,897000000.0,-228000000.0,2.543,0.687,1150000000.0,0.0,1150000000.0,1150000000.0,278000000.0,180000000.0,0.0,0.0,0.0,-428000000.0,-248000000.0,-0.178,-248000000.0,-428000000.0,-428000000.0,-0.49,-0.49,-0.49,5001000000.0,,5001000000.0,7679993706.0,-6.0,-16.237,-239000000.0,-0.513,1.0,494000000.0,0.355,780000000.0,0.0,4744000000.0,,1301000000.0,1000000.0,1000000.0,0.0,3436000000.0,1958000000.0,1478000000.0,8764993706.0,-130000000.0,0.0,59000000.0,-3000000.0,0.0,56000000.0,-70000000.0,-12000000.0,-181000000.0,0.0,-228000000.0,-228000000.0,-228000000.0,5000000.0,0.0,-0.164,923000000.0,-429000000.0,373000000.0,0.0,1.753,-14.633,-14.636,1713000000.0,0.0,18.88,1.491,1.496,873000000.0,135000000.0,1391000000.0,1391000000.0,304000000.0,,,,,0.0,619000000.0,1.0,464247548.0,466000000.0,466000000.0,2.985,7657000000.0,0.0,-200000000.0,809000000.0,16.431,3021000000.0
77,A,MRQ,2002-03-31,2002-04-30,2002-04-30,2021-09-01,-43000000.0,8238000000.0,,5260000000.0,2978000000.0,,11.052,-86000000.0,2235000000.0,2235000000.0,894000000.0,-253000000.0,3.269,0.606,1150000000.0,0.0,1150000000.0,1150000000.0,283000000.0,169000000.0,0.0,0.0,0.0,-333000000.0,-164000000.0,-0.113,-164000000.0,-333000000.0,-333000000.0,-0.55,-0.55,-0.55,5128000000.0,,5128000000.0,12900992339.0,-12.0,-40.956,-204000000.0,-0.44,1.0,563000000.0,0.386,863000000.0,0.0,4681000000.0,,1307000000.0,13000000.0,13000000.0,0.0,3110000000.0,1609000000.0,1501000000.0,13938992339.0,47000000.0,7000000.0,10000000.0,1000000.0,0.0,11000000.0,158000000.0,237000000.0,-118000000.0,0.0,-253000000.0,-253000000.0,-253000000.0,6000000.0,0.0,-0.174,912000000.0,-349000000.0,347000000.0,0.0,2.718,-23.388,-23.295,1728000000.0,0.0,30.05,2.21,2.21,902000000.0,363000000.0,1457000000.0,1457000000.0,307000000.0,,,,,0.0,605000000.0,1.0,463859978.0,464000000.0,464000000.0,3.14,7375000000.0,0.0,-80000000.0,457000000.0,15.894,3651000000.0
78,A,MRQ,2001-12-31,2002-01-31,2002-01-31,2021-09-01,-47000000.0,8493000000.0,,5467000000.0,3026000000.0,,11.562,-69000000.0,2188000000.0,2188000000.0,920000000.0,-315000000.0,3.293,0.587,1150000000.0,0.0,1150000000.0,1150000000.0,269000000.0,199000000.0,0.0,0.0,0.0,-421000000.0,-222000000.0,-0.156,-222000000.0,-421000000.0,-421000000.0,-0.68,-0.68,-0.68,5353000000.0,,5353000000.0,12909148106.0,-23.0,52.906,-213000000.0,-0.46,1.0,506000000.0,0.355,944000000.0,0.0,4851000000.0,,1382000000.0,247000000.0,247000000.0,0.0,3140000000.0,1660000000.0,1480000000.0,14073148106.0,1018000000.0,19000000.0,62000000.0,1126000000.0,0.0,1188000000.0,-53000000.0,-3000000.0,-144000000.0,0.0,-315000000.0,-315000000.0,-315000000.0,-2000000.0,0.0,-0.221,948000000.0,-442000000.0,321000000.0,0.0,2.629,-58.395,-58.365,1730000000.0,0.0,30.35,1.939,1.936,817000000.0,616000000.0,1426000000.0,1426000000.0,317000000.0,,,,,0.0,631000000.0,1.0,463695160.0,463000000.0,463000000.0,3.08,7549000000.0,0.0,-106000000.0,536000000.0,16.305,3807000000.0
79,A,MRQ,2001-09-30,2001-10-31,2001-10-31,2021-09-01,0.0,7986000000.0,,4799000000.0,3187000000.0,,12.275,-151000000.0,1170000000.0,1170000000.0,1438000000.0,197000000.0,2.397,0.411,0.0,0.0,0.0,0.0,279000000.0,218000000.0,0.0,0.0,0.0,-57000000.0,161000000.0,0.1,161000000.0,-57000000.0,-57000000.0,0.43,0.43,0.43,5659000000.0,,5659000000.0,10053392871.0,98.0,12.011,-508000000.0,-1.102,1.0,168000000.0,0.105,1070000000.0,0.0,3744000000.0,,1491000000.0,237000000.0,237000000.0,0.0,2327000000.0,2002000000.0,325000000.0,10258392871.0,171000000.0,13000000.0,18000000.0,-787000000.0,0.0,-769000000.0,-357000000.0,-219000000.0,-357000000.0,0.0,197000000.0,197000000.0,197000000.0,-646000000.0,0.0,0.123,860000000.0,-692000000.0,392000000.0,0.0,1.813,58.956,58.605,1848000000.0,0.0,22.27,1.222,1.215,977000000.0,931000000.0,1606000000.0,1606000000.0,402000000.0,,,,,0.0,458000000.0,1.0,460637309.0,461000000.0,461000000.0,3.484,6916000000.0,504000000.0,-254000000.0,173000000.0,15.002,2797000000.0
80,A,MRQ,2001-06-30,2001-07-31,2001-07-31,2021-09-01,-11000000.0,8622000000.0,,4656000000.0,3966000000.0,,11.954,12000000.0,999000000.0,999000000.0,1075000000.0,-225000000.0,1.66,0.571,794000000.0,794000000.0,0.0,794000000.0,386000000.0,211000000.0,0.0,0.0,0.0,-301000000.0,-90000000.0,-0.049,-90000000.0,-301000000.0,-301000000.0,-0.49,-0.49,-0.49,5487000000.0,,5487000000.0,13040851349.0,21.0,10.228,312000000.0,0.68,1.0,744000000.0,0.409,1178000000.0,0.0,4435000000.0,,1704000000.0,641000000.0,0.0,641000000.0,3135000000.0,2804000000.0,331000000.0,13076851349.0,190000000.0,-2000000.0,71000000.0,11000000.0,0.0,82000000.0,-159000000.0,-228000000.0,300000000.0,0.0,-225000000.0,-225000000.0,-225000000.0,5000000.0,0.0,-0.124,1075000000.0,-331000000.0,544000000.0,0.0,2.383,46.372,46.145,1807000000.0,0.0,28.61,1.333,1.339,1169000000.0,788000000.0,1819000000.0,1819000000.0,303000000.0,,,,,0.0,772000000.0,1.0,457072749.0,459000000.0,459000000.0,3.963,7444000000.0,0.0,-76000000.0,478000000.0,16.218,1852000000.0
81,A,MRQ,2001-03-31,2001-04-30,2001-04-30,2021-09-01,15000000.0,9080000000.0,,4998000000.0,4082000000.0,,12.316,64000000.0,809000000.0,809000000.0,1353000000.0,102000000.0,1.613,0.617,773000000.0,773000000.0,0.0,773000000.0,377000000.0,171000000.0,0.0,0.0,0.0,224000000.0,395000000.0,0.164,395000000.0,224000000.0,224000000.0,0.22,0.22,0.22,5616000000.0,,5616000000.0,17941587440.0,16.0,10.377,180000000.0,0.395,1.0,1053000000.0,0.438,1238000000.0,0.0,4708000000.0,,1791000000.0,613000000.0,0.0,613000000.0,3464000000.0,3098000000.0,366000000.0,17818587440.0,376000000.0,-140000000.0,3000000.0,217000000.0,0.0,220000000.0,29000000.0,147000000.0,116000000.0,0.0,102000000.0,102000000.0,102000000.0,-13000000.0,0.0,0.042,1102000000.0,-49000000.0,653000000.0,0.0,3.173,26.916,26.903,1848000000.0,0.0,39.01,1.723,1.721,1573000000.0,1007000000.0,2406000000.0,2406000000.0,331000000.0,,,,,0.0,771000000.0,1.0,456769737.0,456000000.0,461000000.0,5.276,7842000000.0,0.0,122000000.0,638000000.0,17.197,1900000000.0
82,A,MRQ,2000-12-31,2001-01-31,2001-01-31,2021-09-01,33000000.0,9208000000.0,,5461000000.0,3747000000.0,,12.178,-173000000.0,433000000.0,433000000.0,1222000000.0,100000000.0,1.779,0.662,556000000.0,556000000.0,0.0,556000000.0,405000000.0,134000000.0,0.0,0.0,0.0,237000000.0,371000000.0,0.145,371000000.0,237000000.0,237000000.0,0.22,0.21,0.22,5541000000.0,,5541000000.0,24008786084.0,21.0,14.454,-346000000.0,-0.76,1.0,1343000000.0,0.524,1213000000.0,0.0,5048000000.0,,2129000000.0,0.0,0.0,0.0,3667000000.0,3070000000.0,597000000.0,24894786084.0,-563000000.0,-762000000.0,58000000.0,446000000.0,0.0,504000000.0,-878000000.0,58000000.0,-173000000.0,0.0,100000000.0,100000000.0,100000000.0,2000000.0,0.0,0.039,1049000000.0,294000000.0,711000000.0,0.0,4.493,34.29,34.094,1821000000.0,0.0,54.55,2.471,2.464,2130000000.0,911000000.0,2565000000.0,2565000000.0,322000000.0,,,,,0.0,727000000.0,1.0,456366381.0,455000000.0,466000000.0,5.637,7995000000.0,0.0,137000000.0,758000000.0,17.571,2391000000.0
83,A,MRQ,2000-09-30,2000-10-31,2000-10-31,2021-09-01,-5000000.0,8330000000.0,,5139000000.0,3191000000.0,,11.648,-128000000.0,996000000.0,996000000.0,1373000000.0,305000000.0,1.93,0.582,110000000.0,110000000.0,0.0,110000000.0,322000000.0,139000000.0,0.0,0.0,0.0,460000000.0,599000000.0,0.199,599000000.0,460000000.0,460000000.0,0.67,0.66,0.67,5265000000.0,,5265000000.0,20405105153.0,18.0,13.055,280000000.0,0.619,1.0,1644000000.0,0.545,467000000.0,0.0,4314000000.0,,1610000000.0,597000000.0,0.0,597000000.0,3065000000.0,2663000000.0,402000000.0,20979105153.0,293000000.0,-21000000.0,40000000.0,-19000000.0,0.0,21000000.0,-155000000.0,-10000000.0,408000000.0,0.0,305000000.0,305000000.0,305000000.0,-4000000.0,0.0,0.101,1197000000.0,447000000.0,857000000.0,0.0,3.985,27.713,27.565,1685000000.0,0.0,46.31,2.241,2.221,1938000000.0,757000000.0,3017000000.0,3017000000.0,255000000.0,,,,,0.0,942000000.0,1.0,453014579.0,452000000.0,464000000.0,6.675,7863000000.0,0.0,155000000.0,0.0,17.396,2476000000.0
84,A,MRQ,2000-06-30,2000-07-31,2000-07-31,2021-09-01,-6000000.0,7827000000.0,,5344000000.0,2483000000.0,,10.821,-213000000.0,703000000.0,703000000.0,1189000000.0,155000000.0,2.129,0.597,129000000.0,129000000.0,0.0,129000000.0,361000000.0,136000000.0,0.0,0.0,0.0,228000000.0,364000000.0,0.155,364000000.0,228000000.0,228000000.0,0.34,0.34,0.34,4902000000.0,,4902000000.0,17550082655.0,23.0,15.0,-243000000.0,-0.536,1.0,1162000000.0,0.494,0.0,0.0,4743000000.0,,1762000000.0,0.0,0.0,0.0,2925000000.0,2510000000.0,415000000.0,18430082655.0,-275000000.0,-148000000.0,42000000.0,31000000.0,0.0,73000000.0,-375000000.0,-15000000.0,-30000000.0,0.0,155000000.0,155000000.0,155000000.0,-12000000.0,0.0,0.066,973000000.0,189000000.0,783000000.0,0.0,3.76,30.82,29.107,1581000000.0,0.0,40.75,2.398,2.402,2167000000.0,452000000.0,2351000000.0,2351000000.0,288000000.0,,,,,0.0,685000000.0,1.0,452271967.0,453000000.0,461000000.0,5.19,7827000000.0,0.0,73000000.0,238000000.0,17.278,2834000000.0
85,A,MRQ,2000-03-31,2000-04-30,2000-04-30,2021-09-01,-4000000.0,7321000000.0,,5057000000.0,2264000000.0,,10.27,-99000000.0,978000000.0,978000000.0,1069000000.0,166000000.0,2.313,0.577,98000000.0,98000000.0,0.0,98000000.0,329000000.0,89000000.0,0.0,0.0,0.0,238000000.0,327000000.0,0.153,327000000.0,238000000.0,238000000.0,0.37,0.36,0.37,4642000000.0,,4642000000.0,39357760000.0,52.0,34.434,-325000000.0,-0.719,1.0,1073000000.0,0.501,0.0,0.0,4255000000.0,,1622000000.0,0.0,0.0,0.0,2679000000.0,2186000000.0,493000000.0,40060760000.0,-390000000.0,-305000000.0,2000000.0,-13000000.0,0.0,-11000000.0,-324000000.0,95000000.0,-226000000.0,0.0,166000000.0,166000000.0,166000000.0,-26000000.0,0.0,0.077,889000000.0,184000000.0,572000000.0,0.0,8.63,69.309,62.415,1453000000.0,0.0,88.63,5.398,5.398,1826000000.0,297000000.0,2142000000.0,2142000000.0,263000000.0,,,,,0.0,626000000.0,1.0,452000000.0,452000000.0,457000000.0,4.739,7321000000.0,0.0,72000000.0,192000000.0,16.197,2871000000.0
86,A,MRQ,1999-12-31,2000-01-31,2000-01-31,2021-09-01,53000000.0,7107000000.0,,4982000000.0,2125000000.0,,10.219,-30000000.0,1368000000.0,1368000000.0,1160000000.0,131000000.0,2.41,0.584,665000000.0,111000000.0,554000000.0,665000000.0,281000000.0,96000000.0,0.0,0.0,0.0,202000000.0,298000000.0,0.133,298000000.0,202000000.0,202000000.0,0.3,0.3,0.3,4486000000.0,,4486000000.0,29917880000.0,40.0,25.593,354000000.0,0.806,1.0,1086000000.0,0.484,0.0,0.0,4337000000.0,,1567000000.0,42000000.0,42000000.0,0.0,2621000000.0,2067000000.0,554000000.0,29917880000.0,1368000000.0,-160000000.0,2068000000.0,111000000.0,0.0,1192000000.0,-208000000.0,-42000000.0,384000000.0,0.0,131000000.0,131000000.0,131000000.0,0.0,0.0,0.058,915000000.0,171000000.0,635000000.0,0.0,6.669,52.58,45.336,1408000000.0,0.0,66.19,4.104,3.986,1445000000.0,131000000.0,2246000000.0,2246000000.0,290000000.0,,,,,0.0,625000000.0,1.0,452000000.0,439000000.0,440000000.0,5.116,7107000000.0,0.0,71000000.0,113000000.0,16.189,2915000000.0
87,A,MRQ,1999-09-30,1999-10-31,1999-10-31,2021-09-01,0.0,5444000000.0,,3538000000.0,1906000000.0,,8.9,-164000000.0,0.0,0.0,531000000.0,146000000.0,2.105,0.61,0.0,0.0,0.0,0.0,241000000.0,75000000.0,0.0,,0.0,106000000.0,181000000.0,0.191,181000000.0,106000000.0,106000000.0,0.39,0.39,0.39,3382000000.0,,3382000000.0,,,,-249000000.0,-0.655,1.0,416000000.0,0.439,142000000.0,0.0,3621000000.0,,1499000000.0,0.0,0.0,0.0,2062000000.0,1681000000.0,381000000.0,,0.0,5000000.0,0.0,0.0,0.0,16000000.0,-78000000.0,0.0,-85000000.0,,146000000.0,146000000.0,146000000.0,-206000000.0,0.0,0.154,530000000.0,-114000000.0,510000000.0,0.0,,,,1387000000.0,0.0,,,,1635000000.0,,947000000.0,947000000.0,174000000.0,,,,,0.0,356000000.0,1.0,445000000.0,380000000.0,380000000.0,2.492,5302000000.0,0.0,-40000000.0,0.0,13.953,1857000000.0
88,A,MRQ,1999-06-30,1999-07-28,1999-07-28,2021-09-01,0.0,5050000000.0,,3256000000.0,1794000000.0,,8.474,-100000000.0,0.0,0.0,1103000000.0,135000000.0,2.219,0.568,0.0,0.0,0.0,0.0,244000000.0,130000000.0,0.0,,0.0,207000000.0,337000000.0,0.161,337000000.0,207000000.0,207000000.0,0.36,0.36,0.36,3220000000.0,,3220000000.0,,,,103000000.0,0.271,1.0,984000000.0,0.471,0.0,0.0,3583000000.0,,1597000000.0,0.0,0.0,0.0,1830000000.0,1467000000.0,363000000.0,,0.0,-16000000.0,0.0,0.0,0.0,-77000000.0,-126000000.0,0.0,203000000.0,,135000000.0,135000000.0,135000000.0,0.0,0.0,0.065,789000000.0,195000000.0,426000000.0,0.0,,,,1378000000.0,0.0,,,,1297000000.0,,2087000000.0,2087000000.0,242000000.0,,,,,0.0,547000000.0,1.0,445000000.0,380000000.0,380000000.0,5.492,5050000000.0,0.0,72000000.0,0.0,13.289,1789000000.0
89,A,MRQ,1999-03-31,1999-04-30,1999-04-30,2021-09-01,,,,,,,,-87000000.0,,,1019000000.0,157000000.0,,,,,,,,111000000.0,,,0.0,242000000.0,353000000.0,0.176,353000000.0,242000000.0,242000000.0,0.41,0.41,0.41,,,,,,,77000000.0,0.203,1.0,991000000.0,0.493,,0.0,,,,,,,,,,,0.0,-12000000.0,0.0,0.0,0.0,-67000000.0,-97000000.0,0.0,164000000.0,,157000000.0,157000000.0,157000000.0,0.0,0.0,0.078,751000000.0,240000000.0,,0.0,,,,,0.0,,,,,,2010000000.0,2010000000.0,241000000.0,,,,,0.0,510000000.0,1.0,,380000000.0,380000000.0,5.289,,,85000000.0,,,
90,A,MRQ,1998-12-31,1999-01-31,1999-01-31,2021-09-01,,,,,,,,-78000000.0,,,974000000.0,74000000.0,,,,,,,,124000000.0,,,0.0,114000000.0,238000000.0,0.133,238000000.0,114000000.0,114000000.0,0.19,0.19,0.19,,,,,,,-19000000.0,-0.05,1.0,812000000.0,0.455,,0.0,,,,,,,,,,,0.0,39000000.0,0.0,0.0,0.0,-24000000.0,-35000000.0,0.0,59000000.0,,74000000.0,74000000.0,74000000.0,0.0,0.0,0.041,711000000.0,101000000.0,,0.0,,,,,0.0,,,,,,1786000000.0,1786000000.0,222000000.0,,,,,0.0,489000000.0,1.0,,380000000.0,380000000.0,4.7,,,40000000.0,,,
91,A,MRQ,1998-09-30,1998-10-31,1998-10-31,2021-09-01,0.0,4987000000.0,,3075000000.0,1912000000.0,,7.953,-68000000.0,0.0,0.0,1267000000.0,-51000000.0,1.923,0.65,0.0,0.0,0.0,0.0,205000000.0,145000000.0,0.0,,0.0,-79000000.0,66000000.0,0.033,66000000.0,-79000000.0,-79000000.0,-0.13,-0.13,-0.13,3022000000.0,,3022000000.0,,,,298000000.0,0.784,1.0,720000000.0,0.362,0.0,0.0,3388000000.0,,1485000000.0,0.0,0.0,0.0,1965000000.0,1599000000.0,366000000.0,,0.0,41000000.0,0.0,0.0,0.0,-342000000.0,-24000000.0,0.0,366000000.0,,-51000000.0,-51000000.0,-51000000.0,0.0,0.0,-0.026,767000000.0,-47000000.0,435000000.0,0.0,,,,1481000000.0,0.0,,,,1215000000.0,,1987000000.0,1987000000.0,249000000.0,,,,,0.0,518000000.0,1.0,,380000000.0,380000000.0,5.229,4987000000.0,0.0,-28000000.0,0.0,13.124,1476000000.0
92,A,MRQ,1998-06-30,1998-07-28,1998-07-28,2021-09-01,0.0,4987000000.0,,3075000000.0,1912000000.0,,,,0.0,0.0,,,1.923,0.65,0.0,0.0,0.0,0.0,205000000.0,,0.0,,0.0,,,,,,,,,,3022000000.0,,3022000000.0,,,,,,1.0,,,0.0,,3388000000.0,,1485000000.0,0.0,0.0,0.0,1965000000.0,1599000000.0,366000000.0,,,,,,,,,,,,,,,,,,,,435000000.0,,,,,1481000000.0,,,,,1215000000.0,,,,,,,,,,,1.0,,,,,4987000000.0,0.0,,0.0,,1476000000.0
93,A,MRQ,1997-06-30,1997-07-28,1997-07-28,2021-09-01,0.0,5006000000.0,,2931000000.0,2075000000.0,,,,0.0,0.0,,,1.924,0.61,0.0,0.0,0.0,0.0,157000000.0,,0.0,,0.0,,,,,,,,,,3110000000.0,,3110000000.0,,,,,,1.0,,,0.0,,3483000000.0,,1432000000.0,0.0,0.0,0.0,1896000000.0,1523000000.0,373000000.0,,,,,,,,,,,,,,,,,,,,495000000.0,,,,,1623000000.0,,,,,1234000000.0,,,,,,,,,,,1.0,,,,,5006000000.0,0.0,,0.0,,1408000000.0
0,A,MRT,2021-06-30,2021-07-31,2021-07-31,2021-09-01,-454000000.0,10491000000.0,10047500000.0,3632000000.0,6859000000.0,0.611,16.323,-153000000.0,1428000000.0,1428000000.0,2847000000.0,990000000.0,2.107,1.121,2858000000.0,130000000.0,2728000000.0,2858000000.0,443000000.0,313000000.0,0.0,0.005,0.762,1274000000.0,1587000000.0,0.258,1587000000.0,1274000000.0,1195000000.0,3.24,3.2,3.24,4946000000.0,4858250000.0,4946000000.0,48048605367.0,38.0,30.276,1268000000.0,4.185,1.0,3295000000.0,0.536,5008000000.0,79000000.0,5189000000.0,4929750000.0,818000000.0,204000000.0,0.0,204000000.0,5545000000.0,1724000000.0,3821000000.0,46496605367.0,71000000.0,-546000000.0,-846000000.0,514000000.0,-232000000.0,-641000000.0,-717000000.0,-17000000.0,1421000000.0,8000000.0,990000000.0,990000000.0,990000000.0,0.0,0.0,0.161,2044000000.0,1251000000.0,416000000.0,0.235,9.401,46.966,47.293,905000000.0,0.0,153.23,7.57,7.559,1122000000.0,90000000.0,6142000000.0,6142000000.0,427000000.0,0.099,0.204,0.258,0.207,108000000.0,1617000000.0,1.0,303443225.0,303000000.0,306000000.0,20.271,5483000000.0,0.0,205000000.0,0.0,18.096,1908000000.0
1,A,MRT,2021-03-31,2021-04-30,2021-04-30,2021-09-01,-452000000.0,10398000000.0,9811250000.0,3514000000.0,6884000000.0,0.593,15.822,-123000000.0,1380000000.0,1380000000.0,2705000000.0,925000000.0,1.999,1.162,2932000000.0,205000000.0,2727000000.0,2932000000.0,429000000.0,306000000.0,0.0,0.006,0.748,1164000000.0,1470000000.0,0.253,1470000000.0,1164000000.0,1087000000.0,3.01,2.98,3.01,4810000000.0,4867000000.0,4810000000.0,41889775905.0,36.0,28.496,1254000000.0,4.125,1.0,3112000000.0,0.535,5059000000.0,77000000.0,5133000000.0,4811250000.0,791000000.0,188000000.0,0.0,188000000.0,5588000000.0,1758000000.0,3830000000.0,40719775905.0,58000000.0,-547000000.0,-768000000.0,424000000.0,-229000000.0,-650000000.0,-688000000.0,-18000000.0,1377000000.0,19000000.0,925000000.0,925000000.0,925000000.0,0.0,0.0,0.159,1967000000.0,1145000000.0,423000000.0,0.249,8.466,44.021,44.399,884000000.0,0.0,133.64,7.0,6.984,1075000000.0,-12000000.0,5817000000.0,5817000000.0,406000000.0,0.094,0.19,0.242,0.2,105000000.0,1561000000.0,1.0,304697515.0,304000000.0,307000000.0,19.135,5339000000.0,0.0,162000000.0,0.0,17.562,1756000000.0
2,A,MRT,2020-12-31,2021-01-31,2021-01-31,2021-09-01,-469000000.0,9674000000.0,9575500000.0,3483000000.0,6191000000.0,0.578,15.699,-125000000.0,1329000000.0,1329000000.0,2578000000.0,810000000.0,2.065,1.014,2499000000.0,314000000.0,2185000000.0,2499000000.0,419000000.0,305000000.0,0.0,0.006,0.734,1012000000.0,1317000000.0,0.238,1317000000.0,1012000000.0,935000000.0,2.63,2.6,2.63,4804000000.0,4856500000.0,4804000000.0,37792107539.0,37.0,28.696,1093000000.0,3.572,1.0,2952000000.0,0.534,4405000000.0,77000000.0,4752000000.0,4570750000.0,755000000.0,165000000.0,0.0,165000000.0,4870000000.0,1687000000.0,3183000000.0,36874107539.0,104000000.0,0.0,-700000000.0,29000000.0,-225000000.0,-972000000.0,-154000000.0,-29000000.0,1218000000.0,12000000.0,810000000.0,810000000.0,810000000.0,0.0,0.0,0.146,1993000000.0,959000000.0,398000000.0,0.279,7.676,45.524,45.692,866000000.0,0.0,120.17,6.668,6.65,1087000000.0,4000000.0,5530000000.0,5530000000.0,494000000.0,0.085,0.167,0.221,0.183,96000000.0,1499000000.0,1.0,306849526.0,306000000.0,309000000.0,18.072,5269000000.0,0.0,125000000.0,0.0,17.219,1796000000.0
3,A,MRT,2020-09-30,2020-10-31,2020-10-31,2021-09-01,-522000000.0,9627000000.0,9532250000.0,3415000000.0,6212000000.0,0.56,15.77,-118000000.0,1441000000.0,1441000000.0,2502000000.0,719000000.0,2.328,0.976,2359000000.0,75000000.0,2284000000.0,2359000000.0,386000000.0,308000000.0,0.0,0.007,0.72,920000000.0,1228000000.0,0.23,1228000000.0,920000000.0,842000000.0,2.33,2.3,2.33,4873000000.0,4867500000.0,4873000000.0,32440330637.0,35.0,26.417,803000000.0,2.599,1.0,2837000000.0,0.531,4433000000.0,78000000.0,4645000000.0,4432000000.0,720000000.0,158000000.0,0.0,158000000.0,4754000000.0,1467000000.0,3287000000.0,31475330637.0,59000000.0,0.0,-409000000.0,-49000000.0,-222000000.0,-717000000.0,-147000000.0,-29000000.0,921000000.0,2000000.0,719000000.0,719000000.0,719000000.0,0.0,0.0,0.135,1991000000.0,846000000.0,354000000.0,0.309,6.459,43.777,43.815,845000000.0,0.0,102.09,5.895,5.909,1038000000.0,81000000.0,5339000000.0,5339000000.0,495000000.0,0.075,0.148,0.208,0.172,83000000.0,1496000000.0,1.0,308309635.0,309000000.0,312000000.0,17.278,5194000000.0,0.0,123000000.0,0.0,16.809,1948000000.0
4,A,MRT,2020-06-30,2020-07-31,2020-07-31,2021-09-01,-476000000.0,9546000000.0,9488500000.0,3245000000.0,6301000000.0,0.55,16.12,-121000000.0,1358000000.0,1358000000.0,2437000000.0,691000000.0,2.47,0.916,2323000000.0,40000000.0,2283000000.0,2323000000.0,397000000.0,308000000.0,0.0,0.007,0.704,870000000.0,1178000000.0,0.226,1178000000.0,870000000.0,790000000.0,2.24,2.22,2.24,4981000000.0,4836250000.0,4981000000.0,30908526557.0,36.0,26.238,737000000.0,2.385,1.0,2786000000.0,0.533,4482000000.0,80000000.0,4715000000.0,4195000000.0,746000000.0,148000000.0,0.0,148000000.0,4565000000.0,1314000000.0,3251000000.0,29744526557.0,-407000000.0,-1160000000.0,-210000000.0,512000000.0,-218000000.0,49000000.0,-1313000000.0,-32000000.0,858000000.0,-1000000.0,691000000.0,691000000.0,691000000.0,0.0,0.0,0.132,1989000000.0,797000000.0,311000000.0,0.314,5.972,43.046,43.004,846000000.0,0.0,96.33,5.695,5.699,930000000.0,130000000.0,5223000000.0,5223000000.0,495000000.0,0.073,0.143,0.207,0.167,78000000.0,1494000000.0,1.0,308777396.0,309000000.0,312000000.0,16.903,5064000000.0,0.0,99000000.0,0.0,16.388,1931000000.0
5,A,MRT,2020-03-31,2020-04-30,2020-04-30,2021-09-01,-538000000.0,9455000000.0,9258250000.0,3171000000.0,6284000000.0,0.566,15.43,-144000000.0,1324000000.0,1324000000.0,2427000000.0,683000000.0,1.63,0.983,2488000000.0,700000000.0,1788000000.0,2488000000.0,399000000.0,286000000.0,0.0,0.009,0.688,872000000.0,1158000000.0,0.221,1158000000.0,872000000.0,793000000.0,2.21,2.18,2.21,4768000000.0,4777750000.0,4768000000.0,24973873181.0,29.0,21.566,666000000.0,2.155,1.0,2809000000.0,0.536,4503000000.0,79000000.0,4171000000.0,3870750000.0,750000000.0,141000000.0,0.0,141000000.0,4687000000.0,1945000000.0,2742000000.0,23737873181.0,-832000000.0,-1160000000.0,-731000000.0,677000000.0,-213000000.0,-302000000.0,-1332000000.0,-27000000.0,810000000.0,-8000000.0,683000000.0,683000000.0,683000000.0,0.0,0.0,0.13,2017000000.0,792000000.0,333000000.0,0.311,4.979,34.755,34.688,836000000.0,0.0,76.66,4.534,4.524,886000000.0,15000000.0,5236000000.0,5236000000.0,504000000.0,0.074,0.143,0.225,0.167,76000000.0,1513000000.0,1.0,309651359.0,309000000.0,312000000.0,16.945,4952000000.0,0.0,110000000.0,0.0,16.026,1226000000.0
6,A,MRT,2019-12-31,2020-01-31,2020-01-31,2021-09-01,-521000000.0,9501000000.0,9150000000.0,3102000000.0,6399000000.0,0.572,15.639,-150000000.0,1226000000.0,1226000000.0,2415000000.0,764000000.0,1.64,0.96,2462000000.0,675000000.0,1787000000.0,2462000000.0,379000000.0,263000000.0,0.0,0.008,0.672,966000000.0,1229000000.0,0.235,1229000000.0,966000000.0,890000000.0,2.45,2.43,2.45,4848000000.0,4867000000.0,4848000000.0,26633742742.0,28.0,21.671,599000000.0,1.932,1.0,2821000000.0,0.539,4648000000.0,76000000.0,4197000000.0,3802250000.0,706000000.0,118000000.0,0.0,118000000.0,4653000000.0,1892000000.0,2761000000.0,25608742742.0,-832000000.0,-1160000000.0,-644000000.0,652000000.0,-210000000.0,-238000000.0,-1335000000.0,-24000000.0,749000000.0,-8000000.0,764000000.0,764000000.0,764000000.0,0.0,0.0,0.146,1915000000.0,906000000.0,329000000.0,0.274,5.282,33.519,33.698,844000000.0,0.0,82.56,4.891,4.888,966000000.0,73000000.0,5236000000.0,5236000000.0,406000000.0,0.083,0.157,0.254,0.184,75000000.0,1509000000.0,1.0,310183415.0,310000000.0,313000000.0,16.89,4853000000.0,0.0,126000000.0,0.0,15.655,1210000000.0
7,A,MRT,2019-09-30,2019-10-31,2019-10-31,2021-09-01,-514000000.0,9452000000.0,9012750000.0,3189000000.0,6263000000.0,0.573,15.121,-155000000.0,1382000000.0,1382000000.0,2358000000.0,1071000000.0,1.533,0.991,2407000000.0,616000000.0,1791000000.0,2407000000.0,336000000.0,238000000.0,0.0,0.009,0.656,993000000.0,1231000000.0,0.238,1231000000.0,993000000.0,919000000.0,3.41,3.37,3.41,4748000000.0,4914000000.0,4748000000.0,23475176608.0,24.0,19.07,866000000.0,2.758,1.0,2805000000.0,0.543,4700000000.0,74000000.0,3697000000.0,3727750000.0,679000000.0,102000000.0,0.0,102000000.0,4704000000.0,2080000000.0,2624000000.0,23442176608.0,-866000000.0,-1408000000.0,-669000000.0,596000000.0,-206000000.0,-299000000.0,-1590000000.0,-26000000.0,1021000000.0,2000000.0,1071000000.0,1071000000.0,1071000000.0,0.0,0.0,0.207,1864000000.0,941000000.0,354000000.0,0.192,4.937,21.888,22.214,850000000.0,0.0,75.75,4.54,4.607,930000000.0,-18000000.0,5163000000.0,5163000000.0,404000000.0,0.119,0.218,0.266,0.192,72000000.0,1460000000.0,1.0,309467678.0,314000000.0,318000000.0,16.443,4752000000.0,0.0,-152000000.0,0.0,15.134,1109000000.0
8,A,MRT,2019-06-30,2019-07-31,2019-07-31,2021-09-01,-404000000.0,8625000000.0,8785000000.0,3457000000.0,5168000000.0,0.579,15.215,-160000000.0,1765000000.0,1765000000.0,2314000000.0,1072000000.0,2.131,0.817,1798000000.0,504000000.0,1294000000.0,1798000000.0,344000000.0,218000000.0,0.0,0.009,0.641,1003000000.0,1221000000.0,0.24,1221000000.0,1003000000.0,932000000.0,3.36,3.34,3.36,4747000000.0,4868750000.0,4747000000.0,21576098562.0,22.0,17.671,919000000.0,2.946,1.0,2776000000.0,0.545,3618000000.0,71000000.0,3418000000.0,3668000000.0,660000000.0,99000000.0,0.0,99000000.0,3878000000.0,1622000000.0,2256000000.0,21933098562.0,-368000000.0,-327000000.0,-705000000.0,0.0,-202000000.0,-927000000.0,-511000000.0,-23000000.0,1079000000.0,-9000000.0,1072000000.0,1072000000.0,1072000000.0,0.0,0.0,0.211,1841000000.0,935000000.0,316000000.0,0.191,4.62,20.46,20.658,839000000.0,0.0,69.41,4.309,4.255,856000000.0,-122000000.0,5090000000.0,5090000000.0,406000000.0,0.122,0.22,0.273,0.197,71000000.0,1435000000.0,1.0,315993352.0,312000000.0,316000000.0,16.314,5007000000.0,0.0,-140000000.0,0.0,16.048,1835000000.0
9,A,MRT,2019-03-31,2019-04-30,2019-04-30,2021-09-01,-398000000.0,9022000000.0,8716000000.0,3812000000.0,5210000000.0,0.576,16.167,-146000000.0,2155000000.0,2155000000.0,2276000000.0,1117000000.0,3.41,0.76,1798000000.0,0.0,1798000000.0,1798000000.0,347000000.0,216000000.0,0.0,0.008,0.626,1023000000.0,1239000000.0,0.247,1239000000.0,1023000000.0,952000000.0,3.49,3.47,3.49,5125000000.0,4823000000.0,5125000000.0,24665995716.0,24.0,19.908,888000000.0,2.801,1.0,2743000000.0,0.547,3650000000.0,71000000.0,3897000000.0,3702250000.0,657000000.0,96000000.0,0.0,96000000.0,3897000000.0,1118000000.0,2779000000.0,24924995716.0,-857000000.0,-757000000.0,-401000000.0,-315000000.0,-199000000.0,-934000000.0,-933000000.0,-30000000.0,1034000000.0,-24000000.0,1117000000.0,1117000000.0,1117000000.0,0.0,0.0,0.223,1812000000.0,931000000.0,314000000.0,0.179,4.863,22.314,22.493,827000000.0,0.0,78.5,4.966,4.958,819000000.0,178000000.0,5019000000.0,5019000000.0,402000000.0,0.128,0.232,0.276,0.204,67000000.0,1410000000.0,1.0,317515869.0,317000000.0,321000000.0,15.833,5372000000.0,0.0,-165000000.0,0.0,16.946,2694000000.0
10,A,MRT,2018-12-31,2019-01-31,2019-01-31,2021-09-01,-381000000.0,8952000000.0,8656500000.0,3712000000.0,5240000000.0,0.576,15.836,-155000000.0,2057000000.0,2057000000.0,2270000000.0,1140000000.0,3.39,0.778,1798000000.0,0.0,1798000000.0,1798000000.0,346000000.0,213000000.0,0.0,0.008,0.611,1034000000.0,1247000000.0,0.25,1247000000.0,1034000000.0,961000000.0,3.56,3.53,3.56,5036000000.0,4695000000.0,5036000000.0,23776438757.0,23.0,19.067,930000000.0,2.925,1.0,2717000000.0,0.545,3699000000.0,73000000.0,3899000000.0,3625750000.0,653000000.0,77000000.0,0.0,77000000.0,3916000000.0,1095000000.0,2821000000.0,24224438757.0,-832000000.0,-758000000.0,-397000000.0,-345000000.0,-195000000.0,-956000000.0,-928000000.0,-15000000.0,1085000000.0,-33000000.0,1140000000.0,1140000000.0,1140000000.0,0.0,0.0,0.229,1792000000.0,925000000.0,315000000.0,0.172,4.81,21.25,21.362,829000000.0,0.0,76.05,4.858,4.849,833000000.0,90000000.0,4987000000.0,4987000000.0,395000000.0,0.132,0.243,0.285,0.207,63000000.0,1397000000.0,1.0,318533054.0,318000000.0,322000000.0,15.682,5253000000.0,0.0,-179000000.0,0.0,16.519,2617000000.0
11,A,MRT,2018-09-30,2018-10-31,2018-10-31,2021-09-01,-408000000.0,8541000000.0,8593000000.0,3848000000.0,4693000000.0,0.572,14.227,-176000000.0,2247000000.0,2247000000.0,2234000000.0,316000000.0,3.286,0.869,1799000000.0,0.0,1799000000.0,1799000000.0,324000000.0,210000000.0,0.0,0.009,0.596,1021000000.0,1231000000.0,0.251,1231000000.0,1021000000.0,946000000.0,0.98,0.97,0.98,4567000000.0,4566500000.0,4567000000.0,20321078950.0,20.0,16.508,911000000.0,2.838,1.0,2680000000.0,0.545,3464000000.0,75000000.0,3458000000.0,3556250000.0,638000000.0,68000000.0,0.0,68000000.0,3970000000.0,1171000000.0,2799000000.0,20653078950.0,-432000000.0,-516000000.0,-366000000.0,-210000000.0,-191000000.0,-797000000.0,-705000000.0,-13000000.0,1087000000.0,-17000000.0,316000000.0,316000000.0,316000000.0,0.0,0.0,0.064,1776000000.0,904000000.0,340000000.0,0.608,4.522,65.358,66.112,822000000.0,0.0,64.79,4.203,4.232,776000000.0,-336000000.0,4914000000.0,4914000000.0,387000000.0,0.037,0.069,0.287,0.208,70000000.0,1389000000.0,1.0,318769547.0,321000000.0,325000000.0,15.308,5077000000.0,0.0,630000000.0,0.0,15.816,2677000000.0
12,A,MRT,2018-06-30,2018-07-31,2018-07-31,2021-09-01,-335000000.0,8349000000.0,8564250000.0,3667000000.0,4682000000.0,0.562,14.262,-199000000.0,2131000000.0,2131000000.0,2200000000.0,298000000.0,3.616,0.828,1799000000.0,0.0,1799000000.0,1799000000.0,328000000.0,206000000.0,0.0,0.009,0.579,1005000000.0,1211000000.0,0.252,1211000000.0,1005000000.0,928000000.0,0.94,0.91,0.94,4564000000.0,4632500000.0,4564000000.0,20233638401.0,20.0,16.708,804000000.0,2.513,1.0,2609000000.0,0.543,3448000000.0,77000000.0,3555000000.0,3573750000.0,623000000.0,70000000.0,0.0,70000000.0,3781000000.0,1014000000.0,2767000000.0,21129638401.0,-156000000.0,-437000000.0,-275000000.0,-280000000.0,-187000000.0,-772000000.0,-650000000.0,-14000000.0,1003000000.0,-11000000.0,298000000.0,298000000.0,298000000.0,0.0,0.0,0.062,1750000000.0,859000000.0,273000000.0,0.616,4.63,70.905,70.255,801000000.0,0.0,66.04,4.394,4.394,733000000.0,-416000000.0,4809000000.0,4809000000.0,374000000.0,0.035,0.064,0.281,0.209,68000000.0,1376000000.0,1.0,319952126.0,320000000.0,324000000.0,15.028,4901000000.0,0.0,630000000.0,0.0,15.316,2653000000.0
13,A,MRT,2018-03-31,2018-04-30,2018-04-30,2021-09-01,-310000000.0,8784000000.0,8542250000.0,4525000000.0,4259000000.0,0.553,14.326,-209000000.0,3011000000.0,3011000000.0,2174000000.0,237000000.0,3.315,0.903,2115000000.0,315000000.0,1800000000.0,2115000000.0,333000000.0,204000000.0,0.0,0.009,0.562,957000000.0,1161000000.0,0.246,1161000000.0,957000000.0,879000000.0,0.75,0.72,0.75,4613000000.0,4643500000.0,4613000000.0,20457610303.0,21.0,17.621,825000000.0,2.562,1.0,2546000000.0,0.539,2932000000.0,78000000.0,3591000000.0,3572750000.0,594000000.0,139000000.0,0.0,139000000.0,4167000000.0,1365000000.0,2802000000.0,21199610303.0,723000000.0,-64000000.0,-17000000.0,74000000.0,-181000000.0,-154000000.0,-278000000.0,-5000000.0,1034000000.0,21000000.0,237000000.0,237000000.0,237000000.0,0.0,0.0,0.05,1707000000.0,839000000.0,271000000.0,0.749,4.596,89.45,87.653,798000000.0,0.0,65.74,4.491,4.485,754000000.0,-412000000.0,4720000000.0,4720000000.0,364000000.0,0.028,0.051,0.268,0.203,68000000.0,1343000000.0,1.0,322476579.0,322000000.0,326000000.0,14.658,5852000000.0,0.0,642000000.0,0.0,18.174,3160000000.0
14,A,MRT,2017-12-31,2018-01-31,2018-01-31,2021-09-01,-269000000.0,8698000000.0,8350250000.0,4397000000.0,4301000000.0,0.553,14.0,-204000000.0,2887000000.0,2887000000.0,2121000000.0,196000000.0,3.231,0.923,2145000000.0,345000000.0,1800000000.0,2145000000.0,321000000.0,208000000.0,0.0,0.007,0.545,922000000.0,1130000000.0,0.245,1130000000.0,922000000.0,843000000.0,0.62,0.59,0.62,4522000000.0,4583250000.0,4522000000.0,23052213723.0,25.0,20.4,784000000.0,2.427,1.0,2495000000.0,0.541,2974000000.0,79000000.0,3621000000.0,3560500000.0,608000000.0,140000000.0,0.0,140000000.0,4172000000.0,1361000000.0,2811000000.0,23719213723.0,649000000.0,-63000000.0,-57000000.0,156000000.0,-176000000.0,-107000000.0,-270000000.0,-3000000.0,988000000.0,38000000.0,196000000.0,196000000.0,196000000.0,0.0,0.0,0.042,1665000000.0,830000000.0,292000000.0,0.879,5.245,121.016,118.435,792000000.0,0.0,73.43,5.138,5.138,751000000.0,-529000000.0,4616000000.0,4616000000.0,356000000.0,0.023,0.043,0.259,0.2,71000000.0,1309000000.0,1.0,323018027.0,323000000.0,323000000.0,14.291,5724000000.0,0.0,647000000.0,0.0,17.721,3036000000.0
15,A,MRT,2017-09-30,2017-10-31,2017-10-31,2021-09-01,-346000000.0,8426000000.0,8143750000.0,4169000000.0,4257000000.0,0.549,15.003,-176000000.0,2678000000.0,2678000000.0,2073000000.0,684000000.0,3.301,0.743,2011000000.0,210000000.0,1801000000.0,2011000000.0,291000000.0,212000000.0,0.0,0.008,0.528,882000000.0,1094000000.0,0.245,1094000000.0,882000000.0,803000000.0,2.12,2.1,2.12,4831000000.0,4527000000.0,4831000000.0,21411959044.0,24.0,19.572,713000000.0,2.214,1.0,2399000000.0,0.536,2968000000.0,79000000.0,3528000000.0,3545250000.0,575000000.0,138000000.0,0.0,138000000.0,3591000000.0,1263000000.0,2328000000.0,21893959044.0,391000000.0,-126000000.0,-128000000.0,110000000.0,-170000000.0,-202000000.0,-304000000.0,-2000000.0,889000000.0,8000000.0,684000000.0,684000000.0,684000000.0,0.0,0.0,0.153,1592000000.0,807000000.0,305000000.0,0.249,4.532,32.009,32.09,757000000.0,0.0,68.03,4.896,4.898,724000000.0,-126000000.0,4472000000.0,4472000000.0,341000000.0,0.084,0.151,0.249,0.197,60000000.0,1251000000.0,1.0,321828003.0,322000000.0,326000000.0,13.888,5458000000.0,0.0,119000000.0,0.0,16.95,2906000000.0
16,A,MRT,2017-06-30,2017-07-31,2017-07-31,2021-09-01,-417000000.0,8261000000.0,7985750000.0,3996000000.0,4265000000.0,0.55,14.355,-170000000.0,2563000000.0,2563000000.0,2044000000.0,633000000.0,3.22,0.792,2081000000.0,280000000.0,1801000000.0,2081000000.0,301000000.0,216000000.0,0.0,0.009,0.511,806000000.0,1022000000.0,0.233,1022000000.0,806000000.0,728000000.0,1.97,1.94,1.97,4608000000.0,4380000000.0,4608000000.0,18866765717.0,23.0,18.461,665000000.0,2.072,1.0,2350000000.0,0.535,2987000000.0,78000000.0,3551000000.0,3546000000.0,566000000.0,137000000.0,0.0,137000000.0,3650000000.0,1241000000.0,2409000000.0,19212765717.0,41000000.0,-152000000.0,-179000000.0,205000000.0,-165000000.0,-152000000.0,-323000000.0,244000000.0,835000000.0,4000000.0,633000000.0,633000000.0,633000000.0,0.0,0.0,0.144,1559000000.0,791000000.0,289000000.0,0.259,4.169,30.352,30.35,716000000.0,0.0,59.79,4.373,4.368,678000000.0,-260000000.0,4394000000.0,4394000000.0,334000000.0,0.079,0.145,0.227,0.183,59000000.0,1225000000.0,1.0,321337443.0,321000000.0,326000000.0,13.688,5274000000.0,0.0,95000000.0,0.0,16.43,2755000000.0
17,A,MRT,2017-03-31,2017-04-30,2017-04-30,2021-09-01,-477000000.0,8016000000.0,7854000000.0,3800000000.0,4216000000.0,0.551,13.62,-151000000.0,2389000000.0,2389000000.0,2028000000.0,582000000.0,3.201,0.833,2043000000.0,241000000.0,1802000000.0,2043000000.0,301000000.0,225000000.0,0.0,0.009,0.494,745000000.0,970000000.0,0.224,970000000.0,745000000.0,669000000.0,1.8,1.78,1.8,4372000000.0,4313750000.0,4372000000.0,17493664820.0,23.0,18.035,650000000.0,2.025,1.0,2296000000.0,0.531,2941000000.0,76000000.0,3542000000.0,3484250000.0,548000000.0,134000000.0,0.0,134000000.0,3641000000.0,1187000000.0,2454000000.0,17742664820.0,41000000.0,-95000000.0,-278000000.0,166000000.0,-160000000.0,-286000000.0,-246000000.0,245000000.0,801000000.0,-19000000.0,582000000.0,582000000.0,582000000.0,0.0,0.0,0.135,1560000000.0,736000000.0,265000000.0,0.274,4.058,30.486,30.583,675000000.0,0.0,55.05,4.103,4.087,677000000.0,-393000000.0,4324000000.0,4324000000.0,333000000.0,0.074,0.135,0.214,0.172,57000000.0,1227000000.0,1.0,322300905.0,321000000.0,325000000.0,13.47,5075000000.0,0.0,87000000.0,0.0,15.81,2613000000.0
18,A,MRT,2016-12-31,2017-01-31,2017-01-31,2021-09-01,-489000000.0,7872000000.0,7760000000.0,3635000000.0,4237000000.0,0.547,13.345,-133000000.0,2241000000.0,2241000000.0,2007000000.0,509000000.0,3.338,0.831,1992000000.0,190000000.0,1802000000.0,1992000000.0,299000000.0,235000000.0,0.0,0.01,0.477,669000000.0,904000000.0,0.213,904000000.0,669000000.0,595000000.0,1.57,1.56,1.57,4297000000.0,4261250000.0,4297000000.0,15378993733.0,23.0,17.012,665000000.0,2.065,1.0,2234000000.0,0.527,2974000000.0,74000000.0,3560000000.0,3401500000.0,551000000.0,133000000.0,0.0,133000000.0,3572000000.0,1089000000.0,2483000000.0,15755993733.0,-7000000.0,-95000000.0,-289000000.0,269000000.0,-154000000.0,-187000000.0,-311000000.0,162000000.0,798000000.0,10000000.0,509000000.0,509000000.0,509000000.0,0.0,0.0,0.12,1568000000.0,666000000.0,268000000.0,0.304,3.667,30.955,31.191,653000000.0,0.0,48.97,3.715,3.718,653000000.0,-453000000.0,4241000000.0,4241000000.0,330000000.0,0.066,0.119,0.197,0.158,55000000.0,1238000000.0,1.0,321747881.0,322000000.0,326000000.0,13.171,4898000000.0,0.0,86000000.0,0.0,15.211,2546000000.0
19,A,MRT,2016-09-30,2016-10-31,2016-10-31,2021-09-01,-503000000.0,7794000000.0,7617500000.0,3635000000.0,4159000000.0,0.552,13.015,-139000000.0,2289000000.0,2289000000.0,2005000000.0,462000000.0,3.847,0.836,1904000000.0,0.0,1904000000.0,1904000000.0,269000000.0,246000000.0,0.0,0.011,0.46,616000000.0,862000000.0,0.205,862000000.0,616000000.0,544000000.0,1.42,1.4,1.42,4243000000.0,4198250000.0,4243000000.0,13821443775.0,22.0,16.034,654000000.0,2.006,1.0,2197000000.0,0.523,2933000000.0,72000000.0,3531000000.0,3303000000.0,533000000.0,135000000.0,0.0,135000000.0,3548000000.0,945000000.0,2603000000.0,14133443775.0,286000000.0,-261000000.0,-372000000.0,260000000.0,-150000000.0,-268000000.0,-238000000.0,162000000.0,793000000.0,-1000000.0,462000000.0,462000000.0,462000000.0,0.0,0.0,0.11,1582000000.0,615000000.0,257000000.0,0.324,3.331,30.592,30.683,639000000.0,0.0,43.57,3.364,3.38,631000000.0,6089000000.0,4202000000.0,4202000000.0,329000000.0,0.061,0.11,0.186,0.147,58000000.0,1253000000.0,1.0,324384755.0,326000000.0,329000000.0,12.89,4861000000.0,0.0,82000000.0,0.0,14.911,2690000000.0
20,A,MRT,2016-06-30,2016-07-31,2016-07-31,2021-09-01,-345000000.0,7734000000.0,7538750000.0,3530000000.0,4204000000.0,0.547,13.363,-113000000.0,2199000000.0,2199000000.0,1982000000.0,476000000.0,3.067,0.78,1887000000.0,235000000.0,1652000000.0,1887000000.0,279000000.0,250000000.0,0.0,0.009,0.445,605000000.0,855000000.0,0.207,855000000.0,605000000.0,536000000.0,1.45,1.44,1.45,4343000000.0,4179250000.0,4343000000.0,15410848987.0,25.0,18.024,687000000.0,2.114,1.0,2144000000.0,0.52,2967000000.0,69000000.0,3304000000.0,3195750000.0,543000000.0,155000000.0,0.0,155000000.0,3388000000.0,1151000000.0,2237000000.0,15660848987.0,-781000000.0,-243000000.0,-328000000.0,235000000.0,-145000000.0,-245000000.0,-435000000.0,-323000000.0,800000000.0,4000000.0,476000000.0,476000000.0,476000000.0,0.0,0.0,0.115,1556000000.0,588000000.0,261000000.0,0.307,3.606,32.901,33.179,623000000.0,0.0,48.11,3.796,3.79,590000000.0,6000000000.0,4126000000.0,4126000000.0,327000000.0,0.063,0.114,0.189,0.147,58000000.0,1229000000.0,1.0,325521700.0,325000000.0,328000000.0,12.695,4767000000.0,0.0,60000000.0,0.0,14.668,2379000000.0
21,A,MRT,2016-03-31,2016-04-30,2016-04-30,2021-09-01,-299000000.0,7640000000.0,7418000000.0,3488000000.0,4152000000.0,0.552,12.767,-108000000.0,2139000000.0,2139000000.0,1981000000.0,463000000.0,3.079,0.835,1889000000.0,235000000.0,1654000000.0,1889000000.0,279000000.0,252000000.0,0.0,0.011,0.43,597000000.0,849000000.0,0.207,849000000.0,597000000.0,528000000.0,1.4,1.39,1.4,4162000000.0,4119250000.0,4162000000.0,13214351715.0,22.0,15.565,606000000.0,1.859,1.0,2115000000.0,0.516,3046000000.0,69000000.0,3211000000.0,3151750000.0,555000000.0,157000000.0,0.0,157000000.0,3475000000.0,1133000000.0,2342000000.0,13412351715.0,-781000000.0,-309000000.0,-343000000.0,235000000.0,-141000000.0,-267000000.0,-498000000.0,-325000000.0,714000000.0,-7000000.0,463000000.0,463000000.0,463000000.0,2000000.0,0.0,0.113,1529000000.0,586000000.0,220000000.0,0.307,3.223,28.968,29.229,610000000.0,0.0,40.92,3.274,3.257,602000000.0,5720000000.0,4096000000.0,4096000000.0,320000000.0,0.062,0.112,0.189,0.146,57000000.0,1209000000.0,1.0,327770081.0,326000000.0,328000000.0,12.564,4594000000.0,0.0,65000000.0,0.0,14.092,2355000000.0
22,A,MRT,2015-12-31,2016-01-31,2016-01-31,2021-09-01,-438000000.0,7302000000.0,7361000000.0,3399000000.0,3903000000.0,0.549,12.295,-92000000.0,1931000000.0,1931000000.0,1975000000.0,459000000.0,3.589,0.804,1733000000.0,80000000.0,1653000000.0,1733000000.0,277000000.0,251000000.0,0.0,0.011,0.415,570000000.0,821000000.0,0.203,821000000.0,570000000.0,502000000.0,1.38,1.37,1.38,4045000000.0,4118250000.0,4045000000.0,11916234008.0,21.0,14.514,551000000.0,1.675,1.0,2065000000.0,0.511,2991000000.0,68000000.0,3166000000.0,3120000000.0,554000000.0,76000000.0,0.0,76000000.0,3254000000.0,947000000.0,2307000000.0,12506234008.0,-781000000.0,-307000000.0,-387000000.0,80000000.0,-137000000.0,-400000000.0,-397000000.0,-242000000.0,643000000.0,-33000000.0,459000000.0,459000000.0,459000000.0,7000000.0,0.0,0.114,1503000000.0,562000000.0,250000000.0,0.301,3.092,27.247,27.283,594000000.0,0.0,37.65,3.096,3.066,617000000.0,5666000000.0,4040000000.0,4040000000.0,320000000.0,0.062,0.111,0.183,0.141,55000000.0,1183000000.0,1.0,332170890.0,329000000.0,332000000.0,12.28,4311000000.0,0.0,43000000.0,0.0,13.103,2452000000.0
23,A,MRT,2015-09-30,2015-10-31,2015-10-31,2021-09-01,-391000000.0,7479000000.0,7415250000.0,3686000000.0,3793000000.0,0.545,12.514,-86000000.0,2245000000.0,2245000000.0,1997000000.0,401000000.0,3.777,0.794,1655000000.0,0.0,1655000000.0,1655000000.0,258000000.0,253000000.0,0.0,0.011,0.4,509000000.0,762000000.0,0.189,762000000.0,509000000.0,443000000.0,1.2,1.2,1.2,4167000000.0,4166250000.0,4167000000.0,12093786003.0,24.0,15.871,426000000.0,1.279,1.0,2041000000.0,0.505,2811000000.0,66000000.0,3102000000.0,3133500000.0,541000000.0,86000000.0,0.0,86000000.0,3309000000.0,976000000.0,2333000000.0,12513786003.0,-1025000000.0,-72000000.0,-209000000.0,0.0,-133000000.0,-1089000000.0,-400000000.0,-242000000.0,512000000.0,-48000000.0,401000000.0,401000000.0,401000000.0,37000000.0,0.0,0.099,1519000000.0,522000000.0,279000000.0,0.333,3.003,31.206,31.467,604000000.0,0.0,37.76,3.099,3.114,606000000.0,5581000000.0,4038000000.0,4038000000.0,330000000.0,0.054,0.096,0.162,0.126,54000000.0,1189000000.0,1.0,331403231.0,333000000.0,335000000.0,12.126,4668000000.0,0.0,42000000.0,0.0,14.018,2710000000.0
24,A,MRT,2015-06-30,2015-07-31,2015-07-31,2021-09-01,-332000000.0,7251000000.0,8249250000.0,3478000000.0,3773000000.0,0.49,12.358,-103000000.0,2075000000.0,2075000000.0,2061000000.0,329000000.0,4.077,0.767,1655000000.0,0.0,1655000000.0,1655000000.0,265000000.0,286000000.0,0.0,0.011,0.432,411000000.0,697000000.0,0.172,697000000.0,411000000.0,338000000.0,0.99,0.98,0.99,4103000000.0,4449750000.0,4103000000.0,13103202203.0,32.0,18.799,352000000.0,1.06,1.0,1985000000.0,0.491,2850000000.0,73000000.0,3128000000.0,3711000000.0,545000000.0,88000000.0,0.0,88000000.0,3145000000.0,853000000.0,2292000000.0,13644202203.0,353000000.0,-74000000.0,-158000000.0,555000000.0,-144000000.0,-515000000.0,-183000000.0,-6000000.0,455000000.0,-73000000.0,329000000.0,329000000.0,329000000.0,-23000000.0,0.0,0.081,1549000000.0,436000000.0,248000000.0,0.436,3.325,41.472,41.364,587000000.0,0.0,40.95,3.372,3.36,584000000.0,5474000000.0,4046000000.0,4046000000.0,345000000.0,0.04,0.074,0.111,0.102,65000000.0,1204000000.0,1.0,333191751.0,332000000.0,334000000.0,12.187,4401000000.0,0.0,9000000.0,0.0,13.256,2625000000.0
25,A,MRT,2015-03-31,2015-04-30,2015-04-30,2021-09-01,-270000000.0,7412000000.0,9031500000.0,3620000000.0,3792000000.0,0.447,12.449,-136000000.0,2197000000.0,2197000000.0,2067000000.0,365000000.0,3.892,0.782,1656000000.0,0.0,1656000000.0,1656000000.0,271000000.0,322000000.0,0.0,0.011,0.464,465000000.0,787000000.0,0.195,787000000.0,465000000.0,381000000.0,1.1,1.08,1.1,4158000000.0,4833250000.0,4158000000.0,13432471987.0,29.0,17.068,239000000.0,0.716,1.0,1974000000.0,0.488,2857000000.0,84000000.0,3084000000.0,4143000000.0,556000000.0,91000000.0,0.0,91000000.0,3251000000.0,930000000.0,2321000000.0,13892471987.0,354000000.0,-32000000.0,-85000000.0,90000000.0,-155000000.0,-906000000.0,-166000000.0,1000000.0,375000000.0,-56000000.0,365000000.0,365000000.0,365000000.0,-109000000.0,0.0,0.09,1551000000.0,423000000.0,261000000.0,0.422,3.341,38.062,37.609,593000000.0,0.0,41.37,3.438,3.419,576000000.0,5397000000.0,4041000000.0,4041000000.0,352000000.0,0.04,0.076,0.112,0.115,74000000.0,1199000000.0,1.0,335810297.0,334000000.0,337000000.0,12.099,4555000000.0,0.0,16000000.0,0.0,13.638,2690000000.0
26,A,MRT,2014-12-31,2015-01-31,2015-01-31,2021-09-01,-261000000.0,7519000000.0,9935000000.0,3654000000.0,3865000000.0,0.409,12.61,-178000000.0,2118000000.0,2118000000.0,2087000000.0,417000000.0,3.938,0.774,1658000000.0,0.0,1658000000.0,1658000000.0,278000000.0,356000000.0,0.0,0.013,0.496,555000000.0,911000000.0,0.224,911000000.0,555000000.0,458000000.0,1.26,1.23,1.26,4237000000.0,5200250000.0,4237000000.0,12399104462.0,22.0,13.61,339000000.0,1.009,1.0,1979000000.0,0.487,2911000000.0,97000000.0,3220000000.0,4661500000.0,560000000.0,90000000.0,0.0,90000000.0,3279000000.0,928000000.0,2351000000.0,12665104462.0,354000000.0,-34000000.0,17000000.0,90000000.0,-166000000.0,-877000000.0,-214000000.0,-3000000.0,517000000.0,-50000000.0,417000000.0,417000000.0,417000000.0,-213000000.0,0.0,0.103,1569000000.0,410000000.0,257000000.0,0.394,2.989,30.372,29.976,610000000.0,0.0,37.77,3.115,3.121,615000000.0,5348000000.0,4066000000.0,4066000000.0,358000000.0,0.042,0.08,0.119,0.136,85000000.0,1211000000.0,1.0,335321802.0,336000000.0,338000000.0,12.101,4608000000.0,0.0,41000000.0,0.0,13.714,2726000000.0
27,A,MRT,2014-09-30,2014-10-31,2014-10-31,2021-09-01,-334000000.0,10815000000.0,10714750000.0,5509000000.0,5306000000.0,0.378,15.919,-191000000.0,2218000000.0,2218000000.0,2072000000.0,549000000.0,3.256,1.04,1663000000.0,0.0,1663000000.0,1663000000.0,260000000.0,384000000.0,0.0,0.01,0.528,656000000.0,1040000000.0,0.257,1040000000.0,656000000.0,546000000.0,1.65,1.62,1.65,5301000000.0,5502000000.0,5301000000.0,18261584157.0,28.0,17.559,540000000.0,1.622,1.0,1976000000.0,0.488,3156000000.0,110000000.0,5412000000.0,5148000000.0,574000000.0,96000000.0,0.0,96000000.0,5511000000.0,1692000000.0,3819000000.0,18436584157.0,353000000.0,-36000000.0,-12000000.0,90000000.0,-176000000.0,-117000000.0,-230000000.0,-3000000.0,731000000.0,-31000000.0,549000000.0,549000000.0,549000000.0,-317000000.0,0.0,0.136,1557000000.0,419000000.0,302000000.0,0.32,3.478,33.582,33.503,631000000.0,0.0,55.28,4.554,4.547,626000000.0,6469000000.0,4048000000.0,4048000000.0,358000000.0,0.051,0.1,0.127,0.162,96000000.0,1199000000.0,1.0,333512738.0,333000000.0,338000000.0,12.156,7659000000.0,0.0,-3000000.0,0.0,23.0,3817000000.0
28,A,MRT,2014-06-30,2014-07-31,2014-07-31,2021-09-01,53000000.0,10380000000.0,10682500000.0,4834000000.0,5546000000.0,0.172,16.877,-180000000.0,2391000000.0,2391000000.0,1058000000.0,702000000.0,3.061,0.841,2216000000.0,35000000.0,2181000000.0,2216000000.0,447000000.0,386000000.0,0.0,0.009,0.516,822000000.0,1208000000.0,0.658,1208000000.0,822000000.0,705000000.0,2.11,2.08,2.11,5637000000.0,5498250000.0,5637000000.0,18435604330.0,22.0,15.261,744000000.0,2.228,1.0,777000000.0,0.423,3770000000.0,117000000.0,4856000000.0,5081250000.0,1099000000.0,164000000.0,0.0,164000000.0,4740000000.0,1579000000.0,3161000000.0,18692604330.0,325000000.0,-36000000.0,-19000000.0,-465000000.0,-171000000.0,-652000000.0,-223000000.0,-8000000.0,924000000.0,12000000.0,702000000.0,702000000.0,702000000.0,-766000000.0,0.0,0.383,708000000.0,69000000.0,402000000.0,0.245,3.316,26.628,26.583,1142000000.0,0.0,56.09,10.187,10.209,891000000.0,6487000000.0,1835000000.0,1835000000.0,67000000.0,0.066,0.128,0.162,0.448,93000000.0,641000000.0,1.0,333260908.0,334000000.0,338000000.0,5.494,6610000000.0,0.0,3000000.0,0.0,19.79,3255000000.0
29,A,MRT,2014-03-31,2014-04-30,2014-04-30,2021-09-01,132000000.0,11026000000.0,10657000000.0,5377000000.0,5649000000.0,0.233,16.895,-181000000.0,2950000000.0,2950000000.0,1347000000.0,723000000.0,3.128,0.959,2693000000.0,0.0,2693000000.0,2693000000.0,470000000.0,379000000.0,0.0,0.009,0.504,864000000.0,1243000000.0,0.502,1243000000.0,864000000.0,748000000.0,2.17,2.14,2.17,5626000000.0,5285750000.0,5626000000.0,17971045117.0,21.0,14.458,930000000.0,2.793,1.0,1131000000.0,0.456,3892000000.0,116000000.0,5158000000.0,5157000000.0,1100000000.0,133000000.0,0.0,133000000.0,5397000000.0,1719000000.0,3678000000.0,18018045117.0,156000000.0,-13000000.0,-643000000.0,342000000.0,-168000000.0,-466000000.0,-207000000.0,-13000000.0,1111000000.0,-7000000.0,723000000.0,723000000.0,723000000.0,-682000000.0,0.0,0.292,957000000.0,174000000.0,481000000.0,0.232,3.203,24.921,24.903,1139000000.0,0.0,54.04,7.271,7.262,903000000.0,6384000000.0,2478000000.0,2478000000.0,152000000.0,0.068,0.137,0.168,0.349,91000000.0,805000000.0,1.0,333420524.0,333000000.0,337000000.0,7.441,7134000000.0,0.0,25000000.0,0.0,21.423,3658000000.0
30,A,MRT,2013-12-31,2014-01-31,2014-01-31,2021-09-01,36000000.0,10638000000.0,10547250000.0,5073000000.0,5565000000.0,0.305,16.348,-180000000.0,2742000000.0,2742000000.0,1685000000.0,750000000.0,3.275,0.954,2695000000.0,0.0,2695000000.0,2695000000.0,459000000.0,374000000.0,0.0,0.008,0.492,889000000.0,1263000000.0,0.392,1263000000.0,889000000.0,778000000.0,2.23,2.21,2.23,5444000000.0,5205500000.0,5444000000.0,19318664275.0,22.0,15.296,921000000.0,2.766,1.0,1537000000.0,0.477,3876000000.0,111000000.0,5166000000.0,4996250000.0,1088000000.0,129000000.0,0.0,129000000.0,5191000000.0,1549000000.0,3642000000.0,19294664275.0,225000000.0,-34000000.0,-739000000.0,342000000.0,-165000000.0,-559000000.0,-223000000.0,-9000000.0,1101000000.0,-27000000.0,750000000.0,750000000.0,750000000.0,-583000000.0,0.0,0.233,1244000000.0,293000000.0,430000000.0,0.221,3.544,25.726,26.076,1129000000.0,0.0,58.15,5.988,6.01,849000000.0,6289000000.0,3222000000.0,3222000000.0,246000000.0,0.071,0.144,0.178,0.276,87000000.0,998000000.0,1.0,331808500.0,333000000.0,338000000.0,9.676,6762000000.0,0.0,28000000.0,0.0,20.306,3524000000.0
31,A,MRT,2013-09-30,2013-10-31,2013-10-31,2021-09-01,91000000.0,10686000000.0,10551000000.0,4983000000.0,5703000000.0,0.369,15.501,-193000000.0,2675000000.0,2675000000.0,1987000000.0,734000000.0,3.11,1.021,2699000000.0,0.0,2699000000.0,2699000000.0,439000000.0,372000000.0,0.0,0.009,0.46,909000000.0,1281000000.0,0.329,1281000000.0,909000000.0,802000000.0,2.15,2.13,2.15,5286000000.0,5181500000.0,5286000000.0,17162000956.0,19.0,13.397,959000000.0,2.812,1.0,1907000000.0,0.49,3963000000.0,107000000.0,5145000000.0,4849250000.0,1066000000.0,139000000.0,0.0,139000000.0,5397000000.0,1602000000.0,3795000000.0,16791000956.0,324000000.0,-42000000.0,-739000000.0,342000000.0,-156000000.0,-554000000.0,-248000000.0,-13000000.0,1152000000.0,-26000000.0,734000000.0,734000000.0,734000000.0,-509000000.0,0.0,0.188,1521000000.0,386000000.0,432000000.0,0.214,3.177,22.876,23.609,1134000000.0,0.0,50.76,4.312,4.445,899000000.0,6073000000.0,3894000000.0,3894000000.0,337000000.0,0.07,0.142,0.187,0.233,83000000.0,1184000000.0,1.0,330791981.0,341000000.0,345000000.0,11.419,6723000000.0,0.0,68000000.0,0.0,19.716,3381000000.0
32,A,MRT,2013-06-30,2013-07-31,2013-07-31,2021-09-01,-173000000.0,10278000000.0,10513500000.0,4584000000.0,5694000000.0,0.65,14.121,-223000000.0,2330000000.0,2330000000.0,3282000000.0,938000000.0,2.957,1.146,2701000000.0,0.0,2701000000.0,2701000000.0,463000000.0,371000000.0,0.0,0.01,0.44,964000000.0,1335000000.0,0.195,1335000000.0,964000000.0,861000000.0,2.72,2.69,2.72,4787000000.0,5155500000.0,4787000000.0,15245412777.0,16.0,11.42,1037000000.0,3.059,1.0,3549000000.0,0.52,3940000000.0,103000000.0,5159000000.0,4698750000.0,1054000000.0,124000000.0,0.0,124000000.0,5488000000.0,1550000000.0,3938000000.0,15408412777.0,428000000.0,-62000000.0,-868000000.0,488000000.0,-151000000.0,-532000000.0,-289000000.0,-4000000.0,1260000000.0,-32000000.0,938000000.0,938000000.0,938000000.0,0.0,0.0,0.137,2605000000.0,944000000.0,407000000.0,0.162,3.219,16.427,16.445,1139000000.0,0.0,44.73,2.256,2.22,875000000.0,5901000000.0,6831000000.0,6831000000.0,709000000.0,0.089,0.182,0.205,0.141,79000000.0,1896000000.0,1.0,344476029.0,339000000.0,343000000.0,20.15,6338000000.0,0.0,-77000000.0,0.0,18.696,3034000000.0
33,A,MRT,2013-03-31,2013-04-30,2013-04-30,2021-09-01,-145000000.0,10587000000.0,10383250000.0,4818000000.0,5769000000.0,0.665,15.377,-219000000.0,2519000000.0,2519000000.0,3319000000.0,1013000000.0,2.525,0.995,2356000000.0,250000000.0,2106000000.0,2356000000.0,459000000.0,364000000.0,0.0,0.01,0.42,987000000.0,1351000000.0,0.196,1351000000.0,987000000.0,887000000.0,2.92,2.89,2.92,5305000000.0,5176250000.0,5305000000.0,14297280605.0,14.0,10.583,1066000000.0,3.09,1.0,3583000000.0,0.519,4001000000.0,100000000.0,4515000000.0,4389750000.0,1042000000.0,120000000.0,0.0,120000000.0,5279000000.0,1908000000.0,3371000000.0,14386280605.0,-1377000000.0,-2212000000.0,-206000000.0,145000000.0,-145000000.0,-207000000.0,-2435000000.0,-4000000.0,1285000000.0,-20000000.0,1013000000.0,1013000000.0,1013000000.0,0.0,0.0,0.147,2605000000.0,978000000.0,448000000.0,0.144,2.712,14.202,14.192,1147000000.0,0.0,41.44,2.084,2.071,916000000.0,5774000000.0,6902000000.0,6902000000.0,700000000.0,0.098,0.196,0.225,0.143,78000000.0,1905000000.0,1.0,347159281.0,345000000.0,349000000.0,20.006,6586000000.0,0.0,-126000000.0,0.0,19.09,2910000000.0
34,A,MRT,2012-12-31,2013-01-31,2013-01-31,2021-09-01,-41000000.0,10653000000.0,10089750000.0,4712000000.0,5941000000.0,0.684,15.412,-206000000.0,2450000000.0,2450000000.0,3293000000.0,1102000000.0,2.553,0.991,2361000000.0,250000000.0,2111000000.0,2361000000.0,465000000.0,333000000.0,0.0,0.009,0.4,1082000000.0,1415000000.0,0.205,1415000000.0,1082000000.0,982000000.0,3.17,3.13,3.17,5348000000.0,5030500000.0,5348000000.0,15591508880.0,14.0,11.019,1117000000.0,3.219,1.0,3610000000.0,0.523,4140000000.0,100000000.0,4578000000.0,4228000000.0,1040000000.0,128000000.0,0.0,128000000.0,5302000000.0,1846000000.0,3456000000.0,15580508880.0,-1212000000.0,-2212000000.0,-107000000.0,145000000.0,-139000000.0,-103000000.0,-2420000000.0,-2000000.0,1323000000.0,-12000000.0,1102000000.0,1102000000.0,1102000000.0,0.0,0.0,0.16,2545000000.0,1065000000.0,454000000.0,0.126,2.913,14.138,14.126,1163000000.0,0.0,44.78,2.257,2.251,874000000.0,5607000000.0,6903000000.0,6903000000.0,685000000.0,0.109,0.219,0.256,0.157,76000000.0,1860000000.0,1.0,347934544.0,347000000.0,352000000.0,19.893,6513000000.0,0.0,-120000000.0,0.0,18.769,2866000000.0
35,A,MRT,2012-09-30,2012-10-31,2012-10-31,2021-09-01,-111000000.0,10536000000.0,9701250000.0,4629000000.0,5907000000.0,0.707,14.891,-194000000.0,2351000000.0,2351000000.0,3254000000.0,1153000000.0,2.445,1.033,2362000000.0,250000000.0,2112000000.0,2362000000.0,420000000.0,301000000.0,0.0,0.008,0.3,1144000000.0,1445000000.0,0.211,1445000000.0,1144000000.0,1043000000.0,3.31,3.27,3.31,5182000000.0,4817500000.0,5182000000.0,12831468609.0,11.0,8.88,1034000000.0,2.971,1.0,3604000000.0,0.526,4111000000.0,101000000.0,4543000000.0,4058750000.0,1014000000.0,109000000.0,0.0,109000000.0,5351000000.0,1893000000.0,3458000000.0,12540468609.0,-1176000000.0,-2257000000.0,-72000000.0,145000000.0,-104000000.0,-37000000.0,-2366000000.0,85000000.0,1228000000.0,-1000000.0,1153000000.0,1153000000.0,1153000000.0,0.0,0.0,0.168,2485000000.0,1119000000.0,461000000.0,0.091,2.42,10.876,10.873,1164000000.0,0.0,35.99,1.829,1.826,923000000.0,5505000000.0,6858000000.0,6858000000.0,668000000.0,0.119,0.239,0.282,0.167,74000000.0,1817000000.0,1.0,348443140.0,348000000.0,353000000.0,19.707,6425000000.0,0.0,-110000000.0,0.0,18.463,2736000000.0
36,A,MRT,2012-06-30,2012-07-31,2012-07-31,2021-09-01,-35000000.0,9757000000.0,9331500000.0,4211000000.0,5546000000.0,0.731,13.994,-181000000.0,1923000000.0,1923000000.0,3216000000.0,1017000000.0,2.015,1.003,2214000000.0,500000000.0,1714000000.0,2214000000.0,435000000.0,270000000.0,0.0,0.005,0.2,1178000000.0,1448000000.0,0.212,1448000000.0,1178000000.0,1080000000.0,2.93,2.87,2.93,4870000000.0,4599000000.0,4870000000.0,11586808121.0,10.0,8.002,1072000000.0,3.08,1.0,3603000000.0,0.528,4035000000.0,98000000.0,3923000000.0,3893500000.0,1036000000.0,104000000.0,0.0,104000000.0,4884000000.0,2090000000.0,2794000000.0,13305808121.0,-2271000000.0,-2228000000.0,-18000000.0,-1000000.0,-70000000.0,-95000000.0,-2322000000.0,1632000000.0,1253000000.0,-14000000.0,1017000000.0,1017000000.0,1017000000.0,0.0,0.0,0.149,2449000000.0,1154000000.0,492000000.0,0.068,2.732,13.083,13.068,1139000000.0,0.0,38.29,1.951,1.954,950000000.0,5114000000.0,6819000000.0,6819000000.0,653000000.0,0.109,0.221,0.303,0.173,73000000.0,1796000000.0,1.0,347500865.0,348000000.0,353000000.0,19.595,5722000000.0,0.0,63000000.0,0.0,16.443,2121000000.0
37,A,MRT,2012-03-31,2012-04-30,2012-04-30,2021-09-01,68000000.0,9413000000.0,9080500000.0,6010000000.0,3403000000.0,0.747,13.569,-164000000.0,3896000000.0,3896000000.0,3182000000.0,1104000000.0,3.275,0.993,2177000000.0,251000000.0,1926000000.0,2177000000.0,423000000.0,249000000.0,0.0,0.002,0.1,1217000000.0,1466000000.0,0.216,1466000000.0,1217000000.0,1123000000.0,3.18,3.1,3.18,4722000000.0,4429500000.0,4722000000.0,13181832581.0,11.0,8.992,1101000000.0,3.164,1.0,3605000000.0,0.531,1991000000.0,94000000.0,3868000000.0,3981000000.0,947000000.0,111000000.0,0.0,111000000.0,4688000000.0,1835000000.0,2853000000.0,14662832581.0,-298000000.0,-77000000.0,-144000000.0,0.0,-35000000.0,-185000000.0,-154000000.0,1632000000.0,1265000000.0,-5000000.0,1104000000.0,1104000000.0,1104000000.0,0.0,0.0,0.163,2440000000.0,1165000000.0,457000000.0,0.031,3.105,13.282,13.264,996000000.0,0.0,42.18,2.16,2.163,909000000.0,4906000000.0,6787000000.0,6787000000.0,653000000.0,0.122,0.249,0.306,0.179,71000000.0,1787000000.0,1.0,347625239.0,348000000.0,354000000.0,19.503,7422000000.0,0.0,19000000.0,0.0,21.328,4175000000.0
38,A,MRT,2011-12-31,2012-01-31,2012-01-31,2021-09-01,87000000.0,9099000000.0,8889500000.0,5715000000.0,3384000000.0,0.757,12.92,-178000000.0,3662000000.0,3662000000.0,3144000000.0,1049000000.0,3.352,1.023,2181000000.0,252000000.0,1929000000.0,2181000000.0,413000000.0,252000000.0,0.0,0.0,0.0,1179000000.0,1431000000.0,0.213,1431000000.0,1179000000.0,1090000000.0,3.03,2.94,3.03,4496000000.0,4237250000.0,4496000000.0,13442876097.0,11.0,9.394,1112000000.0,3.195,1.0,3587000000.0,0.533,2012000000.0,89000000.0,3901000000.0,4058500000.0,937000000.0,110000000.0,0.0,110000000.0,4600000000.0,1705000000.0,2895000000.0,14784876097.0,-520000000.0,-152000000.0,-51000000.0,0.0,0.0,-56000000.0,-224000000.0,1639000000.0,1290000000.0,14000000.0,1049000000.0,1049000000.0,1049000000.0,0.0,0.0,0.156,2456000000.0,1131000000.0,426000000.0,0.0,3.288,14.094,14.017,1007000000.0,0.0,42.47,2.197,2.196,814000000.0,4651000000.0,6731000000.0,6731000000.0,652000000.0,0.118,0.248,0.291,0.175,71000000.0,1804000000.0,1.0,348125173.0,348000000.0,352000000.0,19.342,7087000000.0,0.0,41000000.0,0.0,20.365,4010000000.0
39,A,MRT,2011-09-30,2011-10-31,2011-10-31,2021-09-01,116000000.0,9057000000.0,8625750000.0,5569000000.0,3488000000.0,0.767,12.415,-170000000.0,3527000000.0,3527000000.0,3086000000.0,1012000000.0,3.032,1.101,2185000000.0,253000000.0,1932000000.0,2185000000.0,389000000.0,253000000.0,0.0,0.0,0.0,1118000000.0,1371000000.0,0.207,1371000000.0,1118000000.0,1032000000.0,2.92,2.85,2.92,4308000000.0,3946250000.0,4308000000.0,11938235436.0,11.0,8.708,1090000000.0,3.141,1.0,3529000000.0,0.533,1996000000.0,86000000.0,3882000000.0,4135000000.0,898000000.0,117000000.0,0.0,117000000.0,4741000000.0,1837000000.0,2904000000.0,12871235436.0,878000000.0,-97000000.0,-193000000.0,-1500000000.0,0.0,-1693000000.0,1294000000.0,1561000000.0,1260000000.0,17000000.0,1012000000.0,1012000000.0,1012000000.0,0.0,0.0,0.153,2458000000.0,1071000000.0,472000000.0,0.0,2.988,12.719,12.695,1006000000.0,0.0,37.07,1.946,1.945,860000000.0,4456000000.0,6615000000.0,6615000000.0,649000000.0,0.117,0.256,0.27,0.169,72000000.0,1809000000.0,1.0,347214336.0,347000000.0,355000000.0,19.063,7061000000.0,0.0,20000000.0,0.0,20.349,3732000000.0
40,A,MRT,2011-06-30,2011-07-31,2011-07-31,2021-09-01,271000000.0,8753000000.0,8785500000.0,5223000000.0,3530000000.0,0.736,12.046,-155000000.0,3101000000.0,3101000000.0,3021000000.0,1015000000.0,3.47,1.086,2168000000.0,0.0,2168000000.0,2168000000.0,424000000.0,257000000.0,0.0,0.0,0.0,1072000000.0,1329000000.0,0.206,1329000000.0,1072000000.0,982000000.0,2.93,2.85,2.93,4192000000.0,3676250000.0,4192000000.0,13842583229.0,13.0,10.416,968000000.0,2.782,1.0,3442000000.0,0.533,2042000000.0,90000000.0,4273000000.0,4203250000.0,897000000.0,122000000.0,0.0,122000000.0,4553000000.0,1505000000.0,3048000000.0,14673583229.0,1710000000.0,-110000000.0,-180000000.0,-1500000000.0,0.0,-1680000000.0,1299000000.0,24000000.0,1123000000.0,42000000.0,1015000000.0,1015000000.0,1015000000.0,0.0,0.0,0.157,2481000000.0,961000000.0,470000000.0,0.0,3.5,14.457,14.389,1000000000.0,0.0,42.16,2.27,2.27,917000000.0,4167000000.0,6463000000.0,6463000000.0,645000000.0,0.116,0.276,0.255,0.166,73000000.0,1836000000.0,1.0,348045143.0,348000000.0,357000000.0,18.572,6711000000.0,0.0,-33000000.0,0.0,19.284,3718000000.0
41,A,MRT,2011-03-31,2011-04-30,2011-04-30,2021-09-01,278000000.0,8649000000.0,8872250000.0,5096000000.0,3553000000.0,0.694,11.392,-150000000.0,2975000000.0,2975000000.0,2881000000.0,890000000.0,3.201,1.186,2144000000.0,0.0,2144000000.0,2144000000.0,429000000.0,254000000.0,0.0,0.0,0.0,1022000000.0,1276000000.0,0.207,1276000000.0,1022000000.0,928000000.0,2.57,2.51,2.57,3953000000.0,3328750000.0,3953000000.0,16709047006.0,16.0,13.095,811000000.0,2.337,1.0,3275000000.0,0.532,2048000000.0,94000000.0,4178000000.0,4152500000.0,853000000.0,123000000.0,0.0,123000000.0,4688000000.0,1592000000.0,3096000000.0,17225047006.0,1711000000.0,-1212000000.0,-137000000.0,-772000000.0,0.0,-909000000.0,233000000.0,54000000.0,961000000.0,44000000.0,890000000.0,890000000.0,890000000.0,0.0,0.0,0.145,2480000000.0,795000000.0,486000000.0,0.0,4.357,19.354,19.42,1004000000.0,0.0,49.91,2.798,2.813,918000000.0,3837000000.0,6156000000.0,6156000000.0,637000000.0,0.1,0.267,0.246,0.166,72000000.0,1843000000.0,1.0,345122160.0,347000000.0,355000000.0,17.741,6601000000.0,0.0,38000000.0,0.0,19.023,3504000000.0
42,A,MRT,2010-12-31,2011-01-31,2011-01-31,2021-09-01,-63000000.0,8044000000.0,8651750000.0,4598000000.0,3446000000.0,0.665,9.602,-127000000.0,2655000000.0,2655000000.0,2664000000.0,798000000.0,3.27,1.412,2139000000.0,1000000.0,2138000000.0,2139000000.0,413000000.0,226000000.0,0.0,0.0,0.0,903000000.0,1129000000.0,0.196,1129000000.0,903000000.0,807000000.0,2.3,2.26,2.3,3332000000.0,2996500000.0,3332000000.0,14026283770.0,16.0,12.424,681000000.0,1.963,1.0,3086000000.0,0.537,1915000000.0,96000000.0,4207000000.0,3851250000.0,797000000.0,134000000.0,0.0,134000000.0,4705000000.0,1406000000.0,3299000000.0,14540283770.0,1701000000.0,-1096000000.0,-249000000.0,-787000000.0,0.0,-1036000000.0,357000000.0,49000000.0,808000000.0,28000000.0,798000000.0,798000000.0,798000000.0,0.0,0.0,0.139,2403000000.0,683000000.0,444000000.0,0.0,4.364,18.221,18.187,982000000.0,0.0,41.83,2.529,2.524,854000000.0,3637000000.0,5750000000.0,5750000000.0,622000000.0,0.092,0.266,0.234,0.157,69000000.0,1781000000.0,1.0,347604202.0,347000000.0,355000000.0,16.571,6129000000.0,0.0,9000000.0,0.0,17.663,3192000000.0
43,A,MRT,2010-09-30,2010-10-31,2010-10-31,2021-09-01,-88000000.0,9696000000.0,8534250000.0,6169000000.0,3527000000.0,0.638,9.303,-114000000.0,4199000000.0,4199000000.0,2514000000.0,684000000.0,2.001,2.001,3691000000.0,1501000000.0,2190000000.0,3691000000.0,358000000.0,202000000.0,0.0,0.0,0.0,788000000.0,990000000.0,0.182,990000000.0,788000000.0,692000000.0,1.97,1.94,1.97,3228000000.0,2811000000.0,3228000000.0,11852688215.0,15.0,11.972,604000000.0,1.741,1.0,2930000000.0,0.538,1950000000.0,96000000.0,4155000000.0,3571000000.0,716000000.0,142000000.0,0.0,142000000.0,6460000000.0,3083000000.0,3377000000.0,12053688215.0,170000000.0,-1108000000.0,-112000000.0,713000000.0,0.0,601000000.0,-1174000000.0,48000000.0,718000000.0,25000000.0,684000000.0,684000000.0,684000000.0,0.0,0.0,0.126,2364000000.0,566000000.0,499000000.0,0.0,3.734,17.622,17.665,980000000.0,0.0,34.8,2.214,2.218,869000000.0,3444000000.0,5444000000.0,5444000000.0,612000000.0,0.08,0.243,0.221,0.145,66000000.0,1752000000.0,1.0,346370351.0,347000000.0,353000000.0,15.689,7746000000.0,0.0,8000000.0,0.0,22.323,3086000000.0
44,A,MRT,2010-06-30,2010-07-31,2010-07-31,2021-09-01,-225000000.0,9100000000.0,8013250000.0,5735000000.0,3365000000.0,0.628,8.075,-109000000.0,3879000000.0,3879000000.0,2305000000.0,417000000.0,1.966,2.245,3678000000.0,1501000000.0,2177000000.0,3678000000.0,331000000.0,175000000.0,0.0,0.0,0.0,618000000.0,793000000.0,0.157,793000000.0,618000000.0,528000000.0,1.2,1.18,1.2,2802000000.0,2630500000.0,2802000000.0,8406396993.0,14.0,10.601,449000000.0,1.294,1.0,2730000000.0,0.542,1912000000.0,90000000.0,4070000000.0,3664000000.0,688000000.0,136000000.0,0.0,136000000.0,6290000000.0,2917000000.0,3373000000.0,9721396993.0,1065000000.0,-1060000000.0,-77000000.0,1456000000.0,0.0,1379000000.0,-1111000000.0,67000000.0,558000000.0,12000000.0,417000000.0,417000000.0,417000000.0,0.0,0.0,0.083,2296000000.0,434000000.0,459000000.0,0.0,3.469,23.313,23.275,957000000.0,0.0,27.93,1.931,1.925,790000000.0,3152000000.0,5035000000.0,5035000000.0,603000000.0,0.052,0.159,0.169,0.123,66000000.0,1693000000.0,1.0,348062907.0,347000000.0,352000000.0,14.51,7188000000.0,0.0,111000000.0,0.0,20.715,2818000000.0
45,A,MRT,2010-03-31,2010-04-30,2010-04-30,2021-09-01,-239000000.0,7767000000.0,7381500000.0,5712000000.0,2055000000.0,0.638,7.54,-112000000.0,4209000000.0,4209000000.0,2164000000.0,193000000.0,2.109,1.957,2894000000.0,1501000000.0,1393000000.0,2894000000.0,311000000.0,156000000.0,0.0,0.0,0.0,347000000.0,503000000.0,0.107,503000000.0,347000000.0,260000000.0,0.55,0.54,0.55,2624000000.0,2552250000.0,2624000000.0,11489767469.0,33.0,22.842,397000000.0,1.141,1.0,2544000000.0,0.54,770000000.0,87000000.0,2973000000.0,3613500000.0,546000000.0,169000000.0,11000000.0,158000000.0,5135000000.0,2709000000.0,2426000000.0,12623767469.0,1068000000.0,43000000.0,3000000.0,728000000.0,0.0,731000000.0,-19000000.0,56000000.0,509000000.0,25000000.0,193000000.0,193000000.0,193000000.0,0.0,0.0,0.041,2226000000.0,318000000.0,362000000.0,0.0,4.811,65.408,65.927,831000000.0,0.0,36.26,2.681,2.68,669000000.0,2947000000.0,4708000000.0,4708000000.0,602000000.0,0.026,0.076,0.096,0.074,70000000.0,1624000000.0,1.0,348145821.0,348000000.0,354000000.0,13.529,6997000000.0,0.0,67000000.0,0.0,20.106,3003000000.0
46,A,MRT,2009-12-31,2010-01-31,2010-01-31,2021-09-01,-201000000.0,7574000000.0,7083750000.0,5519000000.0,2055000000.0,0.639,7.443,-118000000.0,4045000000.0,4045000000.0,2165000000.0,-16000000.0,2.165,1.921,2911000000.0,1501000000.0,1410000000.0,2911000000.0,300000000.0,160000000.0,0.0,0.0,0.0,151000000.0,311000000.0,0.069,311000000.0,151000000.0,63000000.0,-0.05,-0.06,-0.05,2590000000.0,2501000000.0,2590000000.0,8636740722.0,57.0,27.771,303000000.0,0.871,1.0,2363000000.0,0.522,805000000.0,88000000.0,3086000000.0,3825750000.0,548000000.0,166000000.0,12000000.0,154000000.0,4976000000.0,2549000000.0,2427000000.0,9777740722.0,1072000000.0,22000000.0,16000000.0,693000000.0,0.0,709000000.0,-34000000.0,64000000.0,421000000.0,23000000.0,-16000000.0,-16000000.0,-16000000.0,0.0,0.0,-0.004,2246000000.0,117000000.0,315000000.0,0.0,3.775,-611.109,-560.6,837000000.0,0.0,28.03,2.159,2.154,628000000.0,2839000000.0,4528000000.0,4528000000.0,622000000.0,-0.002,-0.006,0.039,0.033,75000000.0,1624000000.0,1.0,348831278.0,348000000.0,354000000.0,13.011,6769000000.0,0.0,79000000.0,0.0,19.451,2970000000.0
47,A,MRT,2009-09-30,2009-10-31,2009-10-31,2021-09-01,-185000000.0,7612000000.0,6980750000.0,3961000000.0,3651000000.0,0.642,7.243,-127000000.0,4045000000.0,4045000000.0,2189000000.0,-31000000.0,3.527,2.034,2905000000.0,1000000.0,2904000000.0,2905000000.0,285000000.0,162000000.0,0.0,0.0,0.0,95000000.0,257000000.0,0.057,257000000.0,95000000.0,7000000.0,-0.09,-0.09,-0.09,2506000000.0,2496250000.0,2506000000.0,7644072315.0,80.0,29.743,281000000.0,0.812,1.0,2292000000.0,0.511,822000000.0,88000000.0,4527000000.0,4160250000.0,552000000.0,177000000.0,14000000.0,163000000.0,5098000000.0,1123000000.0,3975000000.0,8538072315.0,1074000000.0,33000000.0,-86000000.0,743000000.0,0.0,657000000.0,-14000000.0,80000000.0,408000000.0,23000000.0,-31000000.0,-31000000.0,-31000000.0,0.0,0.0,-0.007,2245000000.0,47000000.0,307000000.0,0.0,3.407,-275.422,-274.889,845000000.0,0.0,24.74,1.905,1.91,595000000.0,2760000000.0,4481000000.0,4481000000.0,642000000.0,-0.004,-0.012,0.023,0.021,71000000.0,1603000000.0,1.0,345112058.0,346000000.0,346000000.0,12.951,6790000000.0,0.0,38000000.0,0.0,19.624,2838000000.0
48,A,MRT,2009-06-30,2009-07-31,2009-07-31,2021-09-01,-141000000.0,6573000000.0,6829500000.0,2897000000.0,3676000000.0,0.702,7.214,-142000000.0,3047000000.0,3047000000.0,2307000000.0,175000000.0,2.923,1.641,2153000000.0,0.0,2153000000.0,2153000000.0,286000000.0,166000000.0,0.0,0.0,0.0,285000000.0,451000000.0,0.094,451000000.0,285000000.0,185000000.0,0.47,0.47,0.47,2489000000.0,2509500000.0,2489000000.0,7154678742.0,25.0,15.864,311000000.0,0.901,1.0,2488000000.0,0.519,820000000.0,100000000.0,3868000000.0,4013750000.0,571000000.0,173000000.0,20000000.0,153000000.0,4084000000.0,991000000.0,3093000000.0,7972678742.0,-440000000.0,-2000000.0,-342000000.0,-194000000.0,0.0,-536000000.0,-62000000.0,101000000.0,453000000.0,-16000000.0,175000000.0,175000000.0,175000000.0,0.0,0.0,0.036,2260000000.0,228000000.0,250000000.0,0.0,3.203,45.558,49.404,839000000.0,0.0,23.22,1.663,1.671,544000000.0,2735000000.0,4795000000.0,4795000000.0,662000000.0,0.026,0.07,0.071,0.059,71000000.0,1598000000.0,1.0,343353951.0,345000000.0,345000000.0,13.899,5753000000.0,0.0,10000000.0,38000000.0,16.675,1906000000.0
49,A,MRT,2009-03-31,2009-04-30,2009-04-30,2021-09-01,-188000000.0,6576000000.0,7071500000.0,2883000000.0,3693000000.0,0.733,7.032,-151000000.0,2972000000.0,2972000000.0,2430000000.0,363000000.0,2.623,1.718,2154000000.0,0.0,2154000000.0,2154000000.0,292000000.0,182000000.0,0.0,0.0,0.0,551000000.0,733000000.0,0.141,733000000.0,551000000.0,441000000.0,1.0,0.98,1.0,2419000000.0,2683500000.0,2419000000.0,5568380330.0,10.0,7.597,430000000.0,1.25,1.0,2752000000.0,0.531,837000000.0,110000000.0,3822000000.0,3761000000.0,608000000.0,179000000.0,12000000.0,167000000.0,4157000000.0,1099000000.0,3058000000.0,6304380330.0,-442000000.0,-44000000.0,-504000000.0,-234000000.0,0.0,-738000000.0,-116000000.0,100000000.0,581000000.0,-37000000.0,363000000.0,363000000.0,363000000.0,0.0,0.0,0.07,2305000000.0,447000000.0,252000000.0,0.0,2.606,17.367,18.26,821000000.0,0.0,18.26,1.217,1.212,569000000.0,2754000000.0,5182000000.0,5182000000.0,679000000.0,0.051,0.135,0.147,0.106,72000000.0,1626000000.0,1.0,345256316.0,344000000.0,344000000.0,15.064,5739000000.0,0.0,78000000.0,89000000.0,16.683,1784000000.0
50,A,MRT,2008-12-31,2009-01-31,2009-01-31,2021-09-01,-154000000.0,7162000000.0,7346000000.0,3008000000.0,4154000000.0,0.755,7.325,-154000000.0,2940000000.0,2940000000.0,2518000000.0,637000000.0,2.662,1.786,2204000000.0,50000000.0,2154000000.0,2204000000.0,299000000.0,193000000.0,0.0,0.0,0.0,811000000.0,1004000000.0,0.181,1004000000.0,811000000.0,695000000.0,1.77,1.74,1.77,2571000000.0,2867750000.0,2571000000.0,5501811183.0,7.0,5.48,615000000.0,1.752,1.0,3029000000.0,0.546,872000000.0,116000000.0,4424000000.0,3516250000.0,655000000.0,187000000.0,18000000.0,169000000.0,4591000000.0,1130000000.0,3461000000.0,6363811183.0,-431000000.0,-74000000.0,-721000000.0,66000000.0,0.0,-655000000.0,-115000000.0,123000000.0,769000000.0,-22000000.0,637000000.0,637000000.0,637000000.0,0.0,0.0,0.115,2344000000.0,685000000.0,257000000.0,0.0,2.475,9.99,10.215,831000000.0,0.0,18.08,1.147,1.144,630000000.0,2855000000.0,5547000000.0,5547000000.0,692000000.0,0.087,0.222,0.231,0.146,73000000.0,1652000000.0,1.0,351980707.0,351000000.0,352000000.0,15.803,6290000000.0,0.0,58000000.0,95000000.0,17.92,1878000000.0
51,A,MRT,2008-09-30,2008-10-31,2008-10-31,2021-09-01,-178000000.0,7007000000.0,7420250000.0,3182000000.0,3825000000.0,0.778,7.05,-140000000.0,2987000000.0,2987000000.0,2578000000.0,693000000.0,2.392,1.738,2125000000.0,0.0,2125000000.0,2125000000.0,280000000.0,201000000.0,0.0,0.0,0.0,938000000.0,1139000000.0,0.197,1139000000.0,938000000.0,815000000.0,1.91,1.87,1.91,2559000000.0,3018250000.0,2559000000.0,7026842623.0,7.0,6.169,616000000.0,1.697,1.0,3196000000.0,0.554,874000000.0,123000000.0,3941000000.0,3181000000.0,646000000.0,230000000.0,24000000.0,206000000.0,4448000000.0,1330000000.0,3118000000.0,7933842623.0,-421000000.0,-186000000.0,-790000000.0,16000000.0,0.0,-774000000.0,-399000000.0,-73000000.0,756000000.0,-4000000.0,693000000.0,693000000.0,693000000.0,0.0,0.0,0.12,2401000000.0,795000000.0,308000000.0,0.0,3.1,11.449,11.618,824000000.0,0.0,22.19,1.374,1.395,770000000.0,2791000000.0,5774000000.0,5774000000.0,704000000.0,0.093,0.23,0.295,0.162,82000000.0,1697000000.0,1.0,357541353.0,363000000.0,371000000.0,15.906,6133000000.0,0.0,122000000.0,128000000.0,16.895,1852000000.0
52,A,MRT,2008-06-30,2008-07-31,2008-07-31,2021-09-01,455000000.0,7541000000.0,7557000000.0,5074000000.0,2467000000.0,0.759,8.798,-135000000.0,3222000000.0,3222000000.0,2583000000.0,642000000.0,1.753,1.368,2315000000.0,1711000000.0,604000000.0,2315000000.0,310000000.0,205000000.0,0.0,0.0,0.0,872000000.0,1077000000.0,0.188,1077000000.0,872000000.0,759000000.0,1.74,1.69,1.74,3185000000.0,3187000000.0,3185000000.0,12065503675.0,14.0,11.203,761000000.0,2.102,1.0,3156000000.0,0.55,883000000.0,113000000.0,2857000000.0,3146000000.0,674000000.0,280000000.0,29000000.0,251000000.0,4356000000.0,2894000000.0,1462000000.0,12985503675.0,-404000000.0,-218000000.0,-1152000000.0,803000000.0,0.0,-349000000.0,-440000000.0,-119000000.0,896000000.0,47000000.0,642000000.0,642000000.0,642000000.0,0.0,0.0,0.112,2423000000.0,733000000.0,293000000.0,0.0,4.077,20.227,20.724,816000000.0,0.0,36.06,2.263,2.275,761000000.0,2560000000.0,5739000000.0,5739000000.0,708000000.0,0.085,0.201,0.277,0.152,103000000.0,1715000000.0,1.0,360108255.0,362000000.0,372000000.0,15.854,6658000000.0,0.0,117000000.0,116000000.0,18.392,2180000000.0
53,A,MRT,2008-03-31,2008-04-30,2008-04-30,2021-09-01,477000000.0,7674000000.0,7427750000.0,5185000000.0,2489000000.0,0.763,8.694,-128000000.0,3294000000.0,3294000000.0,2558000000.0,658000000.0,1.703,1.432,2374000000.0,1752000000.0,622000000.0,2374000000.0,321000000.0,198000000.0,0.0,0.0,0.0,839000000.0,1037000000.0,0.183,1037000000.0,839000000.0,734000000.0,1.74,1.69,1.74,3156000000.0,3212750000.0,3156000000.0,10166930813.0,12.0,9.804,775000000.0,2.135,1.0,3111000000.0,0.549,867000000.0,105000000.0,2843000000.0,3226500000.0,674000000.0,304000000.0,30000000.0,274000000.0,4518000000.0,3044000000.0,1474000000.0,11027930813.0,-407000000.0,-402000000.0,-1496000000.0,839000000.0,0.0,-657000000.0,-638000000.0,-137000000.0,903000000.0,52000000.0,658000000.0,658000000.0,658000000.0,0.0,0.0,0.116,2428000000.0,683000000.0,312000000.0,0.0,3.494,16.76,17.362,809000000.0,0.0,30.21,1.945,1.934,791000000.0,2391000000.0,5669000000.0,5669000000.0,708000000.0,0.089,0.205,0.26,0.148,112000000.0,1720000000.0,1.0,365042397.0,363000000.0,370000000.0,15.617,6807000000.0,0.0,76000000.0,106000000.0,18.752,2141000000.0
54,A,MRT,2007-12-31,2008-01-31,2008-01-31,2021-09-01,439000000.0,7459000000.0,7330000000.0,5070000000.0,2389000000.0,0.755,8.553,-126000000.0,2987000000.0,2987000000.0,2499000000.0,608000000.0,1.896,1.351,2126000000.0,1500000000.0,626000000.0,2126000000.0,277000000.0,194000000.0,0.0,0.0,0.0,792000000.0,986000000.0,0.178,986000000.0,792000000.0,694000000.0,1.57,1.52,1.57,3173000000.0,3312500000.0,3173000000.0,11223926661.0,14.0,11.383,754000000.0,2.032,1.0,3034000000.0,0.548,841000000.0,98000000.0,3083000000.0,3280250000.0,674000000.0,172000000.0,172000000.0,0.0,4286000000.0,2674000000.0,1612000000.0,12577926661.0,-423000000.0,-373000000.0,-1568000000.0,589000000.0,0.0,-979000000.0,-658000000.0,-172000000.0,880000000.0,52000000.0,608000000.0,608000000.0,608000000.0,0.0,0.0,0.11,2411000000.0,623000000.0,303000000.0,0.0,3.964,20.687,21.567,801000000.0,0.0,33.86,2.273,2.27,726000000.0,2218000000.0,5533000000.0,5533000000.0,698000000.0,0.083,0.184,0.241,0.143,133000000.0,1713000000.0,1.0,371468596.0,371000000.0,382000000.0,14.914,6618000000.0,0.0,86000000.0,117000000.0,17.838,2396000000.0
55,A,MRT,2007-09-30,2007-10-31,2007-10-31,2021-09-01,408000000.0,7554000000.0,7263500000.0,3671000000.0,3883000000.0,0.746,8.208,-142000000.0,3441000000.0,3441000000.0,2451000000.0,638000000.0,2.207,1.336,2087000000.0,0.0,2087000000.0,2087000000.0,249000000.0,191000000.0,0.0,0.0,0.0,761000000.0,952000000.0,0.176,952000000.0,761000000.0,670000000.0,1.62,1.57,1.62,3234000000.0,3433500000.0,3234000000.0,12641283335.0,17.0,13.279,827000000.0,2.099,1.0,2969000000.0,0.548,736000000.0,91000000.0,3801000000.0,3287000000.0,643000000.0,194000000.0,0.0,194000000.0,4320000000.0,1663000000.0,2657000000.0,14244283335.0,-436000000.0,-330000000.0,-1569000000.0,589000000.0,0.0,-980000000.0,-456000000.0,16000000.0,969000000.0,31000000.0,638000000.0,638000000.0,638000000.0,0.0,0.0,0.118,2385000000.0,584000000.0,323000000.0,0.0,4.405,22.326,22.747,801000000.0,0.0,36.85,2.628,2.679,735000000.0,2172000000.0,5420000000.0,5420000000.0,685000000.0,0.088,0.186,0.232,0.14,139000000.0,1700000000.0,1.0,386547716.0,394000000.0,406000000.0,13.756,6818000000.0,0.0,32000000.0,522000000.0,17.305,2008000000.0
56,A,MRT,2007-06-30,2007-07-31,2007-07-31,2021-09-01,77000000.0,7024000000.0,7217250000.0,3281000000.0,3743000000.0,0.735,8.388,-151000000.0,3103000000.0,3103000000.0,2394000000.0,607000000.0,2.173,1.136,1500000000.0,0.0,1500000000.0,1500000000.0,251000000.0,185000000.0,0.0,0.0,0.0,758000000.0,943000000.0,0.178,943000000.0,758000000.0,665000000.0,1.61,1.58,1.61,3288000000.0,3537000000.0,3288000000.0,12951801553.0,17.0,13.735,821000000.0,2.094,1.0,2908000000.0,0.548,732000000.0,93000000.0,3179000000.0,3085500000.0,674000000.0,0.0,0.0,0.0,3736000000.0,1510000000.0,2226000000.0,15105801553.0,14000000.0,-308000000.0,-991000000.0,-4000000.0,0.0,-1295000000.0,-453000000.0,11000000.0,972000000.0,13000000.0,607000000.0,607000000.0,607000000.0,-23000000.0,0.0,0.114,2365000000.0,543000000.0,346000000.0,0.0,4.594,24.886,23.696,787000000.0,0.0,38.15,2.849,2.821,738000000.0,1992000000.0,5302000000.0,5302000000.0,667000000.0,0.084,0.172,0.246,0.143,124000000.0,1698000000.0,1.0,395958101.0,392000000.0,407000000.0,13.526,6292000000.0,0.0,58000000.0,389000000.0,16.051,1771000000.0
57,A,MRT,2007-03-31,2007-04-30,2007-04-30,2021-09-01,74000000.0,7283000000.0,7393500000.0,3791000000.0,3492000000.0,0.699,8.843,-57000000.0,3654000000.0,3654000000.0,2331000000.0,649000000.0,2.44,1.049,1500000000.0,0.0,1500000000.0,1500000000.0,248000000.0,178000000.0,0.0,0.0,0.0,804000000.0,982000000.0,0.19,982000000.0,804000000.0,713000000.0,1.69,1.67,1.69,3555000000.0,3663000000.0,3555000000.0,11679572307.0,15.0,11.894,804000000.0,2.0,1.0,2836000000.0,0.549,517000000.0,91000000.0,3058000000.0,3094500000.0,650000000.0,0.0,0.0,0.0,3728000000.0,1554000000.0,2174000000.0,13873572307.0,-393000000.0,-95000000.0,-1147000000.0,0.0,0.0,-1326000000.0,-155000000.0,7000000.0,861000000.0,13000000.0,649000000.0,649000000.0,649000000.0,-34000000.0,0.0,0.126,2279000000.0,557000000.0,332000000.0,0.0,3.903,21.377,20.337,777000000.0,0.0,34.37,2.685,2.674,718000000.0,1807000000.0,5167000000.0,5167000000.0,659000000.0,0.088,0.177,0.26,0.156,116000000.0,1685000000.0,1.0,403653544.0,402000000.0,413000000.0,12.853,6766000000.0,0.0,64000000.0,412000000.0,16.831,2237000000.0
58,A,MRT,2006-12-31,2007-01-31,2007-01-31,2021-09-01,21000000.0,7193000000.0,7587000000.0,3749000000.0,3444000000.0,0.67,9.007,31000000.0,3694000000.0,3694000000.0,2339000000.0,641000000.0,2.733,0.967,1500000000.0,0.0,1500000000.0,1500000000.0,235000000.0,177000000.0,0.0,0.0,0.0,782000000.0,959000000.0,0.189,959000000.0,782000000.0,695000000.0,1.65,1.63,1.65,3657000000.0,3792750000.0,3657000000.0,10659550688.0,14.0,11.115,886000000.0,2.182,1.0,2747000000.0,0.54,517000000.0,87000000.0,3110000000.0,3488750000.0,648000000.0,0.0,0.0,0.0,3536000000.0,1372000000.0,2164000000.0,13027550688.0,-474000000.0,-216000000.0,-1101000000.0,-1000000.0,0.0,-1297000000.0,-213000000.0,4000000.0,855000000.0,8000000.0,641000000.0,641000000.0,641000000.0,-28000000.0,0.0,0.126,2223000000.0,524000000.0,312000000.0,0.0,3.562,20.324,19.394,775000000.0,0.0,32.0,2.561,2.554,671000000.0,1684000000.0,5086000000.0,5086000000.0,658000000.0,0.084,0.169,0.224,0.154,98000000.0,1686000000.0,1.0,407110959.0,406000000.0,418000000.0,12.527,6676000000.0,0.0,54000000.0,343000000.0,16.443,2377000000.0
59,A,MRT,2006-09-30,2006-10-31,2006-10-31,2021-09-01,29000000.0,7369000000.0,7795250000.0,3958000000.0,3411000000.0,0.638,8.464,22000000.0,3868000000.0,3868000000.0,2315000000.0,3307000000.0,2.573,1.02,1500000000.0,0.0,1500000000.0,1500000000.0,225000000.0,170000000.0,0.0,0.0,0.0,3467000000.0,3637000000.0,0.731,3637000000.0,3467000000.0,3398000000.0,7.67,7.5,7.67,3648000000.0,3924000000.0,3648000000.0,12194983899.0,4.0,3.353,656000000.0,1.522,1.0,2658000000.0,0.534,468000000.0,69000000.0,2995000000.0,3905500000.0,627000000.0,0.0,0.0,0.0,3721000000.0,1538000000.0,2183000000.0,14548983899.0,36000000.0,3330000000.0,-3688000000.0,1475000000.0,0.0,-2408000000.0,1796000000.0,-1514000000.0,634000000.0,14000000.0,3307000000.0,3307000000.0,3307000000.0,-1870000000.0,0.0,0.665,2194000000.0,464000000.0,378000000.0,0.0,3.988,4.399,4.641,775000000.0,0.0,35.6,2.926,3.085,692000000.0,1534000000.0,4973000000.0,4973000000.0,655000000.0,0.424,0.843,0.888,0.697,94000000.0,1660000000.0,1.0,408679323.0,431000000.0,441000000.0,11.538,6901000000.0,0.0,91000000.0,390000000.0,16.012,2420000000.0
60,A,MRT,2006-06-30,2006-07-31,2006-07-31,2021-09-01,18000000.0,7729000000.0,7640750000.0,4219000000.0,3510000000.0,0.602,9.204,63000000.0,3854000000.0,3854000000.0,2132000000.0,3183000000.0,2.513,1.038,1500000000.0,0.0,1500000000.0,1500000000.0,292000000.0,167000000.0,0.0,0.0,0.0,3387000000.0,3554000000.0,0.773,3554000000.0,3387000000.0,3316000000.0,6.82,6.67,6.82,3792000000.0,4032250000.0,3792000000.0,10953248335.0,3.0,3.082,715000000.0,1.735,1.0,2466000000.0,0.536,481000000.0,71000000.0,3215000000.0,3712250000.0,705000000.0,0.0,0.0,0.0,3937000000.0,1679000000.0,2258000000.0,12110248335.0,-533000000.0,3332000000.0,-3873000000.0,790000000.0,0.0,-2978000000.0,1784000000.0,-1539000000.0,652000000.0,9000000.0,3183000000.0,3183000000.0,3183000000.0,-1839000000.0,0.0,0.692,2050000000.0,416000000.0,425000000.0,0.0,3.194,3.805,4.17,822000000.0,0.0,28.44,2.634,2.548,853000000.0,1695000000.0,4598000000.0,4598000000.0,602000000.0,0.417,0.789,0.912,0.737,77000000.0,1569000000.0,1.0,425817452.0,412000000.0,422000000.0,11.16,7248000000.0,0.0,133000000.0,381000000.0,17.592,2540000000.0
61,A,MRT,2006-03-31,2006-04-30,2006-04-30,2021-09-01,-22000000.0,8057000000.0,7546500000.0,4576000000.0,3481000000.0,0.61,9.474,-42000000.0,2657000000.0,2657000000.0,2225000000.0,3060000000.0,2.565,0.978,1500000000.0,0.0,1500000000.0,1500000000.0,293000000.0,173000000.0,0.0,0.0,0.0,3251000000.0,3424000000.0,0.744,3424000000.0,3251000000.0,3201000000.0,6.48,6.33,6.48,4074000000.0,4071250000.0,4074000000.0,15407339063.0,5.0,4.5,683000000.0,1.588,1.0,2376000000.0,0.516,481000000.0,50000000.0,4635000000.0,3780500000.0,713000000.0,1602000000.0,0.0,1602000000.0,3983000000.0,1784000000.0,2199000000.0,16644339063.0,-28000000.0,3307000000.0,-3184000000.0,790000000.0,0.0,-2410000000.0,1659000000.0,-1536000000.0,725000000.0,-2000000.0,3060000000.0,3060000000.0,3060000000.0,-1878000000.0,0.0,0.665,2107000000.0,269000000.0,422000000.0,0.0,4.086,5.439,5.929,853000000.0,0.0,38.42,3.618,3.591,845000000.0,1468000000.0,4601000000.0,4601000000.0,623000000.0,0.405,0.752,0.86,0.707,60000000.0,1540000000.0,1.0,433220694.0,430000000.0,442000000.0,10.7,7576000000.0,0.0,141000000.0,389000000.0,17.619,2792000000.0
62,A,MRT,2005-12-31,2006-01-31,2006-01-31,2021-09-01,-51000000.0,8026000000.0,7349250000.0,4626000000.0,3400000000.0,0.631,8.841,-91000000.0,2737000000.0,2737000000.0,2265000000.0,3040000000.0,2.826,0.919,1500000000.0,0.0,1500000000.0,1500000000.0,262000000.0,171000000.0,0.0,0.0,0.0,3209000000.0,3380000000.0,0.728,3380000000.0,3209000000.0,3177000000.0,6.4,6.26,6.4,4182000000.0,4020000000.0,4182000000.0,12288259264.0,4.0,3.636,543000000.0,1.148,1.0,2375000000.0,0.512,375000000.0,32000000.0,4777000000.0,3499250000.0,740000000.0,1601000000.0,0.0,1601000000.0,3844000000.0,1637000000.0,2207000000.0,14539259264.0,254000000.0,3442000000.0,-2906000000.0,765000000.0,0.0,-2141000000.0,1773000000.0,-1537000000.0,634000000.0,-12000000.0,3040000000.0,3040000000.0,3040000000.0,-1926000000.0,0.0,0.655,2162000000.0,213000000.0,386000000.0,0.0,3.477,4.783,5.298,875000000.0,0.0,33.91,3.133,3.457,772000000.0,1353000000.0,4640000000.0,4640000000.0,640000000.0,0.414,0.756,0.917,0.692,39000000.0,1522000000.0,1.0,428760226.0,473000000.0,483000000.0,9.81,7651000000.0,0.0,137000000.0,365000000.0,16.175,2989000000.0
63,A,MRT,2005-09-30,2005-10-31,2005-10-31,2021-09-01,-49000000.0,6751000000.0,7130250000.0,4447000000.0,2304000000.0,0.657,8.261,-74000000.0,2248000000.0,2248000000.0,2321000000.0,327000000.0,2.297,0.654,0.0,0.0,0.0,0.0,205000000.0,180000000.0,0.0,0.0,0.0,496000000.0,676000000.0,0.144,676000000.0,496000000.0,469000000.0,0.66,0.65,0.66,4081000000.0,3916500000.0,4081000000.0,14186642517.0,29.0,20.986,825000000.0,1.67,1.0,2364000000.0,0.505,345000000.0,27000000.0,2222000000.0,3201750000.0,612000000.0,25000000.0,25000000.0,0.0,2670000000.0,1936000000.0,734000000.0,15818642517.0,-89000000.0,-34000000.0,-92000000.0,-688000000.0,0.0,-780000000.0,-200000000.0,-51000000.0,899000000.0,-8000000.0,327000000.0,327000000.0,327000000.0,-136000000.0,0.0,0.07,2148000000.0,216000000.0,323000000.0,0.0,3.876,48.375,48.5,855000000.0,0.0,32.01,3.376,3.375,678000000.0,-1463000000.0,4685000000.0,4685000000.0,650000000.0,0.046,0.083,0.155,0.106,8000000.0,1498000000.0,1.0,494178148.0,494000000.0,500000000.0,9.484,6406000000.0,0.0,142000000.0,474000000.0,12.968,2511000000.0
64,A,MRT,2005-06-30,2005-07-31,2005-07-31,2021-09-01,141000000.0,7352000000.0,7228500000.0,4926000000.0,2426000000.0,0.405,7.992,-58000000.0,2782000000.0,2782000000.0,1281000000.0,396000000.0,2.781,0.862,1150000000.0,0.0,1150000000.0,1150000000.0,323000000.0,127000000.0,0.0,0.0,0.0,437000000.0,564000000.0,0.193,564000000.0,437000000.0,437000000.0,0.8,0.79,0.8,3948000000.0,3788500000.0,3948000000.0,11358202091.0,26.0,20.139,839000000.0,1.698,1.0,1648000000.0,0.563,461000000.0,0.0,3488000000.0,3611750000.0,936000000.0,0.0,0.0,0.0,3404000000.0,1771000000.0,1633000000.0,12893202091.0,845000000.0,-38000000.0,116000000.0,-3000000.0,0.0,113000000.0,-176000000.0,-38000000.0,897000000.0,11000000.0,396000000.0,396000000.0,396000000.0,-454000000.0,0.0,0.135,1767000000.0,-119000000.0,399000000.0,0.0,3.266,32.559,32.8,1148000000.0,0.0,26.24,4.402,4.426,966000000.0,-1509000000.0,2929000000.0,2929000000.0,445000000.0,0.055,0.105,0.121,0.149,11000000.0,1322000000.0,1.0,491356787.0,494000000.0,499000000.0,5.929,6891000000.0,0.0,41000000.0,374000000.0,13.949,3155000000.0
65,A,MRT,2005-03-31,2005-04-30,2005-04-30,2021-09-01,217000000.0,7268000000.0,7075750000.0,4813000000.0,2455000000.0,0.505,7.88,-13000000.0,2685000000.0,2685000000.0,1724000000.0,392000000.0,2.727,0.879,1150000000.0,0.0,1150000000.0,1150000000.0,314000000.0,148000000.0,0.0,0.0,0.0,447000000.0,595000000.0,0.167,595000000.0,447000000.0,447000000.0,0.8,0.79,0.8,3869000000.0,3633750000.0,3869000000.0,8858647148.0,20.0,14.888,787000000.0,1.603,1.0,1848000000.0,0.517,458000000.0,0.0,3510000000.0,3677750000.0,958000000.0,0.0,0.0,0.0,3399000000.0,1765000000.0,1634000000.0,10191647148.0,843000000.0,-1000000.0,116000000.0,-3000000.0,0.0,113000000.0,-90000000.0,-38000000.0,800000000.0,20000000.0,392000000.0,392000000.0,392000000.0,-404000000.0,0.0,0.11,1895000000.0,-47000000.0,389000000.0,0.0,2.634,25.999,25.938,1185000000.0,0.0,20.75,2.853,2.852,964000000.0,-1612000000.0,3572000000.0,3572000000.0,497000000.0,0.055,0.108,0.122,0.125,9000000.0,1398000000.0,1.0,491163718.0,491000000.0,496000000.0,7.275,6810000000.0,0.0,55000000.0,351000000.0,13.87,3048000000.0
66,A,MRT,2004-12-31,2005-01-31,2005-01-31,2021-09-01,215000000.0,7150000000.0,6927500000.0,4649000000.0,2501000000.0,0.595,7.674,-44000000.0,2483000000.0,2483000000.0,2109000000.0,401000000.0,2.625,0.898,1150000000.0,0.0,1150000000.0,1150000000.0,295000000.0,179000000.0,0.0,0.0,0.0,461000000.0,640000000.0,0.155,640000000.0,461000000.0,461000000.0,0.83,0.81,0.83,3768000000.0,3463250000.0,3768000000.0,9599056434.0,21.0,14.999,733000000.0,1.493,1.0,2016000000.0,0.489,459000000.0,0.0,3587000000.0,3721250000.0,1037000000.0,0.0,0.0,0.0,3382000000.0,1771000000.0,1611000000.0,10764056434.0,805000000.0,-18000000.0,129000000.0,25000000.0,0.0,154000000.0,-137000000.0,-34000000.0,777000000.0,11000000.0,401000000.0,401000000.0,401000000.0,-362000000.0,0.0,0.097,1994000000.0,22000000.0,408000000.0,0.0,2.857,26.843,26.639,1235000000.0,0.0,22.11,2.609,2.632,946000000.0,-1707000000.0,4125000000.0,4125000000.0,545000000.0,0.058,0.116,0.124,0.112,8000000.0,1449000000.0,1.0,486841087.0,491000000.0,496000000.0,8.401,6691000000.0,0.0,60000000.0,351000000.0,13.627,2878000000.0
67,A,MRT,2004-09-30,2004-10-31,2004-10-31,2021-09-01,159000000.0,7144000000.0,6736000000.0,4663000000.0,2481000000.0,0.676,7.389,-45000000.0,2315000000.0,2315000000.0,2392000000.0,369000000.0,2.631,1.002,1150000000.0,0.0,1150000000.0,1150000000.0,227000000.0,212000000.0,0.0,0.0,0.0,426000000.0,638000000.0,0.14,638000000.0,426000000.0,426000000.0,0.76,0.75,0.76,3569000000.0,3288500000.0,3569000000.0,11382282576.0,27.0,17.841,625000000.0,1.294,1.0,2164000000.0,0.475,345000000.0,0.0,3862000000.0,3749750000.0,809000000.0,0.0,0.0,0.0,3575000000.0,1772000000.0,1803000000.0,12169282576.0,708000000.0,-18000000.0,137000000.0,1000000.0,0.0,138000000.0,-114000000.0,-14000000.0,670000000.0,14000000.0,369000000.0,369000000.0,369000000.0,-310000000.0,0.0,0.081,2101000000.0,63000000.0,306000000.0,0.0,3.41,32.979,32.974,984000000.0,0.0,25.06,2.671,2.657,788000000.0,-1790000000.0,4556000000.0,4556000000.0,599000000.0,0.055,0.112,0.114,0.094,7000000.0,1502000000.0,1.0,485605849.0,483000000.0,490000000.0,9.433,6799000000.0,0.0,57000000.0,338000000.0,14.077,2891000000.0
68,A,MRT,2004-06-30,2004-07-31,2004-07-31,2021-09-01,41000000.0,6741000000.0,6524250000.0,4398000000.0,2343000000.0,0.835,6.864,-81000000.0,1937000000.0,1937000000.0,2860000000.0,288000000.0,2.424,1.025,1150000000.0,0.0,1150000000.0,1150000000.0,295000000.0,232000000.0,0.0,0.0,0.0,411000000.0,643000000.0,0.118,643000000.0,411000000.0,411000000.0,0.62,0.59,0.62,3329000000.0,3102250000.0,3329000000.0,10771348000.0,26.0,16.752,387000000.0,0.798,1.0,2586000000.0,0.475,388000000.0,0.0,3752000000.0,3667250000.0,1061000000.0,0.0,0.0,0.0,3412000000.0,1814000000.0,1598000000.0,11463348000.0,507000000.0,-5000000.0,138000000.0,-2000000.0,0.0,136000000.0,-117000000.0,-1000000.0,468000000.0,20000000.0,288000000.0,288000000.0,288000000.0,13000000.0,0.0,0.053,2228000000.0,358000000.0,395000000.0,0.0,3.443,39.803,38.403,1283000000.0,0.0,23.81,2.105,2.12,1150000000.0,-1884000000.0,5446000000.0,5446000000.0,642000000.0,0.044,0.093,0.112,0.075,6000000.0,1586000000.0,1.0,481450987.0,485000000.0,491000000.0,11.229,6353000000.0,0.0,123000000.0,379000000.0,13.099,2584000000.0
69,A,MRT,2004-03-31,2004-04-30,2004-04-30,2021-09-01,99000000.0,6675000000.0,6336500000.0,4255000000.0,2420000000.0,0.799,6.626,-146000000.0,1842000000.0,1842000000.0,2722000000.0,-1368000000.0,2.232,1.094,1150000000.0,0.0,1150000000.0,1150000000.0,307000000.0,253000000.0,0.0,0.0,0.0,76000000.0,329000000.0,0.065,329000000.0,76000000.0,76000000.0,-2.87,-2.89,-2.87,3187000000.0,2950000000.0,3187000000.0,12457178451.0,164.0,37.864,190000000.0,0.395,1.0,2341000000.0,0.462,393000000.0,0.0,3684000000.0,3612000000.0,1050000000.0,0.0,0.0,0.0,3488000000.0,1906000000.0,1582000000.0,12985178451.0,309000000.0,-5000000.0,138000000.0,-2000000.0,0.0,136000000.0,-183000000.0,-2000000.0,336000000.0,20000000.0,-1368000000.0,-1368000000.0,-1368000000.0,13000000.0,0.0,-0.27,2280000000.0,61000000.0,428000000.0,0.0,4.074,-9.492,-9.411,1363000000.0,0.0,27.01,2.565,2.566,1094000000.0,-1984000000.0,5063000000.0,5063000000.0,664000000.0,-0.216,-0.464,0.021,0.015,6000000.0,1616000000.0,1.0,480754478.0,481000000.0,495000000.0,10.526,6282000000.0,43000000.0,1444000000.0,326000000.0,13.06,2349000000.0
70,A,MRT,2003-12-31,2004-01-31,2004-01-31,2021-09-01,102000000.0,6384000000.0,6572000000.0,3986000000.0,2398000000.0,0.715,6.394,-153000000.0,1678000000.0,1678000000.0,2657000000.0,-1618000000.0,2.284,1.08,1150000000.0,0.0,1150000000.0,1150000000.0,284000000.0,278000000.0,0.0,0.0,0.0,-376000000.0,-98000000.0,-0.021,-98000000.0,-376000000.0,-376000000.0,-3.4,-3.41,-3.4,3069000000.0,3203500000.0,3069000000.0,17093855199.0,-45.0,-174.427,-190000000.0,-0.396,1.0,2042000000.0,0.435,410000000.0,0.0,3701000000.0,3894500000.0,1056000000.0,0.0,0.0,0.0,3315000000.0,1745000000.0,1570000000.0,17550855199.0,-76000000.0,0.0,122000000.0,-1000000.0,0.0,121000000.0,-190000000.0,-2000000.0,-37000000.0,30000000.0,-1618000000.0,-1618000000.0,-1618000000.0,13000000.0,0.0,-0.344,2427000000.0,-385000000.0,416000000.0,0.0,5.719,-10.847,-10.841,1419000000.0,0.0,36.86,3.735,3.765,1064000000.0,-2088000000.0,4699000000.0,4699000000.0,723000000.0,-0.246,-0.505,-0.097,-0.08,6000000.0,1704000000.0,1.0,476149083.0,480000000.0,490000000.0,9.79,5974000000.0,33000000.0,1242000000.0,269000000.0,12.446,2241000000.0
71,A,MRT,2003-09-30,2003-10-31,2003-10-31,2021-09-01,-6000000.0,6297000000.0,6918500000.0,3889000000.0,2408000000.0,0.646,5.97,-169000000.0,1607000000.0,1607000000.0,2633000000.0,-2058000000.0,2.04,1.23,1150000000.0,0.0,1150000000.0,1150000000.0,262000000.0,279000000.0,0.0,0.0,0.0,-968000000.0,-689000000.0,-0.154,-689000000.0,-968000000.0,-968000000.0,-4.35,-4.35,-4.35,2824000000.0,3523500000.0,2824000000.0,11569651286.0,-12.0,-16.792,-327000000.0,-0.691,1.0,1835000000.0,0.411,402000000.0,0.0,3532000000.0,4149500000.0,995000000.0,0.0,0.0,0.0,3473000000.0,1906000000.0,1567000000.0,11849651286.0,-237000000.0,0.0,106000000.0,-2000000.0,0.0,104000000.0,-203000000.0,-4000000.0,-158000000.0,20000000.0,-2058000000.0,-2058000000.0,-2058000000.0,13000000.0,0.0,-0.461,2555000000.0,-720000000.0,441000000.0,0.0,4.196,-5.758,-5.729,1447000000.0,0.0,24.92,2.652,2.638,1086000000.0,-2159000000.0,4468000000.0,4468000000.0,771000000.0,-0.297,-0.584,-0.233,-0.217,6000000.0,1784000000.0,1.0,475507676.0,473000000.0,473000000.0,9.446,5895000000.0,0.0,1090000000.0,326000000.0,12.463,1983000000.0
72,A,MRT,2003-06-30,2003-07-31,2003-07-31,2021-09-01,-89000000.0,5990000000.0,7395000000.0,3750000000.0,2240000000.0,0.827,5.726,-253000000.0,1430000000.0,1430000000.0,3944000000.0,-2307000000.0,2.097,1.202,1150000000.0,0.0,1150000000.0,1150000000.0,259000000.0,460000000.0,0.0,0.0,0.0,-1410000000.0,-950000000.0,-0.155,-950000000.0,-1410000000.0,-1410000000.0,-4.88,-4.88,-4.88,2720000000.0,3974250000.0,2720000000.0,9858439788.0,-7.0,-10.377,-774000000.0,-1.629,1.0,2173000000.0,0.355,391000000.0,0.0,3531000000.0,4477250000.0,1051000000.0,0.0,0.0,0.0,3270000000.0,1788000000.0,1482000000.0,10241439788.0,-675000000.0,-10000000.0,94000000.0,-1000000.0,0.0,93000000.0,-252000000.0,11000000.0,-521000000.0,6000000.0,-2307000000.0,-2307000000.0,-2307000000.0,1000000.0,0.0,-0.377,3341000000.0,-1168000000.0,328000000.0,0.0,3.765,-4.439,-4.453,1449000000.0,0.0,21.73,1.674,1.687,967000000.0,-2172000000.0,6117000000.0,6117000000.0,1152000000.0,-0.312,-0.58,-0.315,-0.231,0.0,2189000000.0,1.0,471304178.0,475000000.0,475000000.0,12.878,5599000000.0,27000000.0,897000000.0,295000000.0,11.787,1962000000.0
73,A,MRT,2003-03-31,2003-04-30,2003-04-30,2021-09-01,-111000000.0,7617000000.0,8006750000.0,4309000000.0,3308000000.0,0.75,8.919,-248000000.0,1533000000.0,1533000000.0,3890000000.0,-979000000.0,2.148,0.813,1150000000.0,0.0,1150000000.0,1150000000.0,257000000.0,549000000.0,0.0,0.0,0.0,-1636000000.0,-1087000000.0,-0.181,-1087000000.0,-1636000000.0,-1636000000.0,-2.09,-2.09,-2.09,4201000000.0,4544500000.0,4201000000.0,6945307894.0,-4.0,-6.389,-859000000.0,-1.824,1.0,2116000000.0,0.352,414000000.0,0.0,4814000000.0,4780500000.0,1131000000.0,0.0,0.0,0.0,3416000000.0,2006000000.0,1410000000.0,7549307894.0,-702000000.0,-10000000.0,100000000.0,-4000000.0,0.0,96000000.0,-257000000.0,1000000.0,-611000000.0,6000000.0,-979000000.0,-979000000.0,-979000000.0,6000000.0,0.0,-0.163,3523000000.0,-1407000000.0,294000000.0,0.0,1.797,-7.711,-7.665,1510000000.0,0.0,16.02,1.257,1.256,929000000.0,-616000000.0,6006000000.0,6006000000.0,1199000000.0,-0.122,-0.215,-0.342,-0.272,0.0,2324000000.0,1.0,471242690.0,471000000.0,471000000.0,12.752,7203000000.0,1407000000.0,-657000000.0,335000000.0,15.293,2303000000.0
74,A,MRT,2002-12-31,2003-01-31,2003-01-31,2021-09-01,-108000000.0,7770000000.0,8162000000.0,4559000000.0,3211000000.0,0.735,9.234,-300000000.0,1754000000.0,1754000000.0,3826000000.0,-1086000000.0,2.254,0.787,1150000000.0,0.0,1150000000.0,1150000000.0,256000000.0,618000000.0,0.0,0.0,0.0,-1645000000.0,-1027000000.0,-0.171,-1027000000.0,-1645000000.0,-1645000000.0,-2.33,-2.33,-2.33,4349000000.0,4776250000.0,4349000000.0,7002562458.0,-4.0,-6.818,-838000000.0,-1.779,1.0,2170000000.0,0.362,422000000.0,0.0,4721000000.0,4747250000.0,1166000000.0,0.0,0.0,0.0,3421000000.0,2023000000.0,1398000000.0,7696562458.0,-434000000.0,-3000000.0,109000000.0,-6000000.0,0.0,103000000.0,-65000000.0,238000000.0,-538000000.0,6000000.0,-1086000000.0,-1086000000.0,-1086000000.0,12000000.0,0.0,-0.181,3591000000.0,-1421000000.0,290000000.0,0.0,1.77,-7.087,-7.073,1571000000.0,0.0,16.48,1.284,1.295,930000000.0,-470000000.0,5996000000.0,5996000000.0,1210000000.0,-0.133,-0.227,-0.347,-0.274,0.0,2381000000.0,1.0,467024421.0,471000000.0,471000000.0,12.73,7348000000.0,1247000000.0,-559000000.0,387000000.0,15.601,2536000000.0
75,A,MRT,2002-09-30,2002-10-31,2002-10-31,2021-09-01,-149000000.0,8203000000.0,8342750000.0,4880000000.0,3323000000.0,0.72,9.951,-324000000.0,1844000000.0,1844000000.0,3866000000.0,-1032000000.0,2.463,0.773,1150000000.0,0.0,1150000000.0,1150000000.0,244000000.0,735000000.0,0.0,0.0,0.0,-1557000000.0,-822000000.0,-0.137,-822000000.0,-1557000000.0,-1557000000.0,-2.22,-2.22,-2.22,4627000000.0,5027250000.0,4627000000.0,5462206400.0,-4.0,-6.645,-915000000.0,-1.968,1.0,2144000000.0,0.357,685000000.0,0.0,4843000000.0,4779750000.0,1184000000.0,0.0,0.0,0.0,3576000000.0,1981000000.0,1595000000.0,6417206400.0,674000000.0,16000000.0,121000000.0,1122000000.0,0.0,1243000000.0,-71000000.0,237000000.0,-591000000.0,6000000.0,-1032000000.0,-1032000000.0,-1032000000.0,10000000.0,0.0,-0.172,3751000000.0,-1607000000.0,451000000.0,0.0,1.387,-6.218,-6.194,1579000000.0,0.0,13.75,1.068,1.064,1118000000.0,-101000000.0,6010000000.0,6010000000.0,1250000000.0,-0.124,-0.205,-0.326,-0.259,0.0,2501000000.0,1.0,466705920.0,465000000.0,465000000.0,12.925,7518000000.0,1097000000.0,-525000000.0,325000000.0,16.168,2899000000.0
76,A,MRT,2002-06-30,2002-07-31,2002-07-31,2021-09-01,-1000000.0,8437000000.0,8288500000.0,4979000000.0,3458000000.0,0.709,10.732,-364000000.0,2105000000.0,2105000000.0,4149000000.0,-599000000.0,2.543,0.687,1150000000.0,0.0,1150000000.0,1150000000.0,278000000.0,766000000.0,0.0,0.0,0.0,-1239000000.0,-473000000.0,-0.08,-473000000.0,-1239000000.0,-1239000000.0,-1.29,-1.29,-1.29,5001000000.0,5285250000.0,5001000000.0,7679993706.0,-6.0,-16.237,-1164000000.0,-2.498,1.0,1731000000.0,0.294,780000000.0,0.0,4744000000.0,4505000000.0,1301000000.0,1000000.0,1000000.0,0.0,3436000000.0,1958000000.0,1478000000.0,8764993706.0,1106000000.0,39000000.0,149000000.0,337000000.0,0.0,486000000.0,-322000000.0,3000000.0,-800000000.0,0.0,-599000000.0,-599000000.0,-599000000.0,-637000000.0,0.0,-0.102,3643000000.0,-1912000000.0,373000000.0,0.0,1.753,-14.633,-14.636,1713000000.0,0.0,18.88,1.491,1.496,873000000.0,135000000.0,5880000000.0,5880000000.0,1330000000.0,-0.072,-0.113,-0.275,-0.211,0.0,2313000000.0,1.0,464247548.0,466000000.0,466000000.0,12.618,7657000000.0,0.0,-640000000.0,809000000.0,16.431,3021000000.0
77,A,MRT,2002-03-31,2002-04-30,2002-04-30,2021-09-01,-43000000.0,8238000000.0,8334750000.0,5260000000.0,2978000000.0,0.757,11.052,-294000000.0,2235000000.0,2235000000.0,4327000000.0,-596000000.0,3.269,0.606,1150000000.0,0.0,1150000000.0,1150000000.0,283000000.0,797000000.0,0.0,0.0,0.0,-1112000000.0,-315000000.0,-0.05,-315000000.0,-1112000000.0,-1112000000.0,-1.29,-1.29,-1.29,5128000000.0,5406750000.0,5128000000.0,12900992339.0,-12.0,-40.956,-613000000.0,-1.321,1.0,1981000000.0,0.314,863000000.0,0.0,4681000000.0,4427750000.0,1307000000.0,13000000.0,13000000.0,0.0,3110000000.0,1609000000.0,1501000000.0,13938992339.0,1426000000.0,37000000.0,161000000.0,351000000.0,0.0,512000000.0,-411000000.0,-213000000.0,-319000000.0,0.0,-596000000.0,-596000000.0,-596000000.0,-637000000.0,0.0,-0.094,3795000000.0,-1814000000.0,347000000.0,0.0,2.718,-23.388,-23.295,1728000000.0,0.0,30.05,2.21,2.21,902000000.0,363000000.0,6308000000.0,6308000000.0,1329000000.0,-0.072,-0.11,-0.251,-0.176,0.0,2466000000.0,1.0,463859978.0,464000000.0,464000000.0,13.595,7375000000.0,0.0,-516000000.0,457000000.0,15.894,3651000000.0
78,A,MRT,2001-12-31,2002-01-31,2002-01-31,2021-09-01,-47000000.0,8493000000.0,8545250000.0,5467000000.0,3026000000.0,0.849,11.562,-144000000.0,2188000000.0,2188000000.0,4786000000.0,-241000000.0,3.293,0.587,1150000000.0,0.0,1150000000.0,1150000000.0,269000000.0,799000000.0,0.0,0.0,0.0,-555000000.0,244000000.0,0.034,244000000.0,-555000000.0,-555000000.0,-0.52,-0.52,-0.52,5353000000.0,5528750000.0,5353000000.0,12909148106.0,-23.0,52.906,-229000000.0,-0.495,1.0,2471000000.0,0.34,944000000.0,0.0,4851000000.0,4434500000.0,1382000000.0,247000000.0,247000000.0,0.0,3140000000.0,1660000000.0,1480000000.0,14073148106.0,1755000000.0,-110000000.0,154000000.0,567000000.0,0.0,721000000.0,-540000000.0,-303000000.0,-85000000.0,0.0,-241000000.0,-241000000.0,-241000000.0,-656000000.0,0.0,-0.033,3985000000.0,-1514000000.0,321000000.0,0.0,2.629,-58.395,-58.365,1730000000.0,0.0,30.35,1.939,1.936,817000000.0,616000000.0,7257000000.0,7257000000.0,1353000000.0,-0.028,-0.044,-0.125,-0.076,0.0,2632000000.0,1.0,463695160.0,463000000.0,463000000.0,15.674,7549000000.0,0.0,-314000000.0,536000000.0,16.305,3807000000.0
79,A,MRT,2001-09-30,2001-10-31,2001-10-31,2021-09-01,0.0,7986000000.0,8724000000.0,4799000000.0,3187000000.0,0.962,12.356,-248000000.0,1170000000.0,1170000000.0,5088000000.0,174000000.0,2.397,0.411,0.0,0.0,0.0,0.0,279000000.0,734000000.0,0.0,0.0,0.0,103000000.0,837000000.0,0.1,837000000.0,103000000.0,103000000.0,0.38,0.38,0.38,5659000000.0,5575750000.0,5659000000.0,10053392871.0,98.0,12.011,-362000000.0,-0.79,1.0,3308000000.0,0.394,1070000000.0,0.0,3744000000.0,4483750000.0,1491000000.0,237000000.0,237000000.0,0.0,2327000000.0,2002000000.0,325000000.0,10258392871.0,174000000.0,-891000000.0,150000000.0,-113000000.0,0.0,37000000.0,-1365000000.0,-242000000.0,-114000000.0,0.0,174000000.0,174000000.0,174000000.0,-652000000.0,0.0,0.021,4086000000.0,-778000000.0,392000000.0,0.0,1.813,58.956,58.605,1848000000.0,0.0,22.27,1.222,1.215,977000000.0,931000000.0,8396000000.0,8396000000.0,1358000000.0,0.02,0.031,0.023,0.012,0.0,2728000000.0,1.0,460637309.0,458000000.0,458000000.0,18.332,6916000000.0,504000000.0,-71000000.0,173000000.0,15.1,2797000000.0
80,A,MRT,2001-06-30,2001-07-31,2001-07-31,2021-09-01,-11000000.0,8622000000.0,8810000000.0,4656000000.0,3966000000.0,1.113,11.954,-225000000.0,999000000.0,999000000.0,5023000000.0,282000000.0,1.66,0.571,794000000.0,794000000.0,0.0,794000000.0,386000000.0,655000000.0,0.0,0.0,0.0,620000000.0,1275000000.0,0.13,1275000000.0,620000000.0,620000000.0,0.62,0.6,0.62,5487000000.0,5477250000.0,5487000000.0,13040851349.0,21.0,10.228,426000000.0,0.928,1.0,4784000000.0,0.488,1178000000.0,0.0,4435000000.0,4626250000.0,1704000000.0,641000000.0,0.0,641000000.0,3135000000.0,2804000000.0,331000000.0,13076851349.0,296000000.0,-925000000.0,172000000.0,655000000.0,0.0,827000000.0,-1163000000.0,-33000000.0,651000000.0,0.0,282000000.0,282000000.0,282000000.0,-10000000.0,0.0,0.029,4423000000.0,361000000.0,544000000.0,0.0,2.383,46.372,46.145,1807000000.0,0.0,28.61,1.333,1.339,1169000000.0,788000000.0,9807000000.0,9807000000.0,1211000000.0,0.032,0.051,0.134,0.063,0.0,3212000000.0,1.0,457072749.0,459000000.0,459000000.0,21.366,7444000000.0,0.0,338000000.0,478000000.0,16.218,1852000000.0
81,A,MRT,2001-03-31,2001-04-30,2001-04-30,2021-09-01,15000000.0,9080000000.0,8611250000.0,4998000000.0,4082000000.0,1.201,12.316,-450000000.0,809000000.0,809000000.0,5137000000.0,662000000.0,1.613,0.617,773000000.0,773000000.0,0.0,773000000.0,377000000.0,580000000.0,0.0,0.0,0.0,1149000000.0,1729000000.0,0.167,1729000000.0,1149000000.0,1149000000.0,1.45,1.43,1.45,5616000000.0,5331000000.0,5616000000.0,17941587440.0,16.0,10.377,-129000000.0,-0.283,1.0,5202000000.0,0.503,1238000000.0,0.0,4708000000.0,4703250000.0,1791000000.0,613000000.0,0.0,613000000.0,3464000000.0,3098000000.0,366000000.0,17818587440.0,-169000000.0,-1071000000.0,143000000.0,675000000.0,0.0,818000000.0,-1379000000.0,180000000.0,321000000.0,0.0,662000000.0,662000000.0,662000000.0,-27000000.0,0.0,0.064,4321000000.0,881000000.0,653000000.0,0.0,3.173,26.916,26.903,1848000000.0,0.0,39.01,1.723,1.721,1573000000.0,1007000000.0,10339000000.0,10339000000.0,1196000000.0,0.077,0.124,0.244,0.111,0.0,3125000000.0,1.0,456769737.0,456000000.0,461000000.0,22.673,7842000000.0,0.0,487000000.0,638000000.0,17.197,1900000000.0
82,A,MRT,2000-12-31,2001-01-31,2001-01-31,2021-09-01,33000000.0,9208000000.0,8171500000.0,5461000000.0,3747000000.0,1.233,12.178,-613000000.0,433000000.0,433000000.0,4853000000.0,726000000.0,1.779,0.662,556000000.0,556000000.0,0.0,556000000.0,405000000.0,498000000.0,0.0,0.0,0.0,1163000000.0,1661000000.0,0.165,1661000000.0,1163000000.0,1163000000.0,1.6,1.57,1.6,5541000000.0,5087500000.0,5541000000.0,24008786084.0,21.0,14.454,-634000000.0,-1.393,1.0,5222000000.0,0.518,1213000000.0,0.0,5048000000.0,4590000000.0,2129000000.0,0.0,0.0,0.0,3667000000.0,3070000000.0,597000000.0,24894786084.0,-935000000.0,-1236000000.0,142000000.0,445000000.0,0.0,587000000.0,-1732000000.0,128000000.0,-21000000.0,0.0,726000000.0,726000000.0,726000000.0,-40000000.0,0.0,0.072,4108000000.0,1114000000.0,711000000.0,0.0,4.493,34.29,34.094,1821000000.0,0.0,54.55,2.471,2.464,2130000000.0,911000000.0,10075000000.0,10075000000.0,1128000000.0,0.089,0.143,0.253,0.115,0.0,2980000000.0,1.0,456366381.0,455000000.0,466000000.0,22.143,7995000000.0,0.0,437000000.0,758000000.0,17.571,2391000000.0
83,A,MRT,2000-09-30,2000-10-31,2000-10-31,2021-09-01,-5000000.0,8330000000.0,7646250000.0,5139000000.0,3191000000.0,1.224,11.726,-470000000.0,996000000.0,996000000.0,4586000000.0,757000000.0,1.93,0.582,110000000.0,110000000.0,0.0,110000000.0,322000000.0,460000000.0,0.0,0.0,0.0,1103000000.0,1563000000.0,0.167,1563000000.0,1103000000.0,1103000000.0,1.68,1.66,1.68,5265000000.0,4823750000.0,5265000000.0,20405105153.0,18.0,13.055,66000000.0,0.147,1.0,4775000000.0,0.51,467000000.0,0.0,4314000000.0,4412250000.0,1610000000.0,597000000.0,0.0,597000000.0,3065000000.0,2663000000.0,402000000.0,20979105153.0,996000000.0,-634000000.0,2152000000.0,110000000.0,0.0,1275000000.0,-1062000000.0,28000000.0,536000000.0,0.0,757000000.0,757000000.0,757000000.0,-85000000.0,0.0,0.081,3851000000.0,924000000.0,857000000.0,0.0,3.985,27.713,27.565,1685000000.0,0.0,46.31,2.241,2.221,1938000000.0,757000000.0,9361000000.0,9361000000.0,1065000000.0,0.099,0.157,0.25,0.118,0.0,2786000000.0,1.0,453014579.0,449000000.0,455000000.0,20.849,7863000000.0,0.0,346000000.0,0.0,17.512,2476000000.0
84,A,MRT,2000-06-30,2000-07-31,2000-07-31,2021-09-01,-6000000.0,7827000000.0,6924750000.0,5344000000.0,2483000000.0,1.11,10.821,-506000000.0,703000000.0,703000000.0,3949000000.0,598000000.0,2.129,0.597,129000000.0,129000000.0,0.0,129000000.0,361000000.0,396000000.0,0.0,0.0,0.0,774000000.0,1170000000.0,0.152,1170000000.0,774000000.0,774000000.0,1.4,1.39,1.4,4902000000.0,4353000000.0,4902000000.0,17550082655.0,23.0,15.0,-463000000.0,-1.022,1.0,3737000000.0,0.486,0.0,0.0,4743000000.0,4239000000.0,1762000000.0,0.0,0.0,0.0,2925000000.0,2510000000.0,415000000.0,18430082655.0,703000000.0,-608000000.0,2112000000.0,129000000.0,0.0,1270000000.0,-985000000.0,38000000.0,43000000.0,,598000000.0,598000000.0,598000000.0,-244000000.0,0.0,0.078,3307000000.0,430000000.0,783000000.0,0.0,3.76,30.82,29.107,1581000000.0,0.0,40.75,2.398,2.402,2167000000.0,452000000.0,7686000000.0,7686000000.0,1015000000.0,0.086,0.137,0.183,0.101,0.0,2292000000.0,1.0,452271967.0,453000000.0,461000000.0,16.967,7827000000.0,0.0,176000000.0,238000000.0,17.278,2834000000.0
85,A,MRT,2000-03-31,2000-04-30,2000-04-30,2021-09-01,-4000000.0,7321000000.0,6230500000.0,5057000000.0,2264000000.0,1.191,10.27,-393000000.0,978000000.0,978000000.0,3863000000.0,578000000.0,2.313,0.577,98000000.0,98000000.0,0.0,98000000.0,329000000.0,390000000.0,0.0,0.0,0.0,753000000.0,1143000000.0,0.154,1143000000.0,753000000.0,753000000.0,1.42,1.41,1.42,4642000000.0,3932500000.0,4642000000.0,39357760000.0,52.0,34.434,-117000000.0,-0.259,1.0,3559000000.0,0.48,0.0,0.0,4255000000.0,3949000000.0,1622000000.0,0.0,0.0,0.0,2679000000.0,2186000000.0,493000000.0,40060760000.0,978000000.0,-476000000.0,2070000000.0,98000000.0,0.0,1120000000.0,-736000000.0,53000000.0,276000000.0,,578000000.0,578000000.0,578000000.0,-232000000.0,0.0,0.078,3123000000.0,436000000.0,572000000.0,0.0,8.63,69.309,62.415,1453000000.0,0.0,88.63,5.398,5.398,1826000000.0,297000000.0,7422000000.0,7422000000.0,969000000.0,0.093,0.147,0.191,0.101,0.0,2154000000.0,1.0,452000000.0,452000000.0,457000000.0,16.42,7321000000.0,0.0,175000000.0,192000000.0,16.197,2871000000.0
86,A,MRT,1999-12-31,2000-01-31,2000-01-31,2021-09-01,53000000.0,7107000000.0,,4982000000.0,2125000000.0,,10.219,-381000000.0,1368000000.0,1368000000.0,3813000000.0,569000000.0,2.41,0.584,665000000.0,111000000.0,554000000.0,665000000.0,281000000.0,412000000.0,0.0,0.0,0.0,757000000.0,1169000000.0,0.16,1169000000.0,757000000.0,757000000.0,1.46,1.46,1.46,4486000000.0,,4486000000.0,29917880000.0,40.0,25.593,285000000.0,0.649,1.0,3477000000.0,0.477,0.0,0.0,4337000000.0,,1567000000.0,42000000.0,42000000.0,0.0,2621000000.0,2067000000.0,554000000.0,29917880000.0,1368000000.0,-183000000.0,2068000000.0,111000000.0,0.0,1064000000.0,-509000000.0,-42000000.0,666000000.0,,569000000.0,569000000.0,569000000.0,-206000000.0,0.0,0.078,2985000000.0,492000000.0,635000000.0,0.0,6.669,52.58,45.336,1408000000.0,0.0,66.19,4.104,3.986,1445000000.0,131000000.0,7290000000.0,7290000000.0,947000000.0,,,,0.104,0.0,2038000000.0,1.0,452000000.0,439000000.0,440000000.0,16.606,7107000000.0,0.0,188000000.0,113000000.0,16.189,2915000000.0
87,A,MRT,1999-09-30,1999-10-31,1999-10-31,2021-09-01,0.0,5444000000.0,5215500000.0,3538000000.0,1906000000.0,1.31,8.9,-429000000.0,0.0,0.0,3627000000.0,512000000.0,2.105,0.61,0.0,0.0,0.0,0.0,241000000.0,440000000.0,0.0,,0.0,669000000.0,1109000000.0,0.162,1109000000.0,669000000.0,669000000.0,1.35,1.35,1.35,3382000000.0,3202000000.0,3382000000.0,,,,-88000000.0,-0.232,1.0,3203000000.0,0.469,142000000.0,0.0,3621000000.0,3504500000.0,1499000000.0,0.0,0.0,0.0,2062000000.0,1681000000.0,381000000.0,,0.0,16000000.0,0.0,0.0,0.0,-152000000.0,-336000000.0,0.0,341000000.0,0.0,512000000.0,512000000.0,512000000.0,-206000000.0,0.0,0.075,2781000000.0,422000000.0,510000000.0,0.0,,,,1387000000.0,0.0,,,,1635000000.0,,6830000000.0,6830000000.0,879000000.0,0.098,0.16,0.191,0.098,0.0,1902000000.0,1.0,445000000.0,380000000.0,380000000.0,17.974,5302000000.0,0.0,157000000.0,0.0,13.953,1857000000.0
88,A,MRT,1999-06-30,1999-07-28,1999-07-28,2021-09-01,0.0,5050000000.0,5018500000.0,3256000000.0,1794000000.0,1.568,8.474,-333000000.0,0.0,0.0,4363000000.0,315000000.0,2.219,0.568,0.0,0.0,0.0,0.0,244000000.0,510000000.0,0.0,,0.0,484000000.0,994000000.0,0.126,994000000.0,484000000.0,484000000.0,0.83,0.83,0.83,3220000000.0,3121000000.0,3220000000.0,,,,459000000.0,1.208,1.0,3507000000.0,0.446,0.0,0.0,3583000000.0,3485500000.0,1597000000.0,0.0,0.0,0.0,1830000000.0,1467000000.0,363000000.0,,0.0,52000000.0,0.0,0.0,0.0,-510000000.0,-282000000.0,0.0,792000000.0,,315000000.0,315000000.0,315000000.0,0.0,0.0,0.04,3018000000.0,489000000.0,426000000.0,0.0,,,,1378000000.0,0.0,,,,1297000000.0,,7870000000.0,7870000000.0,954000000.0,0.063,0.101,0.139,0.061,0.0,2064000000.0,1.0,445000000.0,380000000.0,380000000.0,20.711,5050000000.0,0.0,169000000.0,0.0,13.289,1789000000.0
89,A,MRT,1999-03-31,1999-04-30,1999-04-30,2021-09-01,,,,,,,,,,,,,,,,,,,,,,,0.0,,,,,,,,,,,,,,,,,,1.0,,,,,,,,,,,,,,,,,,,,,,,,,,,,,,,,,,,,,,,,,,,,,,,,,,,,,,1.0,,380000000.0,,,,,,,,
90,A,MRT,1998-12-31,1999-01-31,1999-01-31,2021-09-01,,,,,,,,,,,,,,,,,,,,,,,0.0,,,,,,,,,,,,,,,,,,1.0,,,,,,,,,,,,,,,,,,,,,,,,,,,,,,,,,,,,,,,,,,,,,,,,,,,,,,1.0,,380000000.0,,,,,,,,
91,A,MRT,1998-09-30,1998-10-31,1998-10-31,2021-09-01,0.0,4987000000.0,,3075000000.0,1912000000.0,,7.953,-332000000.0,0.0,0.0,4512000000.0,257000000.0,1.923,0.65,0.0,0.0,0.0,0.0,205000000.0,477000000.0,0.0,,0.0,396000000.0,873000000.0,0.11,873000000.0,396000000.0,396000000.0,0.68,0.68,0.68,3022000000.0,,3022000000.0,,,,419000000.0,1.103,1.0,3440000000.0,0.433,0.0,0.0,3388000000.0,,1485000000.0,0.0,0.0,0.0,1965000000.0,1599000000.0,366000000.0,,0.0,55000000.0,0.0,0.0,0.0,-479000000.0,-272000000.0,0.0,751000000.0,,257000000.0,257000000.0,257000000.0,0.0,0.0,0.032,2998000000.0,442000000.0,435000000.0,0.0,,,,1481000000.0,0.0,,,,1215000000.0,,7952000000.0,7952000000.0,948000000.0,,,,0.05,0.0,2050000000.0,1.0,,380000000.0,380000000.0,20.926,4987000000.0,0.0,139000000.0,0.0,13.124,1476000000.0
92,A,MRT,1998-06-30,1998-07-28,1998-07-28,2021-09-01,0.0,4987000000.0,,3075000000.0,1912000000.0,,,,0.0,0.0,,,1.923,0.65,0.0,0.0,0.0,0.0,205000000.0,,0.0,,,,,,,,,,,,3022000000.0,,3022000000.0,,,,,,1.0,,,0.0,,3388000000.0,,1485000000.0,0.0,0.0,0.0,1965000000.0,1599000000.0,366000000.0,,,,,,,,,,,,,,,,,,,,435000000.0,,,,,1481000000.0,,,,,1215000000.0,,,,,,,,,,,1.0,,,,,4987000000.0,0.0,,0.0,,1476000000.0
93,A,MRT,1997-09-30,1997-10-31,1997-10-31,2021-09-01,,,,,,,,-501000000.0,,,4126000000.0,543000000.0,,,,,,,,409000000.0,,,0.0,823000000.0,1232000000.0,0.158,1232000000.0,823000000.0,823000000.0,1.43,1.43,1.43,,,,,,,464000000.0,1.221,1.0,3659000000.0,0.47,,0.0,,,,,,,,,,,0.0,-9000000.0,0.0,0.0,0.0,-450000000.0,-515000000.0,0.0,965000000.0,,543000000.0,543000000.0,543000000.0,0.0,0.0,0.07,2789000000.0,870000000.0,,0.0,,,,,0.0,,,,,,7785000000.0,7785000000.0,880000000.0,,,,0.106,0.0,1909000000.0,1.0,,380000000.0,380000000.0,20.487,,,280000000.0,,,
94,A,MRT,1997-06-30,1997-07-28,1997-07-28,2021-09-01,0.0,5006000000.0,,2931000000.0,2075000000.0,,,,0.0,0.0,,,1.924,0.61,0.0,0.0,0.0,0.0,157000000.0,,0.0,,,,,,,,,,,,3110000000.0,,3110000000.0,,,,,,1.0,,,0.0,,3483000000.0,,1432000000.0,0.0,0.0,0.0,1896000000.0,1523000000.0,373000000.0,,,,,,,,,,,,,,,,,,,,495000000.0,,,,,1623000000.0,,,,,1234000000.0,,,,,,,,,,,1.0,,,,,5006000000.0,0.0,,0.0,,1408000000.0
95,A,MRT,1996-09-30,1996-10-31,1996-10-31,2021-09-01,,,,,,,,-495000000.0,,,3901000000.0,542000000.0,,,,,,,,401000000.0,,,0.0,854000000.0,1255000000.0,0.17,1255000000.0,854000000.0,854000000.0,1.43,1.43,1.43,,,,,,,386000000.0,1.016,1.0,3478000000.0,0.471,,0.0,,,,,,,,,,,0.0,-6000000.0,0.0,0.0,0.0,-373000000.0,-508000000.0,0.0,881000000.0,,542000000.0,542000000.0,542000000.0,0.0,0.0,0.073,2603000000.0,875000000.0,,0.0,,,,,0.0,,,,,,7379000000.0,7379000000.0,805000000.0,,,,0.116,0.0,1798000000.0,1.0,,380000000.0,380000000.0,19.418,,,312000000.0,,,
