None,ticker,dimension,calendardate,datekey,reportperiod,lastupdated,accoci,assets,assetsavg,assetsc,assetsnc,assetturnover,bvps,capex,cashneq,cashnequsd,cor,consolinc,currentratio,de,debt,debtc,debtnc,debtusd,deferredrev,depamor,deposits,divyield,dps,ebit,ebitda,ebitdamargin,ebitdausd,ebitusd,ebt,eps,epsdil,epsusd,equity,equityavg,equityusd,ev,evebit,evebitda,fcf,fcfps,fxusd,gp,grossmargin,intangibles,intexp,invcap,invcapavg,inventory,investments,investmentsc,investmentsnc,liabilities,liabilitiesc,liabilitiesnc,marketcap,ncf,ncfbus,ncfcommon,ncfdebt,ncfdiv,ncff,ncfi,ncfinv,ncfo,ncfx,netinc,netinccmn,netinccmnusd,netincdis,netincnci,netmargin,opex,opinc,payables,payoutratio,pb,pe,pe1,ppnenet,prefdivis,price,ps,ps1,receivables,retearn,revenue,revenueusd,rnd,roa,roe,roic,ros,sbcomp,sgna,sharefactor,sharesbas,shareswa,shareswadil,sps,tangibles,taxassets,taxexp,taxliabilities,tbvps,workingcapital
0,NFX,MRY,2017-12-31,2017-12-31,2017-12-31,2018-10-31,0.0,4961000000.0,4672000000.0,746000000.0,4215000000.0,0.378,7.075,-1193000000.0,366000000.0,366000000.0,579000000.0,427000000.0,0.912,2.523,2434000000.0,0.0,2434000000.0,2434000000.0,0.0,467000000.0,0.0,0.0,0.0,536000000.0,1003000000.0,0.568,1003000000.0,536000000.0,386000000.0,2.14,2.13,2.14,1408000000.0,1254000000.0,1408000000.0,8262979345.0,15.0,8.238,-241000000.0,-1.211,1.0,1188000000.0,0.672,0.0,150000000.0,6211000000.0,5936750000.0,15000000.0,40000000.0,15000000.0,25000000.0,3553000000.0,818000000.0,2735000000.0,6293979345.0,-229000000.0,0.0,-12000000.0,0.0,0.0,-13000000.0,-1168000000.0,25000000.0,952000000.0,0.0,427000000.0,427000000.0,427000000.0,0.0,0.0,0.242,673000000.0,515000000.0,46000000.0,0.0,4.47,14.74,14.734,4099000000.0,0.0,31.53,3.562,3.551,292000000.0,-1838000000.0,1767000000.0,1767000000.0,0.0,0.091,0.341,0.09,0.303,34000000.0,200000000.0,1.0,199618755.0,199000000,200000000.0,8.879,4961000000.0,0.0,-41000000.0,76000000.0,24.93,-72000000.0
1,NFX,MRY,2016-12-31,2016-12-31,2016-12-31,2018-10-31,-2000000.0,4312000000.0,4396750000.0,949000000.0,3363000000.0,0.335,4.86,-966000000.0,580000000.0,580000000.0,558000000.0,-1230000000.0,1.387,3.597,2431000000.0,0.0,2431000000.0,2431000000.0,0.0,572000000.0,0.0,0.0,0.0,-1054000000.0,-482000000.0,-0.327,-482000000.0,-1054000000.0,-1208000000.0,-6.36,-6.36,-6.36,938000000.0,1066000000.0,938000000.0,10006825531.0,-9.0,-20.761,-140000000.0,-0.725,1.0,914000000.0,0.621,0.0,154000000.0,5479000000.0,5774000000.0,16000000.0,119000000.0,100000000.0,19000000.0,3374000000.0,684000000.0,2690000000.0,8054825531.0,550000000.0,0.0,757000000.0,-39000000.0,0.0,715000000.0,-991000000.0,-25000000.0,826000000.0,0.0,-1230000000.0,-1230000000.0,-1230000000.0,0.0,0.0,-0.836,1833000000.0,-919000000.0,33000000.0,0.0,8.587,-6.549,-6.368,3307000000.0,0.0,40.5,5.472,5.31,232000000.0,-2265000000.0,1472000000.0,1472000000.0,0.0,-0.28,-1.154,-0.183,-0.716,22000000.0,213000000.0,1.0,198884581.0,193000000,193000000.0,7.627,4312000000.0,0.0,22000000.0,39000000.0,22.342,265000000.0
2,NFX,MRY,2015-12-31,2015-12-31,2015-12-31,2018-10-31,-2000000.0,4768000000.0,6854250000.0,625000000.0,4143000000.0,0.227,8.673,-1655000000.0,18000000.0,18000000.0,543000000.0,-3362000000.0,0.966,2.458,2467000000.0,0.0,2467000000.0,2467000000.0,0.0,917000000.0,0.0,0.0,0.0,-4783000000.0,-3866000000.0,-2.483,-3866000000.0,-4783000000.0,-4947000000.0,-21.18,-21.18,-21.18,1379000000.0,2726250000.0,1379000000.0,7811705823.0,-2.0,-2.021,-446000000.0,-2.805,1.0,1014000000.0,0.651,0.0,164000000.0,6570000000.0,8513250000.0,34000000.0,409000000.0,284000000.0,125000000.0,3389000000.0,647000000.0,2742000000.0,5320705823.0,-9000000.0,0.0,807000000.0,-424000000.0,0.0,380000000.0,-1598000000.0,0.0,1209000000.0,0.0,-3362000000.0,-3362000000.0,-3362000000.0,0.0,0.0,-2.159,6075000000.0,-5061000000.0,41000000.0,0.0,3.858,-1.583,-1.537,3991000000.0,0.0,32.56,3.417,3.325,262000000.0,-1035000000.0,1557000000.0,1557000000.0,0.0,-0.49,-1.233,-0.562,-3.072,25000000.0,244000000.0,1.0,163412341.0,159000000,159000000.0,9.792,4768000000.0,0.0,-1585000000.0,26000000.0,29.987,-22000000.0
3,NFX,MRY,2014-12-31,2014-12-31,2014-12-31,2018-10-31,-1000000.0,9580000000.0,9063750000.0,940000000.0,8640000000.0,0.252,28.416,-1508000000.0,14000000.0,14000000.0,596000000.0,900000000.0,0.854,1.461,2874000000.0,0.0,2874000000.0,2874000000.0,0.0,903000000.0,0.0,0.0,0.0,1482000000.0,2385000000.0,1.042,2385000000.0,1482000000.0,1282000000.0,6.59,6.52,6.59,3893000000.0,3477500000.0,3893000000.0,6371663091.0,4.0,2.672,-121000000.0,-0.883,1.0,1692000000.0,0.74,0.0,200000000.0,11339000000.0,10918750000.0,33000000.0,647000000.0,431000000.0,216000000.0,5687000000.0,1101000000.0,4586000000.0,3721663091.0,-81000000.0,809000000.0,-5000000.0,-803000000.0,0.0,-808000000.0,-660000000.0,39000000.0,1387000000.0,0.0,900000000.0,900000000.0,900000000.0,-250000000.0,0.0,0.393,1117000000.0,575000000.0,32000000.0,0.0,0.956,4.135,4.115,8414000000.0,0.0,27.12,1.627,1.624,439000000.0,2327000000.0,2288000000.0,2288000000.0,0.0,0.099,0.259,0.136,0.648,28000000.0,222000000.0,1.0,137229465.0,137000000,138000000.0,16.701,9580000000.0,0.0,382000000.0,1628000000.0,69.927,-161000000.0
4,NFX,MRY,2013-12-31,2013-12-31,2013-12-31,2018-10-31,2000000.0,9321000000.0,8593250000.0,901000000.0,8420000000.0,0.216,21.896,-2059000000.0,185000000.0,185000000.0,490000000.0,147000000.0,0.698,2.153,3694000000.0,0.0,3694000000.0,3694000000.0,0.0,930000000.0,0.0,0.0,0.0,480000000.0,1410000000.0,0.759,1410000000.0,480000000.0,275000000.0,0.94,0.94,0.94,2956000000.0,2891000000.0,2956000000.0,6748711485.0,14.0,4.786,-614000000.0,-4.548,1.0,1367000000.0,0.736,0.0,205000000.0,11540000000.0,10810500000.0,163000000.0,89000000.0,0.0,89000000.0,6365000000.0,1290000000.0,5075000000.0,3352711485.0,7000000.0,0.0,-5000000.0,645000000.0,0.0,620000000.0,-2058000000.0,1000000.0,1445000000.0,0.0,147000000.0,147000000.0,147000000.0,-74000000.0,0.0,0.079,917000000.0,450000000.0,76000000.0,0.0,1.134,22.808,26.202,8275000000.0,0.0,24.63,1.805,1.791,474000000.0,1427000000.0,1857000000.0,1857000000.0,0.0,0.017,0.051,0.044,0.258,43000000.0,219000000.0,1.0,136123081.0,135000000,136000000.0,13.756,9321000000.0,41000000.0,128000000.0,1142000000.0,69.044,-389000000.0
5,NFX,MRY,2012-12-31,2012-12-31,2012-12-31,2018-10-31,-7000000.0,7912000000.0,9056000000.0,866000000.0,7046000000.0,0.172,20.593,-1159000000.0,88000000.0,88000000.0,498000000.0,-1184000000.0,0.903,1.846,3045000000.0,0.0,3045000000.0,3045000000.0,0.0,955000000.0,0.0,0.0,0.0,-1431000000.0,-476000000.0,-0.305,-476000000.0,-1431000000.0,-1636000000.0,-8.8,-8.8,-8.8,2780000000.0,3795250000.0,2780000000.0,6686289052.0,-5.0,-14.047,-12000000.0,-0.089,1.0,1064000000.0,0.681,0.0,205000000.0,9910000000.0,11110750000.0,132000000.0,200000000.0,125000000.0,75000000.0,5132000000.0,959000000.0,4173000000.0,3621289052.0,12000000.0,0.0,-5000000.0,29000000.0,0.0,24000000.0,-1159000000.0,0.0,1147000000.0,0.0,-1184000000.0,-1184000000.0,-1184000000.0,262000000.0,0.0,-0.758,2418000000.0,-1354000000.0,69000000.0,0.0,1.303,-3.059,-3.043,6902000000.0,0.0,26.78,2.318,2.315,452000000.0,1300000000.0,1562000000.0,1562000000.0,0.0,-0.131,-0.312,-0.129,-0.916,35000000.0,211000000.0,1.0,135223639.0,135000000,135000000.0,11.57,7912000000.0,24000000.0,-452000000.0,976000000.0,58.607,-93000000.0
6,NFX,MRY,2011-12-31,2011-12-31,2011-12-31,2018-10-31,-10000000.0,8991000000.0,8522750000.0,775000000.0,8216000000.0,0.204,29.254,-2238000000.0,76000000.0,76000000.0,426000000.0,539000000.0,0.832,1.294,3006000000.0,0.0,3006000000.0,3006000000.0,0.0,767000000.0,0.0,0.0,0.0,932000000.0,1699000000.0,0.975,1699000000.0,932000000.0,757000000.0,4.03,3.99,4.03,3920000000.0,3662000000.0,3920000000.0,8032381182.0,9.0,4.728,-649000000.0,-4.843,1.0,1316000000.0,0.755,0.0,175000000.0,10989000000.0,10341250000.0,90000000.0,242000000.0,129000000.0,113000000.0,5071000000.0,932000000.0,4139000000.0,5078381182.0,37000000.0,0.0,-1000000.0,685000000.0,0.0,684000000.0,-2236000000.0,2000000.0,1589000000.0,0.0,539000000.0,539000000.0,539000000.0,-138000000.0,0.0,0.309,801000000.0,515000000.0,112000000.0,0.0,1.296,9.422,9.362,8020000000.0,0.0,37.73,2.915,2.902,407000000.0,2484000000.0,1742000000.0,1742000000.0,0.0,0.063,0.147,0.09,0.535,29000000.0,180000000.0,1.0,134597964.0,134000000,135000000.0,13.0,8991000000.0,28000000.0,218000000.0,979000000.0,67.097,-157000000.0
7,NFX,MRY,2010-12-31,2010-12-31,2010-12-31,2018-10-31,-12000000.0,7494000000.0,7138750000.0,731000000.0,6763000000.0,0.264,25.326,-1959000000.0,39000000.0,39000000.0,452000000.0,523000000.0,0.788,1.242,2304000000.0,0.0,2304000000.0,2304000000.0,0.0,644000000.0,0.0,0.0,0.0,985000000.0,1629000000.0,0.865,1629000000.0,985000000.0,829000000.0,3.97,3.91,3.97,3343000000.0,3197750000.0,3343000000.0,11694824320.0,12.0,7.179,-329000000.0,-2.492,1.0,1431000000.0,0.76,0.0,156000000.0,8831000000.0,8342500000.0,79000000.0,284000000.0,197000000.0,87000000.0,4151000000.0,928000000.0,3223000000.0,9653824320.0,-39000000.0,0.0,20000000.0,262000000.0,0.0,282000000.0,-1951000000.0,8000000.0,1630000000.0,0.0,523000000.0,523000000.0,523000000.0,0.0,0.0,0.278,807000000.0,624000000.0,92000000.0,0.0,2.888,18.459,18.164,6608000000.0,0.0,72.11,5.127,5.055,354000000.0,1945000000.0,1883000000.0,1883000000.0,0.0,0.073,0.164,0.118,0.523,22000000.0,156000000.0,1.0,133876360.0,132000000,134000000.0,14.265,7494000000.0,29000000.0,306000000.0,771000000.0,56.773,-197000000.0
8,NFX,MRY,2009-12-31,2009-12-31,2009-12-31,2018-10-31,-11000000.0,6254000000.0,6148000000.0,893000000.0,5361000000.0,0.218,21.292,-1376000000.0,78000000.0,78000000.0,322000000.0,-542000000.0,1.023,1.259,2037000000.0,0.0,2037000000.0,2037000000.0,0.0,587000000.0,0.0,0.0,0.0,-759000000.0,-172000000.0,-0.129,-172000000.0,-759000000.0,-885000000.0,-4.18,-4.18,-4.18,2768000000.0,2631250000.0,2768000000.0,8418244524.0,-11.0,-48.943,202000000.0,1.554,1.0,1016000000.0,0.759,0.0,126000000.0,7340000000.0,7381000000.0,84000000.0,343000000.0,269000000.0,74000000.0,3486000000.0,873000000.0,2613000000.0,6408244524.0,54000000.0,0.0,8000000.0,-176000000.0,0.0,-168000000.0,-1356000000.0,20000000.0,1578000000.0,0.0,-542000000.0,-542000000.0,-542000000.0,0.0,0.0,-0.405,2083000000.0,-1067000000.0,83000000.0,0.0,2.315,-11.823,-11.538,5247000000.0,0.0,48.23,4.789,4.686,339000000.0,1422000000.0,1338000000.0,1338000000.0,0.0,-0.088,-0.206,-0.103,-0.567,28000000.0,144000000.0,1.0,132868433.0,130000000,130000000.0,10.292,6254000000.0,26000000.0,-343000000.0,521000000.0,48.108,20000000.0
9,NFX,MRY,2008-12-31,2008-12-31,2008-12-31,2018-10-31,-11000000.0,7305000000.0,7760000000.0,1206000000.0,6099000000.0,0.287,25.248,-2301000000.0,24000000.0,24000000.0,422000000.0,-373000000.0,1.112,1.243,2213000000.0,0.0,2213000000.0,2213000000.0,0.0,697000000.0,0.0,0.0,0.0,-423000000.0,274000000.0,0.123,274000000.0,-423000000.0,-535000000.0,-2.88,-2.88,-2.88,3257000000.0,3533000000.0,3257000000.0,4512840883.0,-11.0,16.47,-1447000000.0,-11.217,1.0,1803000000.0,0.81,0.0,112000000.0,8409000000.0,8274750000.0,96000000.0,982000000.0,663000000.0,319000000.0,4048000000.0,1085000000.0,2963000000.0,2611840883.0,-226000000.0,0.0,20000000.0,1153000000.0,0.0,1173000000.0,-2253000000.0,48000000.0,854000000.0,0.0,-373000000.0,-373000000.0,-373000000.0,0.0,0.0,-0.168,2705000000.0,-902000000.0,103000000.0,0.0,0.802,-7.002,-6.858,5758000000.0,0.0,19.75,1.174,1.145,375000000.0,1964000000.0,2225000000.0,2225000000.0,0.0,-0.048,-0.106,-0.051,-0.19,26000000.0,141000000.0,1.0,132245108.0,129000000,129000000.0,17.248,7305000000.0,0.0,-162000000.0,884000000.0,56.628,121000000.0
10,NFX,MRY,2007-12-31,2007-12-31,2007-12-31,2018-10-31,-3000000.0,6986000000.0,6983500000.0,927000000.0,6059000000.0,0.255,27.977,-1257000000.0,250000000.0,250000000.0,415000000.0,450000000.0,0.998,0.951,1050000000.0,0.0,1050000000.0,1050000000.0,0.0,682000000.0,0.0,0.0,0.0,674000000.0,1356000000.0,0.761,1356000000.0,674000000.0,572000000.0,3.52,3.44,3.52,3581000000.0,3242000000.0,3581000000.0,7930699719.0,12.0,5.849,-103000000.0,-0.805,1.0,1368000000.0,0.767,62000000.0,102000000.0,6795000000.0,7229750000.0,82000000.0,209000000.0,192000000.0,17000000.0,3405000000.0,929000000.0,2476000000.0,6898699719.0,170000000.0,491000000.0,32000000.0,-125000000.0,0.0,-79000000.0,-906000000.0,-99000000.0,1154000000.0,1000000.0,450000000.0,450000000.0,450000000.0,-278000000.0,0.0,0.252,837000000.0,531000000.0,52000000.0,0.0,1.926,15.33,14.972,5958000000.0,0.0,52.7,3.869,3.783,332000000.0,2337000000.0,1783000000.0,1783000000.0,0.0,0.064,0.139,0.093,0.378,23000000.0,155000000.0,1.0,130905118.0,128000000,131000000.0,13.93,6924000000.0,35000000.0,122000000.0,1104000000.0,54.094,-2000000.0
11,NFX,MRY,2006-12-31,2006-12-31,2006-12-31,2018-10-31,11000000.0,6635000000.0,6086500000.0,851000000.0,5784000000.0,0.275,24.11,-1573000000.0,80000000.0,80000000.0,337000000.0,591000000.0,0.758,1.167,1172000000.0,124000000.0,1048000000.0,1172000000.0,0.0,624000000.0,0.0,0.0,0.0,1024000000.0,1648000000.0,0.985,1648000000.0,1024000000.0,937000000.0,4.67,4.58,4.67,3062000000.0,2796250000.0,3062000000.0,6832475643.0,7.0,4.146,-189000000.0,-1.488,1.0,1336000000.0,0.799,62000000.0,87000000.0,6542000000.0,6105250000.0,44000000.0,309000000.0,290000000.0,19000000.0,3573000000.0,1123000000.0,2450000000.0,5926475643.0,41000000.0,0.0,12000000.0,300000000.0,0.0,317000000.0,-1662000000.0,-24000000.0,1384000000.0,2000000.0,591000000.0,591000000.0,591000000.0,19000000.0,0.0,0.353,737000000.0,599000000.0,58000000.0,0.0,1.935,10.028,9.839,5483000000.0,0.0,45.95,3.542,3.488,374000000.0,1887000000.0,1673000000.0,1673000000.0,0.0,0.097,0.211,0.168,0.612,18000000.0,118000000.0,1.0,128976619.0,127000000,129000000.0,13.173,6573000000.0,0.0,346000000.0,1026000000.0,51.756,-272000000.0
12,NFX,MRY,2005-12-31,2005-12-31,2005-12-31,2018-10-31,-4000000.0,5081000000.0,4726700000.0,540000000.0,4541000000.0,0.373,19.024,-1015000000.0,39000000.0,39000000.0,269000000.0,348000000.0,0.806,1.137,870000000.0,0.0,870000000.0,870000000.0,0.0,520000000.0,0.0,0.0,0.0,623000000.0,1143000000.0,0.649,1143000000.0,623000000.0,551000000.0,2.78,2.73,2.78,2378000000.0,2158700000.0,2378000000.0,7138438425.0,11.0,6.245,94000000.0,0.752,1.0,1493000000.0,0.847,62000000.0,72000000.0,5180000000.0,4874650000.0,22000000.0,27000000.0,10000000.0,17000000.0,2703000000.0,670000000.0,2033000000.0,6370638425.0,-19000000.0,0.0,32000000.0,-120000000.0,0.0,-88000000.0,-1036000000.0,0.0,1109000000.0,-4000000.0,348000000.0,348000000.0,348000000.0,-6000000.0,0.0,0.198,603000000.0,890000000.0,41000000.0,0.0,2.679,18.306,18.011,4430000000.0,0.0,50.07,3.616,3.552,370000000.0,1296000000.0,1762000000.0,1762000000.0,0.0,0.074,0.161,0.128,0.354,10000000.0,102000000.0,1.0,127234640.0,125000000,128000000.0,14.096,5019000000.0,55000000.0,203000000.0,720000000.0,40.152,-130000000.0
13,NFX,MRY,2004-12-31,2004-12-31,2004-12-31,2018-10-31,3000000.0,4327000000.0,3576624000.0,392000000.0,3935000000.0,0.378,17.239,-843000000.0,58000000.0,58000000.0,194000000.0,312000000.0,0.827,1.145,992000000.0,0.0,992000000.0,992000000.0,0.0,472000000.0,0.0,0.0,0.0,557000000.0,1029000000.0,0.761,1029000000.0,557000000.0,499000000.0,2.68,2.63,2.68,2017000000.0,1706487250.0,2017000000.0,4716005060.0,8.0,4.583,154000000.0,1.316,1.0,1159000000.0,0.857,65000000.0,58000000.0,4722000000.0,3874313500.0,8000000.0,111000000.0,55000000.0,56000000.0,2310000000.0,474000000.0,1836000000.0,3676760060.0,43000000.0,-756000000.0,297000000.0,347000000.0,0.0,644000000.0,-1599000000.0,0.0,997000000.0,1000000.0,312000000.0,312000000.0,312000000.0,0.0,0.0,0.231,608000000.0,551000000.0,32000000.0,0.0,1.823,11.784,11.017,3793000000.0,0.0,29.525,2.717,2.553,248000000.0,948000000.0,1353000000.0,1353000000.0,0.0,0.087,0.183,0.144,0.412,4000000.0,84000000.0,1.0,124530400.0,117000000,119000000.0,11.564,4262000000.0,1000000.0,187000000.0,551000000.0,36.427,-82000000.0
14,NFX,MRY,2003-12-31,2003-12-31,2003-12-31,2018-10-31,100000.0,2733100000.0,2642901000.0,238900000.0,2494200000.0,0.385,12.556,-535000000.0,15300000.0,15300000.0,157000000.0,200000000.0,0.796,0.997,646400000.0,2900000.0,643500000.0,646400000.0,0.0,395000000.0,0.0,0.0,0.0,379000000.0,774000000.0,0.761,774000000.0,379000000.0,321000000.0,1.83,1.78,1.83,1368600000.0,1261986250.0,1368600000.0,3162914228.0,8.0,4.086,134000000.0,1.229,1.0,860000000.0,0.846,16400000.0,58000000.0,3047600000.0,3027748750.0,500000.0,16000000.0,13800000.0,2200000.0,1364500000.0,300200000.0,1064300000.0,2495123228.0,-34000000.0,-80000000.0,149000000.0,-164000000.0,0.0,-85000000.0,-618000000.0,0.0,669000000.0,0.0,200000000.0,200000000.0,200000000.0,17000000.0,0.0,0.197,477000000.0,383000000.0,30600000.0,0.0,1.823,12.476,12.169,2459400000.0,0.0,22.27,2.453,2.387,134800000.0,635800000.0,1017000000.0,1017000000.0,0.0,0.076,0.158,0.125,0.373,3000000.0,62000000.0,1.0,112039660.0,109000000,113000000.0,9.33,2716700000.0,12900000.0,121000000.0,242800000.0,24.924,-61300000.0
15,NFX,MRY,2002-12-31,2002-12-31,2002-12-31,2018-10-31,-3888000.0,2315753000.0,1780867500.0,238827000.0,2076926000.0,0.352,11.189,-297400000.0,48898000.0,48898000.0,109800000.0,73800000.0,0.807,1.295,720830000.0,11215000.0,709615000.0,720830000.0,0.0,295100000.0,0.0,0.0,0.0,147500000.0,442600000.0,0.706,442600000.0,147500000.0,113000000.0,0.82,0.805,0.82,1009231000.0,784120500.0,1009231000.0,1941186483.0,13.0,4.386,106100000.0,1.176,1.0,517000000.0,0.825,0.0,34500000.0,2691878000.0,2033916000.0,1260000.0,7094000.0,2655000.0,4439000.0,1306522000.0,295807000.0,1010715000.0,1604215483.0,22300000.0,-204400000.0,7400000.0,131300000.0,0.0,137000000.0,-518100000.0,0.0,403500000.0,-100000.0,73800000.0,73800000.0,73800000.0,-5100000.0,0.0,0.118,349500000.0,167500000.0,27002000.0,0.0,1.59,21.737,21.982,2029229000.0,0.0,18.025,2.559,2.594,125670000.0,436263000.0,626800000.0,626800000.0,0.0,0.041,0.094,0.073,0.235,2800000.0,54400000.0,1.0,88999472.0,90200000,99200000.0,6.949,2315753000.0,13023000.0,39200000.0,124777000.0,25.674,-56980000.0
16,NFX,MRY,2001-12-31,2001-12-31,2001-12-31,2018-10-31,-8918000.0,1663371000.0,1649750500.0,230604000.0,1432767000.0,0.433,8.021,-490451000.0,26610000.0,26610000.0,105676000.0,118954000.0,1.397,1.343,428631000.0,0.0,428631000.0,428631000.0,0.0,274893000.0,0.0,0.0,0.0,211539000.0,486432000.0,0.681,486432000.0,211539000.0,183680000.0,1.345,1.28,1.345,709978000.0,700946750.0,709978000.0,1922516221.0,9.0,3.952,11921000.0,0.135,1.0,608376000.0,0.852,0.0,27859000.0,1900361000.0,1794292250.0,7332000.0,0.0,0.0,0.0,953393000.0,165031000.0,788362000.0,1562091221.0,8159000.0,-264089000.0,-21752000.0,294879000.0,0.0,273127000.0,-765822000.0,0.0,502372000.0,-1518000.0,118954000.0,118954000.0,118954000.0,-6394000.0,0.0,0.167,423525000.0,184851000.0,9172000.0,0.0,2.2,13.132,13.201,1415452000.0,0.0,17.755,2.188,2.201,92644000.0,362416000.0,714052000.0,714052000.0,0.0,0.072,0.17,0.118,0.296,2751000.0,42621000.0,1.0,87980356.0,88516036,97787254.0,8.067,1663371000.0,0.0,64726000.0,237298000.0,18.792,65573000.0
17,NFX,MRY,2000-12-31,2000-12-31,2000-12-31,2018-10-31,-4644000.0,1023250000.0,957790250.0,179557000.0,843693000.0,0.55,6.135,-355547000.0,18451000.0,18451000.0,81644000.0,132349000.0,1.273,0.97,133711000.0,0.0,133711000.0,133711000.0,0.0,191182000.0,0.0,0.0,0.0,217002000.0,408184000.0,0.775,408184000.0,217002000.0,202329000.0,1.565,1.465,1.565,519455000.0,456727500.0,519455000.0,2136330362.0,10.0,5.234,-39103000.0,-0.462,1.0,444998000.0,0.845,0.0,14673000.0,997450000.0,999017500.0,7572000.0,0.0,0.0,0.0,503795000.0,141060000.0,362735000.0,2017580362.0,-23390000.0,0.0,6933000.0,9000000.0,0.0,15933000.0,-355547000.0,0.0,316444000.0,-220000.0,132349000.0,132349000.0,132349000.0,0.0,0.0,0.251,223769000.0,221229000.0,10209000.0,0.0,3.884,15.244,15.157,836935000.0,0.0,23.72,3.831,3.813,147643000.0,243462000.0,526642000.0,526642000.0,0.0,0.138,0.29,0.217,0.412,3047000.0,32084000.0,1.0,85058194.0,84665670,94455416.0,6.22,1023250000.0,0.0,69980000.0,79244000.0,12.086,38497000.0
18,NFX,MRY,1999-12-31,1999-12-31,1999-12-31,2018-10-31,-179000.0,781561000.0,674934250.0,125929000.0,655632000.0,0.427,4.552,-199840000.0,41841000.0,41841000.0,53698000.0,33204000.0,1.388,1.084,124679000.0,0.0,124679000.0,124679000.0,0.0,152644000.0,0.0,0.0,0.0,65579000.0,218223000.0,0.758,218223000.0,65579000.0,52015000.0,0.405,0.395,0.405,375018000.0,349659500.0,375018000.0,1207211352.0,18.0,5.532,-14937000.0,-0.181,1.0,234191000.0,0.813,0.0,13564000.0,773672000.0,763637500.0,9962000.0,0.0,0.0,0.0,406543000.0,90727000.0,315816000.0,1112964352.0,41749000.0,-10977000.0,8008000.0,-84000000.0,0.0,67758000.0,-210817000.0,0.0,184903000.0,-95000.0,33204000.0,33204000.0,33204000.0,0.0,0.0,0.115,169048000.0,65143000.0,7035000.0,0.0,2.968,33.519,33.025,648211000.0,0.0,13.375,3.866,3.828,67744000.0,111113000.0,287889000.0,287889000.0,0.0,0.049,0.095,0.086,0.228,1999000.0,16404000.0,1.0,83212288.0,82388042,84587730.0,3.494,781561000.0,0.0,18811000.0,36801000.0,9.486,35202000.0
19,NFX,MRY,1998-12-31,1998-12-31,1998-12-31,2018-10-31,0.0,629311000.0,642951500.0,45269000.0,584042000.0,0.31,4.341,-318991000.0,92000.0,92000.0,39134000.0,-57699000.0,0.837,0.943,208650000.0,0.0,208650000.0,208650000.0,0.0,123147000.0,0.0,0.0,0.0,-78868000.0,44279000.0,0.222,44279000.0,-78868000.0,-88376000.0,-0.775,-0.775,-0.775,323948000.0,329523750.0,323948000.0,1025487809.0,-13.0,23.16,-172416000.0,-2.31,1.0,160340000.0,0.804,0.0,9508000.0,783794000.0,766284750.0,0.0,0.0,0.0,0.0,305363000.0,54075000.0,251288000.0,841238809.0,-8125000.0,0.0,85291000.0,79000000.0,0.0,164291000.0,-318991000.0,0.0,146575000.0,0.0,-57699000.0,-57699000.0,-57699000.0,0.0,0.0,-0.289,240172000.0,-79832000.0,52123000.0,0.0,2.597,-14.58,-13.471,580631000.0,0.0,10.44,4.217,3.906,43095000.0,77909000.0,199474000.0,199474000.0,0.0,-0.09,-0.175,-0.103,-0.395,2222000.0,12070000.0,1.0,80578430.0,74623856,74623856.0,2.673,629311000.0,0.0,-30677000.0,31171000.0,8.433,-8806000.0
20,NFX,MRY,1997-12-31,1997-12-31,1997-12-31,2018-10-31,0.0,553621000.0,474779500.0,64766000.0,488855000.0,0.42,4.1,-242962000.0,8217000.0,8217000.0,24308000.0,40603000.0,1.006,0.896,129623000.0,0.0,129623000.0,129623000.0,0.0,94000000.0,0.0,0.0,0.0,65689000.0,159689000.0,0.801,159689000.0,65689000.0,62421000.0,0.57,0.535,0.57,292048000.0,265975000.0,292048000.0,,,,-82624000.0,-1.16,1.0,175091000.0,0.878,0.0,3268000.0,610633000.0,501798500.0,0.0,0.0,0.0,0.0,261573000.0,64394000.0,197179000.0,841537084.0,-5073000.0,0.0,8095000.0,69456000.0,0.0,77551000.0,-242962000.0,0.0,160338000.0,0.0,40603000.0,40603000.0,40603000.0,0.0,0.0,0.204,110524000.0,64567000.0,63834000.0,0.0,2.882,20.726,20.447,485574000.0,0.0,11.655,4.22,4.163,54123000.0,135608000.0,199399000.0,199399000.0,0.0,0.086,0.153,0.131,0.329,1177000.0,11093000.0,1.0,72203954.0,71224976,76034354.0,2.8,553621000.0,0.0,21818000.0,63710000.0,7.773,372000.0
21,NFX,MRY,1996-12-31,1996-12-31,1996-12-31,2018-10-31,0.0,395938000.0,,61283000.0,334655000.0,,3.44,-159537000.0,13290000.0,13290000.0,16946000.0,38494000.0,1.229,0.65,60163000.0,163000.0,60000000.0,60163000.0,0.0,64026000.0,0.0,0.0,0.0,59706000.0,123732000.0,0.829,123732000.0,59706000.0,59286000.0,0.55,0.515,0.55,239902000.0,,239902000.0,,,,-32043000.0,-0.459,1.0,132310000.0,0.886,0.0,420000.0,392964000.0,,0.0,0.0,0.0,0.0,156036000.0,49847000.0,106189000.0,,757000.0,0.0,3210000.0,29590000.0,0.0,32800000.0,-159537000.0,0.0,127494000.0,0.0,38494000.0,38494000.0,38494000.0,0.0,0.0,0.258,73521000.0,58789000.0,46072000.0,0.0,,,23.636,330015000.0,0.0,13.0,,6.075,46814000.0,95005000.0,149256000.0,149256000.0,0.0,,,,0.4,1943000.0,7552000.0,1.0,,69744226,74817848.0,2.14,395938000.0,0.0,20792000.0,44141000.0,5.677,11436000.0
22,NFX,MRY,1995-12-31,1995-12-31,1995-12-31,2018-10-31,,,,,,,,-107556000.0,,,14227000.0,16264000.0,,,,,,,,49904000.0,,0.0,0.0,25214000.0,75118000.0,0.794,75118000.0,25214000.0,25006000.0,0.24,0.225,0.24,,,,,,,-39916000.0,-0.588,1.0,80371000.0,0.85,,208000.0,,,,,,,,,,,2121000.0,0.0,4343000.0,29467000.0,0.0,33810000.0,-99329000.0,8227000.0,67640000.0,0.0,16264000.0,16264000.0,16264000.0,0.0,0.0,0.172,56145000.0,24226000.0,,0.0,,,28.125,,0.0,6.75,,4.843,,,94598000.0,94598000.0,0.0,,,,0.267,692000.0,5549000.0,,,67870620,72908046.0,1.394,,,8742000.0,,,
0,NFX,MRQ,2018-09-30,2018-09-30,2018-09-30,2018-10-31,-1000000.0,5676000000.0,,757000000.0,4919000000.0,,9.355,-365000000.0,311000000.0,311000000.0,197000000.0,224000000.0,0.72,2.034,2436000000.0,0.0,2436000000.0,2436000000.0,0.0,163000000.0,0.0,0.0,0.0,256000000.0,419000000.0,0.589,419000000.0,256000000.0,218000000.0,1.12,1.11,1.12,1871000000.0,,1871000000.0,7857890111.0,12.0,6.378,-16000000.0,-0.08,1.0,514000000.0,0.723,0.0,38000000.0,6750000000.0,,25000000.0,25000000.0,0.0,25000000.0,3805000000.0,1051000000.0,2754000000.0,5761890111.0,-28000000.0,0.0,-7000000.0,0.0,0.0,-12000000.0,-365000000.0,0.0,349000000.0,0.0,224000000.0,224000000.0,224000000.0,0.0,0.0,0.315,219000000.0,295000000.0,51000000.0,0.0,3.08,10.996,11.004,4806000000.0,0.0,28.83,2.324,2.326,386000000.0,-1409000000.0,711000000.0,711000000.0,0.0,,,,,9000000.0,54000000.0,1.0,199857444.0,200000000,201000000.0,3.555,5676000000.0,0.0,-6000000.0,92000000.0,28.38,-294000000.0
1,NFX,MRQ,2018-06-30,2018-06-30,2018-06-30,2018-10-31,-1000000.0,5461000000.0,,756000000.0,4705000000.0,,8.2,-390000000.0,339000000.0,339000000.0,183000000.0,119000000.0,0.72,2.33,2435000000.0,0.0,2435000000.0,2435000000.0,0.0,151000000.0,0.0,0.0,0.0,170000000.0,321000000.0,0.473,321000000.0,170000000.0,133000000.0,0.6,0.59,0.6,1640000000.0,,1640000000.0,8234720031.0,16.0,7.903,98000000.0,0.49,1.0,496000000.0,0.73,0.0,37000000.0,6507000000.0,,24000000.0,26000000.0,2000000.0,24000000.0,3821000000.0,1050000000.0,2771000000.0,6041720031.0,98000000.0,0.0,1000000.0,-1000000.0,0.0,0.0,-390000000.0,0.0,488000000.0,0.0,119000000.0,119000000.0,119000000.0,0.0,0.0,0.175,196000000.0,300000000.0,57000000.0,0.0,3.684,15.612,15.593,4585000000.0,0.0,30.25,2.738,2.741,348000000.0,-1633000000.0,679000000.0,679000000.0,0.0,,,,,16000000.0,51000000.0,1.0,199726282.0,200000000,201000000.0,3.395,5461000000.0,0.0,14000000.0,97000000.0,27.305,-294000000.0
2,NFX,MRQ,2018-03-31,2018-03-31,2018-03-31,2018-10-31,-1000000.0,5122000000.0,,646000000.0,4476000000.0,,7.525,-376000000.0,241000000.0,241000000.0,160000000.0,86000000.0,0.765,2.403,2434000000.0,0.0,2434000000.0,2434000000.0,0.0,133000000.0,0.0,0.0,0.0,137000000.0,270000000.0,0.466,270000000.0,137000000.0,99000000.0,0.43,0.43,0.43,1505000000.0,,1505000000.0,6945221228.0,14.0,7.123,-116000000.0,-0.58,1.0,420000000.0,0.724,0.0,38000000.0,6471000000.0,,23000000.0,36000000.0,12000000.0,24000000.0,3617000000.0,844000000.0,2773000000.0,4877221228.0,-125000000.0,0.0,-1000000.0,-7000000.0,0.0,-9000000.0,-376000000.0,0.0,260000000.0,0.0,86000000.0,86000000.0,86000000.0,0.0,0.0,0.148,188000000.0,232000000.0,52000000.0,0.0,3.241,13.326,13.344,4354000000.0,0.0,24.42,2.527,2.531,327000000.0,-1752000000.0,580000000.0,580000000.0,0.0,,,,,9000000.0,54000000.0,1.0,199722409.0,200000000,200000000.0,2.9,5122000000.0,0.0,13000000.0,89000000.0,25.61,-198000000.0
3,NFX,MRQ,2017-12-31,2017-12-31,2017-12-31,2018-10-31,0.0,4961000000.0,,746000000.0,4215000000.0,,7.075,-414000000.0,366000000.0,366000000.0,146000000.0,95000000.0,0.912,2.523,2434000000.0,0.0,2434000000.0,2434000000.0,0.0,127000000.0,0.0,0.0,0.0,95000000.0,222000000.0,0.436,222000000.0,95000000.0,57000000.0,0.47,0.47,0.47,1408000000.0,,1408000000.0,8262979345.0,15.0,8.238,-102000000.0,-0.513,1.0,363000000.0,0.713,0.0,38000000.0,6211000000.0,,15000000.0,40000000.0,15000000.0,25000000.0,3553000000.0,818000000.0,2735000000.0,6293979345.0,-102000000.0,0.0,0.0,0.0,0.0,0.0,-414000000.0,0.0,312000000.0,0.0,95000000.0,95000000.0,95000000.0,0.0,0.0,0.187,180000000.0,183000000.0,46000000.0,0.0,4.47,14.74,14.734,4099000000.0,0.0,31.53,3.562,3.551,292000000.0,-1838000000.0,509000000.0,509000000.0,0.0,,,,,9000000.0,49000000.0,1.0,199618755.0,199000000,200000000.0,2.558,4961000000.0,0.0,-38000000.0,76000000.0,24.93,-72000000.0
4,NFX,MRQ,2017-09-30,2017-09-30,2017-09-30,2018-10-31,-1000000.0,4744000000.0,,836000000.0,3908000000.0,,6.538,-286000000.0,464000000.0,464000000.0,149000000.0,87000000.0,1.174,2.646,2433000000.0,0.0,2433000000.0,2433000000.0,0.0,124000000.0,0.0,0.0,0.0,105000000.0,229000000.0,0.522,229000000.0,105000000.0,68000000.0,0.44,0.44,0.44,1301000000.0,,1301000000.0,7791800990.0,15.0,8.133,-109000000.0,-0.548,1.0,290000000.0,0.661,0.0,37000000.0,6001000000.0,,18000000.0,34000000.0,10000000.0,24000000.0,3443000000.0,712000000.0,2731000000.0,5913800990.0,-90000000.0,0.0,-6000000.0,0.0,0.0,-6000000.0,-261000000.0,25000000.0,177000000.0,0.0,87000000.0,87000000.0,87000000.0,0.0,0.0,0.198,178000000.0,112000000.0,88000000.0,0.0,4.546,17.141,16.392,3839000000.0,0.0,29.67,3.535,3.529,277000000.0,-1933000000.0,439000000.0,439000000.0,0.0,,,,,5000000.0,53000000.0,1.0,199319211.0,199000000,200000000.0,2.206,4744000000.0,0.0,-19000000.0,64000000.0,23.839,124000000.0
5,NFX,MRQ,2017-06-30,2017-06-30,2017-06-30,2018-10-31,-1000000.0,4595000000.0,,883000000.0,3712000000.0,,6.065,-242000000.0,554000000.0,554000000.0,142000000.0,98000000.0,1.302,2.807,2432000000.0,0.0,2432000000.0,2432000000.0,0.0,110000000.0,0.0,0.0,0.0,144000000.0,254000000.0,0.632,254000000.0,144000000.0,107000000.0,0.49,0.49,0.49,1207000000.0,,1207000000.0,7604077121.0,16.0,8.107,62000000.0,0.312,1.0,260000000.0,0.647,0.0,37000000.0,5795000000.0,,19000000.0,82000000.0,58000000.0,24000000.0,3388000000.0,678000000.0,2710000000.0,5669077121.0,57000000.0,0.0,-5000000.0,0.0,0.0,-5000000.0,-242000000.0,0.0,304000000.0,0.0,98000000.0,98000000.0,98000000.0,0.0,0.0,0.244,161000000.0,99000000.0,44000000.0,0.0,4.697,18.526,17.677,3645000000.0,0.0,28.46,3.487,3.483,224000000.0,-2020000000.0,402000000.0,402000000.0,0.0,,,,,8000000.0,51000000.0,1.0,199194558.0,199000000,200000000.0,2.02,4595000000.0,0.0,9000000.0,55000000.0,23.09,205000000.0
6,NFX,MRQ,2017-03-31,2017-03-31,2017-03-31,2018-10-31,-2000000.0,4388000000.0,,865000000.0,3523000000.0,,5.528,-251000000.0,497000000.0,497000000.0,142000000.0,147000000.0,1.484,2.989,2432000000.0,0.0,2432000000.0,2432000000.0,0.0,106000000.0,0.0,0.0,0.0,192000000.0,298000000.0,0.715,298000000.0,192000000.0,154000000.0,0.74,0.73,0.74,1100000000.0,,1100000000.0,9194736252.0,-33.0,41.048,-81000000.0,-0.407,1.0,275000000.0,0.659,0.0,38000000.0,5740000000.0,,25000000.0,101000000.0,77000000.0,24000000.0,3288000000.0,583000000.0,2705000000.0,7343736252.0,-83000000.0,0.0,-1000000.0,0.0,0.0,-2000000.0,-251000000.0,0.0,170000000.0,0.0,147000000.0,147000000.0,147000000.0,0.0,0.0,0.353,154000000.0,121000000.0,40000000.0,0.0,6.676,-15.999,-16.478,3460000000.0,0.0,36.91,4.576,4.576,243000000.0,-2118000000.0,417000000.0,417000000.0,0.0,,,,,12000000.0,47000000.0,1.0,198963323.0,199000000,200000000.0,2.095,4388000000.0,0.0,7000000.0,48000000.0,22.05,282000000.0
7,NFX,MRQ,2016-12-31,2016-12-31,2016-12-31,2018-10-31,-2000000.0,4312000000.0,,949000000.0,3363000000.0,,4.714,-162000000.0,580000000.0,580000000.0,141000000.0,13000000.0,1.387,3.597,2431000000.0,0.0,2431000000.0,2431000000.0,0.0,115000000.0,0.0,0.0,0.0,62000000.0,177000000.0,0.427,177000000.0,62000000.0,24000000.0,0.14,0.14,0.14,938000000.0,,938000000.0,10006825531.0,-9.0,-20.761,77000000.0,0.387,1.0,274000000.0,0.66,0.0,38000000.0,5479000000.0,,16000000.0,119000000.0,100000000.0,19000000.0,3374000000.0,684000000.0,2690000000.0,8054825531.0,77000000.0,0.0,2000000.0,0.0,0.0,0.0,-162000000.0,0.0,239000000.0,0.0,13000000.0,13000000.0,13000000.0,0.0,0.0,0.031,162000000.0,112000000.0,33000000.0,0.0,8.587,-6.549,-6.368,3307000000.0,0.0,40.5,5.472,5.31,232000000.0,-2265000000.0,415000000.0,415000000.0,0.0,,,,,8000000.0,46000000.0,1.0,198884581.0,199000000,199000000.0,2.085,4312000000.0,0.0,11000000.0,39000000.0,21.668,265000000.0
8,NFX,MRQ,2016-09-30,2016-09-30,2016-09-30,2018-10-31,-2000000.0,4213000000.0,,899000000.0,3314000000.0,,4.603,141000000.0,478000000.0,478000000.0,144000000.0,48000000.0,1.537,3.599,2430000000.0,0.0,2430000000.0,2430000000.0,0.0,120000000.0,0.0,0.0,0.0,89000000.0,209000000.0,0.533,209000000.0,89000000.0,52000000.0,0.24,0.24,0.24,916000000.0,,916000000.0,10896340444.0,-6.0,-9.434,350000000.0,1.759,1.0,248000000.0,0.633,0.0,37000000.0,5580000000.0,,22000000.0,171000000.0,140000000.0,31000000.0,3297000000.0,585000000.0,2712000000.0,8631340444.0,313000000.0,0.0,-11000000.0,0.0,0.0,-12000000.0,116000000.0,-25000000.0,209000000.0,0.0,48000000.0,48000000.0,48000000.0,0.0,0.0,0.122,203000000.0,45000000.0,37000000.0,0.0,9.423,-4.529,-4.081,3247000000.0,0.0,43.46,6.083,6.095,210000000.0,-2278000000.0,392000000.0,392000000.0,0.0,,,,,-5000000.0,65000000.0,1.0,198604244.0,199000000,200000000.0,1.97,4213000000.0,0.0,4000000.0,34000000.0,21.171,314000000.0
9,NFX,MRQ,2016-06-30,2016-06-30,2016-06-30,2018-10-31,-2000000.0,4285000000.0,,638000000.0,3647000000.0,,4.404,-670000000.0,165000000.0,165000000.0,139000000.0,-667000000.0,0.971,3.914,2430000000.0,0.0,2430000000.0,2430000000.0,0.0,160000000.0,0.0,0.0,0.0,-620000000.0,-460000000.0,-1.207,-460000000.0,-620000000.0,-658000000.0,-3.36,-3.36,-3.36,872000000.0,,872000000.0,10661082321.0,-3.0,-3.574,-364000000.0,-1.838,1.0,242000000.0,0.635,0.0,38000000.0,5893000000.0,,19000000.0,191000000.0,150000000.0,41000000.0,3413000000.0,657000000.0,2756000000.0,8769082321.0,-372000000.0,0.0,-8000000.0,0.0,0.0,-8000000.0,-670000000.0,0.0,306000000.0,0.0,-667000000.0,-667000000.0,-667000000.0,0.0,0.0,-1.751,740000000.0,-498000000.0,59000000.0,0.0,10.056,-2.757,-2.4,3573000000.0,0.0,44.18,6.246,6.231,256000000.0,-2326000000.0,381000000.0,381000000.0,0.0,,,,,11000000.0,58000000.0,1.0,198485340.0,198000000,198000000.0,1.924,4285000000.0,0.0,9000000.0,29000000.0,21.641,-19000000.0
10,NFX,MRQ,2016-03-31,2016-03-31,2016-03-31,2018-10-31,-2000000.0,4777000000.0,,1088000000.0,3689000000.0,,8.689,-275000000.0,537000000.0,537000000.0,134000000.0,-624000000.0,2.072,2.106,2429000000.0,0.0,2429000000.0,2429000000.0,0.0,177000000.0,0.0,0.0,0.0,-585000000.0,-408000000.0,-1.437,-408000000.0,-585000000.0,-626000000.0,-3.52,-3.52,-3.52,1538000000.0,,1538000000.0,7902808256.0,-2.0,-2.082,-203000000.0,-1.147,1.0,150000000.0,0.528,0.0,41000000.0,6144000000.0,,31000000.0,320000000.0,234000000.0,86000000.0,3239000000.0,525000000.0,2714000000.0,5440808256.0,532000000.0,0.0,774000000.0,-39000000.0,0.0,735000000.0,-275000000.0,0.0,72000000.0,0.0,-624000000.0,-624000000.0,-624000000.0,0.0,0.0,-2.197,728000000.0,-578000000.0,49000000.0,0.0,3.538,-1.552,-1.573,3573000000.0,0.0,33.25,3.647,3.945,245000000.0,-1659000000.0,284000000.0,284000000.0,0.0,,,,,8000000.0,44000000.0,1.0,163633331.0,177000000,177000000.0,1.605,4777000000.0,0.0,-2000000.0,26000000.0,26.989,563000000.0
11,NFX,MRQ,2015-12-31,2015-12-31,2015-12-31,2018-10-31,-2000000.0,4768000000.0,,625000000.0,4143000000.0,,8.358,-313000000.0,18000000.0,18000000.0,128000000.0,-663000000.0,0.966,2.458,2467000000.0,0.0,2467000000.0,2467000000.0,0.0,196000000.0,0.0,0.0,0.0,-692000000.0,-496000000.0,-1.37,-496000000.0,-692000000.0,-729000000.0,-4.01,-4.01,-4.01,1379000000.0,,1379000000.0,7811705823.0,-2.0,-2.021,7000000.0,0.042,1.0,234000000.0,0.646,0.0,37000000.0,6570000000.0,,34000000.0,409000000.0,284000000.0,125000000.0,3389000000.0,647000000.0,2742000000.0,5320705823.0,-2000000.0,0.0,1000000.0,-9000000.0,0.0,-9000000.0,-313000000.0,0.0,320000000.0,0.0,-663000000.0,-663000000.0,-663000000.0,0.0,0.0,-1.831,964000000.0,-730000000.0,41000000.0,0.0,3.858,-1.583,-1.537,3991000000.0,0.0,32.56,3.417,3.325,262000000.0,-1035000000.0,362000000.0,362000000.0,0.0,,,,,6000000.0,64000000.0,1.0,163412341.0,165000000,165000000.0,2.194,4768000000.0,0.0,-66000000.0,26000000.0,28.897,-22000000.0
12,NFX,MRQ,2015-09-30,2015-09-30,2015-09-30,2018-10-31,-2000000.0,5513000000.0,,663000000.0,4850000000.0,,12.46,-444000000.0,7000000.0,7000000.0,136000000.0,-1227000000.0,0.923,1.714,2498000000.0,0.0,2498000000.0,2498000000.0,0.0,236000000.0,0.0,0.0,0.0,-1855000000.0,-1619000000.0,-4.294,-1619000000.0,-1855000000.0,-1892000000.0,-7.52,-7.52,-7.52,2031000000.0,,2031000000.0,7770324216.0,-2.0,-3.092,-132000000.0,-0.81,1.0,241000000.0,0.639,0.0,37000000.0,7286000000.0,,31000000.0,502000000.0,334000000.0,168000000.0,3482000000.0,718000000.0,2764000000.0,5362324216.0,-35000000.0,0.0,-7000000.0,48000000.0,0.0,40000000.0,-387000000.0,0.0,312000000.0,0.0,-1227000000.0,-1227000000.0,-1227000000.0,0.0,0.0,-3.255,2192000000.0,-1951000000.0,62000000.0,0.0,2.64,-2.293,-2.304,4586000000.0,0.0,32.9,3.173,3.173,263000000.0,-372000000.0,377000000.0,377000000.0,0.0,,,,,-6000000.0,66000000.0,1.0,162988578.0,163000000,163000000.0,2.313,5513000000.0,49000000.0,-665000000.0,133000000.0,33.822,-55000000.0
13,NFX,MRQ,2015-06-30,2015-06-30,2015-06-30,2018-10-31,-1000000.0,7458000000.0,,885000000.0,6573000000.0,,19.982,-412000000.0,42000000.0,42000000.0,142000000.0,-992000000.0,1.047,1.29,2450000000.0,0.0,2450000000.0,2450000000.0,0.0,248000000.0,0.0,0.0,0.0,-1520000000.0,-1272000000.0,-2.712,-1272000000.0,-1520000000.0,-1566000000.0,-6.09,-6.09,-6.09,3257000000.0,,3257000000.0,8240368941.0,-7.0,-45.277,-40000000.0,-0.245,1.0,327000000.0,0.697,0.0,46000000.0,9021000000.0,,25000000.0,542000000.0,353000000.0,189000000.0,4201000000.0,845000000.0,3356000000.0,5880368941.0,-741000000.0,0.0,-1000000.0,-700000000.0,0.0,-701000000.0,-412000000.0,0.0,372000000.0,0.0,-992000000.0,-992000000.0,-992000000.0,0.0,0.0,-2.115,1823000000.0,-1496000000.0,92000000.0,0.0,1.805,-7.051,-7.653,6309000000.0,0.0,36.12,3.058,3.062,447000000.0,855000000.0,469000000.0,469000000.0,0.0,,,,,10000000.0,51000000.0,1.0,162800912.0,163000000,163000000.0,2.877,7458000000.0,30000000.0,-574000000.0,786000000.0,45.755,40000000.0
14,NFX,MRQ,2015-03-31,2015-03-31,2015-03-31,2018-10-31,-1000000.0,9678000000.0,,1610000000.0,8068000000.0,,29.228,-486000000.0,786000000.0,786000000.0,137000000.0,-480000000.0,1.868,1.284,3146000000.0,0.0,3146000000.0,3146000000.0,0.0,237000000.0,0.0,0.0,0.0,-716000000.0,-479000000.0,-1.372,-479000000.0,-716000000.0,-760000000.0,-3.3,-3.3,-3.3,4238000000.0,,4238000000.0,7698916146.0,19.0,5.815,-281000000.0,-1.938,1.0,212000000.0,0.607,0.0,44000000.0,11176000000.0,,27000000.0,671000000.0,425000000.0,246000000.0,5440000000.0,862000000.0,4578000000.0,4820916146.0,769000000.0,0.0,814000000.0,237000000.0,0.0,1050000000.0,-486000000.0,0.0,205000000.0,0.0,-480000000.0,-480000000.0,-480000000.0,0.0,0.0,-1.375,1096000000.0,-884000000.0,62000000.0,0.0,1.138,35.448,29.0,7779000000.0,0.0,35.09,2.333,2.463,354000000.0,1847000000.0,349000000.0,349000000.0,0.0,,,,,15000000.0,63000000.0,1.0,137387180.0,145000000,145000000.0,2.407,9678000000.0,0.0,-280000000.0,1345000000.0,66.745,748000000.0
15,NFX,MRQ,2014-12-31,2014-12-31,2014-12-31,2018-10-31,-1000000.0,9580000000.0,,940000000.0,8640000000.0,,28.416,-546000000.0,14000000.0,14000000.0,153000000.0,360000000.0,0.854,1.461,2874000000.0,0.0,2874000000.0,2874000000.0,0.0,238000000.0,0.0,0.0,0.0,619000000.0,857000000.0,1.731,857000000.0,619000000.0,572000000.0,2.63,2.6,2.63,3893000000.0,,3893000000.0,6371663091.0,4.0,2.672,-229000000.0,-1.672,1.0,342000000.0,0.691,0.0,47000000.0,11339000000.0,,33000000.0,647000000.0,431000000.0,216000000.0,5687000000.0,1101000000.0,4586000000.0,3721663091.0,-382000000.0,0.0,1000000.0,-154000000.0,0.0,-153000000.0,-546000000.0,0.0,317000000.0,0.0,360000000.0,360000000.0,360000000.0,7000000.0,0.0,0.727,297000000.0,45000000.0,32000000.0,0.0,0.956,4.135,4.115,8414000000.0,0.0,27.12,1.627,1.624,439000000.0,2327000000.0,495000000.0,495000000.0,0.0,,,,,13000000.0,50000000.0,1.0,137229465.0,137000000,138000000.0,3.613,9580000000.0,0.0,212000000.0,1628000000.0,69.927,-161000000.0
16,NFX,MRQ,2014-09-30,2014-09-30,2014-09-30,2018-10-31,2000000.0,9068000000.0,,906000000.0,8162000000.0,,25.73,62000000.0,396000000.0,396000000.0,157000000.0,278000000.0,0.979,1.572,3046000000.0,0.0,3046000000.0,3046000000.0,0.0,228000000.0,0.0,0.0,0.0,484000000.0,712000000.0,1.167,712000000.0,484000000.0,433000000.0,2.04,2.02,2.04,3525000000.0,,3525000000.0,8106738721.0,8.0,4.17,399000000.0,2.912,1.0,453000000.0,0.743,0.0,51000000.0,10793000000.0,,38000000.0,130000000.0,48000000.0,82000000.0,5543000000.0,925000000.0,4618000000.0,5065738721.0,360000000.0,0.0,-8000000.0,-31000000.0,0.0,-39000000.0,62000000.0,0.0,337000000.0,0.0,278000000.0,278000000.0,278000000.0,0.0,0.0,0.456,286000000.0,167000000.0,65000000.0,0.0,1.437,9.095,9.064,8051000000.0,0.0,37.07,2.147,2.153,395000000.0,1967000000.0,610000000.0,610000000.0,0.0,,,,,-20000000.0,48000000.0,1.0,136653324.0,137000000,138000000.0,4.453,9068000000.0,0.0,155000000.0,1427000000.0,66.19,-19000000.0
17,NFX,MRQ,2014-06-30,2014-06-30,2014-06-30,2018-10-31,2000000.0,8956000000.0,,528000000.0,8428000000.0,,23.838,-473000000.0,36000000.0,36000000.0,147000000.0,-22000000.0,0.468,1.762,3077000000.0,0.0,3077000000.0,3077000000.0,0.0,213000000.0,0.0,0.0,0.0,21000000.0,234000000.0,0.382,234000000.0,21000000.0,-30000000.0,-0.16,-0.16,-0.16,3242000000.0,,3242000000.0,8965248067.0,15.0,5.844,-105000000.0,-0.772,1.0,465000000.0,0.76,0.0,51000000.0,10868000000.0,,41000000.0,31000000.0,0.0,31000000.0,5714000000.0,1129000000.0,4585000000.0,6026248067.0,-71000000.0,0.0,3000000.0,31000000.0,0.0,34000000.0,-473000000.0,0.0,368000000.0,0.0,-22000000.0,-22000000.0,-22000000.0,0.0,0.0,-0.036,284000000.0,181000000.0,51000000.0,0.0,1.859,19.694,21.048,8365000000.0,0.0,44.2,2.696,2.69,384000000.0,1689000000.0,612000000.0,612000000.0,0.0,,,,,24000000.0,68000000.0,1.0,136340454.0,136000000,136000000.0,4.5,8956000000.0,34000000.0,-8000000.0,1307000000.0,65.853,-601000000.0
18,NFX,MRQ,2014-03-31,2014-03-31,2014-03-31,2018-10-31,2000000.0,8651000000.0,,587000000.0,8064000000.0,,23.897,-551000000.0,107000000.0,107000000.0,139000000.0,284000000.0,0.642,1.662,3046000000.0,0.0,3046000000.0,3046000000.0,0.0,224000000.0,0.0,0.0,0.0,358000000.0,582000000.0,1.019,582000000.0,358000000.0,307000000.0,2.08,2.07,2.08,3250000000.0,,3250000000.0,7783897075.0,10.0,4.466,-186000000.0,-1.368,1.0,432000000.0,0.757,0.0,51000000.0,10675000000.0,,41000000.0,42000000.0,0.0,42000000.0,5401000000.0,915000000.0,4486000000.0,4274897075.0,12000000.0,809000000.0,-1000000.0,-649000000.0,0.0,-650000000.0,297000000.0,39000000.0,365000000.0,0.0,284000000.0,284000000.0,284000000.0,-257000000.0,0.0,0.497,250000000.0,182000000.0,59000000.0,0.0,1.315,9.738,10.182,7988000000.0,0.0,31.36,2.077,2.072,384000000.0,1711000000.0,571000000.0,571000000.0,0.0,,,,,11000000.0,56000000.0,1.0,136316871.0,136000000,137000000.0,4.199,8651000000.0,20000000.0,23000000.0,1301000000.0,63.61,-328000000.0
19,NFX,MRQ,2013-12-31,2013-12-31,2013-12-31,2018-10-31,2000000.0,9321000000.0,,901000000.0,8420000000.0,,21.896,-554000000.0,185000000.0,185000000.0,139000000.0,17000000.0,0.698,2.153,3694000000.0,0.0,3694000000.0,3694000000.0,0.0,266000000.0,0.0,0.0,0.0,150000000.0,416000000.0,0.735,416000000.0,150000000.0,98000000.0,0.13,0.13,0.13,2956000000.0,,2956000000.0,6748711485.0,14.0,4.786,-204000000.0,-1.511,1.0,427000000.0,0.754,0.0,52000000.0,11540000000.0,,163000000.0,89000000.0,0.0,89000000.0,6365000000.0,1290000000.0,5075000000.0,3352711485.0,6000000.0,0.0,1000000.0,209000000.0,0.0,210000000.0,-554000000.0,0.0,350000000.0,0.0,17000000.0,17000000.0,17000000.0,-21000000.0,0.0,0.03,275000000.0,152000000.0,76000000.0,0.0,1.134,22.808,26.202,8275000000.0,0.0,24.63,1.805,1.791,474000000.0,1427000000.0,566000000.0,566000000.0,0.0,,,,,8000000.0,59000000.0,1.0,136123081.0,135000000,136000000.0,4.193,9321000000.0,41000000.0,81000000.0,1142000000.0,69.044,-389000000.0
20,NFX,MRQ,2013-09-30,2013-09-30,2013-09-30,2018-10-31,-4000000.0,8743000000.0,,773000000.0,7970000000.0,,21.463,-631000000.0,89000000.0,89000000.0,123000000.0,27000000.0,0.718,1.995,3485000000.0,0.0,3485000000.0,3485000000.0,0.0,225000000.0,0.0,0.0,0.0,77000000.0,302000000.0,0.621,302000000.0,77000000.0,25000000.0,0.05,0.05,0.05,2919000000.0,,2919000000.0,6938726258.0,-5.0,-12.195,-146000000.0,-1.074,1.0,363000000.0,0.747,0.0,52000000.0,11063000000.0,,146000000.0,122000000.0,29000000.0,93000000.0,5824000000.0,1076000000.0,4748000000.0,3713726258.0,38000000.0,0.0,-5000000.0,209000000.0,0.0,184000000.0,-631000000.0,0.0,485000000.0,0.0,27000000.0,27000000.0,27000000.0,-31000000.0,0.0,0.056,232000000.0,131000000.0,87000000.0,0.0,1.272,-2.92,-2.848,7810000000.0,0.0,27.37,2.148,2.153,441000000.0,1410000000.0,486000000.0,486000000.0,0.0,,,,,18000000.0,61000000.0,1.0,135686016.0,136000000,136000000.0,3.574,8743000000.0,33000000.0,-2000000.0,1076000000.0,64.287,-303000000.0
21,NFX,MRQ,2013-06-30,2013-06-30,2013-06-30,2018-10-31,-4000000.0,8381000000.0,,759000000.0,7622000000.0,,21.533,-475000000.0,51000000.0,51000000.0,128000000.0,111000000.0,0.778,1.883,3276000000.0,0.0,3276000000.0,3276000000.0,0.0,217000000.0,0.0,0.0,0.0,226000000.0,443000000.0,1.018,443000000.0,226000000.0,176000000.0,0.82,0.82,0.82,2907000000.0,,2907000000.0,6236810960.0,-4.0,-9.45,-224000000.0,-1.659,1.0,307000000.0,0.706,0.0,50000000.0,10630000000.0,,106000000.0,187000000.0,65000000.0,122000000.0,5474000000.0,976000000.0,4498000000.0,3235810960.0,7000000.0,0.0,3000000.0,227000000.0,0.0,230000000.0,-474000000.0,1000000.0,251000000.0,0.0,111000000.0,111000000.0,111000000.0,-5000000.0,0.0,0.255,218000000.0,89000000.0,57000000.0,0.0,1.113,-2.429,-2.413,7419000000.0,0.0,23.89,2.005,1.998,476000000.0,1403000000.0,435000000.0,435000000.0,0.0,,,,,8000000.0,54000000.0,1.0,135446252.0,135000000,136000000.0,3.222,8381000000.0,37000000.0,65000000.0,1061000000.0,62.081,-217000000.0
22,NFX,MRQ,2013-03-31,2013-03-31,2013-03-31,2018-10-31,-5000000.0,7928000000.0,,672000000.0,7256000000.0,,20.607,-399000000.0,44000000.0,44000000.0,100000000.0,-8000000.0,0.73,1.85,3045000000.0,0.0,3045000000.0,3045000000.0,0.0,222000000.0,0.0,0.0,0.0,27000000.0,249000000.0,0.673,249000000.0,27000000.0,-24000000.0,-0.06,-0.06,-0.06,2782000000.0,,2782000000.0,5993504087.0,-4.0,-9.321,-40000000.0,-0.296,1.0,270000000.0,0.73,0.0,51000000.0,10009000000.0,,110000000.0,134000000.0,51000000.0,83000000.0,5146000000.0,920000000.0,4226000000.0,3036504087.0,-44000000.0,0.0,-4000000.0,0.0,0.0,-4000000.0,-399000000.0,0.0,359000000.0,0.0,-8000000.0,-8000000.0,-8000000.0,-17000000.0,0.0,-0.022,192000000.0,78000000.0,60000000.0,0.0,1.091,-2.321,-2.307,7092000000.0,0.0,22.42,1.986,1.98,408000000.0,1292000000.0,370000000.0,370000000.0,0.0,,,,,9000000.0,45000000.0,1.0,135437292.0,135000000,135000000.0,2.741,7928000000.0,39000000.0,-16000000.0,978000000.0,58.726,-248000000.0
23,NFX,MRQ,2012-12-31,2012-12-31,2012-12-31,2018-10-31,-7000000.0,7912000000.0,,866000000.0,7046000000.0,,20.145,-238000000.0,88000000.0,88000000.0,140000000.0,-1402000000.0,0.903,1.846,3045000000.0,0.0,3045000000.0,3045000000.0,0.0,253000000.0,0.0,0.0,0.0,-1816000000.0,-1563000000.0,-3.568,-1563000000.0,-1816000000.0,-1868000000.0,-10.42,-10.41,-10.42,2780000000.0,,2780000000.0,6686289052.0,-5.0,-14.047,105000000.0,0.761,1.0,298000000.0,0.68,0.0,52000000.0,9910000000.0,,132000000.0,200000000.0,125000000.0,75000000.0,5132000000.0,959000000.0,4173000000.0,3621289052.0,-37000000.0,0.0,3000000.0,-145000000.0,0.0,-142000000.0,-238000000.0,0.0,343000000.0,0.0,-1402000000.0,-1402000000.0,-1402000000.0,459000000.0,0.0,-3.201,1741000000.0,-1443000000.0,69000000.0,0.0,1.303,-3.059,-3.043,6902000000.0,0.0,26.78,2.318,2.315,452000000.0,1300000000.0,438000000.0,438000000.0,0.0,,,,,8000000.0,50000000.0,1.0,135223639.0,138000000,135000000.0,3.174,7912000000.0,24000000.0,-466000000.0,976000000.0,57.333,-93000000.0
24,NFX,MRQ,2012-09-30,2012-09-30,2012-09-30,2018-10-31,-8000000.0,9431000000.0,,859000000.0,8572000000.0,,30.874,-353000000.0,125000000.0,125000000.0,117000000.0,-33000000.0,0.956,1.263,3190000000.0,0.0,3190000000.0,3190000000.0,0.0,237000000.0,0.0,0.0,0.0,-26000000.0,211000000.0,0.569,211000000.0,-26000000.0,-79000000.0,-0.24,-0.24,-0.24,4168000000.0,,4168000000.0,7166679117.0,14.0,4.984,-124000000.0,-0.919,1.0,254000000.0,0.685,0.0,53000000.0,11597000000.0,,125000000.0,165000000.0,88000000.0,77000000.0,5263000000.0,899000000.0,4364000000.0,4227679117.0,-531000000.0,0.0,-2000000.0,-405000000.0,0.0,-407000000.0,-353000000.0,0.0,229000000.0,0.0,-33000000.0,-33000000.0,-33000000.0,-49000000.0,0.0,-0.089,235000000.0,19000000.0,76000000.0,0.0,1.014,14.782,14.704,8406000000.0,0.0,31.32,3.139,3.139,427000000.0,2702000000.0,371000000.0,371000000.0,0.0,,,,,10000000.0,57000000.0,1.0,134983369.0,135000000,135000000.0,2.748,9431000000.0,41000000.0,-46000000.0,997000000.0,69.859,-40000000.0
25,NFX,MRQ,2012-06-30,2012-06-30,2012-06-30,2018-10-31,-8000000.0,9844000000.0,,1412000000.0,8432000000.0,,31.276,-400000000.0,656000000.0,656000000.0,118000000.0,135000000.0,1.605,1.349,3595000000.0,0.0,3595000000.0,3595000000.0,0.0,239000000.0,0.0,0.0,0.0,221000000.0,460000000.0,1.314,460000000.0,221000000.0,172000000.0,1.0,1.0,1.0,4191000000.0,,4191000000.0,6844225235.0,7.0,3.635,-37000000.0,-0.276,1.0,232000000.0,0.663,0.0,49000000.0,11903000000.0,,104000000.0,278000000.0,142000000.0,136000000.0,5653000000.0,880000000.0,4773000000.0,3951225235.0,629000000.0,0.0,1000000.0,665000000.0,0.0,666000000.0,-400000000.0,0.0,363000000.0,0.0,135000000.0,135000000.0,135000000.0,-71000000.0,0.0,0.386,231000000.0,1000000.0,78000000.0,0.0,0.943,6.72,6.707,8201000000.0,0.0,29.31,2.463,2.449,416000000.0,2735000000.0,350000000.0,350000000.0,0.0,,,,,9000000.0,59000000.0,1.0,134808094.0,134000000,135000000.0,2.612,9844000000.0,36000000.0,37000000.0,1040000000.0,73.463,532000000.0
26,NFX,MRQ,2012-03-31,2012-03-31,2012-03-31,2018-10-31,-8000000.0,9037000000.0,,834000000.0,8203000000.0,,30.164,-168000000.0,27000000.0,27000000.0,210000000.0,116000000.0,0.93,1.236,2920000000.0,0.0,2920000000.0,2920000000.0,0.0,226000000.0,0.0,0.0,0.0,238000000.0,464000000.0,0.684,464000000.0,238000000.0,187000000.0,0.86,0.86,0.86,4042000000.0,,4042000000.0,7605423596.0,7.0,3.833,44000000.0,0.328,1.0,468000000.0,0.69,0.0,51000000.0,11033000000.0,,110000000.0,263000000.0,148000000.0,115000000.0,4995000000.0,897000000.0,4098000000.0,4675423596.0,-49000000.0,0.0,-7000000.0,-86000000.0,0.0,-93000000.0,-168000000.0,0.0,212000000.0,0.0,116000000.0,116000000.0,116000000.0,0.0,0.0,0.171,271000000.0,197000000.0,70000000.0,0.0,1.157,6.957,6.922,7999000000.0,0.0,34.68,2.494,2.478,481000000.0,2600000000.0,678000000.0,678000000.0,0.0,,,,,8000000.0,45000000.0,1.0,134816136.0,134000000,135000000.0,5.06,9037000000.0,35000000.0,71000000.0,1009000000.0,67.44,-63000000.0
27,NFX,MRQ,2011-12-31,2011-12-31,2011-12-31,2018-10-31,-10000000.0,8991000000.0,,775000000.0,8216000000.0,,29.254,-395000000.0,76000000.0,76000000.0,-152000000.0,68000000.0,0.832,1.294,3006000000.0,0.0,3006000000.0,3006000000.0,0.0,239000000.0,0.0,0.0,0.0,64000000.0,303000000.0,-5.827,303000000.0,64000000.0,13000000.0,0.51,0.5,0.51,3920000000.0,,3920000000.0,8032381182.0,9.0,4.728,21000000.0,0.157,1.0,100000000.0,-1.923,0.0,51000000.0,10989000000.0,,90000000.0,242000000.0,129000000.0,113000000.0,5071000000.0,932000000.0,4139000000.0,5078381182.0,45000000.0,0.0,3000000.0,20000000.0,0.0,23000000.0,-394000000.0,1000000.0,416000000.0,0.0,68000000.0,68000000.0,68000000.0,-138000000.0,0.0,-1.308,141000000.0,-41000000.0,112000000.0,0.0,1.296,9.422,9.362,8020000000.0,0.0,37.73,2.915,2.902,407000000.0,2484000000.0,-52000000.0,-52000000.0,0.0,,,,,9000000.0,48000000.0,1.0,134597964.0,134000000,135000000.0,-0.388,8991000000.0,28000000.0,-55000000.0,979000000.0,67.097,-157000000.0
28,NFX,MRQ,2011-09-30,2011-09-30,2011-09-30,2018-10-31,-10000000.0,8903000000.0,,708000000.0,8195000000.0,,28.642,-575000000.0,31000000.0,31000000.0,210000000.0,269000000.0,0.728,1.32,2985000000.0,0.0,2985000000.0,2985000000.0,0.0,189000000.0,0.0,0.0,0.0,467000000.0,656000000.0,1.045,656000000.0,467000000.0,424000000.0,2.0,1.99,2.0,3838000000.0,,3838000000.0,8158020370.0,9.0,4.938,-131000000.0,-0.978,1.0,418000000.0,0.666,0.0,43000000.0,10884000000.0,,107000000.0,287000000.0,170000000.0,117000000.0,5065000000.0,973000000.0,4092000000.0,5343020370.0,-43000000.0,0.0,0.0,88000000.0,0.0,88000000.0,-575000000.0,0.0,444000000.0,0.0,269000000.0,269000000.0,269000000.0,0.0,0.0,0.428,240000000.0,178000000.0,97000000.0,0.0,1.392,10.838,10.785,7994000000.0,0.0,39.69,2.301,2.29,322000000.0,2416000000.0,628000000.0,628000000.0,0.0,,,,,6000000.0,51000000.0,1.0,134618805.0,134000000,135000000.0,4.687,8903000000.0,29000000.0,155000000.0,1002000000.0,66.44,-265000000.0
29,NFX,MRQ,2011-06-30,2011-06-30,2011-06-30,2018-10-31,-8000000.0,8481000000.0,,748000000.0,7733000000.0,,26.582,-861000000.0,74000000.0,74000000.0,204000000.0,219000000.0,0.778,1.381,2889000000.0,0.0,2889000000.0,2889000000.0,0.0,173000000.0,0.0,0.0,0.0,388000000.0,561000000.0,0.903,561000000.0,388000000.0,347000000.0,1.64,1.62,1.64,3562000000.0,,3562000000.0,11519006981.0,15.0,7.972,-441000000.0,-3.291,1.0,417000000.0,0.671,0.0,41000000.0,10335000000.0,,106000000.0,216000000.0,128000000.0,88000000.0,4919000000.0,961000000.0,3958000000.0,9147006981.0,18000000.0,0.0,5000000.0,453000000.0,0.0,458000000.0,-860000000.0,1000000.0,420000000.0,0.0,219000000.0,219000000.0,219000000.0,0.0,0.0,0.353,217000000.0,200000000.0,113000000.0,0.0,2.568,23.758,23.455,7564000000.0,0.0,68.02,4.268,4.253,360000000.0,2147000000.0,621000000.0,621000000.0,0.0,,,,,8000000.0,44000000.0,1.0,134475257.0,134000000,135000000.0,4.634,8481000000.0,33000000.0,128000000.0,859000000.0,63.291,-213000000.0
30,NFX,MRQ,2011-03-31,2011-03-31,2011-03-31,2018-10-31,-9000000.0,7716000000.0,,707000000.0,7009000000.0,,25.023,-407000000.0,56000000.0,56000000.0,164000000.0,-17000000.0,0.759,1.319,2428000000.0,0.0,2428000000.0,2428000000.0,0.0,166000000.0,0.0,0.0,0.0,13000000.0,179000000.0,0.328,179000000.0,13000000.0,-27000000.0,-0.13,-0.13,-0.13,3328000000.0,,3328000000.0,12475930895.0,22.0,10.102,-98000000.0,-0.737,1.0,381000000.0,0.699,0.0,40000000.0,9157000000.0,,93000000.0,233000000.0,153000000.0,80000000.0,4388000000.0,931000000.0,3457000000.0,10210930895.0,17000000.0,0.0,-9000000.0,124000000.0,0.0,115000000.0,-407000000.0,0.0,309000000.0,0.0,-17000000.0,-17000000.0,-17000000.0,0.0,0.0,-0.031,203000000.0,178000000.0,70000000.0,0.0,3.068,38.973,38.196,6858000000.0,0.0,76.01,5.183,5.132,333000000.0,1928000000.0,545000000.0,545000000.0,0.0,,,,,6000000.0,37000000.0,1.0,134336678.0,133000000,133000000.0,4.098,7716000000.0,31000000.0,-10000000.0,741000000.0,58.015,-224000000.0
31,NFX,MRQ,2010-12-31,2010-12-31,2010-12-31,2018-10-31,-12000000.0,7494000000.0,,731000000.0,6763000000.0,,25.326,-562000000.0,39000000.0,39000000.0,138000000.0,22000000.0,0.788,1.242,2304000000.0,0.0,2304000000.0,2304000000.0,0.0,181000000.0,0.0,0.0,0.0,75000000.0,256000000.0,0.485,256000000.0,75000000.0,35000000.0,0.17,0.16,0.17,3343000000.0,,3343000000.0,11694824320.0,12.0,7.179,-239000000.0,-1.811,1.0,390000000.0,0.739,0.0,40000000.0,8831000000.0,,79000000.0,284000000.0,197000000.0,87000000.0,4151000000.0,928000000.0,3223000000.0,9653824320.0,-89000000.0,0.0,12000000.0,135000000.0,0.0,147000000.0,-559000000.0,3000000.0,323000000.0,0.0,22000000.0,22000000.0,22000000.0,0.0,0.0,0.042,217000000.0,173000000.0,92000000.0,0.0,2.888,18.459,18.164,6608000000.0,0.0,72.11,5.127,5.055,354000000.0,1945000000.0,528000000.0,528000000.0,0.0,,,,,6000000.0,39000000.0,1.0,133876360.0,132000000,134000000.0,4.0,7494000000.0,29000000.0,13000000.0,771000000.0,56.773,-197000000.0
32,NFX,MRQ,2010-09-30,2010-09-30,2010-09-30,2018-10-31,-13000000.0,7226000000.0,,860000000.0,6366000000.0,,25.0,-418000000.0,128000000.0,128000000.0,107000000.0,161000000.0,0.982,1.19,2169000000.0,0.0,2169000000.0,2169000000.0,0.0,156000000.0,0.0,0.0,0.0,293000000.0,449000000.0,1.0,449000000.0,293000000.0,254000000.0,1.22,1.2,1.22,3300000000.0,,3300000000.0,9721328640.0,9.0,5.61,1000000.0,0.008,1.0,342000000.0,0.762,0.0,39000000.0,8391000000.0,,86000000.0,415000000.0,296000000.0,119000000.0,3926000000.0,876000000.0,3050000000.0,7674328640.0,6000000.0,0.0,4000000.0,1000000.0,0.0,5000000.0,-418000000.0,0.0,419000000.0,0.0,161000000.0,161000000.0,161000000.0,0.0,0.0,0.359,196000000.0,146000000.0,81000000.0,0.0,2.326,12.499,12.221,6184000000.0,0.0,57.44,4.338,4.286,276000000.0,1923000000.0,449000000.0,449000000.0,0.0,,,,,4000000.0,40000000.0,1.0,133606000.0,132000000,134000000.0,3.402,7226000000.0,29000000.0,93000000.0,783000000.0,54.742,-16000000.0
33,NFX,MRQ,2010-06-30,2010-06-30,2010-06-30,2018-10-31,-13000000.0,7008000000.0,,904000000.0,6104000000.0,,23.697,-422000000.0,122000000.0,122000000.0,115000000.0,96000000.0,0.982,1.24,2169000000.0,0.0,2169000000.0,2169000000.0,0.0,160000000.0,0.0,0.0,0.0,191000000.0,351000000.0,0.783,351000000.0,191000000.0,152000000.0,0.73,0.72,0.73,3128000000.0,,3128000000.0,8626889065.0,9.0,5.587,52000000.0,0.394,1.0,333000000.0,0.743,0.0,39000000.0,8134000000.0,,82000000.0,386000000.0,278000000.0,108000000.0,3880000000.0,921000000.0,2959000000.0,6517889065.0,10000000.0,0.0,7000000.0,-53000000.0,0.0,-46000000.0,-418000000.0,4000000.0,474000000.0,0.0,96000000.0,96000000.0,96000000.0,0.0,0.0,0.214,203000000.0,130000000.0,102000000.0,0.0,2.084,12.275,12.005,5949000000.0,0.0,48.86,3.845,3.805,328000000.0,1762000000.0,448000000.0,448000000.0,0.0,,,,,6000000.0,41000000.0,1.0,133399285.0,132000000,134000000.0,3.394,7008000000.0,27000000.0,56000000.0,693000000.0,53.091,-17000000.0
34,NFX,MRQ,2010-03-31,2010-03-31,2010-03-31,2018-10-31,-10000000.0,6827000000.0,,978000000.0,5849000000.0,,23.231,-557000000.0,112000000.0,112000000.0,92000000.0,244000000.0,1.061,1.261,2221000000.0,32000000.0,2189000000.0,2221000000.0,0.0,147000000.0,0.0,0.0,0.0,426000000.0,573000000.0,1.251,573000000.0,426000000.0,388000000.0,1.87,1.84,1.87,3020000000.0,,3020000000.0,8884978129.0,12.0,6.824,-143000000.0,-1.1,1.0,366000000.0,0.799,0.0,38000000.0,8014000000.0,,83000000.0,478000000.0,349000000.0,129000000.0,3807000000.0,922000000.0,2885000000.0,6925978129.0,34000000.0,0.0,-3000000.0,179000000.0,0.0,176000000.0,-556000000.0,1000000.0,414000000.0,0.0,244000000.0,244000000.0,244000000.0,0.0,0.0,0.533,191000000.0,175000000.0,65000000.0,0.0,2.293,17.49,17.122,5671000000.0,0.0,52.05,4.515,4.411,352000000.0,1666000000.0,458000000.0,458000000.0,0.0,,,,,6000000.0,36000000.0,1.0,133063941.0,130000000,133000000.0,3.523,6827000000.0,26000000.0,144000000.0,653000000.0,52.515,56000000.0
35,NFX,MRQ,2009-12-31,2009-12-31,2009-12-31,2018-10-31,-11000000.0,6254000000.0,,893000000.0,5361000000.0,,20.812,-315000000.0,78000000.0,78000000.0,92000000.0,113000000.0,1.023,1.259,2037000000.0,0.0,2037000000.0,2037000000.0,0.0,147000000.0,0.0,0.0,0.0,213000000.0,360000000.0,0.87,360000000.0,213000000.0,182000000.0,0.88,0.88,0.88,2768000000.0,,2768000000.0,8418244524.0,-11.0,-48.943,46000000.0,0.346,1.0,322000000.0,0.778,0.0,31000000.0,7340000000.0,,84000000.0,343000000.0,269000000.0,74000000.0,3486000000.0,873000000.0,2613000000.0,6408244524.0,-18000000.0,0.0,3000000.0,-69000000.0,0.0,-66000000.0,-313000000.0,2000000.0,361000000.0,0.0,113000000.0,113000000.0,113000000.0,0.0,0.0,0.273,185000000.0,137000000.0,83000000.0,0.0,2.315,-11.823,-11.538,5247000000.0,0.0,48.23,4.789,4.686,339000000.0,1422000000.0,414000000.0,414000000.0,0.0,,,,,6000000.0,38000000.0,1.0,132868433.0,133000000,133000000.0,3.113,6254000000.0,26000000.0,69000000.0,521000000.0,47.023,20000000.0
36,NFX,MRQ,2009-09-30,2009-09-30,2009-09-30,2018-10-31,-14000000.0,6037000000.0,,942000000.0,5095000000.0,,20.292,-271000000.0,96000000.0,96000000.0,78000000.0,78000000.0,1.17,1.288,2106000000.0,0.0,2106000000.0,2106000000.0,0.0,144000000.0,0.0,0.0,0.0,116000000.0,260000000.0,0.693,260000000.0,116000000.0,85000000.0,0.59,0.58,0.59,2638000000.0,,2638000000.0,7899912648.0,-4.0,-5.239,234000000.0,1.8,1.0,297000000.0,0.792,0.0,31000000.0,7242000000.0,,110000000.0,481000000.0,377000000.0,104000000.0,3399000000.0,805000000.0,2594000000.0,5645912648.0,58000000.0,0.0,5000000.0,-185000000.0,0.0,-180000000.0,-267000000.0,4000000.0,505000000.0,0.0,78000000.0,78000000.0,78000000.0,0.0,0.0,0.208,185000000.0,112000000.0,34000000.0,0.0,2.14,-3.91,-3.814,4940000000.0,0.0,42.56,4.474,4.384,293000000.0,1309000000.0,375000000.0,375000000.0,0.0,,,,,7000000.0,40000000.0,1.0,132657722.0,130000000,132000000.0,2.885,6037000000.0,36000000.0,7000000.0,470000000.0,46.438,137000000.0
37,NFX,MRQ,2009-06-30,2009-06-30,2009-06-30,2018-10-31,-11000000.0,6058000000.0,,1080000000.0,4978000000.0,,19.592,-376000000.0,38000000.0,38000000.0,72000000.0,-39000000.0,1.32,1.378,2292000000.0,0.0,2292000000.0,2292000000.0,0.0,137000000.0,0.0,0.0,0.0,-28000000.0,109000000.0,0.38,109000000.0,-28000000.0,-60000000.0,-0.3,-0.3,-0.3,2547000000.0,,2547000000.0,6581555801.0,-6.0,-13.377,-13000000.0,-0.1,1.0,215000000.0,0.749,0.0,32000000.0,7494000000.0,,128000000.0,709000000.0,549000000.0,160000000.0,3511000000.0,818000000.0,2693000000.0,4332555801.0,0.0,0.0,1000000.0,5000000.0,0.0,6000000.0,-369000000.0,7000000.0,363000000.0,0.0,-39000000.0,-39000000.0,-39000000.0,0.0,0.0,-0.136,176000000.0,39000000.0,79000000.0,0.0,1.701,-5.429,-5.304,4789000000.0,0.0,32.67,2.765,2.71,290000000.0,1231000000.0,287000000.0,287000000.0,0.0,,,,,7000000.0,34000000.0,1.0,132615727.0,130000000,130000000.0,2.208,6058000000.0,9000000.0,-21000000.0,473000000.0,46.6,262000000.0
38,NFX,MRQ,2009-03-31,2009-03-31,2009-03-31,2018-10-31,-13000000.0,6243000000.0,,1319000000.0,4924000000.0,,19.785,-414000000.0,38000000.0,38000000.0,80000000.0,-694000000.0,1.263,1.427,2287000000.0,0.0,2287000000.0,2287000000.0,0.0,159000000.0,0.0,0.0,0.0,-1060000000.0,-901000000.0,-3.439,-901000000.0,-1060000000.0,-1092000000.0,-5.35,-5.35,-5.35,2572000000.0,,2572000000.0,5203439917.0,-4.0,-7.476,-65000000.0,-0.5,1.0,182000000.0,0.695,0.0,32000000.0,7448000000.0,,117000000.0,1040000000.0,775000000.0,265000000.0,3671000000.0,1044000000.0,2627000000.0,3014439917.0,14000000.0,0.0,-1000000.0,73000000.0,0.0,72000000.0,-407000000.0,7000000.0,349000000.0,0.0,-694000000.0,-694000000.0,-694000000.0,0.0,0.0,-2.649,1537000000.0,-1355000000.0,76000000.0,0.0,1.172,-3.005,-2.929,4622000000.0,0.0,22.7,1.529,1.497,302000000.0,1270000000.0,262000000.0,262000000.0,0.0,,,,,8000000.0,32000000.0,1.0,132794710.0,130000000,130000000.0,2.015,6243000000.0,16000000.0,-398000000.0,497000000.0,48.023,275000000.0
39,NFX,MRQ,2008-12-31,2008-12-31,2008-12-31,2018-10-31,-11000000.0,7305000000.0,,1206000000.0,6099000000.0,,25.248,-521000000.0,24000000.0,24000000.0,84000000.0,-789000000.0,1.112,1.243,2213000000.0,0.0,2213000000.0,2213000000.0,0.0,193000000.0,0.0,0.0,0.0,-1169000000.0,-976000000.0,-2.888,-976000000.0,-1169000000.0,-1198000000.0,-6.1,-6.03,-6.1,3257000000.0,,3257000000.0,4512840883.0,-11.0,16.47,-289000000.0,-2.24,1.0,254000000.0,0.751,0.0,29000000.0,8409000000.0,,96000000.0,982000000.0,663000000.0,319000000.0,4048000000.0,1085000000.0,2963000000.0,2611840883.0,-11000000.0,0.0,2000000.0,276000000.0,0.0,278000000.0,-521000000.0,0.0,232000000.0,0.0,-789000000.0,-789000000.0,-789000000.0,0.0,0.0,-2.334,2096000000.0,-1842000000.0,103000000.0,0.0,0.802,-7.002,-6.858,5758000000.0,0.0,19.75,1.174,1.145,375000000.0,1964000000.0,338000000.0,338000000.0,0.0,,,,,9000000.0,36000000.0,1.0,132245108.0,129000000,120000000.0,2.62,7305000000.0,0.0,-409000000.0,884000000.0,56.628,121000000.0
40,NFX,MRQ,2008-09-30,2008-09-30,2008-09-30,2018-10-31,-10000000.0,8432000000.0,,800000000.0,7632000000.0,,31.271,-460000000.0,35000000.0,35000000.0,118000000.0,724000000.0,0.798,1.09,1936000000.0,0.0,1936000000.0,1936000000.0,0.0,181000000.0,0.0,0.0,0.0,1095000000.0,1276000000.0,1.876,1276000000.0,1095000000.0,1059000000.0,5.59,5.48,5.59,4034000000.0,,4034000000.0,6119900871.0,6.0,3.55,-10000000.0,-0.078,1.0,562000000.0,0.826,62000000.0,36000000.0,9268000000.0,,87000000.0,543000000.0,213000000.0,330000000.0,4398000000.0,1003000000.0,3395000000.0,4228900871.0,7000000.0,0.0,0.0,17000000.0,0.0,17000000.0,-460000000.0,0.0,450000000.0,0.0,724000000.0,724000000.0,724000000.0,0.0,0.0,1.065,217000000.0,345000000.0,74000000.0,0.0,1.048,5.801,5.662,7221000000.0,0.0,31.99,1.851,1.806,401000000.0,2753000000.0,680000000.0,680000000.0,0.0,,,,,5000000.0,36000000.0,1.0,132194463.0,129000000,132000000.0,5.271,8370000000.0,0.0,335000000.0,1298000000.0,64.884,-203000000.0
41,NFX,MRQ,2008-06-30,2008-06-30,2008-06-30,2018-10-31,-7000000.0,8014000000.0,,827000000.0,7187000000.0,,25.612,-819000000.0,28000000.0,28000000.0,110000000.0,-244000000.0,0.589,1.426,1919000000.0,0.0,1919000000.0,1919000000.0,0.0,166000000.0,0.0,0.0,0.0,-261000000.0,-95000000.0,-0.137,-95000000.0,-261000000.0,-289000000.0,-1.89,-1.89,-1.89,3304000000.0,,3304000000.0,9568589234.0,61.0,12.205,-919000000.0,-7.124,1.0,581000000.0,0.841,62000000.0,28000000.0,8439000000.0,,75000000.0,257000000.0,44000000.0,213000000.0,4710000000.0,1404000000.0,3306000000.0,8596589234.0,-52000000.0,0.0,9000000.0,860000000.0,0.0,865000000.0,-817000000.0,2000000.0,-100000000.0,0.0,-244000000.0,-244000000.0,-244000000.0,0.0,0.0,-0.353,203000000.0,378000000.0,65000000.0,0.0,2.602,97.689,91.901,6894000000.0,0.0,65.25,4.247,4.159,413000000.0,2029000000.0,691000000.0,691000000.0,0.0,,,,,7000000.0,37000000.0,1.0,131748494.0,129000000,129000000.0,5.357,7952000000.0,198000000.0,-45000000.0,1151000000.0,61.643,-577000000.0
42,NFX,MRQ,2008-03-31,2008-03-31,2008-03-31,2018-10-31,-3000000.0,7289000000.0,,857000000.0,6432000000.0,,27.419,-501000000.0,80000000.0,80000000.0,110000000.0,-64000000.0,0.705,1.061,1052000000.0,0.0,1052000000.0,1052000000.0,0.0,157000000.0,0.0,0.0,0.0,-89000000.0,68000000.0,0.132,68000000.0,-89000000.0,-108000000.0,-0.5,-0.5,-0.5,3537000000.0,,3537000000.0,7749570259.0,11.0,5.757,-229000000.0,-1.775,1.0,405000000.0,0.786,62000000.0,19000000.0,6983000000.0,,73000000.0,142000000.0,118000000.0,24000000.0,3752000000.0,1216000000.0,2536000000.0,6949570259.0,-170000000.0,0.0,9000000.0,0.0,0.0,13000000.0,-455000000.0,46000000.0,272000000.0,0.0,-64000000.0,-64000000.0,-64000000.0,0.0,0.0,-0.124,189000000.0,216000000.0,62000000.0,0.0,1.965,14.418,14.019,6325000000.0,0.0,52.85,3.738,3.667,416000000.0,2273000000.0,515000000.0,515000000.0,0.0,,,,,5000000.0,32000000.0,1.0,131496126.0,129000000,129000000.0,3.992,7227000000.0,131000000.0,-44000000.0,1137000000.0,56.023,-359000000.0
43,NFX,MRQ,2007-12-31,2007-12-31,2007-12-31,2018-10-31,-3000000.0,6986000000.0,,927000000.0,6059000000.0,,27.336,-421000000.0,250000000.0,250000000.0,84000000.0,313000000.0,0.998,0.951,1050000000.0,0.0,1050000000.0,1050000000.0,0.0,143000000.0,0.0,0.0,0.0,332000000.0,475000000.0,1.19,475000000.0,332000000.0,310000000.0,2.45,2.39,2.45,3581000000.0,,3581000000.0,7930699719.0,12.0,5.849,-198000000.0,-1.511,1.0,315000000.0,0.789,62000000.0,22000000.0,6795000000.0,,82000000.0,209000000.0,192000000.0,17000000.0,3405000000.0,929000000.0,2476000000.0,6898699719.0,109000000.0,491000000.0,15000000.0,-125000000.0,0.0,-104000000.0,-10000000.0,-80000000.0,223000000.0,0.0,313000000.0,313000000.0,313000000.0,-338000000.0,0.0,0.784,191000000.0,124000000.0,52000000.0,0.0,1.926,15.33,14.972,5958000000.0,0.0,52.7,3.869,3.783,332000000.0,2337000000.0,399000000.0,399000000.0,0.0,,,,,5000000.0,48000000.0,1.0,130905118.0,131000000,134000000.0,3.046,6924000000.0,35000000.0,-3000000.0,1104000000.0,52.855,-2000000.0
44,NFX,MRQ,2007-09-30,2007-09-30,2007-09-30,2018-10-31,12000000.0,6606000000.0,,737000000.0,5869000000.0,,25.43,782000000.0,141000000.0,141000000.0,89000000.0,83000000.0,0.793,1.029,1173000000.0,124000000.0,1049000000.0,1173000000.0,0.0,162000000.0,0.0,0.0,0.0,174000000.0,336000000.0,0.802,336000000.0,174000000.0,145000000.0,0.65,0.64,0.65,3255000000.0,,3255000000.0,8349112913.0,17.0,6.799,1078000000.0,8.422,1.0,330000000.0,0.788,62000000.0,29000000.0,6647000000.0,,74000000.0,162000000.0,136000000.0,26000000.0,3351000000.0,929000000.0,2422000000.0,6283112913.0,104000000.0,0.0,4000000.0,-932000000.0,0.0,-924000000.0,731000000.0,-43000000.0,296000000.0,1000000.0,83000000.0,83000000.0,83000000.0,9000000.0,0.0,0.198,199000000.0,131000000.0,49000000.0,0.0,1.93,28.69,28.0,5580000000.0,0.0,48.16,3.468,3.402,329000000.0,2024000000.0,419000000.0,419000000.0,0.0,,,,,7000000.0,37000000.0,1.0,130463308.0,128000000,131000000.0,3.273,6544000000.0,10000000.0,62000000.0,1098000000.0,51.125,-192000000.0
45,NFX,MRQ,2007-06-30,2007-06-30,2007-06-30,2018-10-31,14000000.0,7683000000.0,,741000000.0,6942000000.0,,24.835,-1112000000.0,37000000.0,37000000.0,114000000.0,150000000.0,0.718,1.436,2103000000.0,124000000.0,1979000000.0,2103000000.0,0.0,197000000.0,0.0,0.0,0.0,270000000.0,467000000.0,0.888,467000000.0,270000000.0,242000000.0,1.17,1.15,1.17,3154000000.0,,3154000000.0,7193809826.0,9.0,4.812,-812000000.0,-6.394,1.0,412000000.0,0.783,62000000.0,28000000.0,8655000000.0,,68000000.0,137000000.0,127000000.0,10000000.0,4529000000.0,1032000000.0,3497000000.0,5920809826.0,11000000.0,0.0,10000000.0,805000000.0,0.0,818000000.0,-1107000000.0,0.0,300000000.0,0.0,150000000.0,150000000.0,150000000.0,2000000.0,0.0,0.285,229000000.0,183000000.0,104000000.0,0.0,1.877,14.728,14.369,6846000000.0,0.0,45.55,3.257,3.182,419000000.0,1941000000.0,526000000.0,526000000.0,0.0,,,,,7000000.0,32000000.0,1.0,129984848.0,127000000,130000000.0,4.142,7621000000.0,0.0,92000000.0,1070000000.0,60.008,-291000000.0
46,NFX,MRQ,2007-03-31,2007-03-31,2007-03-31,2018-10-31,12000000.0,6659000000.0,,608000000.0,6051000000.0,,23.449,-506000000.0,26000000.0,26000000.0,128000000.0,-96000000.0,0.58,1.236,1299000000.0,124000000.0,1175000000.0,1299000000.0,0.0,180000000.0,0.0,0.0,0.0,-102000000.0,78000000.0,0.177,78000000.0,-102000000.0,-125000000.0,-0.75,-0.75,-0.75,2978000000.0,,2978000000.0,6514105923.0,10.0,4.85,-171000000.0,-1.346,1.0,312000000.0,0.709,62000000.0,23000000.0,6822000000.0,,58000000.0,92000000.0,89000000.0,3000000.0,3681000000.0,1048000000.0,2633000000.0,5422105923.0,-54000000.0,0.0,3000000.0,127000000.0,0.0,131000000.0,-520000000.0,24000000.0,335000000.0,0.0,-96000000.0,-96000000.0,-96000000.0,49000000.0,0.0,-0.218,219000000.0,93000000.0,91000000.0,0.0,1.821,15.671,15.223,5966000000.0,0.0,41.71,3.224,3.149,381000000.0,1791000000.0,440000000.0,440000000.0,0.0,,,,,4000000.0,39000000.0,1.0,129995347.0,127000000,127000000.0,3.465,6597000000.0,14000000.0,-29000000.0,1003000000.0,51.945,-440000000.0
47,NFX,MRQ,2006-12-31,2006-12-31,2006-12-31,2018-10-31,11000000.0,6635000000.0,,851000000.0,5784000000.0,,24.11,-443000000.0,80000000.0,80000000.0,139000000.0,82000000.0,0.758,1.167,1172000000.0,124000000.0,1048000000.0,1172000000.0,0.0,190000000.0,0.0,0.0,0.0,157000000.0,347000000.0,0.813,347000000.0,157000000.0,134000000.0,0.65,0.63,0.65,3062000000.0,,3062000000.0,6832475643.0,7.0,4.146,-204000000.0,-1.606,1.0,288000000.0,0.674,62000000.0,23000000.0,6542000000.0,,44000000.0,309000000.0,290000000.0,19000000.0,3573000000.0,1123000000.0,2450000000.0,5926475643.0,-185000000.0,0.0,6000000.0,0.0,0.0,8000000.0,-429000000.0,6000000.0,239000000.0,-3000000.0,82000000.0,82000000.0,82000000.0,17000000.0,0.0,0.192,219000000.0,69000000.0,58000000.0,0.0,1.935,10.028,9.839,5483000000.0,0.0,45.95,3.542,3.488,374000000.0,1887000000.0,427000000.0,427000000.0,0.0,,,,,0.0,29000000.0,1.0,128976619.0,127000000,129000000.0,3.362,6573000000.0,0.0,52000000.0,1026000000.0,51.756,-272000000.0
48,NFX,MRQ,2006-09-30,2006-09-30,2006-09-30,2018-10-31,5000000.0,6407000000.0,,1004000000.0,5403000000.0,,23.381,-292000000.0,265000000.0,265000000.0,48000000.0,266000000.0,1.072,1.175,1171000000.0,0.0,1171000000.0,1171000000.0,0.0,159000000.0,0.0,0.0,0.0,444000000.0,603000000.0,1.419,603000000.0,444000000.0,422000000.0,2.1,2.06,2.1,2946000000.0,,2946000000.0,6135454365.0,5.0,3.526,161000000.0,1.278,1.0,377000000.0,0.887,62000000.0,22000000.0,6314000000.0,,42000000.0,322000000.0,305000000.0,17000000.0,3461000000.0,937000000.0,2524000000.0,5039454365.0,192000000.0,0.0,2000000.0,0.0,0.0,2000000.0,-263000000.0,102000000.0,453000000.0,0.0,266000000.0,266000000.0,266000000.0,1000000.0,0.0,0.626,192000000.0,185000000.0,74000000.0,0.0,1.711,7.272,7.02,5293000000.0,0.0,38.54,2.984,2.875,318000000.0,1805000000.0,425000000.0,425000000.0,0.0,,,,,2000000.0,33000000.0,1.0,130759065.0,126000000,129000000.0,3.373,6345000000.0,11000000.0,156000000.0,968000000.0,50.357,67000000.0
49,NFX,MRQ,2006-06-30,2006-06-30,2006-06-30,2018-10-31,3000000.0,5941000000.0,,812000000.0,5129000000.0,,20.85,-499000000.0,73000000.0,73000000.0,82000000.0,94000000.0,0.991,1.244,1169000000.0,0.0,1169000000.0,1169000000.0,0.0,144000000.0,0.0,0.0,0.0,171000000.0,315000000.0,0.808,315000000.0,171000000.0,147000000.0,0.74,0.73,0.74,2648000000.0,,2648000000.0,7121149860.0,9.0,5.559,-147000000.0,-1.157,1.0,308000000.0,0.79,62000000.0,24000000.0,6156000000.0,,30000000.0,298000000.0,284000000.0,14000000.0,3293000000.0,819000000.0,2474000000.0,6294149860.0,32000000.0,0.0,5000000.0,300000000.0,0.0,307000000.0,-631000000.0,-132000000.0,352000000.0,4000000.0,94000000.0,94000000.0,94000000.0,0.0,0.0,0.241,197000000.0,111000000.0,48000000.0,0.0,2.377,14.74,14.437,5022000000.0,0.0,48.94,3.651,3.605,315000000.0,1539000000.0,390000000.0,390000000.0,0.0,,,,,9000000.0,28000000.0,1.0,128609519.0,127000000,129000000.0,3.071,5879000000.0,23000000.0,53000000.0,813000000.0,46.291,-7000000.0
50,NFX,MRQ,2006-03-31,2006-03-31,2006-03-31,2018-10-31,-4000000.0,5363000000.0,,568000000.0,4795000000.0,,20.071,-339000000.0,41000000.0,41000000.0,68000000.0,149000000.0,0.79,1.121,868000000.0,0.0,868000000.0,868000000.0,0.0,131000000.0,0.0,0.0,0.0,251000000.0,382000000.0,0.886,382000000.0,251000000.0,233000000.0,1.18,1.17,1.18,2529000000.0,,2529000000.0,6215263926.0,8.0,4.826,1000000.0,0.008,1.0,363000000.0,0.842,62000000.0,18000000.0,5409000000.0,,31000000.0,102000000.0,94000000.0,8000000.0,2834000000.0,719000000.0,2115000000.0,5384263926.0,2000000.0,0.0,-1000000.0,0.0,0.0,0.0,-339000000.0,0.0,340000000.0,1000000.0,149000000.0,149000000.0,149000000.0,0.0,0.0,0.346,131000000.0,232000000.0,53000000.0,0.0,2.129,12.321,12.04,4693000000.0,0.0,41.9,3.025,2.966,329000000.0,1445000000.0,431000000.0,431000000.0,0.0,,,,,7000000.0,30000000.0,1.0,128502719.0,126000000,128000000.0,3.421,5301000000.0,36000000.0,84000000.0,772000000.0,42.071,-151000000.0
51,NFX,MRQ,2005-12-31,2005-12-31,2005-12-31,2018-10-31,-4000000.0,5081000000.0,,540000000.0,4541000000.0,,19.024,-267000000.0,39000000.0,39000000.0,78000000.0,184000000.0,0.806,1.137,870000000.0,0.0,870000000.0,870000000.0,0.0,117000000.0,0.0,0.0,0.0,323000000.0,440000000.0,0.993,440000000.0,323000000.0,305000000.0,1.47,1.44,1.47,2378000000.0,,2378000000.0,7138438425.0,11.0,6.245,-45000000.0,-0.36,1.0,365000000.0,0.824,62000000.0,18000000.0,5180000000.0,,22000000.0,27000000.0,10000000.0,17000000.0,2703000000.0,670000000.0,2033000000.0,6370638425.0,-63000000.0,0.0,4000000.0,0.0,0.0,4000000.0,-288000000.0,0.0,222000000.0,-1000000.0,184000000.0,184000000.0,184000000.0,-6000000.0,0.0,0.415,131000000.0,234000000.0,41000000.0,0.0,2.679,18.306,18.011,4430000000.0,0.0,50.07,3.616,3.552,370000000.0,1296000000.0,443000000.0,443000000.0,0.0,,,,,5000000.0,26000000.0,1.0,127234640.0,125000000,128000000.0,3.544,5019000000.0,55000000.0,121000000.0,720000000.0,40.152,-130000000.0
52,NFX,MRQ,2005-09-30,2005-09-30,2005-09-30,2018-10-31,0.0,4862600000.0,,561200000.0,4301400000.0,,16.719,-234000000.0,102300000.0,102300000.0,73000000.0,0.0,0.74,1.308,870100000.0,0.0,870100000.0,870100000.0,0.0,127000000.0,0.0,0.0,0.0,17000000.0,144000000.0,0.313,144000000.0,17000000.0,0.0,0.0,0.0,0.0,2106600000.0,,2106600000.0,7035867337.0,15.0,6.933,36000000.0,0.286,1.0,387000000.0,0.841,62300000.0,17000000.0,4809600000.0,,19600000.0,23400000.0,2900000.0,20500000.0,2756000000.0,758500000.0,1997500000.0,6222367337.0,44000000.0,0.0,8000000.0,0.0,0.0,8000000.0,-234000000.0,0.0,270000000.0,0.0,0.0,0.0,0.0,0.0,0.0,0.0,145000000.0,242000000.0,35300000.0,,2.954,24.488,23.951,4189300000.0,0.0,49.1,3.543,3.523,259400000.0,1111900000.0,460000000.0,460000000.0,0.0,,,,,1000000.0,25000000.0,1.0,126728459.0,126000000,126000000.0,3.651,4800300000.0,138600000.0,0.0,651700000.0,38.098,-197300000.0
53,NFX,MRQ,2005-06-30,2005-06-30,2005-06-30,2018-10-31,0.0,4547200000.0,,404400000.0,4142800000.0,,17.154,-268000000.0,58600000.0,58600000.0,62000000.0,104000000.0,0.808,1.121,872100000.0,0.0,872100000.0,872100000.0,0.0,140000000.0,0.0,0.0,0.0,182000000.0,322000000.0,0.722,322000000.0,182000000.0,163000000.0,0.83,0.82,0.83,2144200000.0,,2144200000.0,5944149488.0,10.0,5.286,88000000.0,0.704,1.0,384000000.0,0.861,65300000.0,19000000.0,4794800000.0,,18600000.0,28600000.0,9900000.0,18700000.0,2403000000.0,500600000.0,1902400000.0,5042049488.0,27000000.0,0.0,5000000.0,-63000000.0,0.0,-58000000.0,-268000000.0,0.0,356000000.0,-3000000.0,104000000.0,104000000.0,104000000.0,0.0,0.0,0.233,168000000.0,216000000.0,33500000.0,0.0,2.351,15.251,14.774,4029600000.0,0.0,39.89,3.105,3.071,238100000.0,1112100000.0,446000000.0,446000000.0,0.0,,,,,3000000.0,28000000.0,1.0,126398834.0,125000000,128000000.0,3.568,4481900000.0,48800000.0,59000000.0,607500000.0,35.855,-96200000.0
54,NFX,MRQ,2005-03-31,2005-03-31,2005-03-31,2018-10-31,2400000.0,4416000000.0,,386700000.0,4029300000.0,,16.177,-246000000.0,30900000.0,30900000.0,57000000.0,60000000.0,0.718,1.201,933000000.0,0.0,933000000.0,933000000.0,0.0,136000000.0,0.0,0.0,0.0,100000000.0,236000000.0,0.571,236000000.0,100000000.0,82000000.0,0.48,0.47,0.48,2006000000.0,,2006000000.0,5620146157.0,11.0,5.48,15000000.0,0.121,1.0,356000000.0,0.862,65300000.0,18000000.0,4714200000.0,,16300000.0,32900000.0,13300000.0,19600000.0,2410000000.0,538600000.0,1871400000.0,4686046157.0,-27000000.0,0.0,15000000.0,-57000000.0,0.0,-42000000.0,-246000000.0,0.0,261000000.0,0.0,60000000.0,60000000.0,60000000.0,0.0,0.0,0.145,159000000.0,197000000.0,41600000.0,0.0,2.336,15.939,15.032,3915000000.0,0.0,37.13,3.208,3.152,244800000.0,1007900000.0,413000000.0,413000000.0,0.0,,,,,1000000.0,23000000.0,1.0,126206468.0,124000000,127000000.0,3.331,4350700000.0,71600000.0,22000000.0,577100000.0,35.086,-151900000.0
55,NFX,MRQ,2004-12-31,2004-12-31,2004-12-31,2018-10-31,3000000.0,4327000000.0,,392000000.0,3935000000.0,,16.085,-252800000.0,58000000.0,58000000.0,60000000.0,90100000.0,0.827,1.145,992000000.0,0.0,992000000.0,992000000.0,0.0,142500000.0,0.0,0.0,0.0,170300000.0,312800000.0,0.715,312800000.0,170300000.0,151600000.0,0.74,0.72,0.74,2017000000.0,,2017000000.0,4716005060.0,8.0,4.583,99600000.0,0.794,1.0,377200000.0,0.863,65000000.0,18700000.0,4722000000.0,,8000000.0,111000000.0,55000000.0,56000000.0,2310000000.0,474000000.0,1836000000.0,3676760060.0,29500000.0,-300000.0,3800000.0,-75100000.0,0.0,-71300000.0,-253100000.0,0.0,352400000.0,1500000.0,90100000.0,90100000.0,90100000.0,0.0,0.0,0.206,212400000.0,164800000.0,32000000.0,0.0,1.823,11.784,11.017,3793000000.0,0.0,29.525,2.717,2.553,248000000.0,948000000.0,437200000.0,437200000.0,0.0,,,,,1000000.0,24600000.0,1.0,124530400.0,125400000,127700000.0,3.486,4262000000.0,1000000.0,61500000.0,551000000.0,33.987,-82000000.0
56,NFX,MRQ,2004-09-30,2004-09-30,2004-09-30,2018-10-31,-608000.0,4201778000.0,,344560000.0,3857218000.0,,15.745,-241100000.0,28856000.0,28856000.0,54200000.0,76500000.0,0.738,1.25,1068101000.0,0.0,1068101000.0,1068101000.0,0.0,118400000.0,0.0,0.0,0.0,135400000.0,253800000.0,0.774,253800000.0,135400000.0,120600000.0,0.65,0.63,0.65,1867340000.0,,1867340000.0,4022397631.0,9.0,4.454,-10800000.0,-0.091,1.0,273500000.0,0.835,65990000.0,14800000.0,4708431000.0,,7505000.0,49523000.0,14935000.0,34588000.0,2334438000.0,466602000.0,1867836000.0,3470691631.0,1000000.0,-755700000.0,282300000.0,486000000.0,0.0,768300000.0,-996800000.0,0.0,230300000.0,-800000.0,76500000.0,76500000.0,76500000.0,0.0,0.0,0.233,147100000.0,126400000.0,32609000.0,0.0,1.859,13.223,13.342,3735866000.0,0.0,30.62,2.99,3.129,188086000.0,857606000.0,327700000.0,327700000.0,0.0,,,,,1000000.0,21900000.0,1.0,113347212.0,118600000,120600000.0,2.763,4135788000.0,29442000.0,44100000.0,526486000.0,34.872,-122042000.0
57,NFX,MRQ,2004-06-30,2004-06-30,2004-06-30,2018-10-31,291000.0,2976123000.0,,296709000.0,2679414000.0,,13.486,-201300000.0,27853000.0,27853000.0,40000000.0,67400000.0,0.688,0.967,579559000.0,0.0,579559000.0,579559000.0,0.0,105200000.0,0.0,0.0,0.0,117700000.0,222900000.0,0.788,222900000.0,117700000.0,105700000.0,0.6,0.59,0.6,1513080000.0,,1513080000.0,3701942804.0,9.0,4.391,-5700000.0,-0.051,1.0,242700000.0,0.859,16378000.0,12000000.0,3080474000.0,,3664000.0,15259000.0,12031000.0,3228000.0,1463043000.0,430977000.0,1032066000.0,3142887804.0,10900000.0,0.0,7600000.0,9000000.0,0.0,16600000.0,-201300000.0,0.0,195600000.0,0.0,67400000.0,67400000.0,67400000.0,0.0,0.0,0.238,124200000.0,118500000.0,19799000.0,0.0,2.077,13.354,13.367,2642164000.0,0.0,27.87,2.906,2.891,184359000.0,781074000.0,282700000.0,282700000.0,0.0,,,,,1000000.0,19000000.0,1.0,112769566.0,112200000,114100000.0,2.52,2959745000.0,25431000.0,38300000.0,267994000.0,26.379,-134268000.0
58,NFX,MRQ,2004-03-31,2004-03-31,2004-03-31,2018-10-31,283000.0,2801595000.0,,254946000.0,2546649000.0,,12.778,-147800000.0,16933000.0,16933000.0,39700000.0,77900000.0,0.712,0.961,575988000.0,0.0,575988000.0,575988000.0,0.0,105900000.0,0.0,0.0,0.0,133500000.0,239400000.0,0.784,239400000.0,133500000.0,121000000.0,0.695,0.69,0.695,1428529000.0,,1428529000.0,3331154814.0,8.0,4.13,70900000.0,0.634,1.0,265700000.0,0.87,16378000.0,12500000.0,2986349000.0,,784000.0,10043000.0,5889000.0,4154000.0,1373066000.0,357923000.0,1015143000.0,2700147814.0,1600000.0,0.0,3300000.0,-72900000.0,0.0,-69600000.0,-147800000.0,0.0,218700000.0,300000.0,77900000.0,77900000.0,77900000.0,0.0,0.0,0.255,124500000.0,141200000.0,26101000.0,0.0,1.89,12.632,12.514,2508169000.0,0.0,23.965,2.561,2.541,168733000.0,713660000.0,305400000.0,305400000.0,0.0,,,,,1000000.0,18600000.0,1.0,112670470.0,111800000,113200000.0,2.732,2785217000.0,28749000.0,43100000.0,258580000.0,24.912,-102977000.0
59,NFX,MRQ,2003-12-31,2003-12-31,2003-12-31,2018-10-31,100000.0,2733100000.0,,238900000.0,2494200000.0,,12.081,-173620000.0,15300000.0,15300000.0,40988000.0,40665000.0,0.796,0.997,646400000.0,2900000.0,643500000.0,646400000.0,0.0,101593000.0,0.0,0.0,0.0,85386000.0,186979000.0,0.764,186979000.0,85386000.0,72411000.0,0.35,0.35,0.35,1368600000.0,,1368600000.0,3162914228.0,8.0,4.086,26526000.0,0.234,1.0,203905000.0,0.833,16400000.0,12975000.0,3047600000.0,,500000.0,16000000.0,13800000.0,2200000.0,1364500000.0,300200000.0,1064300000.0,2495123228.0,-10072000.0,2064000.0,7256000.0,-46268000.0,0.0,-38553000.0,-171471000.0,0.0,200146000.0,-194000.0,40665000.0,40665000.0,40665000.0,8000.0,0.0,0.166,137585000.0,66320000.0,30600000.0,0.0,1.823,12.476,12.169,2459400000.0,0.0,22.27,2.453,2.387,134800000.0,635800000.0,244893000.0,244893000.0,0.0,,,,,885000.0,15992000.0,1.0,112039660.0,113290000,111332000.0,2.162,2716700000.0,12900000.0,31746000.0,242800000.0,23.98,-61300000.0
60,NFX,MRQ,2003-09-30,2003-09-30,2003-09-30,2018-10-31,294000.0,2661616000.0,,245952000.0,2415664000.0,,12.047,-130559000.0,24970000.0,24970000.0,40195000.0,49379000.0,0.949,0.977,692761000.0,531000.0,692230000.0,692761000.0,0.0,100898000.0,0.0,0.0,0.0,92808000.0,193706000.0,0.779,193706000.0,92808000.0,79451000.0,0.44,0.44,0.44,1346524000.0,,1346524000.0,2802261341.0,8.0,3.849,60785000.0,0.544,1.0,208469000.0,0.838,16761000.0,13357000.0,3053357000.0,,567000.0,42831000.0,35430000.0,7401000.0,1315092000.0,259289000.0,1055803000.0,2152573341.0,-19453000.0,-82064000.0,4423000.0,-2474000.0,0.0,1949000.0,-212553000.0,0.0,191344000.0,-193000.0,49379000.0,49379000.0,49379000.0,8972000.0,0.0,0.199,114712000.0,93757000.0,17271000.0,0.0,1.599,11.26,10.51,2339777000.0,0.0,19.285,2.24,2.243,145966000.0,595598000.0,248664000.0,248664000.0,0.0,,,,,629000.0,13815000.0,1.0,111619048.0,111774000,112694000.0,2.225,2644855000.0,0.0,30072000.0,199919000.0,23.663,-13337000.0
61,NFX,MRQ,2003-06-30,2003-06-30,2003-06-30,2018-10-31,6722000.0,2562491000.0,,281514000.0,2280977000.0,,11.814,-106380000.0,44423000.0,44423000.0,36239000.0,45815000.0,1.061,1.028,694111000.0,1168000.0,692943000.0,694111000.0,0.0,99191000.0,0.0,0.0,0.0,87231000.0,186422000.0,0.729,186422000.0,87231000.0,72249000.0,0.43,0.41,0.43,1263317000.0,,1263317000.0,2700487685.0,10.0,4.343,105475000.0,0.986,1.0,219313000.0,0.858,0.0,14982000.0,2946836000.0,,14474000.0,0.0,0.0,0.0,1299174000.0,265343000.0,1033831000.0,1958286685.0,1837000.0,0.0,136934000.0,-239174000.0,0.0,-102240000.0,-108093000.0,0.0,211855000.0,315000.0,45815000.0,45815000.0,45815000.0,7240000.0,0.0,0.179,114381000.0,104932000.0,9619000.0,0.0,1.55,12.955,12.517,2224697000.0,0.0,18.775,2.292,2.35,168246000.0,546219000.0,255552000.0,255552000.0,0.0,,,,,807000.0,15190000.0,1.0,104302886.0,106936000,115402000.0,2.39,2562491000.0,15031000.0,26434000.0,151455000.0,23.963,16171000.0
62,NFX,MRQ,2003-03-31,2003-03-31,2003-03-31,2018-10-31,131000.0,2614397000.0,,329560000.0,2284837000.0,,10.306,-124441000.0,42586000.0,42586000.0,39577000.0,64141000.0,1.123,1.444,784787000.0,5884000.0,778903000.0,784787000.0,0.0,93318000.0,0.0,0.0,0.0,113573000.0,206891000.0,0.772,206891000.0,113573000.0,96887000.0,0.62,0.585,0.62,1069504000.0,,1069504000.0,2435902264.0,11.0,4.463,-58786000.0,-0.566,1.0,228314000.0,0.852,0.0,16686000.0,3063202000.0,,7223000.0,0.0,0.0,0.0,1544893000.0,293396000.0,1251497000.0,1763970264.0,-6312000.0,0.0,387000.0,123916000.0,0.0,53844000.0,-125883000.0,0.0,65655000.0,72000.0,64141000.0,64141000.0,64141000.0,780000.0,0.0,0.239,110324000.0,117990000.0,15887000.0,0.0,1.649,14.505,13.502,2224352000.0,0.0,16.945,2.32,2.313,209864000.0,500404000.0,267891000.0,267891000.0,0.0,,,,,679000.0,17006000.0,1.0,104099750.0,103772000,112416000.0,2.582,2614397000.0,18075000.0,32746000.0,141595000.0,25.194,36164000.0
63,NFX,MRQ,2002-12-31,2002-12-31,2002-12-31,2018-10-31,-3888000.0,2315753000.0,,238827000.0,2076926000.0,,10.648,-77797000.0,48898000.0,48898000.0,31116000.0,31833000.0,0.807,1.295,720830000.0,11215000.0,709615000.0,720830000.0,0.0,79163000.0,0.0,0.0,0.0,61871000.0,141034000.0,0.747,141034000.0,61871000.0,48768000.0,0.345,0.34,0.345,1009231000.0,,1009231000.0,1941186483.0,13.0,4.386,30338000.0,0.32,1.0,157758000.0,0.835,0.0,13103000.0,2691878000.0,,1260000.0,7094000.0,2655000.0,4439000.0,1306522000.0,295807000.0,1010715000.0,1604215483.0,25216000.0,-204400000.0,1936000.0,199300000.0,0.0,199536000.0,-282265000.0,0.0,108135000.0,-190000.0,31833000.0,31833000.0,31833000.0,-3082000.0,0.0,0.169,95797000.0,61961000.0,27002000.0,0.0,1.59,21.737,21.982,2029229000.0,0.0,18.025,2.559,2.594,125670000.0,436263000.0,188874000.0,188874000.0,0.0,,,,,734000.0,16634000.0,1.0,88999472.0,94778000,99200000.0,1.993,2315753000.0,13023000.0,16935000.0,124777000.0,24.433,-56980000.0
64,NFX,MRQ,2002-09-30,2002-09-30,2002-09-30,2018-10-31,-6053000.0,1592776000.0,,145723000.0,1447053000.0,,8.168,-53063000.0,23694000.0,23694000.0,25777000.0,9371000.0,0.985,1.195,360665000.0,0.0,360665000.0,360665000.0,0.0,66703000.0,0.0,0.0,0.0,20764000.0,87467000.0,0.616,87467000.0,20764000.0,13715000.0,0.105,0.105,0.105,725680000.0,,725680000.0,1859781543.0,65.0,5.948,45874000.0,0.516,1.0,116201000.0,0.818,0.0,7049000.0,1781733000.0,,7776000.0,0.0,0.0,0.0,867096000.0,148014000.0,719082000.0,1491785543.0,16037000.0,0.0,971000.0,-15000000.0,0.0,-14029000.0,-69295000.0,0.0,98937000.0,424000.0,9371000.0,9371000.0,9371000.0,-1731000.0,0.0,0.066,83297000.0,32904000.0,10817000.0,0.0,2.056,522.151,419.875,1437234000.0,0.0,16.795,2.606,2.607,88936000.0,404383000.0,141978000.0,141978000.0,0.0,,,,,731000.0,13387000.0,1.0,88823194.0,88840000,89810000.0,1.598,1592776000.0,2329000.0,4344000.0,203578000.0,17.929,-2291000.0
65,NFX,MRQ,2002-06-30,2002-06-30,2002-06-30,2018-10-31,-4056000.0,1606919000.0,,170166000.0,1436753000.0,,8.037,-81225000.0,7657000.0,7657000.0,30883000.0,16270000.0,1.086,1.253,375653000.0,0.0,375653000.0,375653000.0,0.0,78027000.0,0.0,0.0,0.0,32405000.0,110432000.0,0.683,110432000.0,32405000.0,25271000.0,0.185,0.18,0.185,713295000.0,,713295000.0,2034010971.0,25.0,5.455,16554000.0,0.187,1.0,130728000.0,0.809,0.0,7134000.0,1818244000.0,,9446000.0,0.0,0.0,0.0,893624000.0,156671000.0,736953000.0,1648496971.0,-17471000.0,0.0,1315000.0,-35000000.0,0.0,-33685000.0,-81225000.0,0.0,97779000.0,-340000.0,16270000.0,16270000.0,16270000.0,0.0,0.0,0.101,90990000.0,39738000.0,9235000.0,0.0,2.311,45.211,44.25,1426614000.0,0.0,18.585,2.686,2.688,120918000.0,395012000.0,161611000.0,161611000.0,0.0,,,,,757000.0,12963000.0,1.0,88700402.0,88752000,97856000.0,1.821,1606919000.0,0.0,9001000.0,208609000.0,18.106,13495000.0
66,NFX,MRQ,2002-03-31,2002-03-31,2002-03-31,2018-10-31,-7160000.0,1608022000.0,,171903000.0,1436119000.0,,7.784,-85315000.0,25128000.0,25128000.0,27794000.0,16326000.0,1.148,1.336,410642000.0,0.0,410642000.0,410642000.0,0.0,71207000.0,0.0,0.0,0.0,32658000.0,103865000.0,0.702,103865000.0,32658000.0,25457000.0,0.185,0.185,0.185,688276000.0,,688276000.0,2039783878.0,14.0,4.764,13334000.0,0.151,1.0,120245000.0,0.812,0.0,7201000.0,1843809000.0,,8125000.0,0.0,0.0,0.0,919746000.0,149727000.0,770019000.0,1637762878.0,-1482000.0,0.0,3178000.0,-18000000.0,0.0,-14822000.0,-85315000.0,0.0,98649000.0,6000.0,16326000.0,16326000.0,16326000.0,0.0,0.0,0.11,83552000.0,36693000.0,6156000.0,0.0,2.38,21.289,21.259,1424651000.0,0.0,18.495,2.509,2.505,87580000.0,378742000.0,148039000.0,148039000.0,0.0,,,,,578000.0,12345000.0,1.0,88551656.0,88424000,97490000.0,1.674,1608022000.0,0.0,9131000.0,211112000.0,18.185,22176000.0
67,NFX,MRQ,2001-12-31,2001-12-31,2001-12-31,2018-10-31,-8918000.0,1663371000.0,,230604000.0,1432767000.0,,8.068,-69177000.0,26610000.0,26610000.0,11815000.0,-39110000.0,1.397,1.343,428631000.0,0.0,428631000.0,428631000.0,0.0,67911000.0,0.0,0.0,0.0,-57017000.0,10894000.0,0.09,10894000.0,-57017000.0,-64356000.0,-0.435,-0.38,-0.435,709978000.0,,709978000.0,1922516221.0,9.0,3.952,-29896000.0,-0.34,1.0,108905000.0,0.902,0.0,7339000.0,1900361000.0,,7332000.0,0.0,0.0,0.0,953393000.0,165031000.0,788362000.0,1562091221.0,-6585000.0,0.0,1805000.0,35000000.0,0.0,36805000.0,-80459000.0,0.0,39281000.0,-2212000.0,-39110000.0,-39110000.0,-39110000.0,-6394000.0,0.0,-0.324,181184000.0,-72279000.0,9172000.0,0.0,2.2,13.132,13.201,1415452000.0,0.0,17.755,2.188,2.201,92644000.0,362416000.0,120720000.0,120720000.0,0.0,,,,,724000.0,7262000.0,1.0,87980356.0,88000144,97065016.0,1.372,1663371000.0,0.0,-25246000.0,237298000.0,18.902,65573000.0
68,NFX,MRQ,2001-09-30,2001-09-30,2001-09-30,2018-10-31,-8106000.0,1742900000.0,,235980000.0,1506920000.0,,8.584,-163400000.0,33195000.0,33195000.0,34881000.0,42976000.0,1.335,1.296,393620000.0,0.0,393620000.0,393620000.0,0.0,74259000.0,0.0,0.0,0.0,73419000.0,147678000.0,0.806,147678000.0,73419000.0,66522000.0,0.485,0.455,0.485,759162000.0,,759162000.0,1590705630.0,5.0,2.633,-52851000.0,-0.598,1.0,148378000.0,0.81,0.0,6897000.0,1926603000.0,,10796000.0,0.0,0.0,0.0,983738000.0,176722000.0,807016000.0,1290885630.0,-18594000.0,0.0,-7874000.0,42000000.0,0.0,34126000.0,-163400000.0,0.0,110549000.0,131000.0,42976000.0,42976000.0,42976000.0,0.0,0.0,0.235,86394000.0,61984000.0,7101000.0,0.0,1.7,6.309,6.266,1480406000.0,0.0,14.6,1.705,1.706,103641000.0,401526000.0,183259000.0,183259000.0,0.0,,,,,729000.0,12135000.0,1.0,88416824.0,88438000,97596000.0,2.072,1742900000.0,0.0,23546000.0,258603000.0,19.708,59258000.0
69,NFX,MRQ,2001-06-30,2001-06-30,2001-06-30,2018-10-31,-6901000.0,1647562000.0,,239892000.0,1407670000.0,,8.008,-148916000.0,51789000.0,51789000.0,29776000.0,56737000.0,1.215,1.304,351609000.0,0.0,351609000.0,351609000.0,0.0,71577000.0,0.0,0.0,0.0,94191000.0,165768000.0,0.826,165768000.0,94191000.0,87550000.0,0.635,0.59,0.635,715173000.0,,715173000.0,1718117913.0,5.0,2.983,2095000.0,0.023,1.0,170971000.0,0.852,0.0,6641000.0,1750013000.0,,9677000.0,0.0,0.0,0.0,932389000.0,197369000.0,735020000.0,1432124913.0,-11817000.0,0.0,-15638000.0,2000000.0,0.0,-13638000.0,-148916000.0,0.0,151011000.0,-274000.0,56737000.0,56737000.0,56737000.0,0.0,0.0,0.283,83516000.0,87455000.0,19435000.0,0.0,2.002,6.979,6.807,1388148000.0,0.0,16.03,1.978,1.977,113910000.0,358550000.0,200747000.0,200747000.0,0.0,,,,,703000.0,11939000.0,1.0,89340294.0,89302000,98628000.0,2.248,1647562000.0,0.0,30813000.0,225038000.0,18.449,42523000.0
70,NFX,MRQ,2001-03-31,2001-03-31,2001-03-31,2018-10-31,-7941000.0,1545169000.0,,212398000.0,1332771000.0,,7.02,-108958000.0,63606000.0,63606000.0,29204000.0,58351000.0,0.92,1.494,349599000.0,0.0,349599000.0,349599000.0,0.0,61146000.0,0.0,0.0,0.0,100946000.0,162092000.0,0.774,162092000.0,100946000.0,93964000.0,0.66,0.61,0.66,619474000.0,,619474000.0,1674668117.0,6.0,3.351,92573000.0,1.049,1.0,180122000.0,0.86,0.0,6982000.0,1600192000.0,,9366000.0,0.0,0.0,0.0,925695000.0,230970000.0,694725000.0,1559408117.0,45155000.0,-264089000.0,-45000.0,215879000.0,0.0,215834000.0,-373047000.0,0.0,201531000.0,837000.0,58351000.0,58351000.0,58351000.0,0.0,0.0,0.279,72431000.0,107691000.0,13565000.0,0.0,2.517,8.885,8.554,1316014000.0,0.0,17.45,2.444,2.413,122097000.0,301813000.0,209326000.0,209326000.0,0.0,,,,,595000.0,11285000.0,1.0,89364362.0,88250000,97764000.0,2.372,1545169000.0,0.0,35613000.0,173456000.0,17.509,-18572000.0
71,NFX,MRQ,2000-12-31,2000-12-31,2000-12-31,2018-10-31,-4644000.0,1023250000.0,,179557000.0,843693000.0,,6.104,-66669000.0,18451000.0,18451000.0,25652000.0,46558000.0,1.273,0.97,133711000.0,0.0,133711000.0,133711000.0,0.0,52800000.0,0.0,0.0,0.0,75751000.0,128551000.0,0.785,128551000.0,75751000.0,72630000.0,0.55,0.505,0.55,519455000.0,,519455000.0,2136330362.0,10.0,5.234,2228000.0,0.026,1.0,138033000.0,0.843,0.0,3121000.0,997450000.0,,7572000.0,0.0,0.0,0.0,503795000.0,141060000.0,362735000.0,2017580362.0,-25502000.0,0.0,1058000.0,-29000000.0,0.0,-27942000.0,-66669000.0,0.0,68897000.0,212000.0,46558000.0,46558000.0,46558000.0,0.0,0.0,0.284,62486000.0,75547000.0,10209000.0,0.0,3.884,15.244,15.157,836935000.0,0.0,23.72,3.831,3.813,147643000.0,243462000.0,163685000.0,163685000.0,0.0,,,,,785000.0,9183000.0,1.0,85058194.0,85102680,94873664.0,1.923,1023250000.0,0.0,26072000.0,79244000.0,12.024,38497000.0
72,NFX,MRQ,2000-09-30,2000-09-30,2000-09-30,2018-10-31,-4850000.0,967736000.0,,161560000.0,806176000.0,,5.602,-64056000.0,43953000.0,43953000.0,21150000.0,43552000.0,1.266,1.033,162703000.0,0.0,162703000.0,162703000.0,0.0,50989000.0,0.0,0.0,0.0,68604000.0,119593000.0,0.795,119593000.0,68604000.0,64789000.0,0.51,0.475,0.51,476073000.0,,476073000.0,2173780827.0,13.0,6.252,70492000.0,0.829,1.0,129281000.0,0.859,0.0,3815000.0,958915000.0,,17433000.0,0.0,0.0,0.0,491663000.0,127571000.0,364092000.0,1983591827.0,24448000.0,0.0,937000.0,-47000000.0,0.0,-46063000.0,-64056000.0,0.0,134548000.0,19000.0,43552000.0,43552000.0,43552000.0,0.0,0.0,0.29,59792000.0,69489000.0,119669000.0,0.0,4.167,19.374,19.214,799232000.0,0.0,23.345,4.32,4.321,94952000.0,202135000.0,150431000.0,150431000.0,0.0,,,,,767000.0,8803000.0,1.0,84968594.0,84986000,94732000.0,1.77,967736000.0,0.0,21237000.0,50804000.0,11.387,33989000.0
73,NFX,MRQ,2000-06-30,2000-06-30,2000-06-30,2018-10-31,-2160000.0,931359000.0,,127640000.0,803719000.0,,5.099,-43063000.0,19505000.0,19505000.0,16150000.0,27056000.0,1.28,1.154,209694000.0,0.0,209694000.0,209694000.0,0.0,46182000.0,0.0,0.0,0.0,43280000.0,89462000.0,0.78,89462000.0,43280000.0,40367000.0,0.32,0.3,0.32,432380000.0,,432380000.0,1859308366.0,15.0,6.446,9321000.0,0.11,1.0,98554000.0,0.859,0.0,2913000.0,1021836000.0,,14552000.0,0.0,0.0,0.0,498979000.0,99712000.0,399267000.0,1656943366.0,-6817000.0,0.0,1625000.0,-19000000.0,0.0,-17375000.0,-43063000.0,0.0,52384000.0,1237000.0,27056000.0,27056000.0,27056000.0,0.0,0.0,0.236,53345000.0,45209000.0,95943000.0,0.0,3.832,23.259,22.889,796589000.0,0.0,19.57,4.278,4.285,89440000.0,157797000.0,114704000.0,114704000.0,0.0,,,,,906000.0,7163000.0,1.0,84667520.0,84804000,94644000.0,1.353,931359000.0,0.0,13311000.0,37937000.0,10.982,27928000.0
74,NFX,MRQ,2000-03-31,2000-03-31,2000-03-31,2018-10-31,-1867000.0,908816000.0,,111560000.0,797256000.0,,4.763,-181759000.0,26322000.0,26322000.0,18692000.0,15183000.0,1.196,1.278,228687000.0,0.0,228687000.0,228687000.0,0.0,41211000.0,0.0,0.0,0.0,26803000.0,68014000.0,0.695,68014000.0,26803000.0,24543000.0,0.18,0.18,0.18,399002000.0,,399002000.0,1558545763.0,18.0,6.334,-121144000.0,-1.446,1.0,79130000.0,0.809,0.0,2260000.0,1017869000.0,,8990000.0,0.0,0.0,0.0,509814000.0,93312000.0,416502000.0,1475707763.0,-15519000.0,0.0,3313000.0,104000000.0,0.0,107313000.0,-181759000.0,0.0,60615000.0,-1688000.0,15183000.0,15183000.0,15183000.0,0.0,0.0,0.155,48146000.0,30984000.0,89208000.0,0.0,3.698,30.391,29.873,790550000.0,0.0,17.625,4.435,4.437,70546000.0,128236000.0,97822000.0,97822000.0,0.0,,,,,589000.0,6935000.0,1.0,83728100.0,83764000,93528000.0,1.168,908816000.0,0.0,9360000.0,35645000.0,10.85,18248000.0
75,NFX,MRQ,1999-12-31,1999-12-31,1999-12-31,2018-10-31,-179000.0,781561000.0,,125929000.0,655632000.0,,4.501,-41154000.0,41841000.0,41841000.0,21861000.0,16594000.0,1.388,1.084,124679000.0,0.0,124679000.0,124679000.0,0.0,40412000.0,0.0,0.0,0.0,30211000.0,70623000.0,0.734,70623000.0,30211000.0,25971000.0,0.205,0.2,0.205,375018000.0,,375018000.0,1207211352.0,18.0,5.532,10418000.0,0.125,1.0,74303000.0,0.773,0.0,4240000.0,773672000.0,,9962000.0,0.0,0.0,0.0,406543000.0,90727000.0,315816000.0,1112964352.0,11416000.0,-296000.0,1301000.0,0.0,0.0,1301000.0,-41450000.0,0.0,51572000.0,-7000.0,16594000.0,16594000.0,16594000.0,0.0,0.0,0.173,44981000.0,29322000.0,7035000.0,0.0,2.968,33.519,33.025,648211000.0,0.0,13.375,3.866,3.828,67744000.0,111113000.0,96164000.0,96164000.0,0.0,,,,,514000.0,6054000.0,1.0,83212288.0,83318168,85198920.0,1.154,781561000.0,0.0,9377000.0,36801000.0,9.38,35202000.0
76,NFX,MRQ,1999-09-30,1999-09-30,1999-09-30,2018-10-31,-358000.0,719030000.0,,85526000.0,633504000.0,,4.285,-106384000.0,30425000.0,30425000.0,12979000.0,12405000.0,1.536,1.021,124672000.0,0.0,124672000.0,124672000.0,0.0,38382000.0,0.0,0.0,0.0,21958000.0,60340000.0,0.767,60340000.0,21958000.0,19283000.0,0.15,0.145,0.15,355828000.0,,355828000.0,1547402353.0,-23.0,19.296,-47573000.0,-0.573,1.0,65669000.0,0.835,0.0,2675000.0,757608000.0,,9234000.0,0.0,0.0,0.0,363202000.0,55669000.0,307533000.0,1366419353.0,26744000.0,-10681000.0,1336000.0,-60000000.0,0.0,85086000.0,-117065000.0,0.0,58811000.0,-88000.0,12405000.0,12405000.0,12405000.0,0.0,0.0,0.158,42970000.0,22699000.0,55283000.0,0.0,3.84,-26.065,-22.717,625916000.0,0.0,16.47,5.556,5.561,42777000.0,94519000.0,78648000.0,78648000.0,0.0,,,,,494000.0,4094000.0,1.0,82964138.0,83034000,85180000.0,0.947,719030000.0,0.0,6878000.0,26829000.0,8.659,29857000.0
77,NFX,MRQ,1999-06-30,1999-06-30,1999-06-30,2018-10-31,0.0,598158000.0,,39593000.0,558565000.0,,4.143,-23320000.0,3681000.0,3681000.0,9472000.0,4375000.0,1.123,0.758,184664000.0,0.0,184664000.0,184664000.0,0.0,37060000.0,0.0,0.0,0.0,10026000.0,47086000.0,0.784,47086000.0,10026000.0,6902000.0,0.055,0.05,0.055,340342000.0,,340342000.0,1370975065.0,-16.0,25.532,20622000.0,0.251,1.0,50600000.0,0.842,0.0,3124000.0,743883000.0,,0.0,0.0,0.0,0.0,257816000.0,35258000.0,222558000.0,1165457065.0,3542000.0,0.0,3920000.0,-21000000.0,0.0,-17080000.0,-23320000.0,0.0,43942000.0,0.0,4375000.0,4375000.0,4375000.0,0.0,0.0,0.073,40714000.0,9886000.0,32291000.0,0.0,3.424,-18.217,-16.439,555422000.0,0.0,14.22,5.483,5.496,32255000.0,82114000.0,60072000.0,60072000.0,0.0,,,,,461000.0,3193000.0,1.0,81959006.0,82156000,84442000.0,0.731,598158000.0,0.0,2527000.0,27899000.0,7.281,4335000.0
78,NFX,MRQ,1999-03-31,1999-03-31,1999-03-31,2018-10-31,0.0,600988000.0,,30847000.0,570141000.0,,4.041,-28982000.0,139000.0,139000.0,9295000.0,-170000.0,1.137,0.835,205657000.0,0.0,205657000.0,205657000.0,0.0,36790000.0,0.0,0.0,0.0,3384000.0,40174000.0,0.759,40174000.0,3384000.0,-141000.0,0.0,0.0,0.0,327450000.0,,327450000.0,1124243678.0,-13.0,24.95,1596000.0,0.02,1.0,43619000.0,0.824,0.0,3525000.0,779387000.0,,0.0,0.0,0.0,0.0,273538000.0,27119000.0,246419000.0,915685678.0,47000.0,0.0,1451000.0,-3000000.0,0.0,-1549000.0,-28982000.0,0.0,30578000.0,0.0,-170000.0,-170000.0,-170000.0,0.0,0.0,-0.003,40383000.0,3236000.0,25323000.0,,2.796,-14.179,-13.006,566860000.0,0.0,11.315,4.524,4.529,29556000.0,77739000.0,52914000.0,52914000.0,0.0,,,,,530000.0,3063000.0,1.0,80926706.0,81024000,81024000.0,0.653,600988000.0,0.0,29000.0,29509000.0,7.417,3728000.0
79,NFX,MRQ,1998-12-31,1998-12-31,1998-12-31,2018-10-31,0.0,629311000.0,,45269000.0,584042000.0,,4.019,-47667000.0,92000.0,92000.0,14303000.0,-69033000.0,0.837,0.943,208650000.0,0.0,208650000.0,208650000.0,0.0,36119000.0,0.0,0.0,0.0,-103528000.0,-67409000.0,-1.242,-67409000.0,-103528000.0,-105971000.0,-0.93,-0.92,-0.93,323948000.0,,323948000.0,1025487809.0,-13.0,23.16,-25619000.0,-0.318,1.0,39991000.0,0.737,0.0,2443000.0,783794000.0,,0.0,0.0,0.0,0.0,305363000.0,54075000.0,251288000.0,841238809.0,-3302000.0,0.0,1317000.0,21000000.0,0.0,22317000.0,-47667000.0,0.0,22048000.0,0.0,-69033000.0,-69033000.0,-69033000.0,0.0,0.0,-1.271,143681000.0,-103690000.0,52123000.0,0.0,2.597,-14.58,-13.471,580631000.0,0.0,10.44,4.217,3.906,43095000.0,77909000.0,54294000.0,54294000.0,0.0,,,,,527000.0,4302000.0,1.0,80578430.0,80605424,67675424.0,0.674,629311000.0,0.0,-36938000.0,31171000.0,7.807,-8806000.0
80,NFX,MRQ,1998-09-30,1998-09-30,1998-09-30,2018-10-31,0.0,723860000.0,,43083000.0,680777000.0,,5.304,-128888000.0,3394000.0,3394000.0,8779000.0,850000.0,0.701,0.858,187643000.0,0.0,187643000.0,187643000.0,0.0,29279000.0,0.0,0.0,0.0,4567000.0,33846000.0,0.747,33846000.0,4567000.0,1379000.0,0.01,0.01,0.01,389521000.0,,389521000.0,995732663.0,22.0,6.282,-86280000.0,-1.175,1.0,36517000.0,0.806,0.0,3188000.0,846654000.0,,0.0,0.0,0.0,0.0,334339000.0,61455000.0,272884000.0,814274663.0,-6784000.0,0.0,83496000.0,-4000000.0,0.0,79496000.0,-128888000.0,0.0,42608000.0,0.0,850000.0,850000.0,850000.0,0.0,0.0,0.019,32140000.0,4377000.0,52897000.0,0.0,2.09,34.559,34.615,677481000.0,0.0,11.25,3.963,4.022,35911000.0,146942000.0,45296000.0,45296000.0,0.0,,,,,587000.0,2274000.0,1.0,72379970.0,73442000,77552000.0,0.617,723860000.0,0.0,529000.0,69725000.0,9.856,-18372000.0
81,NFX,MRQ,1998-06-30,1998-06-30,1998-06-30,2018-10-31,0.0,624321000.0,,49664000.0,574657000.0,,4.209,-74407000.0,10178000.0,10178000.0,8584000.0,3772000.0,0.912,1.05,191636000.0,0.0,191636000.0,191636000.0,0.0,30377000.0,0.0,0.0,0.0,8072000.0,38449000.0,0.77,38449000.0,8072000.0,5848000.0,0.05,0.05,0.05,304530000.0,,304530000.0,1042338039.0,19.0,6.337,-39359000.0,-0.544,1.0,41318000.0,0.828,0.0,2224000.0,751299000.0,,0.0,0.0,0.0,0.0,319791000.0,54480000.0,265311000.0,899943039.0,-17056000.0,0.0,303000.0,22000000.0,0.0,22303000.0,-74407000.0,0.0,35048000.0,0.0,3772000.0,3772000.0,3772000.0,0.0,0.0,0.076,33533000.0,7785000.0,50317000.0,0.0,2.955,28.636,28.598,571516000.0,0.0,12.44,4.285,4.286,37063000.0,146092000.0,49902000.0,49902000.0,0.0,,,,,573000.0,2583000.0,1.0,72342688.0,72350000,76696000.0,0.69,624321000.0,0.0,2076000.0,69254000.0,8.629,-4816000.0
82,NFX,MRQ,1998-03-31,1998-03-31,1998-03-31,2018-10-31,0.0,594314000.0,,60151000.0,534163000.0,,4.162,-68029000.0,27234000.0,27234000.0,7468000.0,6712000.0,1.128,0.98,169629000.0,0.0,169629000.0,169629000.0,0.0,27372000.0,0.0,0.0,0.0,12021000.0,39393000.0,0.788,39393000.0,12021000.0,10368000.0,0.095,0.09,0.095,300096000.0,,300096000.0,1062223521.0,18.0,6.608,-21158000.0,-0.293,1.0,42514000.0,0.851,0.0,1653000.0,683392000.0,,0.0,0.0,0.0,0.0,294218000.0,53317000.0,240901000.0,940817521.0,19017000.0,0.0,175000.0,40000000.0,0.0,40175000.0,-68029000.0,0.0,46871000.0,0.0,6712000.0,6712000.0,6712000.0,0.0,0.0,0.134,30818000.0,11696000.0,48873000.0,0.0,3.135,26.556,26.323,530934000.0,0.0,13.03,4.647,4.641,30031000.0,142320000.0,49982000.0,49982000.0,0.0,,,,,535000.0,2911000.0,1.0,72203954.0,72102000,76568000.0,0.693,594314000.0,0.0,3656000.0,66964000.0,8.243,6834000.0
83,NFX,MRQ,1997-12-31,1997-12-31,1997-12-31,2018-10-31,0.0,553621000.0,,64766000.0,488855000.0,,4.064,-60744000.0,8217000.0,8217000.0,6526000.0,12228000.0,1.006,0.896,129623000.0,0.0,129623000.0,129623000.0,0.0,26585000.0,0.0,0.0,0.0,20239000.0,46824000.0,0.777,46824000.0,20239000.0,18754000.0,0.17,0.16,0.17,292048000.0,,292048000.0,,,,-17676000.0,-0.246,1.0,53738000.0,0.892,0.0,1485000.0,610633000.0,,0.0,0.0,0.0,0.0,261573000.0,64394000.0,197179000.0,841537084.0,-7062000.0,0.0,995000.0,9619000.0,0.0,10614000.0,-60744000.0,0.0,43068000.0,0.0,12228000.0,12228000.0,12228000.0,0.0,0.0,0.203,33853000.0,19885000.0,63834000.0,0.0,2.882,20.726,20.447,485574000.0,0.0,11.655,4.22,4.163,54123000.0,135608000.0,60264000.0,60264000.0,0.0,,,,,172000.0,2842000.0,1.0,72203954.0,71869904,76581416.0,0.839,553621000.0,0.0,6526000.0,63710000.0,7.703,372000.0
84,NFX,MRQ,1997-09-30,1997-09-30,1997-09-30,2018-10-31,,,,,,,,-76285000.0,,,7177000.0,8715000.0,,,,,,,,25442000.0,,0.0,0.0,14383000.0,39825000.0,0.799,39825000.0,14383000.0,13457000.0,0.12,0.115,0.12,,,,,,,-31493000.0,-0.44,1.0,42686000.0,0.856,,926000.0,,,,,,,,,,,2025000.0,0.0,1070000.0,32448000.0,0.0,33518000.0,-76285000.0,0.0,44792000.0,0.0,8715000.0,8715000.0,8715000.0,0.0,0.0,0.175,28463000.0,14223000.0,,0.0,,,,,0.0,14.03,,,,,49863000.0,49863000.0,0.0,,,,,297000.0,2724000.0,1.0,,71518000,76426000.0,0.697,,,4742000.0,,,
85,NFX,MRQ,1997-06-30,1997-06-30,1997-06-30,2018-10-31,,,,,,,,-62652000.0,,,5022000.0,7773000.0,,,,,,,,22219000.0,,0.0,0.0,12487000.0,34706000.0,0.82,34706000.0,12487000.0,11955000.0,0.11,0.105,0.11,,,,,,,-32644000.0,-0.46,1.0,37323000.0,0.881,,532000.0,,,,,,,,,,,435000.0,0.0,5630000.0,27449000.0,0.0,33079000.0,-62652000.0,0.0,30008000.0,0.0,7773000.0,7773000.0,7773000.0,0.0,0.0,0.184,25071000.0,12252000.0,,0.0,,,,,0.0,10.0,,,,,42345000.0,42345000.0,0.0,,,,,278000.0,2574000.0,1.0,,71010000,75614000.0,0.596,,,4182000.0,,,
86,NFX,MRQ,1997-03-31,1997-03-31,1997-03-31,2018-10-31,,,,,,,,-43281000.0,,,5583000.0,11887000.0,,,,,,,,19754000.0,,0.0,0.0,18580000.0,38334000.0,0.817,38334000.0,18580000.0,18255000.0,0.17,0.155,0.17,,,,,,,-811000.0,-0.012,1.0,41344000.0,0.881,,325000.0,,,,,,,,,,,-471000.0,0.0,400000.0,-60000.0,0.0,340000.0,-43281000.0,0.0,42470000.0,0.0,11887000.0,11887000.0,11887000.0,0.0,0.0,0.253,23137000.0,18207000.0,,0.0,,,,,0.0,9.5,,,,,46927000.0,46927000.0,0.0,,,,,430000.0,2953000.0,1.0,,70500000,75518000.0,0.666,,,6368000.0,,,
87,NFX,MRQ,1996-12-31,1996-12-31,1996-12-31,2018-10-31,0.0,395938000.0,,61283000.0,334655000.0,,3.44,,13290000.0,13290000.0,,,1.229,0.65,60163000.0,163000.0,60000000.0,60163000.0,0.0,,0.0,0.0,0.0,,,,,,,,,,239902000.0,,239902000.0,,,,,,1.0,,,0.0,,392964000.0,,0.0,0.0,0.0,0.0,156036000.0,49847000.0,106189000.0,,,,,,,,,,,,,,,,,,,,46072000.0,,,,23.636,330015000.0,,13.0,,6.075,46814000.0,95005000.0,,,,,,,,,,1.0,,69744226,,,395938000.0,0.0,,44141000.0,5.677,11436000.0
0,NFX,MRT,2018-09-30,2018-09-30,2018-09-30,2018-10-31,-1000000.0,5676000000.0,5305000000.0,757000000.0,4919000000.0,0.467,9.355,-1545000000.0,311000000.0,311000000.0,686000000.0,524000000.0,0.72,2.034,2436000000.0,0.0,2436000000.0,2436000000.0,0.0,574000000.0,0.0,0.0,0.0,658000000.0,1232000000.0,0.497,1232000000.0,658000000.0,507000000.0,2.62,2.6,2.62,1871000000.0,1606000000.0,1871000000.0,7857890111.0,12.0,6.378,-136000000.0,-0.68,1.0,1793000000.0,0.723,0.0,151000000.0,6750000000.0,6484750000.0,25000000.0,25000000.0,0.0,25000000.0,3805000000.0,1051000000.0,2754000000.0,5761890111.0,-157000000.0,0.0,-7000000.0,-8000000.0,0.0,-21000000.0,-1545000000.0,0.0,1409000000.0,0.0,524000000.0,524000000.0,524000000.0,0.0,0.0,0.211,783000000.0,1010000000.0,51000000.0,0.0,3.08,10.996,11.004,4806000000.0,0.0,28.83,2.324,2.326,386000000.0,-1409000000.0,2479000000.0,2479000000.0,0.0,0.099,0.326,0.101,0.265,43000000.0,208000000.0,1.0,199857444.0,200000000,201000000.0,12.395,5676000000.0,0.0,-17000000.0,92000000.0,28.38,-294000000.0
1,NFX,MRT,2018-06-30,2018-06-30,2018-06-30,2018-10-31,-1000000.0,5461000000.0,5072000000.0,756000000.0,4705000000.0,0.435,8.2,-1466000000.0,339000000.0,339000000.0,638000000.0,387000000.0,0.72,2.33,2435000000.0,0.0,2435000000.0,2435000000.0,0.0,535000000.0,0.0,0.0,0.0,507000000.0,1042000000.0,0.472,1042000000.0,507000000.0,357000000.0,1.94,1.93,1.94,1640000000.0,1463500000.0,1640000000.0,8234720031.0,16.0,7.903,-229000000.0,-1.145,1.0,1569000000.0,0.711,0.0,150000000.0,6507000000.0,6297500000.0,24000000.0,26000000.0,2000000.0,24000000.0,3821000000.0,1050000000.0,2771000000.0,6041720031.0,-219000000.0,0.0,-6000000.0,-8000000.0,0.0,-15000000.0,-1441000000.0,25000000.0,1237000000.0,0.0,387000000.0,387000000.0,387000000.0,0.0,0.0,0.175,742000000.0,827000000.0,57000000.0,0.0,3.684,15.612,15.593,4585000000.0,0.0,30.25,2.738,2.741,348000000.0,-1633000000.0,2207000000.0,2207000000.0,0.0,0.076,0.264,0.081,0.23,39000000.0,207000000.0,1.0,199726282.0,200000000,201000000.0,11.035,5461000000.0,0.0,-30000000.0,97000000.0,27.305,-294000000.0
2,NFX,MRT,2018-03-31,2018-03-31,2018-03-31,2018-10-31,-1000000.0,5122000000.0,4855500000.0,646000000.0,4476000000.0,0.397,7.525,-1318000000.0,241000000.0,241000000.0,597000000.0,366000000.0,0.765,2.403,2434000000.0,0.0,2434000000.0,2434000000.0,0.0,494000000.0,0.0,0.0,0.0,481000000.0,975000000.0,0.505,975000000.0,481000000.0,331000000.0,1.83,1.83,1.83,1505000000.0,1355250000.0,1505000000.0,6945221228.0,14.0,7.123,-265000000.0,-1.325,1.0,1333000000.0,0.691,0.0,150000000.0,6471000000.0,6119500000.0,23000000.0,36000000.0,12000000.0,24000000.0,3617000000.0,844000000.0,2773000000.0,4877221228.0,-260000000.0,0.0,-12000000.0,-7000000.0,0.0,-20000000.0,-1293000000.0,25000000.0,1053000000.0,0.0,366000000.0,366000000.0,366000000.0,0.0,0.0,0.19,707000000.0,626000000.0,52000000.0,0.0,3.241,13.326,13.344,4354000000.0,0.0,24.42,2.527,2.531,327000000.0,-1752000000.0,1930000000.0,1930000000.0,0.0,0.075,0.27,0.079,0.249,31000000.0,207000000.0,1.0,199722409.0,200000000,200000000.0,9.65,5122000000.0,0.0,-35000000.0,89000000.0,25.61,-198000000.0
3,NFX,MRT,2017-12-31,2017-12-31,2017-12-31,2018-10-31,0.0,4961000000.0,4672000000.0,746000000.0,4215000000.0,0.378,7.075,-1193000000.0,366000000.0,366000000.0,579000000.0,427000000.0,0.912,2.523,2434000000.0,0.0,2434000000.0,2434000000.0,0.0,467000000.0,0.0,0.0,0.0,536000000.0,1003000000.0,0.568,1003000000.0,536000000.0,386000000.0,2.14,2.13,2.14,1408000000.0,1254000000.0,1408000000.0,8262979345.0,15.0,8.238,-241000000.0,-1.211,1.0,1188000000.0,0.672,0.0,150000000.0,6211000000.0,5936750000.0,15000000.0,40000000.0,15000000.0,25000000.0,3553000000.0,818000000.0,2735000000.0,6293979345.0,-229000000.0,0.0,-12000000.0,0.0,0.0,-13000000.0,-1168000000.0,25000000.0,952000000.0,0.0,427000000.0,427000000.0,427000000.0,0.0,0.0,0.242,673000000.0,515000000.0,46000000.0,0.0,4.47,14.74,14.734,4099000000.0,0.0,31.53,3.562,3.551,292000000.0,-1838000000.0,1767000000.0,1767000000.0,0.0,0.091,0.341,0.09,0.303,34000000.0,200000000.0,1.0,199618755.0,199000000,200000000.0,8.879,4961000000.0,0.0,-41000000.0,76000000.0,24.93,-72000000.0
4,NFX,MRT,2017-09-30,2017-09-30,2017-09-30,2018-10-31,-1000000.0,4744000000.0,4509750000.0,836000000.0,3908000000.0,0.371,6.538,-941000000.0,464000000.0,464000000.0,574000000.0,345000000.0,1.174,2.646,2433000000.0,0.0,2433000000.0,2433000000.0,0.0,455000000.0,0.0,0.0,0.0,503000000.0,958000000.0,0.573,958000000.0,503000000.0,353000000.0,1.81,1.8,1.81,1301000000.0,1136500000.0,1301000000.0,7791800990.0,15.0,8.133,-51000000.0,-0.256,1.0,1099000000.0,0.657,0.0,150000000.0,6001000000.0,5753750000.0,18000000.0,34000000.0,10000000.0,24000000.0,3443000000.0,712000000.0,2731000000.0,5913800990.0,-39000000.0,0.0,-10000000.0,0.0,0.0,-13000000.0,-916000000.0,25000000.0,890000000.0,0.0,345000000.0,345000000.0,345000000.0,0.0,0.0,0.206,655000000.0,444000000.0,88000000.0,0.0,4.546,17.141,16.392,3839000000.0,0.0,29.67,3.535,3.529,277000000.0,-1933000000.0,1673000000.0,1673000000.0,0.0,0.077,0.304,0.087,0.301,33000000.0,197000000.0,1.0,199319211.0,199000000,200000000.0,8.407,4744000000.0,0.0,8000000.0,64000000.0,23.839,124000000.0
5,NFX,MRT,2017-06-30,2017-06-30,2017-06-30,2018-10-31,-1000000.0,4595000000.0,4377000000.0,883000000.0,3712000000.0,0.371,6.065,-514000000.0,554000000.0,554000000.0,569000000.0,306000000.0,1.302,2.807,2432000000.0,0.0,2432000000.0,2432000000.0,0.0,451000000.0,0.0,0.0,0.0,487000000.0,938000000.0,0.577,938000000.0,487000000.0,337000000.0,1.61,1.6,1.61,1207000000.0,1040250000.0,1207000000.0,7604077121.0,16.0,8.107,408000000.0,2.05,1.0,1057000000.0,0.65,0.0,150000000.0,5795000000.0,5648500000.0,19000000.0,82000000.0,58000000.0,24000000.0,3388000000.0,678000000.0,2710000000.0,5669077121.0,364000000.0,0.0,-15000000.0,0.0,0.0,-19000000.0,-539000000.0,-25000000.0,922000000.0,0.0,306000000.0,306000000.0,306000000.0,0.0,0.0,0.188,680000000.0,377000000.0,44000000.0,0.0,4.697,18.526,17.677,3645000000.0,0.0,28.46,3.487,3.483,224000000.0,-2020000000.0,1626000000.0,1626000000.0,0.0,0.07,0.294,0.086,0.3,23000000.0,209000000.0,1.0,199194558.0,199000000,200000000.0,8.171,4595000000.0,0.0,31000000.0,55000000.0,23.09,205000000.0
6,NFX,MRT,2017-03-31,2017-03-31,2017-03-31,2018-10-31,-2000000.0,4388000000.0,4299500000.0,865000000.0,3523000000.0,0.373,5.528,-942000000.0,497000000.0,497000000.0,566000000.0,-459000000.0,1.484,2.989,2432000000.0,0.0,2432000000.0,2432000000.0,0.0,501000000.0,0.0,0.0,0.0,-277000000.0,224000000.0,0.14,224000000.0,-277000000.0,-428000000.0,-2.24,-2.25,-2.24,1100000000.0,956500000.0,1100000000.0,9194736252.0,-33.0,41.048,-18000000.0,-0.09,1.0,1039000000.0,0.647,0.0,151000000.0,5740000000.0,5673000000.0,25000000.0,101000000.0,77000000.0,24000000.0,3288000000.0,583000000.0,2705000000.0,7343736252.0,-65000000.0,0.0,-18000000.0,0.0,0.0,-22000000.0,-967000000.0,-25000000.0,924000000.0,0.0,-459000000.0,-459000000.0,-459000000.0,0.0,0.0,-0.286,1259000000.0,-220000000.0,40000000.0,0.0,6.676,-15.999,-16.478,3460000000.0,0.0,36.91,4.576,4.576,243000000.0,-2118000000.0,1605000000.0,1605000000.0,0.0,-0.107,-0.48,-0.049,-0.173,26000000.0,216000000.0,1.0,198963323.0,199000000,200000000.0,8.065,4388000000.0,0.0,31000000.0,48000000.0,22.05,282000000.0
7,NFX,MRT,2016-12-31,2016-12-31,2016-12-31,2018-10-31,-2000000.0,4312000000.0,4396750000.0,949000000.0,3363000000.0,0.335,4.86,-966000000.0,580000000.0,580000000.0,558000000.0,-1230000000.0,1.387,3.597,2431000000.0,0.0,2431000000.0,2431000000.0,0.0,572000000.0,0.0,0.0,0.0,-1054000000.0,-482000000.0,-0.327,-482000000.0,-1054000000.0,-1208000000.0,-6.36,-6.36,-6.36,938000000.0,1066000000.0,938000000.0,10006825531.0,-9.0,-20.761,-140000000.0,-0.725,1.0,914000000.0,0.621,0.0,154000000.0,5479000000.0,5774000000.0,16000000.0,119000000.0,100000000.0,19000000.0,3374000000.0,684000000.0,2690000000.0,8054825531.0,550000000.0,0.0,757000000.0,-39000000.0,0.0,715000000.0,-991000000.0,-25000000.0,826000000.0,0.0,-1230000000.0,-1230000000.0,-1230000000.0,0.0,0.0,-0.836,1833000000.0,-919000000.0,33000000.0,0.0,8.587,-6.549,-6.368,3307000000.0,0.0,40.5,5.472,5.31,232000000.0,-2265000000.0,1472000000.0,1472000000.0,0.0,-0.28,-1.154,-0.183,-0.716,22000000.0,213000000.0,1.0,198884581.0,193000000,193000000.0,7.627,4312000000.0,0.0,22000000.0,39000000.0,22.342,265000000.0
8,NFX,MRT,2016-09-30,2016-09-30,2016-09-30,2018-10-31,-2000000.0,4213000000.0,4510750000.0,899000000.0,3314000000.0,0.315,4.603,-1117000000.0,478000000.0,478000000.0,545000000.0,-1906000000.0,1.537,3.599,2430000000.0,0.0,2430000000.0,2430000000.0,0.0,653000000.0,0.0,0.0,0.0,-1808000000.0,-1155000000.0,-0.814,-1155000000.0,-1808000000.0,-1961000000.0,-10.65,-10.65,-10.65,916000000.0,1176250000.0,916000000.0,10896340444.0,-6.0,-9.434,-210000000.0,-1.055,1.0,874000000.0,0.616,0.0,153000000.0,5580000000.0,6046750000.0,22000000.0,171000000.0,140000000.0,31000000.0,3297000000.0,585000000.0,2712000000.0,8631340444.0,471000000.0,0.0,756000000.0,-48000000.0,0.0,706000000.0,-1142000000.0,-25000000.0,907000000.0,0.0,-1906000000.0,-1906000000.0,-1906000000.0,0.0,0.0,-1.343,2635000000.0,-1761000000.0,37000000.0,0.0,9.423,-4.529,-4.081,3247000000.0,0.0,43.46,6.083,6.095,210000000.0,-2278000000.0,1419000000.0,1419000000.0,0.0,-0.423,-1.62,-0.299,-1.274,20000000.0,231000000.0,1.0,198604244.0,199000000,200000000.0,7.131,4213000000.0,0.0,-55000000.0,34000000.0,21.171,314000000.0
9,NFX,MRT,2016-06-30,2016-06-30,2016-06-30,2018-10-31,-2000000.0,4285000000.0,4835750000.0,638000000.0,3647000000.0,0.29,4.404,-1702000000.0,165000000.0,165000000.0,537000000.0,-3181000000.0,0.971,3.914,2430000000.0,0.0,2430000000.0,2430000000.0,0.0,769000000.0,0.0,0.0,0.0,-3752000000.0,-2983000000.0,-2.125,-2983000000.0,-3752000000.0,-3905000000.0,-18.41,-18.41,-18.41,872000000.0,1455000000.0,872000000.0,10661082321.0,-3.0,-3.574,-692000000.0,-3.495,1.0,867000000.0,0.618,0.0,153000000.0,5893000000.0,6473250000.0,19000000.0,191000000.0,150000000.0,41000000.0,3413000000.0,657000000.0,2756000000.0,8769082321.0,123000000.0,0.0,760000000.0,0.0,0.0,758000000.0,-1645000000.0,0.0,1010000000.0,0.0,-3181000000.0,-3181000000.0,-3181000000.0,0.0,0.0,-2.266,4624000000.0,-3757000000.0,59000000.0,0.0,10.056,-2.757,-2.4,3573000000.0,0.0,44.18,6.246,6.231,256000000.0,-2326000000.0,1404000000.0,1404000000.0,0.0,-0.658,-2.186,-0.58,-2.672,19000000.0,232000000.0,1.0,198485340.0,198000000,198000000.0,7.091,4285000000.0,0.0,-724000000.0,29000000.0,21.641,-19000000.0
10,NFX,MRT,2016-03-31,2016-03-31,2016-03-31,2018-10-31,-2000000.0,4777000000.0,5629000000.0,1088000000.0,3689000000.0,0.265,8.689,-1444000000.0,537000000.0,537000000.0,540000000.0,-3506000000.0,2.072,2.106,2429000000.0,0.0,2429000000.0,2429000000.0,0.0,857000000.0,0.0,0.0,0.0,-4652000000.0,-3795000000.0,-2.544,-3795000000.0,-4652000000.0,-4813000000.0,-21.14,-21.14,-21.14,1538000000.0,2051250000.0,1538000000.0,7902808256.0,-2.0,-2.082,-368000000.0,-2.079,1.0,952000000.0,0.638,0.0,161000000.0,6144000000.0,7255250000.0,31000000.0,320000000.0,234000000.0,86000000.0,3239000000.0,525000000.0,2714000000.0,5440808256.0,-246000000.0,0.0,767000000.0,-700000000.0,0.0,65000000.0,-1387000000.0,0.0,1076000000.0,0.0,-3506000000.0,-3506000000.0,-3506000000.0,0.0,0.0,-2.35,5707000000.0,-4755000000.0,49000000.0,0.0,3.538,-1.552,-1.573,3573000000.0,0.0,33.25,3.647,3.945,245000000.0,-1659000000.0,1492000000.0,1492000000.0,0.0,-0.623,-1.709,-0.641,-3.118,18000000.0,225000000.0,1.0,163633331.0,177000000,177000000.0,8.429,4777000000.0,0.0,-1307000000.0,26000000.0,26.989,563000000.0
11,NFX,MRT,2015-12-31,2015-12-31,2015-12-31,2018-10-31,-2000000.0,4768000000.0,6854250000.0,625000000.0,4143000000.0,0.227,8.673,-1655000000.0,18000000.0,18000000.0,543000000.0,-3362000000.0,0.966,2.458,2467000000.0,0.0,2467000000.0,2467000000.0,0.0,917000000.0,0.0,0.0,0.0,-4783000000.0,-3866000000.0,-2.483,-3866000000.0,-4783000000.0,-4947000000.0,-21.18,-21.18,-21.18,1379000000.0,2726250000.0,1379000000.0,7811705823.0,-2.0,-2.021,-446000000.0,-2.805,1.0,1014000000.0,0.651,0.0,164000000.0,6570000000.0,8513250000.0,34000000.0,409000000.0,284000000.0,125000000.0,3389000000.0,647000000.0,2742000000.0,5320705823.0,-9000000.0,0.0,807000000.0,-424000000.0,0.0,380000000.0,-1598000000.0,0.0,1209000000.0,0.0,-3362000000.0,-3362000000.0,-3362000000.0,0.0,0.0,-2.159,6075000000.0,-5061000000.0,41000000.0,0.0,3.858,-1.583,-1.537,3991000000.0,0.0,32.56,3.417,3.325,262000000.0,-1035000000.0,1557000000.0,1557000000.0,0.0,-0.49,-1.233,-0.562,-3.072,25000000.0,244000000.0,1.0,163412341.0,159000000,159000000.0,9.792,4768000000.0,0.0,-1585000000.0,26000000.0,29.987,-22000000.0
12,NFX,MRT,2015-09-30,2015-09-30,2015-09-30,2018-10-31,-2000000.0,5513000000.0,8057250000.0,663000000.0,4850000000.0,0.21,12.46,-1888000000.0,7000000.0,7000000.0,568000000.0,-2339000000.0,0.923,1.714,2498000000.0,0.0,2498000000.0,2498000000.0,0.0,959000000.0,0.0,0.0,0.0,-3472000000.0,-2513000000.0,-1.487,-2513000000.0,-3472000000.0,-3646000000.0,-14.28,-14.31,-14.28,2031000000.0,3354750000.0,2031000000.0,7770324216.0,-2.0,-3.092,-682000000.0,-4.184,1.0,1122000000.0,0.664,0.0,174000000.0,7286000000.0,9705500000.0,31000000.0,502000000.0,334000000.0,168000000.0,3482000000.0,718000000.0,2764000000.0,5362324216.0,-389000000.0,0.0,807000000.0,-569000000.0,0.0,236000000.0,-1831000000.0,0.0,1206000000.0,0.0,-2339000000.0,-2339000000.0,-2339000000.0,7000000.0,0.0,-1.384,5408000000.0,-4286000000.0,62000000.0,0.0,2.64,-2.293,-2.304,4586000000.0,0.0,32.9,3.173,3.173,263000000.0,-372000000.0,1690000000.0,1690000000.0,0.0,-0.29,-0.697,-0.358,-2.054,32000000.0,230000000.0,1.0,162988578.0,163000000,163000000.0,10.368,5513000000.0,49000000.0,-1307000000.0,133000000.0,33.822,-55000000.0
13,NFX,MRT,2015-06-30,2015-06-30,2015-06-30,2018-10-31,-1000000.0,7458000000.0,8946000000.0,885000000.0,6573000000.0,0.215,19.982,-1382000000.0,42000000.0,42000000.0,589000000.0,-834000000.0,1.047,1.29,2450000000.0,0.0,2450000000.0,2450000000.0,0.0,951000000.0,0.0,0.0,0.0,-1133000000.0,-182000000.0,-0.095,-182000000.0,-1133000000.0,-1321000000.0,-4.72,-4.77,-4.72,3257000000.0,3728250000.0,3257000000.0,8240368941.0,-7.0,-45.277,-151000000.0,-0.926,1.0,1334000000.0,0.694,0.0,188000000.0,9021000000.0,10582250000.0,25000000.0,542000000.0,353000000.0,189000000.0,4201000000.0,845000000.0,3356000000.0,5880368941.0,6000000.0,0.0,806000000.0,-648000000.0,0.0,157000000.0,-1382000000.0,0.0,1231000000.0,0.0,-834000000.0,-834000000.0,-834000000.0,7000000.0,0.0,-0.434,3502000000.0,-2168000000.0,92000000.0,0.0,1.805,-7.051,-7.653,6309000000.0,0.0,36.12,3.058,3.062,447000000.0,855000000.0,1923000000.0,1923000000.0,0.0,-0.093,-0.224,-0.107,-0.589,18000000.0,212000000.0,1.0,162800912.0,163000000,163000000.0,11.798,7458000000.0,30000000.0,-487000000.0,786000000.0,45.755,40000000.0
14,NFX,MRT,2015-03-31,2015-03-31,2015-03-31,2018-10-31,-1000000.0,9678000000.0,9320500000.0,1610000000.0,8068000000.0,0.222,29.228,-1443000000.0,786000000.0,786000000.0,594000000.0,136000000.0,1.868,1.284,3146000000.0,0.0,3146000000.0,3146000000.0,0.0,916000000.0,0.0,0.0,0.0,408000000.0,1324000000.0,0.641,1324000000.0,408000000.0,215000000.0,1.21,1.16,1.21,4238000000.0,3724500000.0,4238000000.0,7698916146.0,19.0,5.815,-216000000.0,-1.49,1.0,1472000000.0,0.712,0.0,193000000.0,11176000000.0,11044000000.0,27000000.0,671000000.0,425000000.0,246000000.0,5440000000.0,862000000.0,4578000000.0,4820916146.0,676000000.0,0.0,810000000.0,83000000.0,0.0,892000000.0,-1443000000.0,0.0,1227000000.0,0.0,136000000.0,136000000.0,136000000.0,7000000.0,0.0,0.066,1963000000.0,-491000000.0,62000000.0,0.0,1.138,35.448,29.0,7779000000.0,0.0,35.09,2.333,2.463,354000000.0,1847000000.0,2066000000.0,2066000000.0,0.0,0.015,0.037,0.037,0.197,32000000.0,229000000.0,1.0,137387180.0,145000000,145000000.0,14.248,9678000000.0,0.0,79000000.0,1345000000.0,66.745,748000000.0
15,NFX,MRT,2014-12-31,2014-12-31,2014-12-31,2018-10-31,-1000000.0,9580000000.0,9063750000.0,940000000.0,8640000000.0,0.252,28.416,-1508000000.0,14000000.0,14000000.0,596000000.0,900000000.0,0.854,1.461,2874000000.0,0.0,2874000000.0,2874000000.0,0.0,903000000.0,0.0,0.0,0.0,1482000000.0,2385000000.0,1.042,2385000000.0,1482000000.0,1282000000.0,6.59,6.52,6.59,3893000000.0,3477500000.0,3893000000.0,6371663091.0,4.0,2.672,-121000000.0,-0.883,1.0,1692000000.0,0.74,0.0,200000000.0,11339000000.0,10918750000.0,33000000.0,647000000.0,431000000.0,216000000.0,5687000000.0,1101000000.0,4586000000.0,3721663091.0,-81000000.0,809000000.0,-5000000.0,-803000000.0,0.0,-808000000.0,-660000000.0,39000000.0,1387000000.0,0.0,900000000.0,900000000.0,900000000.0,-250000000.0,0.0,0.393,1117000000.0,575000000.0,32000000.0,0.0,0.956,4.135,4.115,8414000000.0,0.0,27.12,1.627,1.624,439000000.0,2327000000.0,2288000000.0,2288000000.0,0.0,0.099,0.259,0.136,0.648,28000000.0,222000000.0,1.0,137229465.0,137000000,138000000.0,16.701,9580000000.0,0.0,382000000.0,1628000000.0,69.927,-161000000.0
16,NFX,MRT,2014-09-30,2014-09-30,2014-09-30,2018-10-31,2000000.0,9068000000.0,8999000000.0,906000000.0,8162000000.0,0.262,25.73,-1516000000.0,396000000.0,396000000.0,582000000.0,557000000.0,0.979,1.572,3046000000.0,0.0,3046000000.0,3046000000.0,0.0,931000000.0,0.0,0.0,0.0,1013000000.0,1944000000.0,0.824,1944000000.0,1013000000.0,808000000.0,4.09,4.06,4.09,3525000000.0,3243250000.0,3525000000.0,8106738721.0,8.0,4.17,-96000000.0,-0.701,1.0,1777000000.0,0.753,0.0,205000000.0,10793000000.0,10969000000.0,38000000.0,130000000.0,48000000.0,82000000.0,5543000000.0,925000000.0,4618000000.0,5065738721.0,307000000.0,809000000.0,-5000000.0,-440000000.0,0.0,-445000000.0,-668000000.0,39000000.0,1420000000.0,0.0,557000000.0,557000000.0,557000000.0,-278000000.0,0.0,0.236,1095000000.0,682000000.0,65000000.0,0.0,1.437,9.095,9.064,8051000000.0,0.0,37.07,2.147,2.153,395000000.0,1967000000.0,2359000000.0,2359000000.0,0.0,0.062,0.172,0.092,0.429,23000000.0,231000000.0,1.0,136653324.0,137000000,138000000.0,17.219,9068000000.0,0.0,251000000.0,1427000000.0,66.19,-19000000.0
17,NFX,MRT,2014-06-30,2014-06-30,2014-06-30,2018-10-31,2000000.0,8956000000.0,8917750000.0,528000000.0,8428000000.0,0.251,23.838,-2209000000.0,36000000.0,36000000.0,548000000.0,306000000.0,0.468,1.762,3077000000.0,0.0,3077000000.0,3077000000.0,0.0,928000000.0,0.0,0.0,0.0,606000000.0,1534000000.0,0.686,1534000000.0,606000000.0,400000000.0,2.1,2.09,2.1,3242000000.0,3091750000.0,3242000000.0,8965248067.0,15.0,5.844,-641000000.0,-4.713,1.0,1687000000.0,0.755,0.0,206000000.0,10868000000.0,11036500000.0,41000000.0,31000000.0,0.0,31000000.0,5714000000.0,1129000000.0,4585000000.0,6026248067.0,-15000000.0,809000000.0,-2000000.0,-200000000.0,0.0,-222000000.0,-1361000000.0,39000000.0,1568000000.0,0.0,306000000.0,306000000.0,306000000.0,-309000000.0,0.0,0.137,1041000000.0,646000000.0,51000000.0,0.0,1.859,19.694,21.048,8365000000.0,0.0,44.2,2.696,2.69,384000000.0,1689000000.0,2235000000.0,2235000000.0,0.0,0.034,0.099,0.055,0.271,61000000.0,244000000.0,1.0,136340454.0,136000000,136000000.0,16.434,8956000000.0,34000000.0,94000000.0,1307000000.0,65.853,-601000000.0
18,NFX,MRT,2014-03-31,2014-03-31,2014-03-31,2018-10-31,2000000.0,8651000000.0,8774000000.0,587000000.0,8064000000.0,0.235,23.897,-2211000000.0,107000000.0,107000000.0,529000000.0,439000000.0,0.642,1.662,3046000000.0,0.0,3046000000.0,3046000000.0,0.0,932000000.0,0.0,0.0,0.0,811000000.0,1743000000.0,0.847,1743000000.0,811000000.0,606000000.0,3.08,3.07,3.08,3250000000.0,3008000000.0,3250000000.0,7783897075.0,10.0,4.466,-760000000.0,-5.588,1.0,1529000000.0,0.743,0.0,205000000.0,10675000000.0,10977000000.0,41000000.0,42000000.0,0.0,42000000.0,5401000000.0,915000000.0,4486000000.0,4274897075.0,63000000.0,809000000.0,-2000000.0,-4000000.0,0.0,-26000000.0,-1362000000.0,40000000.0,1451000000.0,0.0,439000000.0,439000000.0,439000000.0,-314000000.0,0.0,0.213,975000000.0,554000000.0,59000000.0,0.0,1.315,9.738,10.182,7988000000.0,0.0,31.36,2.077,2.072,384000000.0,1711000000.0,2058000000.0,2058000000.0,0.0,0.05,0.146,0.074,0.394,45000000.0,230000000.0,1.0,136316871.0,136000000,137000000.0,15.132,8651000000.0,20000000.0,167000000.0,1301000000.0,63.61,-328000000.0
19,NFX,MRT,2013-12-31,2013-12-31,2013-12-31,2018-10-31,2000000.0,9321000000.0,8593250000.0,901000000.0,8420000000.0,0.216,21.896,-2059000000.0,185000000.0,185000000.0,490000000.0,147000000.0,0.698,2.153,3694000000.0,0.0,3694000000.0,3694000000.0,0.0,930000000.0,0.0,0.0,0.0,480000000.0,1410000000.0,0.759,1410000000.0,480000000.0,275000000.0,0.94,0.94,0.94,2956000000.0,2891000000.0,2956000000.0,6748711485.0,14.0,4.786,-614000000.0,-4.548,1.0,1367000000.0,0.736,0.0,205000000.0,11540000000.0,10810500000.0,163000000.0,89000000.0,0.0,89000000.0,6365000000.0,1290000000.0,5075000000.0,3352711485.0,7000000.0,0.0,-5000000.0,645000000.0,0.0,620000000.0,-2058000000.0,1000000.0,1445000000.0,0.0,147000000.0,147000000.0,147000000.0,-74000000.0,0.0,0.079,917000000.0,450000000.0,76000000.0,0.0,1.134,22.808,26.202,8275000000.0,0.0,24.63,1.805,1.791,474000000.0,1427000000.0,1857000000.0,1857000000.0,0.0,0.017,0.051,0.044,0.258,43000000.0,219000000.0,1.0,136123081.0,135000000,136000000.0,13.756,9321000000.0,41000000.0,128000000.0,1142000000.0,69.044,-389000000.0
20,NFX,MRT,2013-09-30,2013-09-30,2013-09-30,2018-10-31,-4000000.0,8743000000.0,8241000000.0,773000000.0,7970000000.0,0.21,21.463,-1743000000.0,89000000.0,89000000.0,491000000.0,-1272000000.0,0.718,1.995,3485000000.0,0.0,3485000000.0,3485000000.0,0.0,917000000.0,0.0,0.0,0.0,-1486000000.0,-569000000.0,-0.329,-569000000.0,-1486000000.0,-1691000000.0,-9.61,-9.6,-9.61,2919000000.0,2847000000.0,2919000000.0,6938726258.0,-5.0,-12.195,-305000000.0,-2.243,1.0,1238000000.0,0.716,0.0,205000000.0,11063000000.0,10403000000.0,146000000.0,122000000.0,29000000.0,93000000.0,5824000000.0,1076000000.0,4748000000.0,3713726258.0,-36000000.0,0.0,-3000000.0,291000000.0,0.0,268000000.0,-1742000000.0,1000000.0,1438000000.0,0.0,-1272000000.0,-1272000000.0,-1272000000.0,406000000.0,0.0,-0.736,2383000000.0,-1145000000.0,87000000.0,0.0,1.272,-2.92,-2.848,7810000000.0,0.0,27.37,2.148,2.153,441000000.0,1410000000.0,1729000000.0,1729000000.0,0.0,-0.154,-0.447,-0.143,-0.859,43000000.0,210000000.0,1.0,135686016.0,136000000,136000000.0,12.713,8743000000.0,33000000.0,-419000000.0,1076000000.0,64.287,-303000000.0
21,NFX,MRT,2013-06-30,2013-06-30,2013-06-30,2018-10-31,-4000000.0,8381000000.0,8413000000.0,759000000.0,7622000000.0,0.192,21.533,-1465000000.0,51000000.0,51000000.0,485000000.0,-1332000000.0,0.778,1.883,3276000000.0,0.0,3276000000.0,3276000000.0,0.0,929000000.0,0.0,0.0,0.0,-1589000000.0,-660000000.0,-0.409,-660000000.0,-1589000000.0,-1795000000.0,-9.9,-9.89,-9.9,2907000000.0,3159250000.0,2907000000.0,6236810960.0,-4.0,-9.45,-283000000.0,-2.096,1.0,1129000000.0,0.7,0.0,206000000.0,10630000000.0,10536500000.0,106000000.0,187000000.0,65000000.0,122000000.0,5474000000.0,976000000.0,4498000000.0,3235810960.0,-605000000.0,0.0,0.0,-323000000.0,0.0,-323000000.0,-1464000000.0,1000000.0,1182000000.0,0.0,-1332000000.0,-1332000000.0,-1332000000.0,388000000.0,0.0,-0.825,2386000000.0,-1257000000.0,57000000.0,0.0,1.113,-2.429,-2.413,7419000000.0,0.0,23.89,2.005,1.998,476000000.0,1403000000.0,1614000000.0,1614000000.0,0.0,-0.158,-0.422,-0.151,-0.985,35000000.0,206000000.0,1.0,135446252.0,135000000,136000000.0,11.956,8381000000.0,37000000.0,-463000000.0,1061000000.0,62.081,-217000000.0
22,NFX,MRT,2013-03-31,2013-03-31,2013-03-31,2018-10-31,-5000000.0,7928000000.0,8778750000.0,672000000.0,7256000000.0,0.174,20.607,-1390000000.0,44000000.0,44000000.0,475000000.0,-1308000000.0,0.73,1.85,3045000000.0,0.0,3045000000.0,3045000000.0,0.0,951000000.0,0.0,0.0,0.0,-1594000000.0,-643000000.0,-0.421,-643000000.0,-1594000000.0,-1799000000.0,-9.72,-9.71,-9.72,2782000000.0,3480250000.0,2782000000.0,5993504087.0,-4.0,-9.321,-96000000.0,-0.711,1.0,1054000000.0,0.689,0.0,205000000.0,10009000000.0,10854750000.0,110000000.0,134000000.0,51000000.0,83000000.0,5146000000.0,920000000.0,4226000000.0,3036504087.0,17000000.0,0.0,-2000000.0,115000000.0,0.0,113000000.0,-1390000000.0,0.0,1294000000.0,0.0,-1308000000.0,-1308000000.0,-1308000000.0,322000000.0,0.0,-0.855,2399000000.0,-1345000000.0,60000000.0,0.0,1.091,-2.321,-2.307,7092000000.0,0.0,22.42,1.986,1.98,408000000.0,1292000000.0,1529000000.0,1529000000.0,0.0,-0.149,-0.376,-0.147,-1.043,36000000.0,211000000.0,1.0,135437292.0,135000000,135000000.0,11.326,7928000000.0,39000000.0,-491000000.0,978000000.0,58.726,-248000000.0
23,NFX,MRT,2012-12-31,2012-12-31,2012-12-31,2018-10-31,-7000000.0,7912000000.0,9056000000.0,866000000.0,7046000000.0,0.172,20.593,-1159000000.0,88000000.0,88000000.0,498000000.0,-1184000000.0,0.903,1.846,3045000000.0,0.0,3045000000.0,3045000000.0,0.0,955000000.0,0.0,0.0,0.0,-1431000000.0,-476000000.0,-0.305,-476000000.0,-1431000000.0,-1636000000.0,-8.8,-8.8,-8.8,2780000000.0,3795250000.0,2780000000.0,6686289052.0,-5.0,-14.047,-12000000.0,-0.089,1.0,1064000000.0,0.681,0.0,205000000.0,9910000000.0,11110750000.0,132000000.0,200000000.0,125000000.0,75000000.0,5132000000.0,959000000.0,4173000000.0,3621289052.0,12000000.0,0.0,-5000000.0,29000000.0,0.0,24000000.0,-1159000000.0,0.0,1147000000.0,0.0,-1184000000.0,-1184000000.0,-1184000000.0,262000000.0,0.0,-0.758,2418000000.0,-1354000000.0,69000000.0,0.0,1.303,-3.059,-3.043,6902000000.0,0.0,26.78,2.318,2.315,452000000.0,1300000000.0,1562000000.0,1562000000.0,0.0,-0.131,-0.312,-0.129,-0.916,35000000.0,211000000.0,1.0,135223639.0,135000000,135000000.0,11.57,7912000000.0,24000000.0,-452000000.0,976000000.0,58.607,-93000000.0
24,NFX,MRT,2012-09-30,2012-09-30,2012-09-30,2018-10-31,-8000000.0,9431000000.0,9325750000.0,859000000.0,8572000000.0,0.144,30.874,-1316000000.0,125000000.0,125000000.0,293000000.0,286000000.0,0.956,1.263,3190000000.0,0.0,3190000000.0,3190000000.0,0.0,941000000.0,0.0,0.0,0.0,497000000.0,1438000000.0,1.068,1438000000.0,497000000.0,293000000.0,2.13,2.12,2.13,4168000000.0,4080250000.0,4168000000.0,7166679117.0,14.0,4.984,-96000000.0,-0.711,1.0,1054000000.0,0.782,0.0,204000000.0,11597000000.0,11380500000.0,125000000.0,165000000.0,88000000.0,77000000.0,5263000000.0,899000000.0,4364000000.0,4227679117.0,94000000.0,0.0,-5000000.0,194000000.0,0.0,189000000.0,-1315000000.0,1000000.0,1220000000.0,0.0,286000000.0,286000000.0,286000000.0,-258000000.0,0.0,0.212,878000000.0,176000000.0,76000000.0,0.0,1.014,14.782,14.704,8406000000.0,0.0,31.32,3.139,3.139,427000000.0,2702000000.0,1347000000.0,1347000000.0,0.0,0.031,0.07,0.044,0.369,36000000.0,209000000.0,1.0,134983369.0,135000000,135000000.0,9.978,9431000000.0,41000000.0,7000000.0,997000000.0,69.859,-40000000.0
25,NFX,MRT,2012-06-30,2012-06-30,2012-06-30,2018-10-31,-8000000.0,9844000000.0,9193750000.0,1412000000.0,8432000000.0,0.174,31.276,-1538000000.0,656000000.0,656000000.0,386000000.0,588000000.0,1.605,1.349,3595000000.0,0.0,3595000000.0,3595000000.0,0.0,893000000.0,0.0,0.0,0.0,990000000.0,1883000000.0,1.174,1883000000.0,990000000.0,796000000.0,4.37,4.35,4.37,4191000000.0,3997750000.0,4191000000.0,6844225235.0,7.0,3.635,-103000000.0,-0.769,1.0,1218000000.0,0.759,0.0,194000000.0,11903000000.0,11202250000.0,104000000.0,278000000.0,142000000.0,136000000.0,5653000000.0,880000000.0,4773000000.0,3951225235.0,582000000.0,0.0,-3000000.0,687000000.0,0.0,684000000.0,-1537000000.0,1000000.0,1435000000.0,0.0,588000000.0,588000000.0,588000000.0,-209000000.0,0.0,0.367,883000000.0,335000000.0,78000000.0,0.0,0.943,6.72,6.707,8201000000.0,0.0,29.31,2.463,2.449,416000000.0,2735000000.0,1604000000.0,1604000000.0,0.0,0.064,0.147,0.088,0.617,32000000.0,203000000.0,1.0,134808094.0,134000000,135000000.0,11.97,9844000000.0,36000000.0,208000000.0,1040000000.0,73.463,532000000.0
26,NFX,MRT,2012-03-31,2012-03-31,2012-03-31,2018-10-31,-8000000.0,9037000000.0,8853000000.0,834000000.0,8203000000.0,0.212,30.164,-1999000000.0,27000000.0,27000000.0,472000000.0,672000000.0,0.93,1.236,2920000000.0,0.0,2920000000.0,2920000000.0,0.0,827000000.0,0.0,0.0,0.0,1157000000.0,1984000000.0,1.058,1984000000.0,1157000000.0,971000000.0,5.01,4.97,5.01,4042000000.0,3840500000.0,4042000000.0,7605423596.0,7.0,3.833,-507000000.0,-3.784,1.0,1403000000.0,0.748,0.0,186000000.0,11033000000.0,10810250000.0,110000000.0,263000000.0,148000000.0,115000000.0,4995000000.0,897000000.0,4098000000.0,4675423596.0,-29000000.0,0.0,1000000.0,475000000.0,0.0,476000000.0,-1997000000.0,2000000.0,1492000000.0,0.0,672000000.0,672000000.0,672000000.0,-138000000.0,0.0,0.358,869000000.0,534000000.0,70000000.0,0.0,1.157,6.957,6.922,7999000000.0,0.0,34.68,2.494,2.478,481000000.0,2600000000.0,1875000000.0,1875000000.0,0.0,0.076,0.175,0.107,0.617,31000000.0,188000000.0,1.0,134816136.0,134000000,135000000.0,13.993,9037000000.0,35000000.0,299000000.0,1009000000.0,67.44,-63000000.0
27,NFX,MRT,2011-12-31,2011-12-31,2011-12-31,2018-10-31,-10000000.0,8991000000.0,8522750000.0,775000000.0,8216000000.0,0.204,29.254,-2238000000.0,76000000.0,76000000.0,426000000.0,539000000.0,0.832,1.294,3006000000.0,0.0,3006000000.0,3006000000.0,0.0,767000000.0,0.0,0.0,0.0,932000000.0,1699000000.0,0.975,1699000000.0,932000000.0,757000000.0,4.03,3.99,4.03,3920000000.0,3662000000.0,3920000000.0,8032381182.0,9.0,4.728,-649000000.0,-4.843,1.0,1316000000.0,0.755,0.0,175000000.0,10989000000.0,10341250000.0,90000000.0,242000000.0,129000000.0,113000000.0,5071000000.0,932000000.0,4139000000.0,5078381182.0,37000000.0,0.0,-1000000.0,685000000.0,0.0,684000000.0,-2236000000.0,2000000.0,1589000000.0,0.0,539000000.0,539000000.0,539000000.0,-138000000.0,0.0,0.309,801000000.0,515000000.0,112000000.0,0.0,1.296,9.422,9.362,8020000000.0,0.0,37.73,2.915,2.902,407000000.0,2484000000.0,1742000000.0,1742000000.0,0.0,0.063,0.147,0.09,0.535,29000000.0,180000000.0,1.0,134597964.0,134000000,135000000.0,13.0,8991000000.0,28000000.0,218000000.0,979000000.0,67.097,-157000000.0
28,NFX,MRT,2011-09-30,2011-09-30,2011-09-30,2018-10-31,-10000000.0,8903000000.0,8148500000.0,708000000.0,8195000000.0,0.285,28.642,-2405000000.0,31000000.0,31000000.0,716000000.0,493000000.0,0.728,1.32,2985000000.0,0.0,2985000000.0,2985000000.0,0.0,709000000.0,0.0,0.0,0.0,943000000.0,1652000000.0,0.711,1652000000.0,943000000.0,779000000.0,3.68,3.64,3.68,3838000000.0,3517750000.0,3838000000.0,8158020370.0,9.0,4.938,-909000000.0,-6.784,1.0,1606000000.0,0.692,0.0,164000000.0,10884000000.0,9801750000.0,107000000.0,287000000.0,170000000.0,117000000.0,5065000000.0,973000000.0,4092000000.0,5343020370.0,-97000000.0,0.0,8000000.0,800000000.0,0.0,808000000.0,-2401000000.0,4000000.0,1496000000.0,0.0,493000000.0,493000000.0,493000000.0,0.0,0.0,0.212,877000000.0,729000000.0,97000000.0,0.0,1.392,10.838,10.785,7994000000.0,0.0,39.69,2.301,2.29,322000000.0,2416000000.0,2322000000.0,2322000000.0,0.0,0.061,0.14,0.096,0.406,26000000.0,171000000.0,1.0,134618805.0,134000000,135000000.0,17.328,8903000000.0,29000000.0,286000000.0,1002000000.0,66.44,-265000000.0
29,NFX,MRT,2011-06-30,2011-06-30,2011-06-30,2018-10-31,-8000000.0,8481000000.0,7729250000.0,748000000.0,7733000000.0,0.277,26.582,-2248000000.0,74000000.0,74000000.0,613000000.0,385000000.0,0.778,1.381,2889000000.0,0.0,2889000000.0,2889000000.0,0.0,676000000.0,0.0,0.0,0.0,769000000.0,1445000000.0,0.674,1445000000.0,769000000.0,609000000.0,2.9,2.85,2.9,3562000000.0,3383250000.0,3562000000.0,11519006981.0,15.0,7.972,-777000000.0,-5.799,1.0,1530000000.0,0.714,0.0,160000000.0,10335000000.0,9178500000.0,106000000.0,216000000.0,128000000.0,88000000.0,4919000000.0,961000000.0,3958000000.0,9147006981.0,-48000000.0,0.0,12000000.0,713000000.0,0.0,725000000.0,-2244000000.0,4000000.0,1471000000.0,0.0,385000000.0,385000000.0,385000000.0,0.0,0.0,0.18,833000000.0,697000000.0,113000000.0,0.0,2.568,23.758,23.455,7564000000.0,0.0,68.02,4.268,4.253,360000000.0,2147000000.0,2143000000.0,2143000000.0,0.0,0.05,0.114,0.084,0.359,24000000.0,160000000.0,1.0,134475257.0,134000000,135000000.0,15.993,8481000000.0,33000000.0,224000000.0,859000000.0,63.291,-213000000.0
30,NFX,MRT,2011-03-31,2011-03-31,2011-03-31,2018-10-31,-9000000.0,7716000000.0,7361000000.0,707000000.0,7009000000.0,0.268,25.023,-1809000000.0,56000000.0,56000000.0,524000000.0,262000000.0,0.759,1.319,2428000000.0,0.0,2428000000.0,2428000000.0,0.0,663000000.0,0.0,0.0,0.0,572000000.0,1235000000.0,0.627,1235000000.0,572000000.0,414000000.0,1.99,1.95,1.99,3328000000.0,3274750000.0,3328000000.0,12475930895.0,22.0,10.102,-284000000.0,-2.135,1.0,1446000000.0,0.734,0.0,158000000.0,9157000000.0,8628250000.0,93000000.0,233000000.0,153000000.0,80000000.0,4388000000.0,931000000.0,3457000000.0,10210930895.0,-56000000.0,0.0,14000000.0,207000000.0,0.0,221000000.0,-1802000000.0,7000000.0,1525000000.0,0.0,262000000.0,262000000.0,262000000.0,0.0,0.0,0.133,819000000.0,627000000.0,70000000.0,0.0,3.068,38.973,38.196,6858000000.0,0.0,76.01,5.183,5.132,333000000.0,1928000000.0,1970000000.0,1970000000.0,0.0,0.036,0.08,0.066,0.29,22000000.0,157000000.0,1.0,134336678.0,133000000,133000000.0,14.812,7716000000.0,31000000.0,152000000.0,741000000.0,58.015,-224000000.0
31,NFX,MRT,2010-12-31,2010-12-31,2010-12-31,2018-10-31,-12000000.0,7494000000.0,7138750000.0,731000000.0,6763000000.0,0.264,25.326,-1959000000.0,39000000.0,39000000.0,452000000.0,523000000.0,0.788,1.242,2304000000.0,0.0,2304000000.0,2304000000.0,0.0,644000000.0,0.0,0.0,0.0,985000000.0,1629000000.0,0.865,1629000000.0,985000000.0,829000000.0,3.97,3.91,3.97,3343000000.0,3197750000.0,3343000000.0,11694824320.0,12.0,7.179,-329000000.0,-2.492,1.0,1431000000.0,0.76,0.0,156000000.0,8831000000.0,8342500000.0,79000000.0,284000000.0,197000000.0,87000000.0,4151000000.0,928000000.0,3223000000.0,9653824320.0,-39000000.0,0.0,20000000.0,262000000.0,0.0,282000000.0,-1951000000.0,8000000.0,1630000000.0,0.0,523000000.0,523000000.0,523000000.0,0.0,0.0,0.278,807000000.0,624000000.0,92000000.0,0.0,2.888,18.459,18.164,6608000000.0,0.0,72.11,5.127,5.055,354000000.0,1945000000.0,1883000000.0,1883000000.0,0.0,0.073,0.164,0.118,0.523,22000000.0,156000000.0,1.0,133876360.0,132000000,134000000.0,14.265,7494000000.0,29000000.0,306000000.0,771000000.0,56.773,-197000000.0
32,NFX,MRT,2010-09-30,2010-09-30,2010-09-30,2018-10-31,-13000000.0,7226000000.0,6828750000.0,860000000.0,6366000000.0,0.259,25.0,-1712000000.0,128000000.0,128000000.0,406000000.0,614000000.0,0.982,1.19,2169000000.0,0.0,2169000000.0,2169000000.0,0.0,610000000.0,0.0,0.0,0.0,1123000000.0,1733000000.0,0.98,1733000000.0,1123000000.0,976000000.0,4.7,4.64,4.7,3300000000.0,3054000000.0,3300000000.0,9721328640.0,9.0,5.61,-44000000.0,-0.333,1.0,1363000000.0,0.77,0.0,147000000.0,8391000000.0,7969750000.0,86000000.0,415000000.0,296000000.0,119000000.0,3926000000.0,876000000.0,3050000000.0,7674328640.0,32000000.0,0.0,11000000.0,58000000.0,0.0,69000000.0,-1705000000.0,7000000.0,1668000000.0,0.0,614000000.0,614000000.0,614000000.0,0.0,0.0,0.347,775000000.0,588000000.0,81000000.0,0.0,2.326,12.499,12.221,6184000000.0,0.0,57.44,4.338,4.286,276000000.0,1923000000.0,1769000000.0,1769000000.0,0.0,0.09,0.201,0.141,0.635,22000000.0,155000000.0,1.0,133606000.0,132000000,134000000.0,13.402,7226000000.0,29000000.0,362000000.0,783000000.0,54.742,-16000000.0
33,NFX,MRT,2010-06-30,2010-06-30,2010-06-30,2018-10-31,-13000000.0,7008000000.0,6531500000.0,904000000.0,6104000000.0,0.26,23.697,-1565000000.0,122000000.0,122000000.0,377000000.0,531000000.0,0.982,1.24,2169000000.0,0.0,2169000000.0,2169000000.0,0.0,598000000.0,0.0,0.0,0.0,946000000.0,1544000000.0,0.911,1544000000.0,946000000.0,807000000.0,4.07,4.02,4.07,3128000000.0,2888500000.0,3128000000.0,8626889065.0,9.0,5.587,189000000.0,1.432,1.0,1318000000.0,0.778,0.0,139000000.0,8134000000.0,7682500000.0,82000000.0,386000000.0,278000000.0,108000000.0,3880000000.0,921000000.0,2959000000.0,6517889065.0,84000000.0,0.0,12000000.0,-128000000.0,0.0,-116000000.0,-1554000000.0,11000000.0,1754000000.0,0.0,531000000.0,531000000.0,531000000.0,0.0,0.0,0.313,764000000.0,554000000.0,102000000.0,0.0,2.084,12.275,12.005,5949000000.0,0.0,48.86,3.845,3.805,328000000.0,1762000000.0,1695000000.0,1695000000.0,0.0,0.081,0.184,0.123,0.558,25000000.0,155000000.0,1.0,133399285.0,132000000,134000000.0,12.841,7008000000.0,27000000.0,276000000.0,693000000.0,53.091,-17000000.0
34,NFX,MRT,2010-03-31,2010-03-31,2010-03-31,2018-10-31,-10000000.0,6827000000.0,6294000000.0,978000000.0,5849000000.0,0.244,23.231,-1519000000.0,112000000.0,112000000.0,334000000.0,396000000.0,1.061,1.261,2221000000.0,32000000.0,2189000000.0,2221000000.0,0.0,575000000.0,0.0,0.0,0.0,727000000.0,1302000000.0,0.849,1302000000.0,727000000.0,595000000.0,3.04,3.0,3.04,3020000000.0,2743250000.0,3020000000.0,8884978129.0,12.0,6.824,124000000.0,0.954,1.0,1200000000.0,0.782,0.0,132000000.0,8014000000.0,7522500000.0,83000000.0,478000000.0,349000000.0,129000000.0,3807000000.0,922000000.0,2885000000.0,6925978129.0,74000000.0,0.0,6000000.0,-70000000.0,0.0,-64000000.0,-1505000000.0,14000000.0,1643000000.0,0.0,396000000.0,396000000.0,396000000.0,0.0,0.0,0.258,737000000.0,463000000.0,65000000.0,0.0,2.293,17.49,17.122,5671000000.0,0.0,52.05,4.515,4.411,352000000.0,1666000000.0,1534000000.0,1534000000.0,0.0,0.063,0.144,0.097,0.474,26000000.0,148000000.0,1.0,133063941.0,130000000,133000000.0,11.8,6827000000.0,26000000.0,199000000.0,653000000.0,52.515,56000000.0
35,NFX,MRT,2009-12-31,2009-12-31,2009-12-31,2018-10-31,-11000000.0,6254000000.0,6148000000.0,893000000.0,5361000000.0,0.218,21.292,-1376000000.0,78000000.0,78000000.0,322000000.0,-542000000.0,1.023,1.259,2037000000.0,0.0,2037000000.0,2037000000.0,0.0,587000000.0,0.0,0.0,0.0,-759000000.0,-172000000.0,-0.129,-172000000.0,-759000000.0,-885000000.0,-4.18,-4.18,-4.18,2768000000.0,2631250000.0,2768000000.0,8418244524.0,-11.0,-48.943,202000000.0,1.554,1.0,1016000000.0,0.759,0.0,126000000.0,7340000000.0,7381000000.0,84000000.0,343000000.0,269000000.0,74000000.0,3486000000.0,873000000.0,2613000000.0,6408244524.0,54000000.0,0.0,8000000.0,-176000000.0,0.0,-168000000.0,-1356000000.0,20000000.0,1578000000.0,0.0,-542000000.0,-542000000.0,-542000000.0,0.0,0.0,-0.405,2083000000.0,-1067000000.0,83000000.0,0.0,2.315,-11.823,-11.538,5247000000.0,0.0,48.23,4.789,4.686,339000000.0,1422000000.0,1338000000.0,1338000000.0,0.0,-0.088,-0.206,-0.103,-0.567,28000000.0,144000000.0,1.0,132868433.0,130000000,130000000.0,10.292,6254000000.0,26000000.0,-343000000.0,521000000.0,48.108,20000000.0
36,NFX,MRT,2009-09-30,2009-09-30,2009-09-30,2018-10-31,-14000000.0,6037000000.0,6410750000.0,942000000.0,5095000000.0,0.197,20.292,-1582000000.0,96000000.0,96000000.0,314000000.0,-1444000000.0,1.17,1.288,2106000000.0,0.0,2106000000.0,2106000000.0,0.0,633000000.0,0.0,0.0,0.0,-2141000000.0,-1508000000.0,-1.195,-1508000000.0,-2141000000.0,-2265000000.0,-11.16,-11.1,-11.16,2638000000.0,2753500000.0,2638000000.0,7899912648.0,-4.0,-5.239,-133000000.0,-1.023,1.0,948000000.0,0.751,0.0,124000000.0,7242000000.0,7648250000.0,110000000.0,481000000.0,377000000.0,104000000.0,3399000000.0,805000000.0,2594000000.0,5645912648.0,61000000.0,0.0,7000000.0,169000000.0,0.0,176000000.0,-1564000000.0,18000000.0,1449000000.0,0.0,-1444000000.0,-1444000000.0,-1444000000.0,0.0,0.0,-1.144,3994000000.0,-3046000000.0,34000000.0,0.0,2.14,-3.91,-3.814,4940000000.0,0.0,42.56,4.474,4.384,293000000.0,1309000000.0,1262000000.0,1262000000.0,0.0,-0.225,-0.524,-0.28,-1.697,31000000.0,142000000.0,1.0,132657722.0,130000000,132000000.0,9.708,6037000000.0,36000000.0,-821000000.0,470000000.0,46.438,137000000.0
37,NFX,MRT,2009-06-30,2009-06-30,2009-06-30,2018-10-31,-11000000.0,6058000000.0,7009500000.0,1080000000.0,4978000000.0,0.224,19.592,-1771000000.0,38000000.0,38000000.0,354000000.0,-798000000.0,1.32,1.378,2292000000.0,0.0,2292000000.0,2292000000.0,0.0,670000000.0,0.0,0.0,0.0,-1162000000.0,-492000000.0,-0.314,-492000000.0,-1162000000.0,-1291000000.0,-6.16,-6.2,-6.16,2547000000.0,3102500000.0,2547000000.0,6581555801.0,-6.0,-13.377,-377000000.0,-2.9,1.0,1213000000.0,0.774,0.0,129000000.0,7494000000.0,8154750000.0,128000000.0,709000000.0,549000000.0,160000000.0,3511000000.0,818000000.0,2693000000.0,4332555801.0,10000000.0,0.0,2000000.0,371000000.0,0.0,373000000.0,-1757000000.0,14000000.0,1394000000.0,0.0,-798000000.0,-798000000.0,-798000000.0,0.0,0.0,-0.509,4026000000.0,-2813000000.0,79000000.0,0.0,1.701,-5.429,-5.304,4789000000.0,0.0,32.67,2.765,2.71,290000000.0,1231000000.0,1567000000.0,1567000000.0,0.0,-0.114,-0.257,-0.142,-0.742,29000000.0,138000000.0,1.0,132615727.0,130000000,130000000.0,12.054,6058000000.0,9000000.0,-493000000.0,473000000.0,46.6,262000000.0
38,NFX,MRT,2009-03-31,2009-03-31,2009-03-31,2018-10-31,-13000000.0,6243000000.0,7498500000.0,1319000000.0,4924000000.0,0.263,19.785,-2214000000.0,38000000.0,38000000.0,392000000.0,-1003000000.0,1.263,1.427,2287000000.0,0.0,2287000000.0,2287000000.0,0.0,699000000.0,0.0,0.0,0.0,-1395000000.0,-696000000.0,-0.353,-696000000.0,-1395000000.0,-1520000000.0,-7.75,-7.79,-7.75,2572000000.0,3291750000.0,2572000000.0,5203439917.0,-4.0,-7.476,-1283000000.0,-9.869,1.0,1579000000.0,0.801,0.0,125000000.0,7448000000.0,8391000000.0,117000000.0,1040000000.0,775000000.0,265000000.0,3671000000.0,1044000000.0,2627000000.0,3014439917.0,-42000000.0,0.0,10000000.0,1226000000.0,0.0,1232000000.0,-2205000000.0,9000000.0,931000000.0,0.0,-1003000000.0,-1003000000.0,-1003000000.0,0.0,0.0,-0.509,4053000000.0,-2474000000.0,76000000.0,0.0,1.172,-3.005,-2.929,4622000000.0,0.0,22.7,1.529,1.497,302000000.0,1270000000.0,1971000000.0,1971000000.0,0.0,-0.134,-0.305,-0.166,-0.708,29000000.0,141000000.0,1.0,132794710.0,130000000,130000000.0,15.162,6243000000.0,16000000.0,-517000000.0,497000000.0,48.023,275000000.0
39,NFX,MRT,2008-12-31,2008-12-31,2008-12-31,2018-10-31,-11000000.0,7305000000.0,7760000000.0,1206000000.0,6099000000.0,0.287,25.248,-2301000000.0,24000000.0,24000000.0,422000000.0,-373000000.0,1.112,1.243,2213000000.0,0.0,2213000000.0,2213000000.0,0.0,697000000.0,0.0,0.0,0.0,-423000000.0,274000000.0,0.123,274000000.0,-423000000.0,-535000000.0,-2.88,-2.88,-2.88,3257000000.0,3533000000.0,3257000000.0,4512840883.0,-11.0,16.47,-1447000000.0,-11.217,1.0,1803000000.0,0.81,0.0,112000000.0,8409000000.0,8274750000.0,96000000.0,982000000.0,663000000.0,319000000.0,4048000000.0,1085000000.0,2963000000.0,2611840883.0,-226000000.0,0.0,20000000.0,1153000000.0,0.0,1173000000.0,-2253000000.0,48000000.0,854000000.0,0.0,-373000000.0,-373000000.0,-373000000.0,0.0,0.0,-0.168,2705000000.0,-902000000.0,103000000.0,0.0,0.802,-7.002,-6.858,5758000000.0,0.0,19.75,1.174,1.145,375000000.0,1964000000.0,2225000000.0,2225000000.0,0.0,-0.048,-0.106,-0.051,-0.19,26000000.0,141000000.0,1.0,132245108.0,129000000,129000000.0,17.248,7305000000.0,0.0,-162000000.0,884000000.0,56.628,121000000.0
40,NFX,MRT,2008-09-30,2008-09-30,2008-09-30,2018-10-31,-10000000.0,8432000000.0,7680250000.0,800000000.0,7632000000.0,0.298,31.271,-2201000000.0,35000000.0,35000000.0,422000000.0,729000000.0,0.798,1.09,1936000000.0,0.0,1936000000.0,1936000000.0,0.0,647000000.0,0.0,0.0,0.0,1077000000.0,1724000000.0,0.754,1724000000.0,1077000000.0,972000000.0,5.65,5.48,5.65,4034000000.0,3614000000.0,4034000000.0,6119900871.0,6.0,3.55,-1356000000.0,-10.512,1.0,1863000000.0,0.815,62000000.0,105000000.0,9268000000.0,7871250000.0,87000000.0,543000000.0,213000000.0,330000000.0,4398000000.0,1003000000.0,3395000000.0,4228900871.0,-106000000.0,491000000.0,33000000.0,752000000.0,0.0,791000000.0,-1742000000.0,-32000000.0,845000000.0,0.0,729000000.0,729000000.0,729000000.0,-338000000.0,0.0,0.319,800000000.0,1063000000.0,74000000.0,0.0,1.048,5.801,5.662,7221000000.0,0.0,31.99,1.851,1.806,401000000.0,2753000000.0,2285000000.0,2285000000.0,0.0,0.095,0.202,0.137,0.471,22000000.0,153000000.0,1.0,132194463.0,129000000,132000000.0,17.713,8370000000.0,0.0,243000000.0,1298000000.0,64.884,-203000000.0
41,NFX,MRT,2008-06-30,2008-06-30,2008-06-30,2018-10-31,-7000000.0,8014000000.0,7223750000.0,827000000.0,7187000000.0,0.28,25.612,-959000000.0,28000000.0,28000000.0,393000000.0,88000000.0,0.589,1.426,1919000000.0,0.0,1919000000.0,1919000000.0,0.0,628000000.0,0.0,0.0,0.0,156000000.0,784000000.0,0.387,784000000.0,156000000.0,58000000.0,0.71,0.64,0.71,3304000000.0,3419250000.0,3304000000.0,9568589234.0,61.0,12.205,-268000000.0,-2.078,1.0,1631000000.0,0.806,62000000.0,98000000.0,8439000000.0,7216000000.0,75000000.0,257000000.0,44000000.0,213000000.0,4710000000.0,1404000000.0,3306000000.0,8596589234.0,-9000000.0,491000000.0,37000000.0,-197000000.0,0.0,-150000000.0,-551000000.0,-75000000.0,691000000.0,1000000.0,88000000.0,88000000.0,88000000.0,-329000000.0,0.0,0.043,782000000.0,849000000.0,65000000.0,0.0,2.602,97.689,91.901,6894000000.0,0.0,65.25,4.247,4.159,413000000.0,2029000000.0,2024000000.0,2024000000.0,0.0,0.012,0.026,0.022,0.077,24000000.0,154000000.0,1.0,131748494.0,129000000,129000000.0,15.69,7952000000.0,198000000.0,-30000000.0,1151000000.0,61.643,-577000000.0
42,NFX,MRT,2008-03-31,2008-03-31,2008-03-31,2018-10-31,-3000000.0,7289000000.0,7141000000.0,857000000.0,6432000000.0,0.26,27.419,-1252000000.0,80000000.0,80000000.0,397000000.0,482000000.0,0.705,1.061,1052000000.0,0.0,1052000000.0,1052000000.0,0.0,659000000.0,0.0,0.0,0.0,687000000.0,1346000000.0,0.724,1346000000.0,687000000.0,589000000.0,3.77,3.68,3.77,3537000000.0,3381750000.0,3537000000.0,7749570259.0,11.0,5.757,-161000000.0,-1.248,1.0,1462000000.0,0.786,62000000.0,98000000.0,6983000000.0,7270000000.0,73000000.0,142000000.0,118000000.0,24000000.0,3752000000.0,1216000000.0,2536000000.0,6949570259.0,54000000.0,491000000.0,38000000.0,-252000000.0,0.0,-197000000.0,-841000000.0,-77000000.0,1091000000.0,1000000.0,482000000.0,482000000.0,482000000.0,-327000000.0,0.0,0.259,808000000.0,654000000.0,62000000.0,0.0,1.965,14.418,14.019,6325000000.0,0.0,52.85,3.738,3.667,416000000.0,2273000000.0,1859000000.0,1859000000.0,0.0,0.067,0.143,0.094,0.37,24000000.0,149000000.0,1.0,131496126.0,129000000,129000000.0,14.411,7227000000.0,131000000.0,107000000.0,1137000000.0,56.023,-359000000.0
43,NFX,MRT,2007-12-31,2007-12-31,2007-12-31,2018-10-31,-3000000.0,6986000000.0,6983500000.0,927000000.0,6059000000.0,0.255,27.977,-1257000000.0,250000000.0,250000000.0,415000000.0,450000000.0,0.998,0.951,1050000000.0,0.0,1050000000.0,1050000000.0,0.0,682000000.0,0.0,0.0,0.0,674000000.0,1356000000.0,0.761,1356000000.0,674000000.0,572000000.0,3.52,3.44,3.52,3581000000.0,3242000000.0,3581000000.0,7930699719.0,12.0,5.849,-103000000.0,-0.805,1.0,1368000000.0,0.767,62000000.0,102000000.0,6795000000.0,7229750000.0,82000000.0,209000000.0,192000000.0,17000000.0,3405000000.0,929000000.0,2476000000.0,6898699719.0,170000000.0,491000000.0,32000000.0,-125000000.0,0.0,-79000000.0,-906000000.0,-99000000.0,1154000000.0,1000000.0,450000000.0,450000000.0,450000000.0,-278000000.0,0.0,0.252,837000000.0,531000000.0,52000000.0,0.0,1.926,15.33,14.972,5958000000.0,0.0,52.7,3.869,3.783,332000000.0,2337000000.0,1783000000.0,1783000000.0,0.0,0.064,0.139,0.093,0.378,23000000.0,155000000.0,1.0,130905118.0,128000000,131000000.0,13.93,6924000000.0,35000000.0,122000000.0,1104000000.0,54.094,-2000000.0
44,NFX,MRT,2007-09-30,2007-09-30,2007-09-30,2018-10-31,12000000.0,6606000000.0,6895750000.0,737000000.0,5869000000.0,0.263,25.43,-1279000000.0,141000000.0,141000000.0,470000000.0,219000000.0,0.793,1.029,1173000000.0,124000000.0,1049000000.0,1173000000.0,0.0,729000000.0,0.0,0.0,0.0,499000000.0,1228000000.0,0.678,1228000000.0,499000000.0,396000000.0,1.72,1.67,1.72,3255000000.0,3112250000.0,3255000000.0,8349112913.0,17.0,6.799,-109000000.0,-0.852,1.0,1342000000.0,0.741,62000000.0,103000000.0,6647000000.0,7166500000.0,74000000.0,162000000.0,136000000.0,26000000.0,3351000000.0,929000000.0,2422000000.0,6283112913.0,-124000000.0,0.0,23000000.0,0.0,0.0,33000000.0,-1325000000.0,-13000000.0,1170000000.0,-2000000.0,219000000.0,219000000.0,219000000.0,77000000.0,0.0,0.121,866000000.0,476000000.0,49000000.0,0.0,1.93,28.69,28.0,5580000000.0,0.0,48.16,3.468,3.402,329000000.0,2024000000.0,1812000000.0,1812000000.0,0.0,0.032,0.07,0.07,0.275,18000000.0,137000000.0,1.0,130463308.0,128000000,131000000.0,14.156,6544000000.0,10000000.0,177000000.0,1098000000.0,51.125,-192000000.0
45,NFX,MRT,2007-06-30,2007-06-30,2007-06-30,2018-10-31,14000000.0,7683000000.0,6846000000.0,741000000.0,6942000000.0,0.266,24.835,-2353000000.0,37000000.0,37000000.0,429000000.0,402000000.0,0.718,1.436,2103000000.0,124000000.0,1979000000.0,2103000000.0,0.0,726000000.0,0.0,0.0,0.0,769000000.0,1495000000.0,0.822,1495000000.0,769000000.0,673000000.0,3.17,3.09,3.17,3154000000.0,3035000000.0,3154000000.0,7193809826.0,9.0,4.812,-1026000000.0,-8.079,1.0,1389000000.0,0.764,62000000.0,96000000.0,8655000000.0,7083250000.0,68000000.0,137000000.0,127000000.0,10000000.0,4529000000.0,1032000000.0,3497000000.0,5920809826.0,-36000000.0,0.0,21000000.0,932000000.0,0.0,959000000.0,-2319000000.0,132000000.0,1327000000.0,-3000000.0,402000000.0,402000000.0,402000000.0,69000000.0,0.0,0.221,859000000.0,530000000.0,104000000.0,0.0,1.877,14.728,14.369,6846000000.0,0.0,45.55,3.257,3.182,419000000.0,1941000000.0,1818000000.0,1818000000.0,0.0,0.059,0.132,0.109,0.423,13000000.0,133000000.0,1.0,129984848.0,127000000,130000000.0,14.315,7621000000.0,0.0,271000000.0,1070000000.0,60.008,-291000000.0
46,NFX,MRT,2007-03-31,2007-03-31,2007-03-31,2018-10-31,12000000.0,6659000000.0,6410500000.0,608000000.0,6051000000.0,0.262,23.449,-1740000000.0,26000000.0,26000000.0,397000000.0,346000000.0,0.58,1.236,1299000000.0,124000000.0,1175000000.0,1299000000.0,0.0,673000000.0,0.0,0.0,0.0,670000000.0,1343000000.0,0.798,1343000000.0,670000000.0,578000000.0,2.74,2.67,2.74,2978000000.0,2908500000.0,2978000000.0,6514105923.0,10.0,4.85,-361000000.0,-2.843,1.0,1285000000.0,0.764,62000000.0,92000000.0,6822000000.0,6458500000.0,58000000.0,92000000.0,89000000.0,3000000.0,3681000000.0,1048000000.0,2633000000.0,5422105923.0,-15000000.0,0.0,16000000.0,427000000.0,0.0,448000000.0,-1843000000.0,0.0,1379000000.0,1000000.0,346000000.0,346000000.0,346000000.0,67000000.0,0.0,0.206,827000000.0,458000000.0,91000000.0,0.0,1.821,15.671,15.223,5966000000.0,0.0,41.71,3.224,3.149,381000000.0,1791000000.0,1682000000.0,1682000000.0,0.0,0.054,0.119,0.104,0.398,15000000.0,129000000.0,1.0,129995347.0,127000000,127000000.0,13.244,6597000000.0,14000000.0,232000000.0,1003000000.0,51.945,-440000000.0
47,NFX,MRT,2006-12-31,2006-12-31,2006-12-31,2018-10-31,11000000.0,6635000000.0,6086500000.0,851000000.0,5784000000.0,0.275,24.11,-1573000000.0,80000000.0,80000000.0,337000000.0,591000000.0,0.758,1.167,1172000000.0,124000000.0,1048000000.0,1172000000.0,0.0,624000000.0,0.0,0.0,0.0,1024000000.0,1648000000.0,0.985,1648000000.0,1024000000.0,937000000.0,4.67,4.58,4.67,3062000000.0,2796250000.0,3062000000.0,6832475643.0,7.0,4.146,-189000000.0,-1.488,1.0,1336000000.0,0.799,62000000.0,87000000.0,6542000000.0,6105250000.0,44000000.0,309000000.0,290000000.0,19000000.0,3573000000.0,1123000000.0,2450000000.0,5926475643.0,41000000.0,0.0,12000000.0,300000000.0,0.0,317000000.0,-1662000000.0,-24000000.0,1384000000.0,2000000.0,591000000.0,591000000.0,591000000.0,19000000.0,0.0,0.353,737000000.0,599000000.0,58000000.0,0.0,1.935,10.028,9.839,5483000000.0,0.0,45.95,3.542,3.488,374000000.0,1887000000.0,1673000000.0,1673000000.0,0.0,0.097,0.211,0.168,0.612,18000000.0,118000000.0,1.0,128976619.0,127000000,129000000.0,13.173,6573000000.0,0.0,346000000.0,1026000000.0,51.756,-272000000.0
48,NFX,MRT,2006-09-30,2006-09-30,2006-09-30,2018-10-31,5000000.0,6407000000.0,5698000000.0,1004000000.0,5403000000.0,0.296,23.381,-1397000000.0,265000000.0,265000000.0,276000000.0,693000000.0,1.072,1.175,1171000000.0,0.0,1171000000.0,1171000000.0,0.0,551000000.0,0.0,0.0,0.0,1189000000.0,1740000000.0,1.03,1740000000.0,1189000000.0,1107000000.0,5.49,5.4,5.49,2946000000.0,2625250000.0,2946000000.0,6135454365.0,5.0,3.526,-30000000.0,-0.238,1.0,1413000000.0,0.837,62000000.0,82000000.0,6314000000.0,5764750000.0,42000000.0,322000000.0,305000000.0,17000000.0,3461000000.0,937000000.0,2524000000.0,5039454365.0,163000000.0,0.0,10000000.0,300000000.0,0.0,313000000.0,-1521000000.0,-30000000.0,1367000000.0,4000000.0,693000000.0,693000000.0,693000000.0,-5000000.0,0.0,0.41,651000000.0,762000000.0,74000000.0,0.0,1.711,7.272,7.02,5293000000.0,0.0,38.54,2.984,2.875,318000000.0,1805000000.0,1689000000.0,1689000000.0,0.0,0.122,0.264,0.206,0.704,23000000.0,117000000.0,1.0,130759065.0,126000000,129000000.0,13.405,6345000000.0,11000000.0,414000000.0,968000000.0,50.357,67000000.0
49,NFX,MRT,2006-06-30,2006-06-30,2006-06-30,2018-10-31,3000000.0,5941000000.0,5311900000.0,812000000.0,5129000000.0,0.325,20.85,-1339000000.0,73000000.0,73000000.0,301000000.0,427000000.0,0.991,1.244,1169000000.0,0.0,1169000000.0,1169000000.0,0.0,519000000.0,0.0,0.0,0.0,762000000.0,1281000000.0,0.743,1281000000.0,762000000.0,685000000.0,3.39,3.34,3.39,2648000000.0,2415400000.0,2648000000.0,7121149860.0,9.0,5.559,-155000000.0,-1.22,1.0,1423000000.0,0.825,62000000.0,77000000.0,6156000000.0,5388650000.0,30000000.0,298000000.0,284000000.0,14000000.0,3293000000.0,819000000.0,2474000000.0,6294149860.0,15000000.0,0.0,16000000.0,300000000.0,0.0,319000000.0,-1492000000.0,-132000000.0,1184000000.0,4000000.0,427000000.0,427000000.0,427000000.0,-6000000.0,0.0,0.248,604000000.0,819000000.0,48000000.0,0.0,2.377,14.74,14.437,5022000000.0,0.0,48.94,3.651,3.605,315000000.0,1539000000.0,1724000000.0,1724000000.0,0.0,0.08,0.177,0.141,0.442,22000000.0,109000000.0,1.0,128609519.0,127000000,129000000.0,13.575,5879000000.0,23000000.0,258000000.0,813000000.0,46.291,-7000000.0
50,NFX,MRT,2006-03-31,2006-03-31,2006-03-31,2018-10-31,-4000000.0,5363000000.0,4963450000.0,568000000.0,4795000000.0,0.359,20.071,-1108000000.0,41000000.0,41000000.0,281000000.0,437000000.0,0.79,1.121,868000000.0,0.0,868000000.0,868000000.0,0.0,515000000.0,0.0,0.0,0.0,773000000.0,1288000000.0,0.724,1288000000.0,773000000.0,701000000.0,3.48,3.43,3.48,2529000000.0,2289450000.0,2529000000.0,6215263926.0,8.0,4.826,80000000.0,0.635,1.0,1499000000.0,0.842,62000000.0,72000000.0,5409000000.0,5048350000.0,31000000.0,102000000.0,94000000.0,8000000.0,2834000000.0,719000000.0,2115000000.0,5384263926.0,10000000.0,0.0,16000000.0,-63000000.0,0.0,-46000000.0,-1129000000.0,0.0,1188000000.0,-3000000.0,437000000.0,437000000.0,437000000.0,-6000000.0,0.0,0.246,575000000.0,924000000.0,53000000.0,0.0,2.129,12.321,12.04,4693000000.0,0.0,41.9,3.025,2.966,329000000.0,1445000000.0,1780000000.0,1780000000.0,0.0,0.088,0.191,0.153,0.434,16000000.0,109000000.0,1.0,128502719.0,126000000,128000000.0,14.127,5301000000.0,36000000.0,264000000.0,772000000.0,42.071,-151000000.0
51,NFX,MRT,2005-12-31,2005-12-31,2005-12-31,2018-10-31,-4000000.0,5081000000.0,4726700000.0,540000000.0,4541000000.0,0.373,19.024,-1015000000.0,39000000.0,39000000.0,269000000.0,348000000.0,0.806,1.137,870000000.0,0.0,870000000.0,870000000.0,0.0,520000000.0,0.0,0.0,0.0,623000000.0,1143000000.0,0.649,1143000000.0,623000000.0,551000000.0,2.78,2.73,2.78,2378000000.0,2158700000.0,2378000000.0,7138438425.0,11.0,6.245,94000000.0,0.752,1.0,1493000000.0,0.847,62000000.0,72000000.0,5180000000.0,4874650000.0,22000000.0,27000000.0,10000000.0,17000000.0,2703000000.0,670000000.0,2033000000.0,6370638425.0,-19000000.0,0.0,32000000.0,-120000000.0,0.0,-88000000.0,-1036000000.0,0.0,1109000000.0,-4000000.0,348000000.0,348000000.0,348000000.0,-6000000.0,0.0,0.198,603000000.0,890000000.0,41000000.0,0.0,2.679,18.306,18.011,4430000000.0,0.0,50.07,3.616,3.552,370000000.0,1296000000.0,1762000000.0,1762000000.0,0.0,0.074,0.161,0.128,0.354,10000000.0,102000000.0,1.0,127234640.0,125000000,128000000.0,14.096,5019000000.0,55000000.0,203000000.0,720000000.0,40.152,-130000000.0
52,NFX,MRT,2005-09-30,2005-09-30,2005-09-30,2018-10-31,0.0,4862600000.0,4538200000.0,561200000.0,4301400000.0,0.387,16.719,-1000800000.0,102300000.0,102300000.0,252000000.0,254100000.0,0.74,1.308,870100000.0,0.0,870100000.0,870100000.0,0.0,545500000.0,0.0,0.0,0.0,469300000.0,1014800000.0,0.578,1014800000.0,469300000.0,396600000.0,2.05,2.01,2.05,2106600000.0,2068450000.0,2106600000.0,7035867337.0,15.0,6.933,238600000.0,1.894,1.0,1504200000.0,0.857,62300000.0,72700000.0,4809600000.0,4760150000.0,19600000.0,23400000.0,2900000.0,20500000.0,2756000000.0,758500000.0,1997500000.0,6222367337.0,73500000.0,-300000.0,31800000.0,-195100000.0,0.0,-163300000.0,-1001100000.0,0.0,1239400000.0,-1500000.0,254100000.0,254100000.0,254100000.0,0.0,0.0,0.145,684400000.0,819800000.0,35300000.0,0.0,2.954,24.488,23.951,4189300000.0,0.0,49.1,3.543,3.523,259400000.0,1111900000.0,1756200000.0,1756200000.0,0.0,0.056,0.123,0.099,0.267,6000000.0,100600000.0,1.0,126728459.0,126000000,126000000.0,13.938,4800300000.0,138600000.0,142500000.0,651700000.0,38.098,-197300000.0
53,NFX,MRT,2005-06-30,2005-06-30,2005-06-30,2018-10-31,0.0,4547200000.0,4372994500.0,404400000.0,4142800000.0,0.371,17.154,-1007900000.0,58600000.0,58600000.0,233200000.0,330600000.0,0.808,1.121,872100000.0,0.0,872100000.0,872100000.0,0.0,536900000.0,0.0,0.0,0.0,587700000.0,1124600000.0,0.693,1124600000.0,587700000.0,517200000.0,2.7,2.64,2.7,2144200000.0,2008635000.0,2144200000.0,5944149488.0,10.0,5.286,191800000.0,1.534,1.0,1390700000.0,0.856,65300000.0,70500000.0,4794800000.0,4734857750.0,18600000.0,28600000.0,9900000.0,18700000.0,2403000000.0,500600000.0,1902400000.0,5042049488.0,30500000.0,-756000000.0,306100000.0,290900000.0,0.0,597000000.0,-1763900000.0,0.0,1199700000.0,-2300000.0,330600000.0,330600000.0,330600000.0,0.0,0.0,0.204,686500000.0,704200000.0,33500000.0,0.0,2.351,15.251,14.774,4029600000.0,0.0,39.89,3.105,3.071,238100000.0,1112100000.0,1623900000.0,1623900000.0,0.0,0.076,0.165,0.124,0.362,6000000.0,97500000.0,1.0,126398834.0,125000000,128000000.0,12.991,4481900000.0,48800000.0,186600000.0,607500000.0,35.855,-96200000.0
54,NFX,MRT,2005-03-31,2005-03-31,2005-03-31,2018-10-31,2400000.0,4416000000.0,3980225250.0,386700000.0,4029300000.0,0.367,16.177,-941200000.0,30900000.0,30900000.0,211200000.0,294000000.0,0.718,1.201,933000000.0,0.0,933000000.0,933000000.0,0.0,502100000.0,0.0,0.0,0.0,523400000.0,1025500000.0,0.702,1025500000.0,523400000.0,459900000.0,2.47,2.41,2.47,2006000000.0,1850855000.0,2006000000.0,5620146157.0,11.0,5.48,98100000.0,0.791,1.0,1249400000.0,0.855,65300000.0,63500000.0,4714200000.0,4306276250.0,16300000.0,32900000.0,13300000.0,19600000.0,2410000000.0,538600000.0,1871400000.0,4686046157.0,14400000.0,-756000000.0,308700000.0,362900000.0,0.0,671600000.0,-1697200000.0,0.0,1039300000.0,700000.0,294000000.0,294000000.0,294000000.0,0.0,0.0,0.201,642700000.0,606700000.0,41600000.0,0.0,2.336,15.939,15.032,3915000000.0,0.0,37.13,3.208,3.152,244800000.0,1007900000.0,1460600000.0,1460600000.0,0.0,0.074,0.159,0.122,0.358,4000000.0,88500000.0,1.0,126206468.0,124000000,127000000.0,11.779,4350700000.0,71600000.0,165900000.0,577100000.0,35.086,-151900000.0
55,NFX,MRT,2004-12-31,2004-12-31,2004-12-31,2018-10-31,3000000.0,4327000000.0,3576624000.0,392000000.0,3935000000.0,0.378,17.239,-843000000.0,58000000.0,58000000.0,194000000.0,312000000.0,0.827,1.145,992000000.0,0.0,992000000.0,992000000.0,0.0,472000000.0,0.0,0.0,0.0,557000000.0,1029000000.0,0.761,1029000000.0,557000000.0,499000000.0,2.68,2.63,2.68,2017000000.0,1706487250.0,2017000000.0,4716005060.0,8.0,4.583,154000000.0,1.316,1.0,1159000000.0,0.857,65000000.0,58000000.0,4722000000.0,3874313500.0,8000000.0,111000000.0,55000000.0,56000000.0,2310000000.0,474000000.0,1836000000.0,3676760060.0,43000000.0,-756000000.0,297000000.0,347000000.0,0.0,644000000.0,-1599000000.0,0.0,997000000.0,1000000.0,312000000.0,312000000.0,312000000.0,0.0,0.0,0.231,608000000.0,551000000.0,32000000.0,0.0,1.823,11.784,11.017,3793000000.0,0.0,29.525,2.717,2.553,248000000.0,948000000.0,1353000000.0,1353000000.0,0.0,0.087,0.183,0.144,0.412,4000000.0,84000000.0,1.0,124530400.0,117000000,119000000.0,11.564,4262000000.0,1000000.0,187000000.0,551000000.0,36.427,-82000000.0
56,NFX,MRT,2004-09-30,2004-09-30,2004-09-30,2018-10-31,-608000.0,4201778000.0,3178149000.0,344560000.0,3857218000.0,0.365,15.745,-763820000.0,28856000.0,28856000.0,174888000.0,262465000.0,0.738,1.25,1068101000.0,0.0,1068101000.0,1068101000.0,0.0,431093000.0,0.0,0.0,0.0,471986000.0,903079000.0,0.778,903079000.0,471986000.0,419711000.0,2.295,2.26,2.295,1867340000.0,1544387250.0,1867340000.0,4022397631.0,9.0,4.454,80926000.0,0.682,1.0,985805000.0,0.849,65990000.0,52275000.0,4708431000.0,3455713500.0,7505000.0,49523000.0,14935000.0,34588000.0,2334438000.0,466602000.0,1867836000.0,3470691631.0,3428000.0,-753636000.0,300456000.0,375832000.0,0.0,676747000.0,-1517371000.0,0.0,844746000.0,-694000.0,262465000.0,262465000.0,262465000.0,8000.0,0.0,0.226,533385000.0,452420000.0,32609000.0,0.0,1.859,13.223,13.342,3735866000.0,0.0,30.62,2.99,3.129,188086000.0,857606000.0,1160693000.0,1160693000.0,0.0,0.083,0.17,0.137,0.407,3885000.0,75492000.0,1.0,113347212.0,118600000,120600000.0,9.787,4135788000.0,29442000.0,157246000.0,526486000.0,34.872,-122042000.0
57,NFX,MRT,2004-06-30,2004-06-30,2004-06-30,2018-10-31,291000.0,2976123000.0,2793108500.0,296709000.0,2679414000.0,0.387,13.486,-653279000.0,27853000.0,27853000.0,160883000.0,235344000.0,0.688,0.967,579559000.0,0.0,579559000.0,579559000.0,0.0,413591000.0,0.0,0.0,0.0,429394000.0,842985000.0,0.779,842985000.0,429394000.0,378562000.0,2.085,2.07,2.085,1513080000.0,1414183250.0,1513080000.0,3701942804.0,9.0,4.391,152511000.0,1.359,1.0,920774000.0,0.851,16378000.0,50832000.0,3080474000.0,3041945000.0,3664000.0,15259000.0,12031000.0,3228000.0,1463043000.0,430977000.0,1032066000.0,3142887804.0,-17025000.0,-80000000.0,22579000.0,-112642000.0,0.0,-89604000.0,-733124000.0,0.0,805790000.0,-87000.0,235344000.0,235344000.0,235344000.0,8980000.0,0.0,0.218,500997000.0,419777000.0,19799000.0,0.0,2.077,13.354,13.367,2642164000.0,0.0,27.87,2.906,2.891,184359000.0,781074000.0,1081657000.0,1081657000.0,0.0,0.084,0.166,0.141,0.397,3514000.0,67407000.0,1.0,112769566.0,112200000,114100000.0,9.64,2959745000.0,25431000.0,143218000.0,267994000.0,26.379,-134268000.0
58,NFX,MRT,2004-03-31,2004-03-31,2004-03-31,2018-10-31,283000.0,2801595000.0,2689700500.0,254946000.0,2546649000.0,0.392,12.778,-558359000.0,16933000.0,16933000.0,157122000.0,213759000.0,0.712,0.961,575988000.0,0.0,575988000.0,575988000.0,0.0,407582000.0,0.0,0.0,0.0,398925000.0,806507000.0,0.765,806507000.0,398925000.0,345111000.0,1.915,1.89,1.915,1428529000.0,1351742500.0,1428529000.0,3331154814.0,8.0,4.13,263686000.0,2.359,1.0,897387000.0,0.851,16378000.0,53814000.0,2986349000.0,3008535500.0,784000.0,10043000.0,5889000.0,4154000.0,1373066000.0,357923000.0,1015143000.0,2700147814.0,-26088000.0,-80000000.0,151913000.0,-360816000.0,0.0,-208444000.0,-639917000.0,0.0,822045000.0,228000.0,213759000.0,213759000.0,213759000.0,16220000.0,0.0,0.203,491178000.0,406209000.0,26101000.0,0.0,1.89,12.632,12.514,2508169000.0,0.0,23.965,2.561,2.541,168733000.0,713660000.0,1054509000.0,1054509000.0,0.0,0.079,0.158,0.133,0.378,3321000.0,63597000.0,1.0,112670470.0,111800000,113200000.0,9.432,2785217000.0,28749000.0,131352000.0,258580000.0,24.912,-102977000.0
59,NFX,MRT,2003-12-31,2003-12-31,2003-12-31,2018-10-31,100000.0,2733100000.0,2642901000.0,238900000.0,2494200000.0,0.385,12.556,-535000000.0,15300000.0,15300000.0,157000000.0,200000000.0,0.796,0.997,646400000.0,2900000.0,643500000.0,646400000.0,0.0,395000000.0,0.0,0.0,0.0,379000000.0,774000000.0,0.761,774000000.0,379000000.0,321000000.0,1.83,1.78,1.83,1368600000.0,1261986250.0,1368600000.0,3162914228.0,8.0,4.086,134000000.0,1.229,1.0,860000000.0,0.846,16400000.0,58000000.0,3047600000.0,3027748750.0,500000.0,16000000.0,13800000.0,2200000.0,1364500000.0,300200000.0,1064300000.0,2495123228.0,-34000000.0,-80000000.0,149000000.0,-164000000.0,0.0,-85000000.0,-618000000.0,0.0,669000000.0,0.0,200000000.0,200000000.0,200000000.0,17000000.0,0.0,0.197,477000000.0,383000000.0,30600000.0,0.0,1.823,12.476,12.169,2459400000.0,0.0,22.27,2.453,2.387,134800000.0,635800000.0,1017000000.0,1017000000.0,0.0,0.076,0.158,0.125,0.373,3000000.0,62000000.0,1.0,112039660.0,109000000,113000000.0,9.33,2716700000.0,12900000.0,121000000.0,242800000.0,24.924,-61300000.0
60,NFX,MRT,2003-09-30,2003-09-30,2003-09-30,2018-10-31,294000.0,2661616000.0,2538564250.0,245952000.0,2415664000.0,0.379,12.047,-439177000.0,24970000.0,24970000.0,147127000.0,191168000.0,0.949,0.977,692761000.0,531000.0,692230000.0,692761000.0,0.0,372570000.0,0.0,0.0,0.0,355483000.0,728053000.0,0.758,728053000.0,355483000.0,297355000.0,1.835,1.775,1.835,1346524000.0,1172144000.0,1346524000.0,2802261341.0,8.0,3.849,137812000.0,1.233,1.0,813854000.0,0.847,16761000.0,58128000.0,3053357000.0,2938818250.0,567000.0,42831000.0,35430000.0,7401000.0,1315092000.0,259289000.0,1055803000.0,2152573341.0,1288000.0,-286464000.0,143680000.0,81568000.0,0.0,153089000.0,-728794000.0,0.0,576989000.0,4000.0,191168000.0,191168000.0,191168000.0,13910000.0,0.0,0.199,435214000.0,378640000.0,17271000.0,0.0,1.599,11.26,10.51,2339777000.0,0.0,19.285,2.24,2.243,145966000.0,595598000.0,960981000.0,960981000.0,0.0,0.075,0.163,0.121,0.37,2849000.0,62645000.0,1.0,111619048.0,111774000,112694000.0,8.598,2644855000.0,0.0,106187000.0,199919000.0,23.663,-13337000.0
61,NFX,MRT,2003-06-30,2003-06-30,2003-06-30,2018-10-31,6722000.0,2562491000.0,2271354250.0,281514000.0,2280977000.0,0.376,11.814,-361681000.0,44423000.0,44423000.0,132709000.0,151160000.0,1.061,1.028,694111000.0,1168000.0,692943000.0,694111000.0,0.0,338375000.0,0.0,0.0,0.0,283439000.0,621814000.0,0.728,621814000.0,283439000.0,231619000.0,1.5,1.44,1.5,1263317000.0,1016933000.0,1263317000.0,2700487685.0,10.0,4.343,122901000.0,1.149,1.0,721586000.0,0.845,0.0,51820000.0,2946836000.0,2620912250.0,14474000.0,0.0,0.0,0.0,1299174000.0,265343000.0,1033831000.0,1958286685.0,36778000.0,-204400000.0,140228000.0,69042000.0,0.0,137111000.0,-585536000.0,0.0,484582000.0,621000.0,151160000.0,151160000.0,151160000.0,3207000.0,0.0,0.177,403799000.0,317787000.0,9619000.0,0.0,1.55,12.955,12.517,2224697000.0,0.0,18.775,2.292,2.35,168246000.0,546219000.0,854295000.0,854295000.0,0.0,0.067,0.149,0.108,0.332,2951000.0,62217000.0,1.0,104302886.0,106936000,115402000.0,7.989,2562491000.0,15031000.0,80459000.0,151455000.0,23.963,16171000.0
62,NFX,MRT,2003-03-31,2003-03-31,2003-03-31,2018-10-31,131000.0,2614397000.0,2032461250.0,329560000.0,2284837000.0,0.374,10.306,-336526000.0,42586000.0,42586000.0,127353000.0,121615000.0,1.123,1.444,784787000.0,5884000.0,778903000.0,784787000.0,0.0,317211000.0,0.0,0.0,0.0,228613000.0,545824000.0,0.718,545824000.0,228613000.0,184641000.0,1.255,1.21,1.255,1069504000.0,879427500.0,1069504000.0,2435902264.0,11.0,4.463,33980000.0,0.327,1.0,633001000.0,0.833,0.0,43972000.0,3063202000.0,2338764250.0,7223000.0,0.0,0.0,0.0,1544893000.0,293396000.0,1251497000.0,1763970264.0,17470000.0,-204400000.0,4609000.0,273216000.0,0.0,205666000.0,-558668000.0,0.0,370506000.0,-34000.0,121615000.0,121615000.0,121615000.0,-4033000.0,0.0,0.16,380408000.0,252593000.0,15887000.0,0.0,1.649,14.505,13.502,2224352000.0,0.0,16.945,2.32,2.313,209864000.0,500404000.0,760354000.0,760354000.0,0.0,0.06,0.138,0.098,0.301,2901000.0,59990000.0,1.0,104099750.0,103772000,112416000.0,7.327,2614397000.0,18075000.0,63026000.0,141595000.0,25.194,36164000.0
63,NFX,MRT,2002-12-31,2002-12-31,2002-12-31,2018-10-31,-3888000.0,2315753000.0,1780867500.0,238827000.0,2076926000.0,0.352,11.189,-297400000.0,48898000.0,48898000.0,109800000.0,73800000.0,0.807,1.295,720830000.0,11215000.0,709615000.0,720830000.0,0.0,295100000.0,0.0,0.0,0.0,147500000.0,442600000.0,0.706,442600000.0,147500000.0,113000000.0,0.82,0.805,0.82,1009231000.0,784120500.0,1009231000.0,1941186483.0,13.0,4.386,106100000.0,1.176,1.0,517000000.0,0.825,0.0,34500000.0,2691878000.0,2033916000.0,1260000.0,7094000.0,2655000.0,4439000.0,1306522000.0,295807000.0,1010715000.0,1604215483.0,22300000.0,-204400000.0,7400000.0,131300000.0,0.0,137000000.0,-518100000.0,0.0,403500000.0,-100000.0,73800000.0,73800000.0,73800000.0,-5100000.0,0.0,0.118,349500000.0,167500000.0,27002000.0,0.0,1.59,21.737,21.982,2029229000.0,0.0,18.025,2.559,2.594,125670000.0,436263000.0,626800000.0,626800000.0,0.0,0.041,0.094,0.073,0.235,2800000.0,54400000.0,1.0,88999472.0,90200000,99200000.0,6.949,2315753000.0,13023000.0,39200000.0,124777000.0,25.674,-56980000.0
64,NFX,MRT,2002-09-30,2002-09-30,2002-09-30,2018-10-31,-6053000.0,1592776000.0,1617772000.0,145723000.0,1447053000.0,0.354,8.168,-288780000.0,23694000.0,23694000.0,96269000.0,2857000.0,0.985,1.195,360665000.0,0.0,360665000.0,360665000.0,0.0,283848000.0,0.0,0.0,0.0,28810000.0,312658000.0,0.546,312658000.0,28810000.0,87000.0,0.04,0.09,0.04,725680000.0,709307250.0,725680000.0,1859781543.0,65.0,5.948,45866000.0,0.516,1.0,476079000.0,0.832,0.0,28723000.0,1781733000.0,1836036750.0,7776000.0,0.0,0.0,0.0,867096000.0,148014000.0,719082000.0,1491785543.0,-9501000.0,0.0,7269000.0,-33000000.0,0.0,-25731000.0,-316294000.0,0.0,334646000.0,-2122000.0,2857000.0,2857000.0,2857000.0,-8125000.0,0.0,0.005,439023000.0,37056000.0,10817000.0,0.0,2.056,522.151,419.875,1437234000.0,0.0,16.795,2.606,2.607,88936000.0,404383000.0,572348000.0,572348000.0,0.0,0.002,0.004,0.016,0.05,2790000.0,45957000.0,1.0,88823194.0,88840000,89810000.0,6.442,1592776000.0,2329000.0,-2770000.0,203578000.0,17.929,-2291000.0
65,NFX,MRT,2002-06-30,2002-06-30,2002-06-30,2018-10-31,-4056000.0,1606919000.0,1655303000.0,170166000.0,1436753000.0,0.371,8.037,-399117000.0,7657000.0,7657000.0,105373000.0,36462000.0,1.086,1.253,375653000.0,0.0,375653000.0,375653000.0,0.0,291404000.0,0.0,0.0,0.0,81465000.0,372869000.0,0.608,372869000.0,81465000.0,52894000.0,0.42,0.44,0.42,713295000.0,717677750.0,713295000.0,2034010971.0,25.0,5.455,-52859000.0,-0.596,1.0,508256000.0,0.828,0.0,28571000.0,1818244000.0,1872254250.0,9446000.0,0.0,0.0,0.0,893624000.0,156671000.0,736953000.0,1648496971.0,-44132000.0,0.0,-1576000.0,24000000.0,0.0,22424000.0,-410399000.0,0.0,346258000.0,-2415000.0,36462000.0,36462000.0,36462000.0,-6394000.0,0.0,0.059,442120000.0,66136000.0,9235000.0,0.0,2.311,45.211,44.25,1426614000.0,0.0,18.585,2.686,2.688,120918000.0,395012000.0,613629000.0,613629000.0,0.0,0.022,0.051,0.044,0.133,2788000.0,44705000.0,1.0,88700402.0,88752000,97856000.0,6.914,1606919000.0,0.0,16432000.0,208609000.0,18.106,13495000.0
66,NFX,MRT,2002-03-31,2002-03-31,2002-03-31,2018-10-31,-7160000.0,1608022000.0,1665463750.0,171903000.0,1436119000.0,0.392,7.784,-466808000.0,25128000.0,25128000.0,104266000.0,76929000.0,1.148,1.336,410642000.0,0.0,410642000.0,410642000.0,0.0,284954000.0,0.0,0.0,0.0,143251000.0,428205000.0,0.656,428205000.0,143251000.0,115173000.0,0.87,0.85,0.87,688276000.0,718147250.0,688276000.0,2039783878.0,14.0,4.764,-67318000.0,-0.761,1.0,548499000.0,0.84,0.0,28078000.0,1843809000.0,1855196500.0,8125000.0,0.0,0.0,0.0,919746000.0,149727000.0,770019000.0,1637762878.0,-38478000.0,0.0,-18529000.0,61000000.0,0.0,42471000.0,-478090000.0,0.0,399490000.0,-2349000.0,76929000.0,76929000.0,76929000.0,-6394000.0,0.0,0.118,434646000.0,113853000.0,6156000.0,0.0,2.38,21.289,21.259,1424651000.0,0.0,18.495,2.509,2.505,87580000.0,378742000.0,652765000.0,652765000.0,0.0,0.046,0.107,0.077,0.219,2734000.0,43681000.0,1.0,88551656.0,88424000,97490000.0,7.382,1608022000.0,0.0,38244000.0,211112000.0,18.185,22176000.0
67,NFX,MRT,2001-12-31,2001-12-31,2001-12-31,2018-10-31,-8918000.0,1663371000.0,1649750500.0,230604000.0,1432767000.0,0.433,8.021,-490451000.0,26610000.0,26610000.0,105676000.0,118954000.0,1.397,1.343,428631000.0,0.0,428631000.0,428631000.0,0.0,274893000.0,0.0,0.0,0.0,211539000.0,486432000.0,0.681,486432000.0,211539000.0,183680000.0,1.345,1.28,1.345,709978000.0,700946750.0,709978000.0,1922516221.0,9.0,3.952,11921000.0,0.135,1.0,608376000.0,0.852,0.0,27859000.0,1900361000.0,1794292250.0,7332000.0,0.0,0.0,0.0,953393000.0,165031000.0,788362000.0,1562091221.0,8159000.0,-264089000.0,-21752000.0,294879000.0,0.0,273127000.0,-765822000.0,0.0,502372000.0,-1518000.0,118954000.0,118954000.0,118954000.0,-6394000.0,0.0,0.167,423525000.0,184851000.0,9172000.0,0.0,2.2,13.132,13.201,1415452000.0,0.0,17.755,2.188,2.201,92644000.0,362416000.0,714052000.0,714052000.0,0.0,0.072,0.17,0.118,0.296,2751000.0,42621000.0,1.0,87980356.0,88516036,97787254.0,8.067,1663371000.0,0.0,64726000.0,237298000.0,18.792,65573000.0
68,NFX,MRT,2001-09-30,2001-09-30,2001-09-30,2018-10-31,-8106000.0,1742900000.0,1489720250.0,235980000.0,1506920000.0,0.508,8.584,-487943000.0,33195000.0,33195000.0,119513000.0,204622000.0,1.335,1.296,393620000.0,0.0,393620000.0,393620000.0,0.0,259782000.0,0.0,0.0,0.0,344307000.0,604089000.0,0.798,604089000.0,344307000.0,320666000.0,2.33,2.16,2.33,759162000.0,653316000.0,759162000.0,1590705630.0,5.0,2.633,44045000.0,0.498,1.0,637504000.0,0.842,0.0,23641000.0,1926603000.0,1568564500.0,10796000.0,0.0,0.0,0.0,983738000.0,176722000.0,807016000.0,1290885630.0,-10758000.0,-264089000.0,-22499000.0,230879000.0,0.0,208380000.0,-752032000.0,0.0,531988000.0,906000.0,204622000.0,204622000.0,204622000.0,0.0,0.0,0.27,304827000.0,332677000.0,7101000.0,0.0,1.7,6.309,6.266,1480406000.0,0.0,14.6,1.705,1.706,103641000.0,401526000.0,757017000.0,757017000.0,0.0,0.137,0.313,0.22,0.455,2812000.0,44542000.0,1.0,88416824.0,88438000,97596000.0,8.56,1742900000.0,0.0,116044000.0,258603000.0,19.708,59258000.0
69,NFX,MRT,2001-06-30,2001-06-30,2001-06-30,2018-10-31,-6901000.0,1647562000.0,1295929250.0,239892000.0,1407670000.0,0.559,8.008,-388599000.0,51789000.0,51789000.0,105782000.0,205198000.0,1.215,1.304,351609000.0,0.0,351609000.0,351609000.0,0.0,236512000.0,0.0,0.0,0.0,339492000.0,576004000.0,0.795,576004000.0,339492000.0,318933000.0,2.355,2.18,2.355,715173000.0,582543750.0,715173000.0,1718117913.0,5.0,2.983,167388000.0,1.874,1.0,618407000.0,0.854,0.0,20559000.0,1750013000.0,1326642500.0,9677000.0,0.0,0.0,0.0,932389000.0,197369000.0,735020000.0,1432124913.0,32284000.0,-264089000.0,-13688000.0,141879000.0,0.0,128191000.0,-652688000.0,0.0,555987000.0,794000.0,205198000.0,205198000.0,205198000.0,0.0,0.0,0.283,278225000.0,340182000.0,19435000.0,0.0,2.002,6.979,6.807,1388148000.0,0.0,16.03,1.978,1.977,113910000.0,358550000.0,724189000.0,724189000.0,0.0,0.158,0.352,0.256,0.469,2850000.0,41210000.0,1.0,89340294.0,89302000,98628000.0,8.109,1647562000.0,0.0,113735000.0,225038000.0,18.449,42523000.0
70,NFX,MRT,2001-03-31,2001-03-31,2001-03-31,2018-10-31,-7941000.0,1545169000.0,1116878500.0,212398000.0,1332771000.0,0.571,7.02,-282746000.0,63606000.0,63606000.0,92156000.0,175517000.0,0.92,1.494,349599000.0,0.0,349599000.0,349599000.0,0.0,211117000.0,0.0,0.0,0.0,288581000.0,499698000.0,0.783,499698000.0,288581000.0,271750000.0,2.04,1.89,2.04,619474000.0,511845500.0,619474000.0,1674668117.0,6.0,3.351,174614000.0,1.979,1.0,545990000.0,0.856,0.0,16831000.0,1600192000.0,1144598250.0,9366000.0,0.0,0.0,0.0,925695000.0,230970000.0,694725000.0,1559408117.0,37284000.0,-264089000.0,3575000.0,120879000.0,0.0,124454000.0,-546835000.0,0.0,457360000.0,2305000.0,175517000.0,175517000.0,175517000.0,0.0,0.0,0.275,248054000.0,297936000.0,13565000.0,0.0,2.517,8.885,8.554,1316014000.0,0.0,17.45,2.444,2.413,122097000.0,301813000.0,638146000.0,638146000.0,0.0,0.157,0.343,0.252,0.452,3053000.0,36434000.0,1.0,89364362.0,88250000,97764000.0,7.231,1545169000.0,0.0,96233000.0,173456000.0,17.509,-18572000.0
71,NFX,MRT,2000-12-31,2000-12-31,2000-12-31,2018-10-31,-4644000.0,1023250000.0,957790250.0,179557000.0,843693000.0,0.55,6.135,-355547000.0,18451000.0,18451000.0,81644000.0,132349000.0,1.273,0.97,133711000.0,0.0,133711000.0,133711000.0,0.0,191182000.0,0.0,0.0,0.0,217002000.0,408184000.0,0.775,408184000.0,217002000.0,202329000.0,1.565,1.465,1.565,519455000.0,456727500.0,519455000.0,2136330362.0,10.0,5.234,-39103000.0,-0.462,1.0,444998000.0,0.845,0.0,14673000.0,997450000.0,999017500.0,7572000.0,0.0,0.0,0.0,503795000.0,141060000.0,362735000.0,2017580362.0,-23390000.0,0.0,6933000.0,9000000.0,0.0,15933000.0,-355547000.0,0.0,316444000.0,-220000.0,132349000.0,132349000.0,132349000.0,0.0,0.0,0.251,223769000.0,221229000.0,10209000.0,0.0,3.884,15.244,15.157,836935000.0,0.0,23.72,3.831,3.813,147643000.0,243462000.0,526642000.0,526642000.0,0.0,0.138,0.29,0.217,0.412,3047000.0,32084000.0,1.0,85058194.0,84665670,94455416.0,6.22,1023250000.0,0.0,69980000.0,79244000.0,12.086,38497000.0
72,NFX,MRT,2000-09-30,2000-09-30,2000-09-30,2018-10-31,-4850000.0,967736000.0,897368000.0,161560000.0,806176000.0,0.512,5.602,-330032000.0,43953000.0,43953000.0,77853000.0,102385000.0,1.266,1.033,162703000.0,0.0,162703000.0,162703000.0,0.0,178794000.0,0.0,0.0,0.0,168898000.0,347692000.0,0.757,347692000.0,168898000.0,155670000.0,1.215,1.155,1.215,476073000.0,420618250.0,476073000.0,2173780827.0,13.0,6.252,-30913000.0,-0.364,1.0,381268000.0,0.83,0.0,13228000.0,958915000.0,943073000.0,17433000.0,0.0,0.0,0.0,491663000.0,127571000.0,364092000.0,1983591827.0,13528000.0,-296000.0,7176000.0,38000000.0,0.0,45176000.0,-330328000.0,0.0,299119000.0,-439000.0,102385000.0,102385000.0,102385000.0,0.0,0.0,0.223,206264000.0,175004000.0,119669000.0,0.0,4.167,19.374,19.214,799232000.0,0.0,23.345,4.32,4.321,94952000.0,202135000.0,459121000.0,459121000.0,0.0,0.114,0.243,0.179,0.368,2776000.0,28955000.0,1.0,84968594.0,84986000,94732000.0,5.402,967736000.0,0.0,53285000.0,50804000.0,11.387,33989000.0
73,NFX,MRT,2000-06-30,2000-06-30,2000-06-30,2018-10-31,-2160000.0,931359000.0,835191500.0,127640000.0,803719000.0,0.464,5.099,-372360000.0,19505000.0,19505000.0,69682000.0,71238000.0,1.28,1.154,209694000.0,0.0,209694000.0,209694000.0,0.0,166187000.0,0.0,0.0,0.0,122252000.0,288439000.0,0.745,288439000.0,122252000.0,110164000.0,0.855,0.825,0.855,432380000.0,390557000.0,432380000.0,1859308366.0,15.0,6.446,-148978000.0,-1.757,1.0,317656000.0,0.82,0.0,12088000.0,1021836000.0,892746250.0,14552000.0,0.0,0.0,0.0,498979000.0,99712000.0,399267000.0,1656943366.0,15824000.0,-10977000.0,7575000.0,25000000.0,0.0,176325000.0,-383337000.0,0.0,223382000.0,-546000.0,71238000.0,71238000.0,71238000.0,0.0,0.0,0.184,189442000.0,128214000.0,95943000.0,0.0,3.832,23.259,22.889,796589000.0,0.0,19.57,4.278,4.285,89440000.0,157797000.0,387338000.0,387338000.0,0.0,0.085,0.182,0.137,0.316,2503000.0,24246000.0,1.0,84667520.0,84804000,94644000.0,4.567,931359000.0,0.0,38926000.0,37937000.0,10.982,27928000.0
74,NFX,MRT,2000-03-31,2000-03-31,2000-03-31,2018-10-31,-1867000.0,908816000.0,751891250.0,111560000.0,797256000.0,0.442,4.763,-352617000.0,26322000.0,26322000.0,63004000.0,48557000.0,1.196,1.278,228687000.0,0.0,228687000.0,228687000.0,0.0,157065000.0,0.0,0.0,0.0,88998000.0,246063000.0,0.74,246063000.0,88998000.0,76699000.0,0.59,0.575,0.59,399002000.0,367547500.0,399002000.0,1558545763.0,18.0,6.334,-137677000.0,-1.644,1.0,269702000.0,0.811,0.0,12299000.0,1017869000.0,823258000.0,8990000.0,0.0,0.0,0.0,509814000.0,93312000.0,416502000.0,1475707763.0,26183000.0,-10977000.0,9870000.0,23000000.0,0.0,176620000.0,-363594000.0,0.0,214940000.0,-1783000.0,48557000.0,48557000.0,48557000.0,0.0,0.0,0.146,176811000.0,92891000.0,89208000.0,0.0,3.698,30.391,29.873,790550000.0,0.0,17.625,4.435,4.437,70546000.0,128236000.0,332706000.0,332706000.0,0.0,0.065,0.132,0.108,0.267,2058000.0,20276000.0,1.0,83728100.0,83764000,93528000.0,3.972,908816000.0,0.0,28142000.0,35645000.0,10.85,18248000.0
75,NFX,MRT,1999-12-31,1999-12-31,1999-12-31,2018-10-31,-179000.0,781561000.0,674934250.0,125929000.0,655632000.0,0.427,4.552,-199840000.0,41841000.0,41841000.0,53698000.0,33204000.0,1.388,1.084,124679000.0,0.0,124679000.0,124679000.0,0.0,152644000.0,0.0,0.0,0.0,65579000.0,218223000.0,0.758,218223000.0,65579000.0,52015000.0,0.405,0.395,0.405,375018000.0,349659500.0,375018000.0,1207211352.0,18.0,5.532,-14937000.0,-0.181,1.0,234191000.0,0.813,0.0,13564000.0,773672000.0,763637500.0,9962000.0,0.0,0.0,0.0,406543000.0,90727000.0,315816000.0,1112964352.0,41749000.0,-10977000.0,8008000.0,-84000000.0,0.0,67758000.0,-210817000.0,0.0,184903000.0,-95000.0,33204000.0,33204000.0,33204000.0,0.0,0.0,0.115,169048000.0,65143000.0,7035000.0,0.0,2.968,33.519,33.025,648211000.0,0.0,13.375,3.866,3.828,67744000.0,111113000.0,287889000.0,287889000.0,0.0,0.049,0.095,0.086,0.228,1999000.0,16404000.0,1.0,83212288.0,82388042,84587730.0,3.494,781561000.0,0.0,18811000.0,36801000.0,9.486,35202000.0
76,NFX,MRT,1999-09-30,1999-09-30,1999-09-30,2018-10-31,-358000.0,719030000.0,636871750.0,85526000.0,633504000.0,0.386,4.285,-206353000.0,30425000.0,30425000.0,46049000.0,-52423000.0,1.536,1.021,124672000.0,0.0,124672000.0,124672000.0,0.0,148351000.0,0.0,0.0,0.0,-68160000.0,80191000.0,0.326,80191000.0,-68160000.0,-79927000.0,-0.725,-0.725,-0.725,355828000.0,336892000.0,355828000.0,1547402353.0,-23.0,19.296,-50974000.0,-0.614,1.0,199879000.0,0.813,0.0,11767000.0,757608000.0,766168000.0,9234000.0,0.0,0.0,0.0,363202000.0,55669000.0,307533000.0,1366419353.0,27031000.0,-10681000.0,8024000.0,-63000000.0,0.0,88774000.0,-217034000.0,0.0,155379000.0,-88000.0,-52423000.0,-52423000.0,-52423000.0,0.0,0.0,-0.213,267748000.0,-67869000.0,55283000.0,0.0,3.84,-26.065,-22.717,625916000.0,0.0,16.47,5.556,5.561,42777000.0,94519000.0,245928000.0,245928000.0,0.0,-0.082,-0.156,-0.089,-0.277,2012000.0,14652000.0,1.0,82964138.0,83034000,85180000.0,2.962,719030000.0,0.0,-27504000.0,26829000.0,8.659,29857000.0
77,NFX,MRT,1999-06-30,1999-06-30,1999-06-30,2018-10-31,0.0,598158000.0,638079250.0,39593000.0,558565000.0,0.333,4.143,-228857000.0,3681000.0,3681000.0,41849000.0,-63978000.0,1.123,0.758,184664000.0,0.0,184664000.0,184664000.0,0.0,139248000.0,0.0,0.0,0.0,-85551000.0,53697000.0,0.253,53697000.0,-85551000.0,-97831000.0,-0.865,-0.86,-0.865,340342000.0,345315250.0,340342000.0,1370975065.0,-16.0,25.532,-89681000.0,-1.092,1.0,170727000.0,0.803,0.0,12280000.0,743883000.0,788429500.0,0.0,0.0,0.0,0.0,257816000.0,35258000.0,222558000.0,1165457065.0,-6497000.0,0.0,90184000.0,-7000000.0,0.0,83184000.0,-228857000.0,0.0,139176000.0,0.0,-63978000.0,-63978000.0,-63978000.0,0.0,0.0,-0.301,256918000.0,-86191000.0,32291000.0,0.0,3.424,-18.217,-16.439,555422000.0,0.0,14.22,5.483,5.496,32255000.0,82114000.0,212576000.0,212576000.0,0.0,-0.1,-0.185,-0.109,-0.402,2105000.0,12832000.0,1.0,81959006.0,82156000,84442000.0,2.587,598158000.0,0.0,-33853000.0,27899000.0,7.281,4335000.0
78,NFX,MRT,1999-03-31,1999-03-31,1999-03-31,2018-10-31,0.0,600988000.0,644620000.0,30847000.0,570141000.0,0.314,4.041,-279944000.0,139000.0,139000.0,40961000.0,-64581000.0,1.137,0.835,205657000.0,0.0,205657000.0,205657000.0,0.0,132565000.0,0.0,0.0,0.0,-87505000.0,45060000.0,0.223,45060000.0,-87505000.0,-98885000.0,-0.87,-0.86,-0.87,327450000.0,336362250.0,327450000.0,1124243678.0,-13.0,24.95,-149662000.0,-1.847,1.0,161445000.0,0.798,0.0,11380000.0,779387000.0,790283500.0,0.0,0.0,0.0,0.0,273538000.0,27119000.0,246419000.0,915685678.0,-27095000.0,0.0,86567000.0,36000000.0,0.0,122567000.0,-279944000.0,0.0,130282000.0,0.0,-64581000.0,-64581000.0,-64581000.0,0.0,0.0,-0.319,249737000.0,-88292000.0,25323000.0,0.0,2.796,-14.179,-13.006,566860000.0,0.0,11.315,4.524,4.529,29556000.0,77739000.0,202406000.0,202406000.0,0.0,-0.1,-0.192,-0.111,-0.432,2217000.0,12222000.0,1.0,80926706.0,81024000,81024000.0,2.498,600988000.0,0.0,-34304000.0,29509000.0,7.417,3728000.0
79,NFX,MRT,1998-12-31,1998-12-31,1998-12-31,2018-10-31,0.0,629311000.0,642951500.0,45269000.0,584042000.0,0.31,4.341,-318991000.0,92000.0,92000.0,39134000.0,-57699000.0,0.837,0.943,208650000.0,0.0,208650000.0,208650000.0,0.0,123147000.0,0.0,0.0,0.0,-78868000.0,44279000.0,0.222,44279000.0,-78868000.0,-88376000.0,-0.775,-0.775,-0.775,323948000.0,329523750.0,323948000.0,1025487809.0,-13.0,23.16,-172416000.0,-2.31,1.0,160340000.0,0.804,0.0,9508000.0,783794000.0,766284750.0,0.0,0.0,0.0,0.0,305363000.0,54075000.0,251288000.0,841238809.0,-8125000.0,0.0,85291000.0,79000000.0,0.0,164291000.0,-318991000.0,0.0,146575000.0,0.0,-57699000.0,-57699000.0,-57699000.0,0.0,0.0,-0.289,240172000.0,-79832000.0,52123000.0,0.0,2.597,-14.58,-13.471,580631000.0,0.0,10.44,4.217,3.906,43095000.0,77909000.0,199474000.0,199474000.0,0.0,-0.09,-0.175,-0.103,-0.395,2222000.0,12070000.0,1.0,80578430.0,74623856,74623856.0,2.673,629311000.0,0.0,-30677000.0,31171000.0,8.433,-8806000.0
80,NFX,MRT,1998-09-30,1998-09-30,1998-09-30,2018-10-31,0.0,723860000.0,624029000.0,43083000.0,680777000.0,0.329,5.304,-332068000.0,3394000.0,3394000.0,31357000.0,23562000.0,0.701,0.858,187643000.0,0.0,187643000.0,187643000.0,0.0,113613000.0,0.0,0.0,0.0,44899000.0,158512000.0,0.772,158512000.0,44899000.0,36349000.0,0.325,0.31,0.325,389521000.0,321548750.0,389521000.0,995732663.0,22.0,6.282,-164473000.0,-2.239,1.0,174087000.0,0.847,0.0,8550000.0,846654000.0,722994500.0,0.0,0.0,0.0,0.0,334339000.0,61455000.0,272884000.0,814274663.0,-11885000.0,0.0,84969000.0,67619000.0,0.0,152588000.0,-332068000.0,0.0,167595000.0,0.0,23562000.0,23562000.0,23562000.0,0.0,0.0,0.115,130344000.0,43743000.0,52897000.0,0.0,2.09,34.559,34.615,677481000.0,0.0,11.25,3.963,4.022,35911000.0,146942000.0,205444000.0,205444000.0,0.0,0.038,0.073,0.062,0.219,1867000.0,10610000.0,1.0,72379970.0,73442000,77552000.0,2.797,723860000.0,0.0,12787000.0,69725000.0,9.856,-18372000.0
81,NFX,MRT,1998-06-30,1998-06-30,1998-06-30,2018-10-31,0.0,624321000.0,,49664000.0,574657000.0,,4.209,-279465000.0,10178000.0,10178000.0,29755000.0,31427000.0,0.912,1.05,191636000.0,0.0,191636000.0,191636000.0,0.0,109776000.0,0.0,0.0,0.0,54715000.0,164491000.0,0.783,164491000.0,54715000.0,48427000.0,0.435,0.415,0.435,304530000.0,,304530000.0,1042338039.0,19.0,6.337,-109686000.0,-1.516,1.0,180256000.0,0.858,0.0,6288000.0,751299000.0,,0.0,0.0,0.0,0.0,319791000.0,54480000.0,265311000.0,899943039.0,-3076000.0,0.0,2543000.0,104067000.0,0.0,106610000.0,-279465000.0,0.0,169779000.0,0.0,31427000.0,31427000.0,31427000.0,0.0,0.0,0.15,126667000.0,53589000.0,50317000.0,0.0,2.955,28.636,28.598,571516000.0,0.0,12.44,4.285,4.286,37063000.0,146092000.0,210011000.0,210011000.0,0.0,,,,0.261,1577000.0,11060000.0,1.0,72342688.0,72350000,76696000.0,2.903,624321000.0,0.0,17000000.0,69254000.0,8.629,-4816000.0
82,NFX,MRT,1998-03-31,1998-03-31,1998-03-31,2018-10-31,0.0,594314000.0,,60151000.0,534163000.0,,4.162,-267710000.0,27234000.0,27234000.0,26193000.0,35428000.0,1.128,0.98,169629000.0,0.0,169629000.0,169629000.0,0.0,101618000.0,0.0,0.0,0.0,59130000.0,160748000.0,0.794,160748000.0,59130000.0,54534000.0,0.495,0.47,0.495,300096000.0,,300096000.0,1062223521.0,18.0,6.608,-102971000.0,-1.428,1.0,176261000.0,0.871,0.0,4596000.0,683392000.0,,0.0,0.0,0.0,0.0,294218000.0,53317000.0,240901000.0,940817521.0,14415000.0,0.0,7870000.0,109516000.0,0.0,117386000.0,-267710000.0,0.0,164739000.0,0.0,35428000.0,35428000.0,35428000.0,0.0,0.0,0.175,118205000.0,58056000.0,48873000.0,0.0,3.135,26.556,26.323,530934000.0,0.0,13.03,4.647,4.641,30031000.0,142320000.0,202454000.0,202454000.0,0.0,,,,0.292,1282000.0,11051000.0,1.0,72203954.0,72102000,76568000.0,2.808,594314000.0,0.0,19106000.0,66964000.0,8.243,6834000.0
83,NFX,MRT,1997-12-31,1997-12-31,1997-12-31,2018-10-31,0.0,553621000.0,474779500.0,64766000.0,488855000.0,0.42,4.1,-242962000.0,8217000.0,8217000.0,24308000.0,40603000.0,1.006,0.896,129623000.0,0.0,129623000.0,129623000.0,0.0,94000000.0,0.0,0.0,0.0,65689000.0,159689000.0,0.801,159689000.0,65689000.0,62421000.0,0.57,0.535,0.57,292048000.0,265975000.0,292048000.0,,,,-82624000.0,-1.16,1.0,175091000.0,0.878,0.0,3268000.0,610633000.0,501798500.0,0.0,0.0,0.0,0.0,261573000.0,64394000.0,197179000.0,841537084.0,-5073000.0,0.0,8095000.0,69456000.0,0.0,77551000.0,-242962000.0,0.0,160338000.0,0.0,40603000.0,40603000.0,40603000.0,0.0,0.0,0.204,110524000.0,64567000.0,63834000.0,0.0,2.882,20.726,20.447,485574000.0,0.0,11.655,4.22,4.163,54123000.0,135608000.0,199399000.0,199399000.0,0.0,0.086,0.153,0.131,0.329,1177000.0,11093000.0,1.0,72203954.0,71224976,76034354.0,2.8,553621000.0,0.0,21818000.0,63710000.0,7.773,372000.0
84,NFX,MRT,1997-09-30,1997-09-30,1997-09-30,2018-10-31,,,,,,,,,,,,,,,,,,,,,,0.0,0.0,,,,,,,,,,,,,,,,,,1.0,,,,,,,,,,,,,,,,,,,,,,,,,,,,,,,,,,,,,,,,14.03,,,,,,,,,,,,,,1.0,,71518000,,,,,,,,
85,NFX,MRT,1997-06-30,1997-06-30,1997-06-30,2018-10-31,,,,,,,,,,,,,,,,,,,,,,0.0,0.0,,,,,,,,,,,,,,,,,,1.0,,,,,,,,,,,,,,,,,,,,,,,,,,,,,,,,,,,,,,,,10.0,,,,,,,,,,,,,,1.0,,71010000,,,,,,,,
86,NFX,MRT,1997-03-31,1997-03-31,1997-03-31,2018-10-31,,,,,,,,,,,,,,,,,,,,,,0.0,0.0,,,,,,,,,,,,,,,,,,1.0,,,,,,,,,,,,,,,,,,,,,,,,,,,,,,,,,,,,,,,,9.5,,,,,,,,,,,,,,1.0,,70500000,,,,,,,,
87,NFX,MRT,1996-12-31,1996-12-31,1996-12-31,2018-10-31,0.0,395938000.0,,61283000.0,334655000.0,,3.44,-159537000.0,13290000.0,13290000.0,16946000.0,38494000.0,1.229,0.65,60163000.0,163000.0,60000000.0,60163000.0,0.0,64026000.0,0.0,0.0,0.0,59706000.0,123732000.0,0.829,123732000.0,59706000.0,59286000.0,0.55,0.515,0.55,239902000.0,,239902000.0,,,,-32043000.0,-0.459,1.0,132310000.0,0.886,0.0,420000.0,392964000.0,,0.0,0.0,0.0,0.0,156036000.0,49847000.0,106189000.0,,757000.0,0.0,3210000.0,29590000.0,0.0,32800000.0,-159537000.0,0.0,127494000.0,0.0,38494000.0,38494000.0,38494000.0,0.0,0.0,0.258,73521000.0,58789000.0,46072000.0,0.0,,,23.636,330015000.0,0.0,13.0,,6.075,46814000.0,95005000.0,149256000.0,149256000.0,0.0,,,,0.4,1943000.0,7552000.0,1.0,,69744226,74817848.0,2.14,395938000.0,0.0,20792000.0,44141000.0,5.677,11436000.0
88,NFX,MRT,1995-12-31,1995-12-31,1995-12-31,2018-10-31,,,,,,,,-107556000.0,,,14227000.0,16264000.0,,,,,,,,49904000.0,,0.0,0.0,25214000.0,75118000.0,0.794,75118000.0,25214000.0,25006000.0,0.24,0.225,0.24,,,,,,,-39916000.0,-0.588,1.0,80371000.0,0.85,,208000.0,,,,,,,,,,,2121000.0,0.0,4343000.0,29467000.0,0.0,33810000.0,-99329000.0,8227000.0,67640000.0,0.0,16264000.0,16264000.0,16264000.0,0.0,0.0,0.172,56145000.0,24226000.0,,0.0,,,28.125,,0.0,6.75,,4.843,,,94598000.0,94598000.0,0.0,,,,0.267,692000.0,5549000.0,,,67870620,72908046.0,1.394,,,8742000.0,,,
