None,ticker,dimension,calendardate,datekey,reportperiod,lastupdated,accoci,assets,assetsavg,assetsc,assetsnc,assetturnover,bvps,capex,cashneq,cashnequsd,cor,consolinc,currentratio,de,debt,debtc,debtnc,debtusd,deferredrev,depamor,deposits,divyield,dps,ebit,ebitda,ebitdamargin,ebitdausd,ebitusd,ebt,eps,epsdil,epsusd,equity,equityavg,equityusd,ev,evebit,evebitda,fcf,fcfps,fxusd,gp,grossmargin,intangibles,intexp,invcap,invcapavg,inventory,investments,investmentsc,investmentsnc,liabilities,liabilitiesc,liabilitiesnc,marketcap,ncf,ncfbus,ncfcommon,ncfdebt,ncfdiv,ncff,ncfi,ncfinv,ncfo,ncfx,netinc,netinccmn,netinccmnusd,netincdis,netincnci,netmargin,opex,opinc,payables,payoutratio,pb,pe,pe1,ppnenet,prefdivis,price,ps,ps1,receivables,retearn,revenue,revenueusd,rnd,roa,roe,roic,ros,sbcomp,sgna,sharefactor,sharesbas,shareswa,shareswadil,sps,tangibles,taxassets,taxexp,taxliabilities,tbvps,workingcapital
0,CLF,MRY,2020-12-31,2020-12-31,2020-12-31,2021-07-28,-133000000.0,16771000000.0,10663725000.0,5298000000.0,11473000000.0,0.502,5.055,-525000000.0,112000000.0,112000000.0,5102000000.0,-81000000.0,1.809,6.785,5390000000.0,0.0,5390000000.0,5390000000.0,0.0,308000000.0,0.0,0.008,0.12,5000000.0,313000000.0,0.058,313000000.0,5000000.0,-233000000.0,-0.32,-0.32,-0.32,2018000000.0,1131175000.0,2018000000.0,10240858963.0,2048.0,32.718,-786000000.0,-1.969,1.0,252000000.0,0.047,1406000000.0,238000000.0,17714000000.0,13081100000.0,3828000000.0,0.0,0.0,0.0,13692000000.0,2929000000.0,10763000000.0,5812958963.0,-241000000.0,-1527000000.0,0.0,2174000000.0,-41000000.0,2059000000.0,-2042000000.0,0.0,-261000000.0,0.0,-122000000.0,-122000000.0,-122000000.0,-1000000.0,41000000.0,-0.023,334000000.0,-82000000.0,1575000000.0,-0.375,2.881,-47.647,-45.5,8743000000.0,0.0,14.56,1.086,1.086,1169000000.0,-2989000000.0,5354000000.0,5354000000.0,0.0,-0.011,-0.108,0.0,0.001,0.0,244000000.0,1.0,399241687.0,399241687,,13.41,15365000000.0,537000000.0,-111000000.0,0.0,38.485,2369000000.0
1,CLF,MRY,2019-12-31,2019-12-31,2019-12-31,2021-07-28,-319000000.0,3504000000.0,3423675000.0,898000000.0,2606000000.0,0.581,1.294,-656000000.0,353000000.0,353000000.0,1414000000.0,293000000.0,2.196,8.788,2114000000.0,0.0,2114000000.0,2114000000.0,0.0,85000000.0,0.0,0.031,0.26,412000000.0,497000000.0,0.25,497000000.0,412000000.0,311000000.0,1.06,1.03,1.06,358000000.0,316300000.0,358000000.0,3978489539.0,10.0,8.005,-93000000.0,-0.336,1.0,576000000.0,0.289,2000000.0,101000000.0,4854000000.0,4712175000.0,317000000.0,0.0,0.0,0.0,3146000000.0,409000000.0,2737000000.0,2268689539.0,-470000000.0,0.0,-253000000.0,-15000000.0,-72000000.0,-394000000.0,-644000000.0,0.0,563000000.0,0.0,293000000.0,293000000.0,293000000.0,2000000.0,0.0,0.147,120000000.0,456000000.0,193000000.0,0.245,6.337,7.743,7.925,1929000000.0,0.0,8.4,1.14,1.168,94000000.0,-2842000000.0,1990000000.0,1990000000.0,0.0,0.086,0.926,0.087,0.207,0.0,113000000.0,1.0,270082088.0,276761000,284480000.0,7.19,3502000000.0,519000000.0,18000000.0,38000000.0,12.654,489000000.0
2,CLF,MRY,2018-12-31,2018-12-31,2018-12-31,2021-07-28,-283900000.0,3529600000.0,3142250000.0,1479600000.0,2050000000.0,0.742,1.427,-296000000.0,823200000.0,823200000.0,1523000000.0,1128000000.0,3.16,7.321,2092900000.0,0.0,2092900000.0,2092900000.0,0.0,89000000.0,0.0,0.0,0.0,772000000.0,861000000.0,0.369,861000000.0,772000000.0,653000000.0,3.8,3.71,3.8,424200000.0,-113325000.0,424200000.0,3694661811.0,5.0,4.291,183000000.0,0.616,1.0,809000000.0,0.347,0.0,119000000.0,4331100000.0,4127250000.0,181100000.0,91500000.0,91500000.0,0.0,3105400000.0,468200000.0,2637200000.0,2291761811.0,-155000000.0,0.0,-48000000.0,-237000000.0,0.0,-376000000.0,-273000000.0,0.0,479000000.0,-2000000.0,1128000000.0,1128000000.0,1128000000.0,-88000000.0,0.0,0.484,113000000.0,696000000.0,186800000.0,0.0,5.403,2.032,2.024,1286000000.0,0.0,7.69,0.983,0.98,226700000.0,-3060200000.0,2332000000.0,2332000000.0,0.0,0.359,-9.954,0.187,0.331,0.0,113000000.0,1.0,298018441.0,297176000,304141000.0,7.847,3529600000.0,703400000.0,-475000000.0,35500000.0,11.877,1011400000.0
3,CLF,MRY,2017-12-31,2017-12-31,2017-12-31,2021-07-28,-39000000.0,2953400000.0,2208125000.0,1544600000.0,1408800000.0,0.845,-1.54,-151700000.0,978300000.0,978300000.0,1398400000.0,363100000.0,3.416,-7.647,2304200000.0,0.0,2304200000.0,2304200000.0,0.0,87700000.0,0.0,0.0,0.0,241400000.0,329100000.0,0.176,329100000.0,241400000.0,114600000.0,1.28,1.26,1.28,-444300000.0,-724200000.0,-444300000.0,3566437266.0,15.0,10.837,186400000.0,0.646,1.0,467600000.0,0.251,0.0,126800000.0,3827100000.0,3158150000.0,227200000.0,89500000.0,89500000.0,0.0,3397500000.0,452200000.0,2945300000.0,2137837266.0,684300000.0,0.0,661300000.0,22200000.0,0.0,498900000.0,-156000000.0,0.0,338100000.0,3300000.0,367000000.0,367000000.0,367000000.0,-2500000.0,-3900000.0,0.197,102900000.0,364700000.0,99500000.0,0.0,-4.812,5.825,5.633,1033800000.0,0.0,7.21,1.146,1.114,106700000.0,-4207300000.0,1866000000.0,1866000000.0,0.0,0.166,-0.507,0.076,0.129,0.0,102900000.0,1.0,296510023.0,288435000,292961000.0,6.469,2953400000.0,248600000.0,-252400000.0,30200000.0,10.239,1092400000.0
4,CLF,MRY,2016-12-31,2016-12-31,2016-12-31,2021-07-28,-21300000.0,1923900000.0,1858525000.0,824600000.0,1099300000.0,0.836,-7.408,-69100000.0,323400000.0,323400000.0,1274400000.0,199300000.0,2.108,-2.222,2175100000.0,0.0,2175100000.0,2175100000.0,0.0,115400000.0,0.0,0.0,0.0,355800000.0,471200000.0,0.303,471200000.0,355800000.0,161900000.0,0.88,0.87,0.88,-1464300000.0,-1674675000.0,-1464300000.0,4003044705.0,11.0,8.495,233900000.0,1.183,1.0,280100000.0,0.18,0.0,193900000.0,3384500000.0,3659925000.0,269800000.0,81700000.0,81700000.0,0.0,3254400000.0,391100000.0,2863300000.0,1939344705.0,38200000.0,0.0,287400000.0,-406200000.0,0.0,-206400000.0,-57900000.0,0.0,303000000.0,-500000.0,174100000.0,174100000.0,174100000.0,-76700000.0,25200000.0,0.112,115800000.0,164300000.0,107600000.0,0.0,-1.324,11.139,9.557,984400000.0,0.0,8.41,1.248,1.069,128700000.0,-4574300000.0,1554500000.0,1554500000.0,0.0,0.094,-0.104,0.097,0.229,0.0,115800000.0,1.0,230599846.0,197659000,200145000.0,7.865,1923900000.0,0.0,-12200000.0,28300000.0,9.733,433500000.0
5,CLF,MRY,2015-12-31,2015-12-31,2015-12-31,2021-07-28,-18000000.0,2135500000.0,2429750000.0,982700000.0,1152800000.0,0.829,-12.931,-80800000.0,285200000.0,285200000.0,1776800000.0,-748400000.0,1.689,-1.992,2699400000.0,0.0,2699400000.0,2699400000.0,0.0,134000000.0,0.0,0.0,0.0,-351500000.0,-217500000.0,-0.108,-217500000.0,-351500000.0,-580000000.0,-5.14,-5.13,-5.14,-1981400000.0,-1958225000.0,-1981400000.0,2693807822.0,-8.0,-12.385,-42900000.0,-0.28,1.0,236500000.0,0.117,0.0,228500000.0,3968000000.0,4216125000.0,440000000.0,72900000.0,72900000.0,0.0,3947100000.0,581700000.0,3365400000.0,242407822.0,-5700000.0,0.0,0.0,198600000.0,0.0,61000000.0,-103200000.0,0.0,37900000.0,-1400000.0,-749300000.0,-787700000.0,-787700000.0,892100000.0,900000.0,-0.391,110000000.0,126500000.0,106300000.0,0.0,-0.122,-0.308,-0.307,1059000000.0,38400000.0,1.58,0.12,0.12,40200000.0,-4748400000.0,2013300000.0,2013300000.0,0.0,-0.324,0.402,-0.083,-0.175,0.0,110000000.0,1.0,153422672.0,153230000,153605000.0,13.139,2135500000.0,0.0,169300000.0,35200000.0,13.937,401000000.0
6,CLF,MRY,2014-12-31,2014-12-31,2014-12-31,2021-07-28,-245800000.0,3147200000.0,8565900000.0,1425300000.0,1721900000.0,0.394,-9.349,-284100000.0,271300000.0,271300000.0,2487500000.0,-8311600000.0,1.493,-3.411,2826500000.0,0.0,2826500000.0,2826500000.0,0.0,504000000.0,0.0,0.084,0.6,-7133500000.0,-6629500000.0,-1.965,-6629500000.0,-7133500000.0,-7310200000.0,-47.52,-47.52,-47.52,-1431300000.0,2661625000.0,-1431300000.0,4097014363.0,-1.0,-0.618,74800000.0,0.489,1.0,885700000.0,0.263,0.0,176700000.0,4747900000.0,10422625000.0,378700000.0,400000.0,400000.0,0.0,4881500000.0,954500000.0,3927000000.0,1093814363.0,-44600000.0,155000000.0,0.0,-58700000.0,-92500000.0,-288300000.0,-103600000.0,0.0,358900000.0,-11600000.0,-7224200000.0,-7275400000.0,-7275400000.0,8368000000.0,-1087400000.0,-2.157,790200000.0,95500000.0,166100000.0,-0.013,-0.764,-0.15,-0.15,1070500000.0,51200000.0,7.14,0.324,0.324,122700000.0,-3960700000.0,3373200000.0,3373200000.0,0.0,-0.849,-2.733,-0.684,-2.115,0.0,154700000.0,1.0,153195289.0,153098000,153098000.0,22.033,3147200000.0,393100000.0,-86000000.0,40700000.0,20.557,470800000.0
7,CLF,MRY,2013-12-31,2013-12-31,2013-12-31,2021-07-28,-112900000.0,13121900000.0,13526350000.0,1560000000.0,11561900000.0,0.288,40.003,-861600000.0,335500000.0,335500000.0,2406400000.0,361800000.0,1.437,1.028,3092500000.0,69900000.0,3022600000.0,3092500000.0,0.0,593300000.0,0.0,0.023,0.6,837500000.0,1430800000.0,0.368,1430800000.0,837500000.0,651100000.0,2.4,2.37,2.4,6069500000.0,5796250000.0,6069500000.0,7042082687.0,8.0,4.922,284300000.0,1.874,1.0,1484400000.0,0.382,0.0,186400000.0,14793400000.0,15215300000.0,607400000.0,0.0,0.0,0.0,6237600000.0,1085500000.0,5152100000.0,4013382687.0,140300000.0,0.0,285300000.0,-1010300000.0,-91900000.0,-171900000.0,-811300000.0,0.0,1145900000.0,-22400000.0,413500000.0,364800000.0,364800000.0,517100000.0,-51700000.0,0.094,178100000.0,1306300000.0,345500000.0,0.25,0.661,11.002,10.921,11153400000.0,48700000.0,26.21,1.032,1.022,270000000.0,3407300000.0,3890800000.0,3890800000.0,0.0,0.027,0.063,0.055,0.215,0.0,163800000.0,1.0,153124101.0,151726000,174323000.0,25.644,13121900000.0,115600000.0,237600000.0,1263800000.0,86.484,474500000.0
8,CLF,MRY,2012-12-31,2012-12-31,2012-12-31,2021-07-28,-55600000.0,13574900000.0,14739825000.0,1650000000.0,11924900000.0,0.398,32.544,-1127500000.0,195200000.0,195200000.0,4700600000.0,-1126600000.0,1.194,1.687,4054800000.0,94100000.0,3960700000.0,4054800000.0,0.0,525800000.0,0.0,0.056,2.155,-447900000.0,77900000.0,0.013,77900000.0,-447900000.0,-643500000.0,-6.32,-6.32,-6.32,4632700000.0,5851125000.0,4632700000.0,9343776390.0,-21.0,119.946,-613000000.0,-4.306,1.0,1172100000.0,0.2,0.0,195600000.0,16053000000.0,16027575000.0,725600000.0,0.0,0.0,0.0,7814000000.0,1381500000.0,6432500000.0,5496076390.0,-326400000.0,152600000.0,0.0,372200000.0,-307200000.0,119600000.0,-961800000.0,0.0,514500000.0,1300000.0,-899400000.0,-899400000.0,-899400000.0,-35900000.0,-227200000.0,-0.153,1474000000.0,-301900000.0,555500000.0,-0.341,1.186,-6.111,-6.103,11207300000.0,0.0,38.57,0.936,0.935,329000000.0,3217700000.0,5872700000.0,5872700000.0,142800000.0,-0.061,-0.154,-0.028,-0.076,0.0,282500000.0,1.0,142496147.0,142351000,142351000.0,41.255,13574900000.0,105400000.0,255900000.0,1202300000.0,95.362,268500000.0
9,CLF,MRY,2011-12-31,2011-12-31,2011-12-31,2021-07-28,-92600000.0,14541700000.0,12777750000.0,1911200000.0,12630500000.0,0.514,41.252,-880700000.0,519300000.0,519300000.0,3953000000.0,1812600000.0,1.272,1.297,3683500000.0,74800000.0,3608700000.0,3683500000.0,126600000.0,426900000.0,0.0,0.013,0.84,2233000000.0,2659900000.0,0.405,2659900000.0,2233000000.0,2026800000.0,11.55,11.48,11.55,5785000000.0,5331900000.0,5785000000.0,12317479495.0,6.0,4.631,1408100000.0,10.041,1.0,2610900000.0,0.398,1299100000.0,206200000.0,14904700000.0,13000575000.0,673800000.0,608700000.0,82100000.0,526600000.0,7502000000.0,1502100000.0,5999900000.0,8916779495.0,-1045100000.0,-4423500000.0,563900000.0,1578100000.0,-118900000.0,1975100000.0,-5304400000.0,-31900000.0,2288800000.0,-4600000.0,1619100000.0,1619100000.0,1619100000.0,-20100000.0,193500000.0,0.247,382000000.0,2228900000.0,364700000.0,0.073,1.541,5.507,5.398,10404100000.0,0.0,62.35,1.358,1.332,287900000.0,4424300000.0,6563900000.0,6563900000.0,80500000.0,0.127,0.304,0.172,0.34,0.0,248300000.0,1.0,143011700.0,140234000,141012000.0,46.807,13242600000.0,231400000.0,407700000.0,1327800000.0,94.432,409100000.0
10,CLF,MRY,2010-12-31,2010-12-31,2010-12-31,2021-07-28,45900000.0,7778200000.0,6506325000.0,2583700000.0,5194500000.0,0.689,28.425,-266900000.0,1566700000.0,1566700000.0,3025100000.0,1019900000.0,2.512,1.024,1713100000.0,0.0,1713100000.0,1713100000.0,215600000.0,322300000.0,0.0,0.007,0.508,1361800000.0,1684100000.0,0.376,1684100000.0,1361800000.0,1302400000.0,7.54,7.49,7.54,3845900000.0,3278225000.0,3845900000.0,11310795517.0,8.0,6.716,1053100000.0,7.783,1.0,1458700000.0,0.325,372300000.0,59400000.0,6523600000.0,5707100000.0,417300000.0,597400000.0,82600000.0,514800000.0,3939500000.0,1028700000.0,2910800000.0,10567195517.0,1064000000.0,-1185800000.0,0.0,1188100000.0,-68900000.0,1087600000.0,-1367700000.0,0.0,1320000000.0,24100000.0,1019900000.0,1019900000.0,1019900000.0,-22500000.0,0.0,0.227,205400000.0,1253300000.0,266500000.0,0.067,2.748,10.361,10.346,3979200000.0,0.0,78.01,2.357,2.354,359100000.0,2924100000.0,4483800000.0,4483800000.0,33700000.0,0.157,0.311,0.239,0.304,12500000.0,171700000.0,1.0,135459499.0,135301000,136138000.0,33.139,7405900000.0,183500000.0,282500000.0,206000000.0,54.736,1555000000.0
11,CLF,MRY,2009-12-31,2009-12-31,2009-12-31,2021-07-28,-122600000.0,4639300000.0,4368175000.0,1161200000.0,3478100000.0,0.536,20.343,-116300000.0,502700000.0,502700000.0,2030300000.0,205100000.0,2.036,0.827,525000000.0,0.0,525000000.0,525000000.0,105100000.0,236600000.0,0.0,0.006,0.255,266600000.0,503200000.0,0.215,503200000.0,266600000.0,227600000.0,1.64,1.63,1.64,2542800000.0,2237800000.0,2542800000.0,6201740884.0,23.0,12.325,69400000.0,0.555,1.0,311700000.0,0.133,189400000.0,39000000.0,3901800000.0,3821400000.0,375200000.0,454700000.0,51500000.0,403200000.0,2102300000.0,570400000.0,1531900000.0,6036640884.0,323700000.0,-81800000.0,347300000.0,-6400000.0,-31900000.0,304300000.0,-179300000.0,-9500000.0,185700000.0,13000000.0,205100000.0,205100000.0,205100000.0,3400000.0,0.0,0.088,117600000.0,194100000.0,178900000.0,0.155,2.374,29.433,28.104,2592600000.0,0.0,46.09,2.578,2.46,153300000.0,1973100000.0,2342000000.0,2342000000.0,0.0,0.047,0.092,0.07,0.114,10100000.0,117600000.0,1.0,130975068.0,124998000,125751000.0,18.736,4449900000.0,212500000.0,22500000.0,112000000.0,35.6,590800000.0
12,CLF,MRY,2008-12-31,2008-12-31,2008-12-31,2021-07-28,-394600000.0,4111100000.0,3942050000.0,861700000.0,3249400000.0,0.916,17.251,-182500000.0,179000000.0,179000000.0,2449400000.0,537000000.0,1.02,1.347,525000000.0,0.0,525000000.0,525000000.0,86800000.0,201100000.0,0.0,0.014,0.35,699800000.0,900900000.0,0.25,900900000.0,699800000.0,660000000.0,5.07,4.76,5.07,1750500000.0,1582400000.0,1750500000.0,3043498077.0,4.0,3.378,670700000.0,6.61,1.0,1159700000.0,0.321,111600000.0,39800000.0,3500600000.0,3479000000.0,366600000.0,407600000.0,76900000.0,330700000.0,2357100000.0,844900000.0,1512200000.0,2906798077.0,21900000.0,-62700000.0,0.0,76600000.0,-36100000.0,32400000.0,-795600000.0,-602100000.0,853200000.0,-68100000.0,515800000.0,514700000.0,514700000.0,0.0,21200000.0,0.143,223700000.0,936000000.0,201000000.0,0.069,1.661,5.648,5.051,2456100000.0,1100000.0,25.61,0.805,0.72,101900000.0,1799900000.0,3609100000.0,3609100000.0,0.0,0.131,0.325,0.201,0.194,21400000.0,188600000.0,1.0,113502463.0,101471000,108288000.0,35.568,3999500000.0,306000000.0,144200000.0,212100000.0,39.415,16800000.0
13,CLF,MRY,2007-12-31,2007-12-31,2007-12-31,2021-07-28,-30300000.0,3075800000.0,2592550000.0,754600000.0,2321200000.0,0.878,14.023,-199500000.0,157100000.0,157100000.0,1813200000.0,285600000.0,1.888,1.426,440000000.0,0.0,440000000.0,440000000.0,28400000.0,107200000.0,0.0,0.005,0.25,376700000.0,483900000.0,0.213,483900000.0,376700000.0,354100000.0,3.19,2.57,3.19,1163700000.0,959700000.0,1163700000.0,4667134144.0,12.0,9.645,89400000.0,1.077,1.0,462000000.0,0.203,0.0,22600000.0,2959100000.0,2396250000.0,318900000.0,390500000.0,69500000.0,321000000.0,1659600000.0,399600000.0,1260000000.0,4216734144.0,-194600000.0,-524400000.0,0.0,273500000.0,-20900000.0,250100000.0,-745400000.0,-44700000.0,288900000.0,11800000.0,270000000.0,264800000.0,264800000.0,-200000.0,15600000.0,0.116,78100000.0,383900000.0,149900000.0,0.078,3.624,15.924,15.799,1823900000.0,5200000.0,50.4,1.853,1.838,122900000.0,1316200000.0,2275200000.0,2275200000.0,0.0,0.102,0.276,0.157,0.166,11800000.0,114200000.0,1.0,83665360.0,82988000,105026000.0,27.416,3075800000.0,61800000.0,84100000.0,234100000.0,37.063,355000000.0
14,CLF,MRY,2006-12-31,2006-12-31,2006-12-31,2021-07-28,-169900000.0,1939700000.0,1845150000.0,782300000.0,1157400000.0,1.041,8.863,-119500000.0,351700000.0,351700000.0,1507700000.0,280100000.0,2.087,1.255,0.0,0.0,0.0,0.0,62600000.0,73900000.0,0.0,0.01,0.237,376300000.0,450200000.0,0.234,450200000.0,376300000.0,371000000.0,3.26,2.6,3.26,745800000.0,718225000.0,745800000.0,1792039919.0,5.0,3.981,309000000.0,3.672,1.0,414000000.0,0.215,0.0,5300000.0,1213100000.0,1260800000.0,278400000.0,68800000.0,32900000.0,35900000.0,935800000.0,374900000.0,560900000.0,1995239919.0,158900000.0,-13400000.0,-120800000.0,-3900000.0,-20200000.0,-148400000.0,-127400000.0,0.0,428500000.0,5900000.0,280100000.0,274500000.0,274500000.0,-300000.0,0.0,0.143,60700000.0,353300000.0,142400000.0,0.073,2.675,7.269,7.429,884900000.0,5600000.0,24.22,1.038,1.061,76000000.0,1078500000.0,1921700000.0,1921700000.0,0.0,0.149,0.382,0.298,0.196,3700000.0,72400000.0,1.0,82379848.0,84144000,107654000.0,22.838,1939700000.0,116700000.0,90900000.0,172600000.0,23.052,407400000.0
15,CLF,MRY,2005-12-31,2005-12-31,2005-12-31,2021-07-28,-125600000.0,1746700000.0,1609725000.0,636000000.0,1110700000.0,1.081,7.497,-97800000.0,192800000.0,192800000.0,1350500000.0,277600000.0,1.754,1.306,0.0,0.0,0.0,0.0,200000.0,42800000.0,0.0,0.007,0.15,366900000.0,409700000.0,0.236,409700000.0,366900000.0,362400000.0,3.13,2.495,3.13,651600000.0,565225000.0,651600000.0,1844392804.0,5.0,4.502,416800000.0,4.796,1.0,389000000.0,0.224,13900000.0,4500000.0,1177300000.0,1158600000.0,246300000.0,73700000.0,29100000.0,44600000.0,850900000.0,362700000.0,488200000.0,1942292804.0,-24100000.0,-417500000.0,5700000.0,0.0,-13100000.0,-13600000.0,-520700000.0,-9800000.0,514600000.0,-2200000.0,277600000.0,272000000.0,272000000.0,800000.0,0.0,0.156,36700000.0,352300000.0,130600000.0,0.048,2.981,7.141,7.074,802800000.0,5600000.0,22.142,1.117,1.106,89200000.0,824200000.0,1739500000.0,1739500000.0,0.0,0.169,0.481,0.317,0.211,0.0,62100000.0,1.0,87717864.0,86912000,111346000.0,20.014,1732800000.0,78600000.0,84800000.0,168000000.0,19.937,273300000.0
16,CLF,MRY,2004-12-31,2004-12-31,2004-12-31,2021-07-28,-81000000.0,1232300000.0,1090500000.0,731400000.0,500900000.0,1.103,4.975,-54400000.0,216900000.0,216900000.0,1053600000.0,323600000.0,2.845,1.429,0.0,0.0,0.0,0.0,0.0,25000000.0,0.0,0.002,0.025,289400000.0,314400000.0,0.261,314400000.0,289400000.0,288600000.0,3.735,2.95,3.735,424000000.0,287500000.0,424000000.0,855516251.0,3.0,2.721,-195800000.0,-2.297,1.0,149500000.0,0.124,12600000.0,800000.0,745700000.0,638625000.0,183600000.0,198800000.0,182700000.0,16100000.0,605800000.0,257100000.0,348700000.0,1121116251.0,149100000.0,3800000.0,11400000.0,-25000000.0,-2200000.0,155900000.0,127600000.0,180100000.0,-141400000.0,0.0,323600000.0,318300000.0,318300000.0,-3400000.0,0.0,0.265,29200000.0,120300000.0,77900000.0,0.007,2.644,3.522,3.476,283900000.0,5300000.0,12.982,0.932,0.92,109700000.0,565300000.0,1203100000.0,1203100000.0,0.0,0.292,1.107,0.453,0.241,0.0,33100000.0,1.0,86355960.0,85232000,109690000.0,14.116,1219700000.0,85700000.0,-35000000.0,36900000.0,14.31,474300000.0
17,CLF,MRY,2003-12-31,2003-12-31,2003-12-31,2021-07-28,56400000.0,881600000.0,759375000.0,308800000.0,572800000.0,1.087,2.78,-16100000.0,67800000.0,67800000.0,835000000.0,-32700000.0,1.459,2.776,25000000.0,25000000.0,0.0,25000000.0,0.0,25300000.0,0.0,0.0,0.0,-28400000.0,-3100000.0,-0.004,-3100000.0,-28400000.0,-33000000.0,-0.4,-0.4,-0.4,228100000.0,107850000.0,228100000.0,508120034.0,-18.0,-163.91,26600000.0,0.324,1.0,-9900000.0,-0.012,14300000.0,4600000.0,612900000.0,515900000.0,202800000.0,220900000.0,0.0,220900000.0,633300000.0,211600000.0,421700000.0,525720034.0,6000000.0,-2000000.0,6000000.0,-30000000.0,0.0,-22000000.0,-14700000.0,0.0,42700000.0,0.0,-32700000.0,-32700000.0,-32700000.0,0.0,0.0,-0.04,33300000.0,-43200000.0,67200000.0,0.0,2.305,-16.077,-15.922,255000000.0,0.0,6.369,0.637,0.633,74700000.0,255700000.0,825100000.0,825100000.0,0.0,-0.043,-0.303,-0.055,-0.034,0.0,25100000.0,1.0,82546816.0,82048000,82048000.0,10.056,867300000.0,2900000.0,-300000.0,47100000.0,10.571,97200000.0
18,CLF,MRY,2002-12-31,2002-12-31,2002-12-31,2021-07-28,-110700000.0,730100000.0,824025000.0,300500000.0,429600000.0,0.712,0.98,-8500000.0,61800000.0,61800000.0,582700000.0,-188300000.0,1.467,7.956,55000000.0,20000000.0,35000000.0,55000000.0,0.0,24800000.0,0.0,0.0,0.0,-172600000.0,-147800000.0,-0.252,-147800000.0,-172600000.0,-179200000.0,-2.328,-2.328,-2.328,79300000.0,269600000.0,79300000.0,186673898.0,-1.0,-1.263,32400000.0,0.4,1.0,3700000.0,0.006,31700000.0,6600000.0,486800000.0,601600000.0,184400000.0,29300000.0,0.0,29300000.0,630900000.0,204800000.0,426100000.0,202173898.0,-122000000.0,-33400000.0,0.0,-115000000.0,0.0,-114700000.0,-35800000.0,0.0,40900000.0,0.0,-188300000.0,-188300000.0,-188300000.0,108500000.0,0.0,-0.321,61500000.0,-57800000.0,68900000.0,0.0,2.549,-1.074,-1.066,278900000.0,0.0,2.481,0.345,0.342,87000000.0,288400000.0,586400000.0,586400000.0,0.0,-0.229,-0.698,-0.287,-0.294,0.0,23800000.0,1.0,81480664.0,80936000,80936000.0,7.245,698400000.0,0.0,9100000.0,13200000.0,8.629,95700000.0
19,CLF,MRY,2001-12-31,2001-12-31,2001-12-31,2021-07-28,-1000000.0,825000000.0,791850000.0,362700000.0,462300000.0,0.459,4.644,-3200000.0,183800000.0,183800000.0,358700000.0,-22900000.0,1.911,1.135,170000000.0,100000000.0,70000000.0,170000000.0,0.0,12600000.0,0.0,0.022,0.05,-23300000.0,-10700000.0,-0.029,-10700000.0,-23300000.0,-32100000.0,-0.284,-0.284,-0.284,374200000.0,380800000.0,374200000.0,254426215.0,-11.0,-23.778,25700000.0,0.319,1.0,4400000.0,0.012,1400000.0,8800000.0,620000000.0,673425000.0,113800000.0,135000000.0,0.0,135000000.0,424900000.0,189800000.0,235100000.0,185626215.0,153900000.0,-3000000.0,0.0,100000000.0,-4100000.0,145900000.0,100000.0,0.0,28900000.0,0.0,-22900000.0,-22900000.0,-22900000.0,12700000.0,0.0,-0.063,24300000.0,-19900000.0,30100000.0,-0.176,0.496,-8.106,-8.055,260300000.0,0.0,2.288,0.511,0.508,32000000.0,476700000.0,363100000.0,363100000.0,0.0,-0.029,-0.06,-0.035,-0.064,0.0,15200000.0,1.0,81148072.0,80584000,80584000.0,4.506,823600000.0,20900000.0,-9200000.0,8100000.0,10.22,172900000.0
20,CLF,MRY,2000-12-31,2000-12-31,2000-12-31,2021-07-28,0.0,727800000.0,690225000.0,248000000.0,479800000.0,0.639,4.835,-12700000.0,29900000.0,29900000.0,366000000.0,18100000.0,2.427,0.751,70000000.0,0.0,70000000.0,70000000.0,0.0,12700000.0,0.0,0.07,0.188,26200000.0,38900000.0,0.088,38900000.0,26200000.0,21300000.0,0.217,0.216,0.217,402000000.0,403375000.0,402000000.0,242303195.0,9.0,6.229,18900000.0,0.227,1.0,74800000.0,0.17,0.0,4900000.0,665700000.0,642350000.0,113200000.0,138400000.0,0.0,138400000.0,301900000.0,102200000.0,199700000.0,221903195.0,-37700000.0,0.0,-15600000.0,0.0,-15700000.0,-31300000.0,-17700000.0,0.0,31600000.0,0.0,18100000.0,18100000.0,18100000.0,8600000.0,0.0,0.041,29100000.0,45700000.0,35100000.0,0.866,0.552,12.26,12.419,272700000.0,0.0,2.695,0.503,0.508,64800000.0,503700000.0,440800000.0,440800000.0,0.0,0.026,0.045,0.041,0.059,0.0,18700000.0,1.0,82338848.0,83144000,83512000.0,5.302,727800000.0,27300000.0,3200000.0,16100000.0,8.753,145800000.0
21,CLF,MRY,1999-12-31,1999-12-31,1999-12-31,2021-07-28,-5200000.0,679700000.0,697700000.0,217100000.0,462600000.0,0.532,4.587,0.0,67600000.0,67600000.0,329300000.0,4800000.0,2.946,0.669,70000000.0,0.0,70000000.0,70000000.0,0.0,0.0,0.0,0.048,0.188,8400000.0,8400000.0,0.023,8400000.0,8400000.0,4700000.0,0.054,0.054,0.054,407300000.0,425225000.0,407300000.0,380990754.0,45.0,45.356,3600000.0,0.041,1.0,41700000.0,0.112,0.0,3700000.0,608400000.0,643125000.0,52600000.0,233400000.0,0.0,233400000.0,272400000.0,73700000.0,198700000.0,344090754.0,-62700000.0,-12500000.0,-17200000.0,0.0,-16700000.0,-33900000.0,-32400000.0,0.0,3600000.0,0.0,4800000.0,4800000.0,4800000.0,0.0,0.0,0.013,33300000.0,8400000.0,29100000.0,3.481,0.845,71.686,72.06,153900000.0,0.0,3.891,0.927,0.931,82600000.0,501300000.0,371000000.0,371000000.0,0.0,0.007,0.011,0.013,0.023,0.0,16100000.0,1.0,88426792.0,88800000,88800000.0,4.178,679700000.0,7700000.0,-100000.0,9800000.0,7.654,143400000.0
22,CLF,MRY,1998-12-31,1998-12-31,1998-12-31,2021-07-28,-4300000.0,723800000.0,697900000.0,260200000.0,463600000.0,0.753,4.884,-24500000.0,130300000.0,130300000.0,419600000.0,57400000.0,3.094,0.654,70000000.0,0.0,70000000.0,70000000.0,0.0,7800000.0,0.0,0.036,0.181,72200000.0,80000000.0,0.152,80000000.0,72200000.0,71800000.0,0.637,0.632,0.637,437600000.0,420050000.0,437600000.0,403894140.0,6.0,5.049,67600000.0,0.754,1.0,105900000.0,0.202,0.0,400000.0,579400000.0,593550000.0,59600000.0,235400000.0,0.0,235400000.0,286200000.0,84100000.0,202100000.0,449394140.0,14400000.0,-19700000.0,-11500000.0,0.0,-16300000.0,-27800000.0,-49900000.0,0.0,92100000.0,0.0,57400000.0,57400000.0,57400000.0,0.0,0.0,0.109,33700000.0,72200000.0,38300000.0,0.284,1.027,7.829,7.91,150000000.0,0.0,5.039,0.855,0.859,59100000.0,513200000.0,525500000.0,525500000.0,0.0,0.082,0.137,0.122,0.137,0.0,18700000.0,1.0,89187624.0,89600000,90400000.0,5.865,723800000.0,0.0,14400000.0,10300000.0,8.078,176100000.0
23,CLF,MRY,1997-12-31,1997-12-31,1997-12-31,2021-07-28,-2000000.0,694300000.0,684000000.0,265800000.0,428500000.0,0.667,4.467,-14100000.0,115900000.0,115900000.0,354900000.0,54900000.0,2.895,0.704,70000000.0,0.0,70000000.0,70000000.0,0.0,6700000.0,0.0,0.035,0.203,75200000.0,81900000.0,0.18,81900000.0,75200000.0,72600000.0,0.604,0.6,0.604,407400000.0,389000000.0,407400000.0,,,,28200000.0,0.309,1.0,101200000.0,0.222,0.0,2600000.0,556600000.0,514700000.0,61400000.0,218300000.0,0.0,218300000.0,286900000.0,91800000.0,195100000.0,520480943.0,-49500000.0,-57300000.0,-4900000.0,0.0,-14800000.0,-19700000.0,-72000000.0,0.0,42300000.0,-100000.0,54900000.0,54900000.0,54900000.0,0.0,0.0,0.12,24500000.0,76700000.0,36000000.0,0.336,1.278,9.481,9.481,134000000.0,0.0,5.726,1.141,1.145,73400000.0,472100000.0,456100000.0,456100000.0,0.0,0.08,0.141,0.146,0.165,0.0,17100000.0,1.0,90893856.0,91200000,92000000.0,5.001,694300000.0,7500000.0,17700000.0,10500000.0,7.613,174000000.0
24,CLF,MRY,1996-12-31,1996-12-31,1996-12-31,2021-07-28,-900000.0,673700000.0,,300800000.0,372900000.0,,3.994,-16500000.0,165400000.0,165400000.0,392900000.0,61000000.0,2.851,0.818,70000000.0,0.0,70000000.0,70000000.0,0.0,6600000.0,0.0,0.029,0.163,100100000.0,106700000.0,0.206,106700000.0,100100000.0,95500000.0,0.657,0.654,0.657,370600000.0,,370600000.0,,,,71100000.0,0.766,1.0,125200000.0,0.242,0.0,4600000.0,472800000.0,,45000000.0,176700000.0,4000000.0,172700000.0,303100000.0,105500000.0,197600000.0,,16600000.0,-14100000.0,-19500000.0,-3900000.0,-15100000.0,-38500000.0,-32300000.0,0.0,87600000.0,-200000.0,61000000.0,61000000.0,61000000.0,0.0,0.0,0.118,25100000.0,100100000.0,31500000.0,0.248,,,8.634,127700000.0,0.0,5.673,,1.016,70200000.0,432000000.0,518100000.0,518100000.0,0.0,,,,0.193,0.0,16700000.0,1.0,,92800000,93600000.0,5.583,673700000.0,16300000.0,34500000.0,15700000.0,7.26,195300000.0
25,CLF,MRY,1995-12-31,1995-12-31,1995-12-31,2021-07-28,,,,,,,,-16600000.0,,,356400000.0,57800000.0,,,,,,,,6100000.0,,0.032,0.163,75000000.0,81100000.0,0.171,81100000.0,75000000.0,68500000.0,0.605,0.605,0.605,,,,,,,49500000.0,0.52,1.0,116700000.0,0.247,,6500000.0,,,,,,,,,,,7400000.0,0.0,-10800000.0,-5000000.0,-15500000.0,-40000000.0,-18100000.0,8800000.0,66100000.0,-600000.0,57800000.0,57800000.0,57800000.0,0.0,0.0,0.122,38600000.0,78100000.0,,0.269,,,8.471,,0.0,5.125,,1.031,,,473100000.0,473100000.0,0.0,,,,0.159,0.0,15100000.0,1.0,,95200000,96000000.0,4.97,,,10700000.0,,,
0,CLF,MRQ,2021-06-30,2021-06-30,2021-06-30,2021-07-28,-66000000.0,17746000000.0,,6574000000.0,11172000000.0,,6.474,-162000000.0,73000000.0,73000000.0,3848000000.0,795000000.0,2.202,4.165,5368000000.0,0.0,5368000000.0,5368000000.0,0.0,208000000.0,0.0,0.0,0.0,1081000000.0,1289000000.0,0.256,1289000000.0,1081000000.0,996000000.0,1.4,1.33,1.4,3233000000.0,,3233000000.0,16391113329.0,12.0,8.188,349000000.0,0.699,1.0,1197000000.0,0.237,1070000000.0,85000000.0,18985000000.0,,4280000000.0,0.0,0.0,0.0,13467000000.0,2986000000.0,10481000000.0,10767113329.0,-37000000.0,54000000.0,0.0,-442000000.0,0.0,-441000000.0,-107000000.0,0.0,511000000.0,0.0,780000000.0,780000000.0,780000000.0,-1000000.0,15000000.0,0.155,105000000.0,1092000000.0,1665000000.0,0.0,3.33,12.305,13.067,8982000000.0,0.0,21.56,0.828,0.828,2062000000.0,-2168000000.0,5045000000.0,5045000000.0,0.0,,,,,0.0,104000000.0,1.0,499402288.0,499402288,,10.102,16676000000.0,333000000.0,216000000.0,0.0,33.392,3588000000.0
1,CLF,MRQ,2021-03-31,2021-03-31,2021-03-31,2021-07-28,-120000000.0,17215000000.0,,5861000000.0,11354000000.0,,4.789,-136000000.0,110000000.0,110000000.0,3761000000.0,57000000.0,1.998,5.759,5734000000.0,0.0,5734000000.0,5734000000.0,0.0,217000000.0,0.0,0.003,0.0,142000000.0,359000000.0,0.089,359000000.0,142000000.0,50000000.0,0.08,0.07,0.08,2389000000.0,,2389000000.0,15310588571.0,70.0,21.567,-515000000.0,-1.032,1.0,288000000.0,0.071,994000000.0,92000000.0,18912000000.0,,3932000000.0,0.0,0.0,0.0,13758000000.0,2933000000.0,10825000000.0,10032588571.0,-2000000.0,0.0,322000000.0,230000000.0,0.0,512000000.0,-135000000.0,0.0,-379000000.0,0.0,41000000.0,41000000.0,41000000.0,0.0,16000000.0,0.01,108000000.0,180000000.0,1743000000.0,0.0,4.199,-345.951,-335.167,9014000000.0,0.0,20.11,1.109,1.109,1659000000.0,-2948000000.0,4049000000.0,4049000000.0,0.0,,,,,0.0,95000000.0,1.0,498885558.0,498885558,,8.116,16221000000.0,562000000.0,9000000.0,0.0,32.514,2928000000.0
2,CLF,MRQ,2020-12-31,2020-12-31,2020-12-31,2021-07-28,-133000000.0,16771000000.0,,5298000000.0,11473000000.0,,5.055,-146100000.0,112000000.0,112000000.0,2013100000.0,73800000.0,1.809,6.785,5390000000.0,0.0,5390000000.0,5390000000.0,0.0,124100000.0,0.0,0.008,0.0,121600000.0,245700000.0,0.109,245700000.0,121600000.0,51500000.0,0.19,0.19,0.19,2018000000.0,,2018000000.0,10240858963.0,2048.0,32.718,-353900000.0,-0.886,1.0,243100000.0,0.108,1406000000.0,70100000.0,17714000000.0,,3828000000.0,0.0,0.0,0.0,13692000000.0,2929000000.0,10763000000.0,5812958963.0,55600000.0,-657700000.0,0.0,1068100000.0,-200000.0,1064800000.0,-801800000.0,0.0,-207800000.0,0.0,64000000.0,64000000.0,64000000.0,-1000000.0,9800000.0,0.028,116400000.0,126700000.0,1575000000.0,0.0,2.881,-47.647,-45.5,8743000000.0,0.0,14.56,1.086,1.086,1169000000.0,-2989000000.0,2256200000.0,2256200000.0,0.0,,,,,0.0,94800000.0,1.0,399241687.0,399241687,,5.651,15365000000.0,537000000.0,-12500000.0,0.0,38.485,2369000000.0
3,CLF,MRQ,2020-09-30,2020-09-30,2020-09-30,2021-07-28,-282000000.0,8480900000.0,,2628800000.0,5852100000.0,,2.03,-96000000.0,56000000.0,56000000.0,1525400000.0,1900000.0,2.165,9.076,4483900000.0,0.0,4483900000.0,4483900000.0,0.0,72400000.0,0.0,0.034,0.0,35800000.0,108200000.0,0.066,108200000.0,35800000.0,-32400000.0,-0.02,-0.02,-0.02,810600000.0,,810600000.0,7132251609.0,-214.0,41.251,150000000.0,0.376,1.0,120600000.0,0.073,334100000.0,68200000.0,11360600000.0,,1795100000.0,0.0,0.0,0.0,7357200000.0,1214100000.0,6143100000.0,2562851609.0,-17700000.0,0.0,0.0,-149600000.0,0.0,-176900000.0,-87800000.0,0.0,246000000.0,0.0,-10000000.0,-10000000.0,-10000000.0,300000.0,11900000.0,-0.006,67100000.0,53500000.0,710700000.0,0.0,3.162,-20.904,-23.778,4758400000.0,0.0,6.42,0.706,0.706,653700000.0,-3052500000.0,1646000000.0,1646000000.0,0.0,,,,,0.0,59600000.0,1.0,399198070.0,399399000,399399000.0,4.121,8146800000.0,528500000.0,-22400000.0,0.0,20.398,1414700000.0
4,CLF,MRQ,2020-06-30,2020-06-30,2020-06-30,2021-07-28,-305900000.0,8490700000.0,,2642300000.0,5848400000.0,,1.987,-145000000.0,73700000.0,73700000.0,1208000000.0,-108000000.0,2.546,9.298,4643100000.0,0.0,4643100000.0,4643100000.0,0.0,77000000.0,0.0,0.051,0.06,-80000000.0,-3000000.0,-0.003,-3000000.0,-80000000.0,-149000000.0,-0.31,-0.31,-0.31,792900000.0,,792900000.0,6571726775.0,127.0,31.61,-279000000.0,-0.699,1.0,-115000000.0,-0.105,331900000.0,69000000.0,11690200000.0,,1933600000.0,0.0,0.0,0.0,7372500000.0,1038000000.0,6334500000.0,2200326775.0,-113000000.0,0.0,0.0,208000000.0,0.0,166000000.0,-145000000.0,0.0,-134000000.0,0.0,-124000000.0,-124000000.0,-124000000.0,1000000.0,16000000.0,-0.113,81000000.0,-196000000.0,504800000.0,-0.194,2.775,-101.398,61.333,4760900000.0,0.0,5.52,0.866,0.867,482200000.0,-3042500000.0,1093000000.0,1093000000.0,0.0,,,,,0.0,62000000.0,1.0,398609923.0,399088000,399088000.0,2.739,8158800000.0,573200000.0,-25000000.0,0.0,20.444,1604300000.0
5,CLF,MRQ,2020-03-31,2020-03-31,2020-03-31,2021-07-28,-317100000.0,8912300000.0,,3065600000.0,5846700000.0,,3.036,-138000000.0,186900000.0,186900000.0,356000000.0,-49000000.0,2.236,8.505,4558300000.0,0.0,4558300000.0,4558300000.0,0.0,35000000.0,0.0,0.068,0.06,-72000000.0,-37000000.0,-0.103,-37000000.0,-72000000.0,-103000000.0,-0.18,-0.18,-0.18,903200000.0,,903200000.0,2833391974.0,8.0,6.428,-302000000.0,-1.015,1.0,3000000.0,0.008,353300000.0,31000000.0,11559600000.0,,2148800000.0,0.0,0.0,0.0,7681300000.0,1370800000.0,6310500000.0,1072191974.0,-166000000.0,-869000000.0,0.0,1042000000.0,0.0,1005000000.0,-1007000000.0,0.0,-164000000.0,0.0,-52000000.0,-52000000.0,-52000000.0,-1000000.0,3000000.0,-0.145,70000000.0,-67000000.0,825300000.0,-0.333,1.187,4.075,3.99,4787800000.0,0.0,3.95,0.489,0.536,560800000.0,-2918500000.0,359000000.0,359000000.0,0.0,,,,,0.0,28000000.0,1.0,271441006.0,297515000,297515000.0,1.207,8559000000.0,552200000.0,-51000000.0,0.0,28.768,1694800000.0
6,CLF,MRQ,2019-12-31,2019-12-31,2019-12-31,2021-07-28,-319000000.0,3504000000.0,,898000000.0,2606000000.0,,1.317,-195300000.0,353000000.0,353000000.0,407000000.0,63400000.0,2.196,8.788,2114000000.0,0.0,2114000000.0,2114000000.0,0.0,21900000.0,0.0,0.031,0.1,82800000.0,104700000.0,0.196,104700000.0,82800000.0,58300000.0,0.24,0.23,0.24,358000000.0,,358000000.0,3978489539.0,10.0,8.005,-20400000.0,-0.075,1.0,127200000.0,0.238,2000000.0,24500000.0,4854000000.0,,317000000.0,0.0,0.0,0.0,3146000000.0,409000000.0,2737000000.0,2268689539.0,-46100000.0,0.0,-100000.0,200000.0,-26900000.0,-27100000.0,-194500000.0,0.0,174900000.0,0.0,63400000.0,63400000.0,63400000.0,500000.0,0.0,0.119,37800000.0,89400000.0,193000000.0,0.417,6.337,7.743,7.925,1929000000.0,0.0,8.4,1.14,1.168,94000000.0,-2842000000.0,534200000.0,534200000.0,0.0,,,,,0.0,30800000.0,1.0,270082088.0,271790000,274655000.0,1.965,3502000000.0,519000000.0,-5100000.0,38000000.0,12.885,489000000.0
7,CLF,MRQ,2019-09-30,2019-09-30,2019-09-30,2021-07-28,-265600000.0,3491200000.0,,1064600000.0,2426600000.0,,1.333,-159800000.0,399300000.0,399300000.0,400700000.0,90900000.0,2.322,8.7,2109100000.0,0.0,2109100000.0,2109100000.0,0.0,22200000.0,0.0,0.022,0.06,121000000.0,143200000.0,0.258,143200000.0,121000000.0,95700000.0,0.34,0.33,0.34,359900000.0,,359900000.0,3677050004.0,8.0,6.583,77200000.0,0.286,1.0,154900000.0,0.279,0.0,25300000.0,4742500000.0,,328200000.0,72800000.0,72800000.0,0.0,3131300000.0,458500000.0,2672800000.0,1949750004.0,22100000.0,0.0,0.0,0.0,-16200000.0,-59000000.0,-157100000.0,0.0,237000000.0,0.0,90900000.0,90900000.0,90900000.0,900000.0,0.0,0.164,25500000.0,129400000.0,212800000.0,0.176,5.417,2.324,2.49,1769900000.0,0.0,7.22,0.906,0.906,164900000.0,-2889000000.0,555600000.0,555600000.0,0.0,,,,,0.0,25500000.0,1.0,270048477.0,269960000,276578000.0,2.058,3491200000.0,558900000.0,4800000.0,0.0,12.932,606100000.0
8,CLF,MRQ,2019-06-30,2019-06-30,2019-06-30,2021-07-28,-271800000.0,3393200000.0,,1119400000.0,2273800000.0,,1.036,-166800000.0,377200000.0,377200000.0,480200000.0,160800000.0,2.559,10.881,2104500000.0,0.0,2104500000.0,2104500000.0,0.0,21000000.0,0.0,0.009,0.05,208900000.0,229900000.0,0.309,229900000.0,208900000.0,182800000.0,0.59,0.57,0.59,285600000.0,,285600000.0,4674756790.0,6.0,5.18,95500000.0,0.346,1.0,263000000.0,0.354,0.0,26100000.0,4683100000.0,,329800000.0,118300000.0,118300000.0,0.0,3107600000.0,437400000.0,2670200000.0,3017956790.0,-53000000.0,0.0,-128600000.0,-4900000.0,-14100000.0,-150100000.0,-166800000.0,0.0,262300000.0,0.0,160800000.0,160800000.0,160800000.0,600000.0,0.0,0.216,29400000.0,233600000.0,188100000.0,0.085,10.567,2.545,2.648,1597300000.0,0.0,10.67,1.291,1.259,193100000.0,-2952600000.0,743200000.0,743200000.0,0.0,,,,,0.0,29400000.0,1.0,282845060.0,275769000,285479000.0,2.695,3393200000.0,564700000.0,22000000.0,0.0,12.305,682000000.0
9,CLF,MRQ,2019-03-31,2019-03-31,2019-03-31,2021-07-28,-275500000.0,3306300000.0,,1126000000.0,2180300000.0,,0.904,-134100000.0,430200000.0,430200000.0,126100000.0,-22100000.0,2.858,11.634,2087000000.0,0.0,2087000000.0,2087000000.0,0.0,19900000.0,0.0,0.005,0.05,-700000.0,19200000.0,0.122,19200000.0,-700000.0,-25800000.0,-0.08,-0.08,-0.08,261700000.0,,261700000.0,4192848665.0,5.0,4.698,-245300000.0,-0.847,1.0,30900000.0,0.197,0.0,25100000.0,4569100000.0,,410000000.0,107400000.0,107400000.0,0.0,3044600000.0,394000000.0,2650600000.0,2923148665.0,-393000000.0,0.0,-124300000.0,-10300000.0,-14800000.0,-157800000.0,-125600000.0,0.0,-111200000.0,0.0,-22100000.0,-22100000.0,-22100000.0,0.0,0.0,-0.141,27300000.0,3600000.0,171700000.0,-0.625,11.17,2.456,2.504,1410300000.0,0.0,9.99,1.266,1.253,20100000.0,-3096800000.0,157000000.0,157000000.0,0.0,,,,,0.0,27300000.0,1.0,292607474.0,289525000,289525000.0,0.542,3306300000.0,705200000.0,-3700000.0,0.0,11.42,732000000.0
10,CLF,MRQ,2018-12-31,2018-12-31,2018-12-31,2021-07-28,-283900000.0,3529600000.0,,1479600000.0,2050000000.0,,1.433,-101300000.0,823200000.0,823200000.0,494500000.0,609400000.0,3.16,7.321,2092900000.0,0.0,2092900000.0,2092900000.0,0.0,20400000.0,0.0,0.0,0.0,145900000.0,166300000.0,0.239,166300000.0,145900000.0,120000000.0,2.05,2.0,2.05,424200000.0,,424200000.0,3694661811.0,5.0,4.291,189000000.0,0.639,1.0,201400000.0,0.289,0.0,25900000.0,4331100000.0,,181100000.0,91500000.0,91500000.0,0.0,3105400000.0,468200000.0,2637200000.0,2291761811.0,-73800000.0,0.0,-48000000.0,-219200000.0,0.0,-268300000.0,-99300000.0,0.0,290300000.0,300000.0,609400000.0,609400000.0,609400000.0,14800000.0,0.0,0.876,34100000.0,167300000.0,186800000.0,0.0,5.403,2.032,2.024,1286000000.0,0.0,7.69,0.983,0.98,226700000.0,-3060200000.0,695900000.0,695900000.0,0.0,,,,,0.0,34100000.0,1.0,298018441.0,295943000,306010000.0,2.351,3529600000.0,703400000.0,-489400000.0,35500000.0,11.927,1011400000.0
11,CLF,MRQ,2018-09-30,2018-09-30,2018-09-30,2021-07-28,-243400000.0,3125000000.0,,1650600000.0,1474400000.0,,-0.289,-80300000.0,897100000.0,897100000.0,480200000.0,437800000.0,4.336,-37.253,2300000000.0,0.0,2300000000.0,2300000000.0,0.0,19200000.0,0.0,0.0,0.0,467800000.0,487000000.0,0.657,487000000.0,467800000.0,438300000.0,1.47,1.41,1.47,-86200000.0,,-86200000.0,5266588537.0,7.0,6.514,157700000.0,0.529,1.0,261600000.0,0.353,0.0,29500000.0,4147200000.0,,276100000.0,190800000.0,190800000.0,0.0,3211200000.0,380700000.0,2830500000.0,3772088537.0,94600000.0,0.0,0.0,-1000000.0,0.0,-82000000.0,-73900000.0,0.0,238000000.0,-1300000.0,437800000.0,437800000.0,437800000.0,-238000000.0,0.0,0.59,29100000.0,232500000.0,140800000.0,0.0,-43.76,4.553,4.505,1144800000.0,0.0,12.66,1.756,1.756,141400000.0,-3654700000.0,741800000.0,741800000.0,0.0,,,,,0.0,29100000.0,1.0,297953281.0,297878000,310203000.0,2.49,3125000000.0,223900000.0,500000.0,0.0,10.491,1269900000.0
12,CLF,MRQ,2018-06-30,2018-06-30,2018-06-30,2021-07-28,-22200000.0,3051500000.0,,1546900000.0,1504600000.0,,-1.029,-43000000.0,802500000.0,802500000.0,429800000.0,165100000.0,3.257,-10.962,2297000000.0,0.0,2297000000.0,2297000000.0,0.0,25500000.0,0.0,0.0,0.0,194500000.0,220000000.0,0.308,220000000.0,194500000.0,163300000.0,0.55,0.55,0.55,-306300000.0,,-306300000.0,4031489704.0,12.0,9.672,50600000.0,0.17,1.0,284500000.0,0.398,0.0,31200000.0,4071100000.0,,345000000.0,174700000.0,174700000.0,0.0,3357800000.0,474900000.0,2882900000.0,2509889704.0,45300000.0,0.0,0.0,-16800000.0,0.0,-18700000.0,-28400000.0,0.0,93600000.0,-1200000.0,165100000.0,165100000.0,165100000.0,64300000.0,0.0,0.231,26200000.0,258300000.0,119000000.0,0.0,-8.194,5.652,5.546,1081300000.0,0.0,8.43,1.253,1.253,152600000.0,-4092500000.0,714300000.0,714300000.0,0.0,,,,,0.0,26200000.0,1.0,297733061.0,297618000,301275000.0,2.4,3051500000.0,219900000.0,-1800000.0,0.0,10.253,1072000000.0
13,CLF,MRQ,2018-03-31,2018-03-31,2018-03-31,2021-07-28,-31300000.0,2862900000.0,,1412400000.0,1450500000.0,,-1.632,-71400000.0,786600000.0,786600000.0,118500000.0,-84300000.0,3.324,-6.902,2308200000.0,0.0,2308200000.0,2308200000.0,0.0,23900000.0,0.0,0.0,0.0,-36200000.0,-12300000.0,-0.068,-12300000.0,-36200000.0,-68600000.0,-0.29,-0.29,-0.29,-485000000.0,,-485000000.0,3363436728.0,18.0,12.047,-214300000.0,-0.721,1.0,61500000.0,0.342,0.0,32400000.0,3959600000.0,,406100000.0,144000000.0,144000000.0,0.0,3347700000.0,424900000.0,2922800000.0,2066936728.0,-221100000.0,0.0,0.0,0.0,0.0,-7000000.0,-71400000.0,0.0,-142900000.0,200000.0,-84300000.0,-84300000.0,-84300000.0,70900000.0,0.0,-0.468,25100000.0,36400000.0,99500000.0,0.0,-4.262,6.65,6.495,1047300000.0,0.0,6.95,1.175,1.174,47200000.0,-4257600000.0,180000000.0,180000000.0,0.0,,,,,0.0,25100000.0,1.0,297400968.0,297266000,297266000.0,0.606,2862900000.0,219900000.0,15700000.0,0.0,9.631,987500000.0
14,CLF,MRQ,2017-12-31,2017-12-31,2017-12-31,2021-07-28,-39000000.0,2953400000.0,,1544600000.0,1408800000.0,,-1.499,-72800000.0,978300000.0,978300000.0,395700000.0,309900000.0,3.416,-7.647,2304200000.0,0.0,2304200000.0,2304200000.0,0.0,21400000.0,0.0,0.0,0.0,92400000.0,113800000.0,0.222,113800000.0,92400000.0,64700000.0,1.08,1.07,1.08,-444300000.0,,-444300000.0,3566437266.0,15.0,10.837,58600000.0,0.198,1.0,116100000.0,0.227,0.0,27700000.0,3827100000.0,,227200000.0,89500000.0,89500000.0,0.0,3397500000.0,452200000.0,2945300000.0,2137837266.0,770000000.0,0.0,0.0,697100000.0,0.0,687500000.0,-71600000.0,0.0,131400000.0,-400000.0,309900000.0,309900000.0,309900000.0,23100000.0,0.0,0.606,27400000.0,88700000.0,99500000.0,0.0,-4.812,5.825,5.633,1033800000.0,0.0,7.21,1.146,1.114,106700000.0,-4207300000.0,511800000.0,511800000.0,0.0,,,,,0.0,27400000.0,1.0,296510023.0,296427000,300308000.0,1.727,2953400000.0,248600000.0,-245200000.0,30200000.0,9.963,1092400000.0
15,CLF,MRQ,2017-09-30,2017-09-30,2017-09-30,2021-07-28,-30800000.0,1923300000.0,,791100000.0,1132200000.0,,-2.814,-29500000.0,260800000.0,260800000.0,438900000.0,52900000.0,1.895,-3.308,1689400000.0,0.0,1689400000.0,1689400000.0,0.0,21500000.0,0.0,0.0,0.0,73800000.0,95300000.0,0.16,95300000.0,73800000.0,46200000.0,0.18,0.18,0.18,-833300000.0,,-833300000.0,3410317921.0,13.0,9.839,109400000.0,0.369,1.0,157800000.0,0.264,0.0,27600000.0,2934400000.0,,300200000.0,141400000.0,141400000.0,0.0,2756400000.0,417500000.0,2338900000.0,2120017921.0,-43300000.0,0.0,0.0,-12400000.0,0.0,-164800000.0,-36100000.0,0.0,138900000.0,1300000.0,53400000.0,53400000.0,53400000.0,-30600000.0,-500000.0,0.089,23800000.0,134000000.0,102000000.0,0.0,-2.544,15.565,13.241,993800000.0,0.0,7.15,1.226,1.224,63900000.0,-4517200000.0,596700000.0,596700000.0,0.0,,,,,0.0,23800000.0,1.0,296506003.0,296079000,301075000.0,2.015,1923300000.0,0.0,-7200000.0,0.0,6.496,373600000.0
16,CLF,MRQ,2017-06-30,2017-06-30,2017-06-30,2021-07-28,-19400000.0,2030100000.0,,908300000.0,1121800000.0,,-2.665,-21500000.0,321500000.0,321500000.0,326600000.0,30100000.0,2.198,-3.418,1611800000.0,0.0,1611800000.0,1611800000.0,0.0,21600000.0,0.0,0.0,0.0,60800000.0,82400000.0,0.175,82400000.0,60800000.0,30700000.0,0.1,0.1,0.1,-789100000.0,,-789100000.0,3398701127.0,17.0,11.564,71400000.0,0.241,1.0,144700000.0,0.307,0.0,30100000.0,2907100000.0,,371200000.0,50100000.0,50100000.0,0.0,2696800000.0,413300000.0,2283500000.0,2051101127.0,-14300000.0,0.0,0.0,-38500000.0,0.0,-46800000.0,-20900000.0,0.0,92900000.0,1000000.0,31800000.0,31800000.0,31800000.0,53700000.0,-1700000.0,0.067,26600000.0,118100000.0,111700000.0,0.0,-2.599,35.984,28.833,999100000.0,0.0,6.92,1.217,1.215,76700000.0,-4570600000.0,471300000.0,471300000.0,0.0,,,,,0.0,26600000.0,1.0,296401897.0,296070000,300711000.0,1.592,2030100000.0,0.0,-1100000.0,0.0,6.857,495000000.0
17,CLF,MRQ,2017-03-31,2017-03-31,2017-03-31,2021-07-28,-24300000.0,1925700000.0,,813200000.0,1112500000.0,,-3.131,-27900000.0,295300000.0,295300000.0,365300000.0,-29800000.0,2.629,-3.167,1642900000.0,0.0,1642900000.0,1642900000.0,0.0,23200000.0,0.0,0.0,0.0,12900000.0,36100000.0,0.078,36100000.0,12900000.0,-29900000.0,-0.11,-0.11,-0.11,-830100000.0,,-830100000.0,3765238287.0,19.0,12.559,-53000000.0,-0.2,1.0,96300000.0,0.209,0.0,42800000.0,2964000000.0,,331200000.0,49000000.0,49000000.0,0.0,2628700000.0,309300000.0,2319400000.0,1913538287.0,-28100000.0,0.0,661300000.0,-624000000.0,0.0,23000000.0,-27400000.0,0.0,-25100000.0,1400000.0,-28100000.0,-28100000.0,-28100000.0,-500000.0,-1700000.0,-0.061,27700000.0,68600000.0,91100000.0,0.0,-2.305,50.356,39.095,995000000.0,0.0,8.21,1.119,1.273,61100000.0,-4602400000.0,461600000.0,461600000.0,0.0,,,,,0.0,27700000.0,1.0,233074091.0,265164000,265164000.0,1.741,1925700000.0,0.0,-1800000.0,0.0,7.262,503900000.0
18,CLF,MRQ,2016-12-31,2016-12-31,2016-12-31,2021-07-28,-21300000.0,1923900000.0,,824600000.0,1099300000.0,,-6.331,-23300000.0,323400000.0,323400000.0,127200000.0,80800000.0,2.108,-2.222,2175100000.0,0.0,2175100000.0,2175100000.0,0.0,26500000.0,0.0,0.0,0.0,106300000.0,132800000.0,0.666,132800000.0,106300000.0,68600000.0,0.37,0.36,0.37,-1464300000.0,,-1464300000.0,4003044705.0,11.0,8.495,207600000.0,0.898,1.0,72300000.0,0.362,0.0,37700000.0,3384500000.0,,269800000.0,81700000.0,81700000.0,0.0,3254400000.0,391100000.0,2863300000.0,1939344705.0,191200000.0,0.0,-200000.0,-4400000.0,0.0,-20400000.0,-18400000.0,0.0,230900000.0,-900000.0,79100000.0,79100000.0,79100000.0,-77300000.0,1700000.0,0.396,34000000.0,38300000.0,107600000.0,0.0,-1.324,11.139,9.557,984400000.0,0.0,8.41,1.248,1.069,128700000.0,-4574300000.0,199500000.0,199500000.0,0.0,,,,,0.0,34000000.0,1.0,230599846.0,231274000,235167000.0,0.863,1923900000.0,0.0,-10500000.0,28300000.0,8.319,433500000.0
19,CLF,MRQ,2016-09-30,2016-09-30,2016-09-30,2021-07-28,-1200000.0,1772900000.0,,699600000.0,1073300000.0,,-7.486,-25600000.0,132200000.0,132200000.0,467900000.0,-27800000.0,2.163,-2.055,2195900000.0,0.0,2195900000.0,2195900000.0,0.0,26800000.0,0.0,0.0,0.0,15800000.0,42600000.0,0.077,42600000.0,15800000.0,-32900000.0,-0.12,-0.12,-0.12,-1544300000.0,,-1544300000.0,3457139833.0,14.0,9.276,65800000.0,0.319,1.0,85400000.0,0.154,0.0,48700000.0,3513100000.0,,401300000.0,69300000.0,69300000.0,0.0,3173400000.0,323500000.0,2849900000.0,1075639833.0,24000000.0,0.0,287600000.0,-301000000.0,0.0,-43500000.0,-25200000.0,0.0,91400000.0,1300000.0,-25800000.0,-25800000.0,-25800000.0,2700000.0,-2000000.0,-0.047,31100000.0,54300000.0,81300000.0,0.0,-0.697,30.998,32.5,990100000.0,0.0,5.85,0.587,0.659,49200000.0,-4653400000.0,553300000.0,553300000.0,0.0,,,,,0.0,31100000.0,1.0,183870057.0,206279000,206279000.0,2.682,1772900000.0,0.0,-7100000.0,0.0,8.595,376100000.0
20,CLF,MRQ,2016-06-30,2016-06-30,2016-06-30,2021-07-28,-9000000.0,1851000000.0,,779200000.0,1071800000.0,,-10.041,-9800000.0,108200000.0,108200000.0,404700000.0,29500000.0,2.072,-1.928,2489700000.0,0.0,2489700000.0,2489700000.0,0.0,26900000.0,0.0,0.0,0.0,61400000.0,88300000.0,0.178,88300000.0,61400000.0,10700000.0,0.07,0.07,0.07,-1830700000.0,,-1830700000.0,3470708995.0,11.0,7.986,97400000.0,0.534,1.0,91500000.0,0.184,0.0,50700000.0,3856400000.0,,493200000.0,70200000.0,70200000.0,0.0,3529900000.0,376100000.0,3153800000.0,1031508995.0,48300000.0,0.0,0.0,-22700000.0,0.0,-49100000.0,-9400000.0,0.0,107200000.0,-400000.0,12800000.0,12800000.0,12800000.0,400000.0,16700000.0,0.026,22500000.0,69000000.0,91900000.0,0.0,-0.563,22.671,28.35,993100000.0,0.0,5.67,0.551,0.553,61500000.0,-4627400000.0,496200000.0,496200000.0,0.0,,,,,0.0,22500000.0,1.0,181923985.0,182330000,184557000.0,2.721,1851000000.0,0.0,-2100000.0,0.0,10.152,403100000.0
21,CLF,MRQ,2016-03-31,2016-03-31,2016-03-31,2021-07-28,-12300000.0,1886300000.0,,792000000.0,1094300000.0,,-10.831,-10400000.0,59900000.0,59900000.0,274600000.0,116800000.0,1.801,-1.927,2499100000.0,0.0,2499100000.0,2499100000.0,0.0,35200000.0,0.0,0.0,0.0,172300000.0,207500000.0,0.679,207500000.0,172300000.0,115500000.0,0.62,0.62,0.62,-1859400000.0,,-1859400000.0,2954535493.0,8.0,5.923,-136900000.0,-0.797,1.0,30900000.0,0.101,0.0,56800000.0,3885700000.0,,509000000.0,69900000.0,69900000.0,0.0,3583000000.0,439800000.0,3143200000.0,540335493.0,-225300000.0,0.0,0.0,-78100000.0,0.0,-93400000.0,-4900000.0,0.0,-126500000.0,-500000.0,108000000.0,108000000.0,108000000.0,-2500000.0,8800000.0,0.354,28200000.0,2700000.0,77200000.0,0.0,-0.291,5.816,5.769,1009600000.0,0.0,3.0,0.289,0.275,41900000.0,-4640400000.0,305500000.0,305500000.0,0.0,,,,,0.0,28200000.0,1.0,180111831.0,171677000,171962000.0,1.78,1886300000.0,0.0,7500000.0,0.0,10.987,352200000.0
22,CLF,MRQ,2015-12-31,2015-12-31,2015-12-31,2021-07-28,-18000000.0,2135500000.0,,982700000.0,1152800000.0,,-12.927,-22900000.0,285200000.0,285200000.0,432700000.0,-57900000.0,1.689,-1.992,2699400000.0,0.0,2699400000.0,2699400000.0,0.0,34900000.0,0.0,0.0,0.0,-600000.0,34300000.0,0.072,34300000.0,-600000.0,-60900000.0,-0.39,-0.38,-0.39,-1981400000.0,,-1981400000.0,2693807822.0,-8.0,-12.385,74500000.0,0.486,1.0,43300000.0,0.091,0.0,60300000.0,3968000000.0,,440000000.0,72900000.0,72900000.0,0.0,3947100000.0,581700000.0,3365400000.0,242407822.0,15000000.0,0.0,0.0,-8500000.0,0.0,-37200000.0,-46000000.0,0.0,97400000.0,800000.0,-60300000.0,-60300000.0,-60300000.0,23100000.0,2400000.0,-0.127,27800000.0,15500000.0,106300000.0,0.0,-0.122,-0.308,-0.307,1059000000.0,0.0,1.58,0.12,0.12,40200000.0,-4748400000.0,476000000.0,476000000.0,0.0,,,,,0.0,27800000.0,1.0,153422672.0,153281000,154781000.0,3.105,2135500000.0,0.0,-600000.0,35200000.0,13.932,401000000.0
23,CLF,MRQ,2015-09-30,2015-09-30,2015-09-30,2021-07-28,-25100000.0,2271500000.0,,1075900000.0,1195600000.0,,-12.608,-23500000.0,270200000.0,270200000.0,538100000.0,6000000.0,1.606,-2.086,2721600000.0,0.0,2721600000.0,2721600000.0,0.0,35600000.0,0.0,0.061,0.0,68900000.0,104500000.0,0.176,104500000.0,68900000.0,7200000.0,-0.1,-0.1,-0.1,-1932000000.0,,-1932000000.0,2985507722.0,-2.0,-1.84,165200000.0,1.078,1.0,55100000.0,0.093,0.0,61700000.0,4053000000.0,,469700000.0,0.0,0.0,0.0,4031000000.0,669900000.0,3361100000.0,374307722.0,-6000000.0,0.0,0.0,-127600000.0,0.0,-170200000.0,-23200000.0,0.0,188700000.0,-1300000.0,10600000.0,-15000000.0,-15000000.0,43900000.0,-4600000.0,-0.025,22400000.0,32700000.0,102300000.0,0.0,-0.194,-0.185,-0.185,1052600000.0,25600000.0,2.44,0.146,0.146,53400000.0,-4688100000.0,593200000.0,593200000.0,0.0,,,,,0.0,22400000.0,1.0,153404804.0,153237000,153237000.0,3.871,2271500000.0,3100000.0,-3400000.0,0.0,14.823,406000000.0
24,CLF,MRQ,2015-06-30,2015-06-30,2015-06-30,2021-07-28,-28900000.0,2609400000.0,,1382200000.0,1227200000.0,,-12.555,-18500000.0,276200000.0,276200000.0,440800000.0,65200000.0,1.823,-2.261,2887400000.0,0.0,2887400000.0,2887400000.0,0.0,30500000.0,0.0,0.069,0.0,122000000.0,152500000.0,0.306,152500000.0,122000000.0,58400000.0,0.39,0.39,0.39,-1923800000.0,,-1923800000.0,3188900460.0,0.0,-0.435,-38500000.0,-0.251,1.0,57300000.0,0.115,0.0,63600000.0,4462200000.0,,602900000.0,0.0,0.0,0.0,4349600000.0,758400000.0,3591200000.0,663700460.0,-79500000.0,0.0,0.0,-2400000.0,0.0,-41600000.0,-18300000.0,0.0,-20000000.0,400000.0,60200000.0,60200000.0,60200000.0,-103400000.0,5000000.0,0.121,30800000.0,26500000.0,140000000.0,0.0,-0.345,-0.084,-0.084,1077200000.0,0.0,4.33,0.225,0.225,49200000.0,-4673100000.0,498100000.0,498100000.0,0.0,,,,,0.0,30800000.0,1.0,153279552.0,153232000,153232000.0,3.251,2609400000.0,163100000.0,-1800000.0,0.0,17.029,623800000.0
25,CLF,MRQ,2015-03-31,2015-03-31,2015-03-31,2021-07-28,-38200000.0,2702600000.0,,1524400000.0,1178200000.0,,-13.028,-15900000.0,355700000.0,355700000.0,365200000.0,-761700000.0,1.801,-2.247,2880900000.0,0.0,2880900000.0,2880900000.0,0.0,33000000.0,0.0,0.094,0.0,-541800000.0,-508800000.0,-1.141,-508800000.0,-541800000.0,-584700000.0,-5.04,-4.26,-5.04,-1995700000.0,,-1995700000.0,3504974645.0,0.0,-0.482,-244100000.0,-1.593,1.0,80800000.0,0.181,0.0,42900000.0,4381300000.0,,528900000.0,0.0,0.0,0.0,4484700000.0,846500000.0,3638200000.0,737274645.0,64800000.0,0.0,0.0,337100000.0,0.0,310000000.0,-15700000.0,0.0,-228200000.0,-1300000.0,-759800000.0,-772600000.0,-772600000.0,928500000.0,-1900000.0,-1.732,29100000.0,51700000.0,114300000.0,0.0,-0.369,-0.093,-0.092,1047200000.0,12800000.0,4.81,0.23,0.23,87100000.0,-4733200000.0,446000000.0,446000000.0,0.0,,,,,0.0,29100000.0,1.0,153279552.0,153185000,178696000.0,2.912,2702600000.0,165500000.0,175100000.0,0.0,17.643,677900000.0
26,CLF,MRQ,2014-12-31,2014-12-31,2014-12-31,2021-07-28,-245800000.0,3147200000.0,,1425300000.0,1721900000.0,,-9.347,-50900000.0,271300000.0,271300000.0,774300000.0,-1368200000.0,1.493,-3.411,2826500000.0,0.0,2826500000.0,2826500000.0,0.0,73600000.0,0.0,0.084,0.15,-1444100000.0,-1370500000.0,-1.33,-1370500000.0,-1444100000.0,-1492500000.0,-8.47,-8.47,-8.47,-1431300000.0,,-1431300000.0,4097014363.0,-1.0,-0.618,204000000.0,1.332,1.0,256000000.0,0.248,0.0,48400000.0,4747900000.0,,378700000.0,400000.0,400000.0,0.0,4881500000.0,954500000.0,3927000000.0,1093814363.0,46900000.0,155000000.0,0.0,-254300000.0,-23000000.0,-305700000.0,104300000.0,0.0,254900000.0,-6600000.0,-1285200000.0,-1298000000.0,-1298000000.0,1538200000.0,-83000000.0,-1.26,280500000.0,-24500000.0,166100000.0,-0.018,-0.764,-0.15,-0.15,1070500000.0,12800000.0,7.14,0.324,0.324,122700000.0,-3960700000.0,1030300000.0,1030300000.0,0.0,,,,,0.0,23600000.0,1.0,153195289.0,153137000,153137000.0,6.728,3147200000.0,393100000.0,-207300000.0,40700000.0,20.552,470800000.0
27,CLF,MRQ,2014-09-30,2014-09-30,2014-09-30,2021-07-28,-101400000.0,4811200000.0,,1360600000.0,3450600000.0,,0.201,-68900000.0,244000000.0,244000000.0,723500000.0,-6887200000.0,1.217,162.492,3247200000.0,234700000.0,3012500000.0,3247200000.0,0.0,144000000.0,0.0,0.058,0.15,-5749700000.0,-5605700000.0,-5.722,-5605700000.0,-5749700000.0,-5795500000.0,-38.49,-38.49,-38.49,30700000.0,,30700000.0,4684234225.0,-1.0,-0.968,159000000.0,1.038,1.0,256200000.0,0.262,0.0,45800000.0,6696100000.0,,718900000.0,0.0,0.0,0.0,4988500000.0,1118300000.0,3870200000.0,1590034225.0,-115900000.0,0.0,0.0,-219200000.0,-23500000.0,-273300000.0,-59600000.0,0.0,227900000.0,-10900000.0,-5879600000.0,-5892400000.0,-5892400000.0,6613000000.0,-1007600000.0,-6.014,426700000.0,-170500000.0,295800000.0,-0.004,51.793,-0.267,-0.267,3207900000.0,12800000.0,10.38,0.773,0.772,166200000.0,-2639600000.0,979700000.0,979700000.0,0.0,,,,,0.0,49700000.0,1.0,153182488.0,153108000,153108000.0,6.399,4811200000.0,25400000.0,84100000.0,26000000.0,31.424,242300000.0
28,CLF,MRQ,2014-06-30,2014-06-30,2014-06-30,2021-07-28,-20200000.0,13102400000.0,,1663800000.0,11438600000.0,,39.374,-61000000.0,359900000.0,359900000.0,564200000.0,14500000.0,1.604,1.041,3454100000.0,161100000.0,3293000000.0,3454100000.0,0.0,145300000.0,0.0,0.04,0.15,60600000.0,205900000.0,0.275,205900000.0,60600000.0,18500000.0,-0.01,-0.02,-0.01,6027600000.0,,6027600000.0,5233074893.0,9.0,4.564,-102900000.0,-0.672,1.0,183500000.0,0.245,0.0,42100000.0,15159100000.0,,848800000.0,0.0,0.0,0.0,6272800000.0,1037500000.0,5235300000.0,2305374893.0,-4100000.0,0.0,0.0,189800000.0,-23000000.0,92800000.0,-57600000.0,0.0,-41900000.0,2600000.0,10900000.0,-1900000.0,-1900000.0,76400000.0,3600000.0,-0.003,40900000.0,142600000.0,266000000.0,-15.0,0.382,46.293,48.548,11004800000.0,12800000.0,15.05,0.878,0.878,198300000.0,3276000000.0,747700000.0,747700000.0,0.0,,,,,0.0,40900000.0,1.0,153181056.0,153087000,153881000.0,4.884,13102400000.0,35400000.0,7600000.0,1034100000.0,85.588,626300000.0
29,CLF,MRQ,2014-03-31,2014-03-31,2014-03-31,2021-07-28,-55100000.0,13202800000.0,,1672300000.0,11530500000.0,,39.333,-103300000.0,364000000.0,364000000.0,425500000.0,-70700000.0,1.603,1.058,3291700000.0,96900000.0,3194800000.0,3291700000.0,0.0,141100000.0,0.0,0.029,0.15,-300000.0,140800000.0,0.229,140800000.0,-300000.0,-40700000.0,-0.55,-0.54,-0.55,6019500000.0,,6019500000.0,5840165237.0,8.0,4.559,-185300000.0,-1.211,1.0,190000000.0,0.309,0.0,40400000.0,15087400000.0,,814700000.0,0.0,0.0,0.0,6367200000.0,1043100000.0,5324100000.0,3132165237.0,28500000.0,0.0,0.0,225000000.0,-23000000.0,197900000.0,-90700000.0,0.0,-82000000.0,3300000.0,-70300000.0,-83100000.0,-83100000.0,140400000.0,-400000.0,-0.135,37500000.0,152500000.0,329200000.0,-0.273,0.52,16.949,17.193,11086000000.0,12800000.0,20.46,0.931,0.93,130600000.0,3300900000.0,615500000.0,615500000.0,0.0,,,,,0.0,37500000.0,1.0,153087255.0,153040000,153653000.0,4.022,13202800000.0,0.0,29600000.0,1195700000.0,86.27,629200000.0
30,CLF,MRQ,2013-12-31,2013-12-31,2013-12-31,2021-07-28,-112900000.0,13121900000.0,,1560000000.0,11561900000.0,,39.66,-119400000.0,335500000.0,335500000.0,-914400000.0,-14200000.0,1.437,1.028,3092500000.0,69900000.0,3022600000.0,3092500000.0,0.0,155300000.0,0.0,0.023,0.15,263800000.0,419100000.0,-1.472,419100000.0,263800000.0,211900000.0,0.19,0.23,0.19,6069500000.0,,6069500000.0,7042082687.0,8.0,4.922,340600000.0,2.226,1.0,629600000.0,-2.211,0.0,51900000.0,14793400000.0,,607400000.0,0.0,0.0,0.0,6237600000.0,1085500000.0,5152100000.0,4013382687.0,36700000.0,0.0,0.0,-218200000.0,-23100000.0,-333900000.0,-76900000.0,0.0,460000000.0,-12500000.0,43300000.0,30500000.0,30500000.0,519100000.0,-57500000.0,-0.107,-35700000.0,665300000.0,345500000.0,0.789,0.661,11.002,10.921,11153400000.0,12800000.0,26.21,1.032,1.022,270000000.0,3407300000.0,-284800000.0,-284800000.0,-45900000.0,,,,,0.0,-4100000.0,1.0,153124101.0,153040000,179420000.0,-1.861,13121900000.0,115600000.0,168600000.0,1263800000.0,85.742,474500000.0
31,CLF,MRQ,2013-09-30,2013-09-30,2013-09-30,2021-07-28,-178400000.0,13566700000.0,,1669600000.0,11897100000.0,,37.769,-241000000.0,298800000.0,298800000.0,1197900000.0,113900000.0,1.574,1.147,3327500000.0,7900000.0,3319600000.0,3327500000.0,15100000.0,153100000.0,0.0,0.052,0.15,227600000.0,380700000.0,0.246,380700000.0,227600000.0,182900000.0,0.68,0.66,0.68,5779700000.0,,5779700000.0,6199072832.0,-13.0,70.604,56000000.0,0.366,1.0,348700000.0,0.225,269400000.0,44700000.0,15265500000.0,,695800000.0,144200000.0,72700000.0,71500000.0,6632100000.0,1060500000.0,5571600000.0,3139072832.0,35500000.0,0.0,0.0,-60000000.0,-22800000.0,-31300000.0,-234100000.0,0.0,297000000.0,3900000.0,117200000.0,104300000.0,104300000.0,-2000000.0,-3300000.0,0.067,81200000.0,267500000.0,350800000.0,0.221,0.543,-2.445,-2.236,11354800000.0,12900000.0,20.5,0.55,0.549,291700000.0,3483300000.0,1546600000.0,1546600000.0,10600000.0,,,,,0.0,70600000.0,1.0,153125504.0,153029000,178459000.0,10.107,13297300000.0,5300000.0,65700000.0,1057800000.0,86.894,609100000.0
32,CLF,MRQ,2013-06-30,2013-06-30,2013-06-30,2021-07-28,-239600000.0,13594900000.0,,1665900000.0,11929000000.0,,36.803,-270800000.0,263300000.0,263300000.0,1220300000.0,141300000.0,1.443,1.21,3323300000.0,0.0,3323300000.0,3323300000.0,20800000.0,144300000.0,0.0,0.095,0.15,196000000.0,340300000.0,0.229,340300000.0,196000000.0,155300000.0,0.87,0.82,0.87,5631200000.0,,5631200000.0,5633605336.0,-9.0,-60.188,143500000.0,0.938,1.0,268200000.0,0.18,272200000.0,40700000.0,15228100000.0,,782100000.0,113800000.0,45100000.0,68700000.0,6811100000.0,1154600000.0,5656500000.0,2487805336.0,-23900000.0,0.0,-300000.0,-110000000.0,-23100000.0,-152600000.0,-271900000.0,0.0,414300000.0,-13700000.0,146000000.0,133100000.0,133100000.0,0.0,-4700000.0,0.089,61500000.0,206700000.0,306600000.0,0.172,0.442,-1.909,-1.757,11189600000.0,12900000.0,16.25,0.436,0.435,259100000.0,3401900000.0,1488500000.0,1488500000.0,12600000.0,,,,,0.0,48900000.0,1.0,153095713.0,153011000,178428000.0,9.728,13322700000.0,202800000.0,9300000.0,1205300000.0,87.07,511300000.0
33,CLF,MRQ,2013-03-31,2013-03-31,2013-03-31,2021-07-28,-51400000.0,13821900000.0,,1823900000.0,11998000000.0,,38.59,-230400000.0,287200000.0,287200000.0,902600000.0,120800000.0,1.656,1.221,3433000000.0,0.0,3433000000.0,3433000000.0,22900000.0,140600000.0,0.0,0.107,0.15,150100000.0,290700000.0,0.255,290700000.0,150100000.0,101000000.0,0.66,0.66,0.66,5704600000.0,,5704600000.0,6568646664.0,-13.0,151.351,-255800000.0,-1.73,1.0,237900000.0,0.209,292100000.0,49100000.0,15574200000.0,,900100000.0,198200000.0,66400000.0,131800000.0,6962900000.0,1101400000.0,5861500000.0,2709046664.0,92000000.0,0.0,285600000.0,-622100000.0,-22900000.0,345900000.0,-228400000.0,0.0,-25400000.0,-100000.0,107000000.0,97100000.0,97100000.0,0.0,13800000.0,0.085,71100000.0,166800000.0,299900000.0,0.227,0.475,-2.299,-2.288,11236300000.0,9900000.0,19.01,0.467,0.484,272300000.0,3291700000.0,1140500000.0,1140500000.0,22700000.0,,,,,0.0,48400000.0,1.0,142506400.0,147827000,148081000.0,7.715,13529800000.0,137300000.0,-6000000.0,1195900000.0,91.525,722500000.0
34,CLF,MRQ,2012-12-31,2012-12-31,2012-12-31,2021-07-28,-55600000.0,13574900000.0,,1650000000.0,11924900000.0,,32.531,-333900000.0,195200000.0,195200000.0,1297400000.0,-1870800000.0,1.194,1.687,4054800000.0,94100000.0,3960700000.0,4054800000.0,0.0,143500000.0,0.0,0.056,0.625,-1067400000.0,-923900000.0,-0.602,-923900000.0,-1067400000.0,-1127300000.0,-11.38,-11.36,-11.38,4632700000.0,,4632700000.0,9343776390.0,-21.0,119.946,-94900000.0,-0.666,1.0,238500000.0,0.155,0.0,59900000.0,16053000000.0,,725600000.0,0.0,0.0,0.0,7814000000.0,1381500000.0,6432500000.0,5496076390.0,155700000.0,152600000.0,0.0,172100000.0,-89400000.0,92400000.0,-177100000.0,0.0,239000000.0,1400000.0,-1618400000.0,-1618400000.0,-1618400000.0,-30800000.0,-252400000.0,-1.054,1176200000.0,-937700000.0,555500000.0,-0.055,1.186,-6.111,-6.103,11207300000.0,0.0,38.57,0.936,0.935,329000000.0,3217700000.0,1535900000.0,1535900000.0,47600000.0,,,,,0.0,79900000.0,1.0,142496147.0,142408000,141064000.0,10.785,13574900000.0,105400000.0,491100000.0,1202300000.0,95.324,268500000.0
35,CLF,MRQ,2012-09-30,2012-09-30,2012-09-30,2021-07-28,-51000000.0,15296800000.0,,1665400000.0,13631400000.0,,44.501,-276600000.0,36300000.0,36300000.0,1346600000.0,78400000.0,0.971,1.201,3884000000.0,369700000.0,3514300000.0,3884000000.0,125100000.0,132900000.0,0.0,0.046,0.625,66400000.0,199300000.0,0.129,199300000.0,66400000.0,21100000.0,0.6,0.59,0.6,6336800000.0,,6336800000.0,9400334147.0,10.0,6.411,31700000.0,0.223,1.0,198300000.0,0.128,1301000000.0,45300000.0,16129200000.0,,786200000.0,595300000.0,78300000.0,517000000.0,7607600000.0,1714300000.0,5893300000.0,5575734147.0,-119700000.0,0.0,0.0,-99900000.0,-89000000.0,-164400000.0,-263800000.0,0.0,308300000.0,200000.0,85100000.0,85100000.0,85100000.0,2700000.0,-6700000.0,0.055,109500000.0,88800000.0,422100000.0,1.042,0.88,6.165,6.182,11030700000.0,0.0,39.13,0.939,0.938,285900000.0,4925700000.0,1544900000.0,1544900000.0,45600000.0,,,,,0.0,63900000.0,1.0,142492567.0,142396000,142895000.0,10.849,13995800000.0,612300000.0,-64000000.0,1231700000.0,98.288,-48900000.0
36,CLF,MRQ,2012-06-30,2012-06-30,2012-06-30,2021-07-28,-89900000.0,15194300000.0,,1742600000.0,13451700000.0,,44.213,-275900000.0,159200000.0,159200000.0,1136000000.0,274300000.0,1.136,1.205,3983800000.0,369700000.0,3614100000.0,3983800000.0,123400000.0,132100000.0,0.0,0.03,0.625,345200000.0,477300000.0,0.302,477300000.0,345200000.0,299900000.0,1.81,1.81,1.81,6295000000.0,,6295000000.0,10571493656.0,7.0,5.18,-179700000.0,-1.262,1.0,443400000.0,0.281,1304000000.0,45300000.0,16180600000.0,,978000000.0,606000000.0,74800000.0,531200000.0,7586800000.0,1534300000.0,6052500000.0,7022793656.0,36900000.0,11200000.0,0.0,312500000.0,-89100000.0,212800000.0,-268900000.0,0.0,96200000.0,-3200000.0,258000000.0,258000000.0,258000000.0,-2300000.0,16300000.0,0.163,109900000.0,333500000.0,385200000.0,0.345,1.116,4.944,4.979,10882100000.0,0.0,49.29,1.083,1.082,310800000.0,4929400000.0,1579400000.0,1579400000.0,29100000.0,,,,,0.0,80800000.0,1.0,142479076.0,142380000,142814000.0,11.093,13890300000.0,522200000.0,41900000.0,1192900000.0,97.558,208300000.0
37,CLF,MRQ,2012-03-31,2012-03-31,2012-03-31,2021-07-28,-70900000.0,14893300000.0,,1587300000.0,13306000000.0,,43.171,-241100000.0,122300000.0,122300000.0,920600000.0,391400000.0,1.146,1.215,3671000000.0,87200000.0,3583800000.0,3671000000.0,108600000.0,117300000.0,0.0,0.014,0.28,207700000.0,325000000.0,0.268,325000000.0,207700000.0,162600000.0,2.64,2.63,2.64,6140000000.0,,6140000000.0,12997757365.0,7.0,5.624,-370100000.0,-2.602,1.0,291800000.0,0.241,1309900000.0,45100000.0,15747500000.0,,924700000.0,609700000.0,78800000.0,530900000.0,7459400000.0,1384600000.0,6074800000.0,9835857365.0,-399300000.0,-11200000.0,0.0,-12500000.0,-39700000.0,-21200000.0,-252000000.0,0.0,-129000000.0,2900000.0,375800000.0,375800000.0,375800000.0,-5500000.0,15600000.0,0.31,78300000.0,213500000.0,394500000.0,0.106,1.602,6.258,6.279,10766700000.0,0.0,69.26,1.466,1.468,247200000.0,4760300000.0,1212400000.0,1212400000.0,18800000.0,,,,,0.0,59500000.0,1.0,142013534.0,142226000,142709000.0,8.524,13583400000.0,533500000.0,-213200000.0,1381900000.0,95.506,202700000.0
38,CLF,MRQ,2011-12-31,2011-12-31,2011-12-31,2021-07-28,-92600000.0,14541700000.0,,1911200000.0,12630500000.0,,40.669,-401800000.0,519300000.0,519300000.0,1123600000.0,208900000.0,1.272,1.297,3683500000.0,74800000.0,3608700000.0,3683500000.0,126600000.0,120600000.0,0.0,0.013,0.28,344000000.0,464600000.0,0.29,464600000.0,344000000.0,306000000.0,1.28,1.26,1.28,5785000000.0,,5785000000.0,12317479495.0,6.0,4.631,341300000.0,2.399,1.0,480100000.0,0.299,1299100000.0,38000000.0,14904700000.0,,673800000.0,608700000.0,82100000.0,526600000.0,7502000000.0,1502100000.0,5999900000.0,8916779495.0,-23500000.0,0.0,-67900000.0,-262600000.0,-40100000.0,-391500000.0,-385800000.0,0.0,743100000.0,10700000.0,185500000.0,185500000.0,185500000.0,-16400000.0,23400000.0,0.116,137200000.0,342900000.0,364700000.0,0.219,1.541,5.507,5.398,10404100000.0,0.0,62.35,1.358,1.332,287900000.0,4424300000.0,1603700000.0,1603700000.0,25100000.0,,,,,0.0,83900000.0,1.0,143011700.0,142247000,143085000.0,11.274,13242600000.0,231400000.0,120500000.0,1327800000.0,93.096,409100000.0
39,CLF,MRQ,2011-09-30,2011-09-30,2011-09-30,2021-07-28,-59300000.0,13945300000.0,,1904800000.0,12040500000.0,,39.69,-234400000.0,545100000.0,545100000.0,1246000000.0,753000000.0,1.466,1.239,3945800000.0,62300000.0,3883500000.0,3945800000.0,99600000.0,119700000.0,0.0,0.014,0.28,654300000.0,774000000.0,0.37,774000000.0,654300000.0,604900000.0,4.17,4.15,4.17,5723400000.0,,5723400000.0,11194884619.0,5.0,4.16,586300000.0,4.066,1.0,843100000.0,0.404,1387000000.0,49400000.0,14659600000.0,,704100000.0,589400000.0,73600000.0,515800000.0,7093500000.0,1299400000.0,5794100000.0,7471684619.0,307000000.0,1200000.0,-221900000.0,-22500000.0,-40800000.0,-292800000.0,-197800000.0,22300000.0,820700000.0,-23100000.0,601200000.0,601200000.0,601200000.0,16800000.0,151800000.0,0.288,90000000.0,753100000.0,370100000.0,0.067,1.305,4.109,3.915,9835300000.0,0.0,51.17,1.185,1.171,433800000.0,4266200000.0,2089100000.0,2089100000.0,26600000.0,,,,,0.0,61300000.0,1.0,146016897.0,144203000,144989000.0,14.487,12558300000.0,84100000.0,3700000.0,1057500000.0,87.088,605400000.0
40,CLF,MRQ,2011-06-30,2011-06-30,2011-06-30,2021-07-28,95900000.0,13671700000.0,,1688300000.0,11983400000.0,,39.901,-178800000.0,238100000.0,238100000.0,1074200000.0,427400000.0,1.418,1.289,3961300000.0,62500000.0,3898800000.0,3961300000.0,141200000.0,106800000.0,0.0,0.006,0.14,640800000.0,747600000.0,0.414,747600000.0,640800000.0,559500000.0,2.94,2.92,2.94,5546200000.0,,5546200000.0,12685551991.0,6.0,5.215,439300000.0,3.16,1.0,731600000.0,0.405,1386800000.0,81300000.0,14817100000.0,,762200000.0,619600000.0,110200000.0,509400000.0,7151700000.0,1191000000.0,5960700000.0,12540751991.0,-2029600000.0,-4424600000.0,853700000.0,1195700000.0,-19000000.0,2032000000.0,-4683400000.0,-82300000.0,618100000.0,3700000.0,409100000.0,409100000.0,409100000.0,700000.0,18300000.0,0.227,105600000.0,626000000.0,306900000.0,0.048,2.261,8.281,8.329,9802400000.0,0.0,92.45,2.255,2.311,387700000.0,3717700000.0,1805800000.0,1805800000.0,18200000.0,,,,,0.0,69400000.0,1.0,135649021.0,139000000,139783000.0,12.991,12284900000.0,92200000.0,150400000.0,1030400000.0,88.381,497300000.0
41,CLF,MRQ,2011-03-31,2011-03-31,2011-03-31,2021-07-28,70000000.0,8952300000.0,,3713900000.0,5238400000.0,,31.538,-65700000.0,2267700000.0,2267700000.0,583700000.0,423400000.0,3.354,1.095,2412500000.0,0.0,2412500000.0,2412500000.0,238500000.0,79800000.0,0.0,0.006,0.14,604000000.0,683800000.0,0.578,683800000.0,604000000.0,565600000.0,3.12,3.11,3.12,4273000000.0,,4273000000.0,13459655385.0,7.0,6.27,41200000.0,0.304,1.0,599500000.0,0.507,369000000.0,38400000.0,7620900000.0,,632500000.0,658300000.0,132900000.0,525400000.0,4678400000.0,1107200000.0,3571200000.0,13313255385.0,701000000.0,-100000.0,0.0,667500000.0,-19000000.0,627400000.0,-37400000.0,28100000.0,106900000.0,4100000.0,423400000.0,423400000.0,423400000.0,400000.0,0.0,0.358,61200000.0,538300000.0,266900000.0,0.045,3.116,9.746,9.74,4021500000.0,0.0,98.28,2.695,2.696,506500000.0,3328800000.0,1183200000.0,1183200000.0,10600000.0,,,,,0.0,50600000.0,1.0,135462509.0,135486000,136191000.0,8.733,8583300000.0,163100000.0,142200000.0,278700000.0,63.352,2606700000.0
42,CLF,MRQ,2010-12-31,2010-12-31,2010-12-31,2021-07-28,45900000.0,7778200000.0,,2583700000.0,5194500000.0,,28.412,-116800000.0,1566700000.0,1566700000.0,809800000.0,384500000.0,2.512,1.024,1713100000.0,0.0,1713100000.0,1713100000.0,215600000.0,82800000.0,0.0,0.007,0.14,402900000.0,485700000.0,0.396,485700000.0,402900000.0,384500000.0,2.84,2.82,2.84,3845900000.0,,3845900000.0,11310795517.0,8.0,6.716,572200000.0,4.227,1.0,416100000.0,0.339,372300000.0,18400000.0,6523600000.0,,417300000.0,597400000.0,82600000.0,514800000.0,3939500000.0,1028700000.0,2910800000.0,10567195517.0,597300000.0,-32100000.0,0.0,100000.0,-19000000.0,-25000000.0,-75100000.0,0.0,689000000.0,8400000.0,384500000.0,384500000.0,384500000.0,-24500000.0,0.0,0.314,43000000.0,373100000.0,266500000.0,0.049,2.748,10.361,10.346,3979200000.0,0.0,78.01,2.357,2.354,359100000.0,2924100000.0,1225900000.0,1225900000.0,14300000.0,,,,,12500000.0,28700000.0,1.0,135459499.0,135364000,136258000.0,9.056,7405900000.0,183500000.0,0.0,206000000.0,54.711,1555000000.0
43,CLF,MRQ,2010-09-30,2010-09-30,2010-09-30,2021-07-28,13000000.0,7078900000.0,,2022900000.0,5056000000.0,,25.394,-87100000.0,969400000.0,969400000.0,868800000.0,297400000.0,2.932,1.055,1713000000.0,0.0,1713000000.0,1713000000.0,75700000.0,84400000.0,0.0,0.007,0.14,430900000.0,515300000.0,0.383,515300000.0,430900000.0,413500000.0,2.2,2.18,2.2,3436900000.0,,3436900000.0,8854903166.0,8.0,6.251,308200000.0,2.277,1.0,477200000.0,0.355,378500000.0,17400000.0,6754000000.0,,440000000.0,733900000.0,208600000.0,525300000.0,3627600000.0,690000000.0,2937600000.0,8657403166.0,441900000.0,-865100000.0,0.0,992900000.0,-19100000.0,964900000.0,-935400000.0,0.0,395300000.0,17100000.0,297400000.0,297400000.0,297400000.0,700000.0,0.0,0.221,67600000.0,409600000.0,214400000.0,0.064,2.519,11.641,11.517,3897700000.0,0.0,63.92,2.123,2.121,214100000.0,2550100000.0,1346000000.0,1346000000.0,10300000.0,,,,,0.0,57300000.0,1.0,135441226.0,135345000,136213000.0,9.945,6700400000.0,163200000.0,116100000.0,205200000.0,49.506,1332900000.0
44,CLF,MRQ,2010-06-30,2010-06-30,2010-06-30,2021-07-28,-166600000.0,5636300000.0,,1630600000.0,4005700000.0,,22.168,-44100000.0,527500000.0,527500000.0,769600000.0,260600000.0,2.283,0.882,725000000.0,0.0,725000000.0,725000000.0,100200000.0,88500000.0,0.0,0.008,0.14,373300000.0,461800000.0,0.39,461800000.0,373300000.0,360000000.0,1.93,1.92,1.93,2999800000.0,,2999800000.0,6561571894.0,9.0,6.37,117600000.0,0.869,1.0,414700000.0,0.35,258000000.0,13300000.0,4861500000.0,,500800000.0,663300000.0,157600000.0,505700000.0,2645400000.0,714300000.0,1931100000.0,6386971894.0,-22900000.0,-105100000.0,0.0,0.0,-19000000.0,-26500000.0,-155000000.0,0.0,161700000.0,-3100000.0,260700000.0,260700000.0,260700000.0,0.0,-100000.0,0.22,50200000.0,364500000.0,234100000.0,0.073,2.129,12.645,12.411,2985200000.0,0.0,47.16,1.879,1.878,255300000.0,2296400000.0,1184300000.0,1184300000.0,7700000.0,,,,,0.0,42500000.0,1.0,135431974.0,135319000,136134000.0,8.752,5378300000.0,168700000.0,99300000.0,219200000.0,39.745,916300000.0
45,CLF,MRQ,2010-03-31,2010-03-31,2010-03-31,2021-07-28,-91700000.0,5531900000.0,,1470500000.0,4061400000.0,,20.938,-18900000.0,550400000.0,550400000.0,577700000.0,77400000.0,1.97,0.956,725000000.0,0.0,725000000.0,725000000.0,165200000.0,66600000.0,0.0,0.004,0.087,154000000.0,220600000.0,0.303,220600000.0,154000000.0,143800000.0,0.57,0.57,0.57,2830300000.0,,2830300000.0,9616444787.0,23.0,14.454,55100000.0,0.408,1.0,150000000.0,0.206,270900000.0,10200000.0,4689300000.0,,497700000.0,527000000.0,131700000.0,395300000.0,2705700000.0,746300000.0,1959400000.0,9594144787.0,47700000.0,-183500000.0,0.0,195100000.0,-11800000.0,174200000.0,-202200000.0,0.0,74000000.0,1700000.0,77400000.0,77400000.0,77400000.0,0.0,0.0,0.106,46000000.0,104000000.0,220900000.0,0.153,3.39,33.095,31.816,3069900000.0,0.0,70.95,3.683,3.682,131400000.0,2054800000.0,727700000.0,727700000.0,1600000.0,,,,,0.0,44400000.0,1.0,135224028.0,135174000,135954000.0,5.383,5261000000.0,195400000.0,66400000.0,219800000.0,38.92,724200000.0
46,CLF,MRQ,2009-12-31,2009-12-31,2009-12-31,2021-07-28,-122600000.0,4639300000.0,,1161200000.0,3478100000.0,,19.432,-20500000.0,502700000.0,502700000.0,642700000.0,108900000.0,2.036,0.827,525000000.0,0.0,525000000.0,525000000.0,105100000.0,63900000.0,0.0,0.006,0.087,155000000.0,218900000.0,0.267,218900000.0,155000000.0,145300000.0,0.85,0.85,0.85,2542800000.0,,2542800000.0,6201740884.0,23.0,12.325,170600000.0,1.304,1.0,177800000.0,0.217,189400000.0,9700000.0,3901800000.0,,375200000.0,454700000.0,51500000.0,403200000.0,2102300000.0,570400000.0,1531900000.0,6036640884.0,142800000.0,-2700000.0,0.0,-8600000.0,-11500000.0,-20000000.0,-29700000.0,-11000000.0,191100000.0,1400000.0,108200000.0,108200000.0,108200000.0,3400000.0,700000.0,0.132,39000000.0,138800000.0,178900000.0,0.102,2.374,29.433,28.104,2592600000.0,0.0,46.09,2.578,2.46,153300000.0,1973100000.0,820500000.0,820500000.0,0.0,,,,,10100000.0,34000000.0,1.0,130975068.0,130857000,131700000.0,6.27,4449900000.0,212500000.0,37100000.0,112000000.0,34.006,590800000.0
47,CLF,MRQ,2009-09-30,2009-09-30,2009-09-30,2021-07-28,-160900000.0,4511200000.0,,1016300000.0,3494900000.0,,18.387,-35300000.0,359900000.0,359900000.0,563200000.0,58600000.0,1.815,0.875,525000000.0,0.0,525000000.0,525000000.0,0.0,58000000.0,0.0,0.008,0.04,70700000.0,128700000.0,0.193,128700000.0,70700000.0,60700000.0,0.45,0.45,0.45,2405700000.0,,2405700000.0,4489317688.0,30.0,11.429,119600000.0,0.914,1.0,103200000.0,0.155,189300000.0,10000000.0,3927000000.0,,395200000.0,318500000.0,0.0,318500000.0,2104300000.0,560000000.0,1544300000.0,4238917688.0,85300000.0,-34300000.0,-200000.0,4100000.0,-5200000.0,-2800000.0,-69600000.0,0.0,154900000.0,2800000.0,58800000.0,58800000.0,58800000.0,0.0,-200000.0,0.088,27600000.0,75600000.0,171500000.0,0.089,1.762,28.11,29.688,2556300000.0,0.0,32.36,1.739,1.737,87200000.0,1876400000.0,666400000.0,666400000.0,0.0,,,,,0.0,28400000.0,1.0,130992512.0,130840000,131736000.0,5.093,4321900000.0,298100000.0,1900000.0,40800000.0,33.032,456300000.0
48,CLF,MRQ,2009-06-30,2009-06-30,2009-06-30,2021-07-28,-251300000.0,4296400000.0,,949200000.0,3347200000.0,,18.113,-30100000.0,274600000.0,274600000.0,402000000.0,45200000.0,1.756,0.897,525000000.0,0.0,525000000.0,525000000.0,71900000.0,59200000.0,0.0,0.012,0.04,37900000.0,97100000.0,0.249,97100000.0,37900000.0,27900000.0,0.36,0.36,0.36,2265100000.0,,2265100000.0,3210554445.0,10.0,5.808,-145600000.0,-1.164,1.0,-11700000.0,-0.03,115100000.0,10000000.0,3891300000.0,,443600000.0,335900000.0,27500000.0,308400000.0,2030900000.0,540400000.0,1490500000.0,2782854445.0,177300000.0,-20200000.0,347500000.0,-1900000.0,-5300000.0,333600000.0,-48800000.0,1500000.0,-115500000.0,8000000.0,45500000.0,45500000.0,45500000.0,0.0,-300000.0,0.117,22600000.0,-34300000.0,131400000.0,0.111,1.229,10.427,10.593,2485400000.0,0.0,24.47,0.94,1.033,41900000.0,1822900000.0,390300000.0,390300000.0,0.0,,,,,0.0,23400000.0,1.0,113725151.0,125055000,125779000.0,3.121,4181300000.0,208200000.0,-17600000.0,64800000.0,33.436,408800000.0
49,CLF,MRQ,2009-03-31,2009-03-31,2009-03-31,2021-07-28,-388800000.0,4025800000.0,,792500000.0,3233300000.0,,15.344,-30400000.0,97300000.0,97300000.0,422400000.0,-7600000.0,1.015,1.313,525000000.0,0.0,525000000.0,525000000.0,129300000.0,55500000.0,0.0,0.019,0.087,3000000.0,58500000.0,0.126,58500000.0,3000000.0,-6300000.0,-0.07,-0.07,-0.07,1737600000.0,,1737600000.0,2407657784.0,4.0,2.726,-75200000.0,-0.664,1.0,42400000.0,0.091,107400000.0,9300000.0,3565500000.0,,423000000.0,347600000.0,30200000.0,317400000.0,2281800000.0,780600000.0,1501200000.0,2061657784.0,-81700000.0,-24600000.0,0.0,0.0,-9900000.0,-6500000.0,-31200000.0,0.0,-44800000.0,800000.0,-7400000.0,-7400000.0,-7400000.0,0.0,-200000.0,-0.016,28400000.0,14000000.0,159800000.0,-1.243,1.186,4.197,3.864,2382400000.0,0.0,18.16,0.576,0.575,79600000.0,1782700000.0,464800000.0,464800000.0,0.0,,,,,0.0,31800000.0,1.0,113527411.0,113240000,113240000.0,4.105,3918400000.0,251200000.0,1100000.0,131200000.0,34.603,11900000.0
50,CLF,MRQ,2008-12-31,2008-12-31,2008-12-31,2021-07-28,-394600000.0,4111100000.0,,861700000.0,3249400000.0,,15.482,-34800000.0,179000000.0,179000000.0,630400000.0,46000000.0,1.02,1.347,525000000.0,0.0,525000000.0,525000000.0,86800000.0,71900000.0,0.0,0.014,0.087,36600000.0,108500000.0,0.118,108500000.0,36600000.0,24500000.0,0.35,0.42,0.35,1750500000.0,,1750500000.0,3043498077.0,4.0,3.378,236200000.0,2.089,1.0,285900000.0,0.312,111600000.0,12100000.0,3500600000.0,,366600000.0,407600000.0,76900000.0,330700000.0,2357100000.0,844900000.0,1512200000.0,2906798077.0,-209300000.0,199800000.0,0.0,-8400000.0,-10000000.0,-20800000.0,-422400000.0,-602100000.0,271000000.0,-37100000.0,53900000.0,53900000.0,53900000.0,0.0,-7900000.0,0.059,132900000.0,153000000.0,201000000.0,0.249,1.661,5.648,5.051,2456100000.0,0.0,25.61,0.805,0.72,101900000.0,1799900000.0,916300000.0,916300000.0,0.0,,,,,21400000.0,50200000.0,1.0,113502463.0,113069000,113835000.0,8.104,3999500000.0,306000000.0,-29400000.0,212100000.0,35.372,16800000.0
51,CLF,MRQ,2008-09-30,2008-09-30,2008-09-30,2021-07-28,-88000000.0,4309200000.0,,1212200000.0,3097000000.0,,16.117,-88600000.0,388300000.0,388300000.0,824700000.0,178500000.0,1.06,1.511,525000000.0,0.0,525000000.0,525000000.0,181300000.0,51100000.0,0.0,0.006,0.087,237600000.0,288700000.0,0.243,288700000.0,237600000.0,226900000.0,1.67,1.61,1.67,1688300000.0,,1688300000.0,6014362094.0,8.0,6.258,410700000.0,3.921,1.0,365000000.0,0.307,112800000.0,10700000.0,3189300000.0,,413900000.0,467200000.0,140200000.0,327000000.0,2551500000.0,1143800000.0,1407700000.0,5649762094.0,67900000.0,-122500000.0,0.0,-153200000.0,-9200000.0,-171900000.0,-216000000.0,6700000.0,499300000.0,-43500000.0,174900000.0,174900000.0,174900000.0,0.0,3600000.0,0.147,36100000.0,328900000.0,194600000.0,0.052,3.346,10.213,9.32,2518900000.0,0.0,52.94,1.626,1.596,170900000.0,1756300000.0,1189700000.0,1189700000.0,0.0,,,,,-7500000.0,41800000.0,1.0,106720100.0,104753000,108719000.0,11.357,4196400000.0,0.0,52000000.0,247900000.0,40.06,68400000.0
52,CLF,MRQ,2008-06-30,2008-06-30,2008-06-30,2021-07-28,60800000.0,4046900000.0,,1443100000.0,2603800000.0,,16.756,-24900000.0,320400000.0,320400000.0,582300000.0,292600000.0,2.801,1.336,685000000.0,0.0,685000000.0,685000000.0,9000000.0,40000000.0,0.0,0.003,0.087,387400000.0,427400000.0,0.424,427400000.0,387400000.0,377600000.0,2.75,2.57,2.75,1644200000.0,,1644200000.0,11199379979.0,17.0,14.296,178000000.0,1.814,1.0,426300000.0,0.423,0.0,9800000.0,3896200000.0,,548400000.0,525600000.0,157900000.0,367700000.0,2196000000.0,515300000.0,1680700000.0,10785879979.0,133900000.0,-138900000.0,0.0,79000000.0,-9000000.0,71300000.0,-146100000.0,-16300000.0,202900000.0,5800000.0,270200000.0,269800000.0,269800000.0,0.0,22400000.0,0.267,15500000.0,410800000.0,172500000.0,0.032,6.56,24.864,25.468,2091300000.0,400000.0,119.19,3.713,4.026,291900000.0,1589500000.0,1008600000.0,1008600000.0,0.0,,,,,6300000.0,52100000.0,1.0,90493162.0,98127000,105227000.0,10.279,4046900000.0,42200000.0,107400000.0,377600000.0,41.241,927800000.0
53,CLF,MRQ,2008-03-31,2008-03-31,2008-03-31,2021-07-28,20200000.0,3301000000.0,,961300000.0,2339700000.0,,13.861,-34200000.0,186500000.0,186500000.0,412000000.0,19800000.0,2.499,1.453,600000000.0,0.0,600000000.0,600000000.0,14800000.0,38100000.0,0.0,0.005,0.087,38200000.0,76300000.0,0.154,76300000.0,38200000.0,31000000.0,0.18,0.16,0.18,1246600000.0,,1246600000.0,5694908672.0,15.0,11.563,-154200000.0,-1.715,1.0,82400000.0,0.167,0.0,7200000.0,3329900000.0,,465000000.0,406000000.0,85800000.0,320200000.0,1810700000.0,384600000.0,1426100000.0,5412008672.0,29400000.0,-1100000.0,0.0,159200000.0,-7900000.0,153800000.0,-11100000.0,9600000.0,-120000000.0,6700000.0,16700000.0,15800000.0,15800000.0,0.0,3100000.0,0.032,40800000.0,41600000.0,148500000.0,0.483,4.341,21.691,20.104,1874300000.0,900000.0,59.91,2.214,2.205,128900000.0,1324900000.0,494400000.0,494400000.0,0.0,,,,,1200000.0,44600000.0,1.0,90335648.0,89936000,104916000.0,5.497,3301000000.0,64800000.0,14300000.0,242500000.0,36.704,576700000.0
54,CLF,MRQ,2007-12-31,2007-12-31,2007-12-31,2021-07-28,-30300000.0,3075800000.0,,754600000.0,2321200000.0,,13.437,-135000000.0,157100000.0,157100000.0,619200000.0,109300000.0,1.888,1.426,440000000.0,0.0,440000000.0,440000000.0,28400000.0,36100000.0,0.0,0.005,0.062,132600000.0,168700000.0,0.216,168700000.0,132600000.0,121000000.0,1.08,0.88,1.08,1163700000.0,,1163700000.0,4667134144.0,12.0,9.645,72900000.0,0.842,1.0,163300000.0,0.209,0.0,11600000.0,2959100000.0,,318900000.0,390500000.0,69500000.0,321000000.0,1659600000.0,399600000.0,1260000000.0,4216734144.0,17500000.0,92100000.0,2100000.0,-151900000.0,-5400000.0,-158200000.0,-31700000.0,-8800000.0,207900000.0,-500000.0,93700000.0,92700000.0,92700000.0,-200000.0,15600000.0,0.118,16200000.0,147100000.0,149900000.0,0.057,3.624,15.924,15.799,1823900000.0,1000000.0,50.4,1.853,1.838,122900000.0,1316200000.0,782500000.0,782500000.0,0.0,,,,,9100000.0,38800000.0,1.0,83665360.0,86606000,106100000.0,9.035,3075800000.0,61800000.0,27300000.0,234100000.0,35.515,355000000.0
55,CLF,MRQ,2007-09-30,2007-09-30,2007-09-30,2021-07-28,-79000000.0,3061800000.0,,844600000.0,2217200000.0,,12.071,-18300000.0,139600000.0,139600000.0,512300000.0,56900000.0,2.214,1.767,590000000.0,0.0,590000000.0,590000000.0,42900000.0,28700000.0,0.0,0.006,0.062,82300000.0,111000000.0,0.179,111000000.0,82300000.0,74400000.0,0.67,0.54,0.67,996900000.0,,996900000.0,3604093134.0,11.0,8.314,100400000.0,1.216,1.0,107300000.0,0.173,0.0,7900000.0,3130800000.0,,428100000.0,376200000.0,58500000.0,317700000.0,1761500000.0,381400000.0,1380100000.0,3608393134.0,10300000.0,-392800000.0,0.0,302800000.0,-5300000.0,295400000.0,-409600000.0,100000.0,118700000.0,5800000.0,56900000.0,55500000.0,55500000.0,0.0,0.0,0.09,29100000.0,78200000.0,153400000.0,0.093,3.62,14.991,14.935,1698900000.0,1400000.0,43.985,1.767,1.779,155000000.0,1227700000.0,619600000.0,619600000.0,0.0,,,,,3400000.0,33200000.0,1.0,82036902.0,82586000,105000000.0,7.502,3061800000.0,77600000.0,17500000.0,166200000.0,37.074,463200000.0
56,CLF,MRQ,2007-06-30,2007-06-30,2007-06-30,2021-07-28,-111900000.0,2221000000.0,,774700000.0,1446300000.0,,11.038,-13600000.0,129300000.0,129300000.0,418000000.0,86900000.0,2.401,1.142,125000000.0,0.0,125000000.0,125000000.0,37000000.0,21700000.0,0.0,0.006,0.062,114800000.0,136500000.0,0.249,136500000.0,114800000.0,112700000.0,1.05,0.83,1.05,900100000.0,,900100000.0,3117231555.0,8.0,6.75,45300000.0,0.556,1.0,129600000.0,0.237,0.0,2100000.0,1894100000.0,,444200000.0,337800000.0,48200000.0,289600000.0,1028100000.0,322600000.0,705500000.0,3186031555.0,10500000.0,-82400000.0,0.0,74300000.0,-5100000.0,68500000.0,-120800000.0,-25500000.0,58900000.0,3900000.0,86900000.0,85500000.0,85500000.0,0.0,0.0,0.156,14300000.0,115300000.0,115900000.0,0.059,3.54,11.675,11.627,923100000.0,1400000.0,38.835,1.591,1.582,112300000.0,1177100000.0,547600000.0,547600000.0,0.0,,,,,2600000.0,21500000.0,1.0,82040210.0,81544000,104664000.0,6.715,2221000000.0,120700000.0,25800000.0,171500000.0,27.237,452100000.0
57,CLF,MRQ,2007-03-31,2007-03-31,2007-03-31,2021-07-28,-152300000.0,2011600000.0,,694300000.0,1317300000.0,,9.581,-32600000.0,118800000.0,118800000.0,263700000.0,32500000.0,2.031,1.235,50000000.0,0.0,50000000.0,50000000.0,84300000.0,20700000.0,0.0,0.008,0.062,47000000.0,67700000.0,0.208,67700000.0,47000000.0,46000000.0,0.385,0.31,0.385,778100000.0,,778100000.0,2433367035.0,6.0,5.339,-129200000.0,-1.591,1.0,61800000.0,0.19,0.0,1000000.0,1601000000.0,,414700000.0,200800000.0,37000000.0,163800000.0,961000000.0,341800000.0,619200000.0,2636567035.0,-232900000.0,-141300000.0,-2100000.0,48300000.0,-5100000.0,44400000.0,-183300000.0,-10500000.0,-96600000.0,2600000.0,32500000.0,31100000.0,31100000.0,0.0,0.0,0.096,16500000.0,45300000.0,105500000.0,0.161,3.388,9.798,9.863,907700000.0,1400000.0,32.005,1.358,1.339,74900000.0,1096700000.0,325500000.0,325500000.0,0.0,,,,,-3300000.0,18700000.0,1.0,82379848.0,81216000,104354000.0,4.008,2011600000.0,115900000.0,13500000.0,164100000.0,24.769,352500000.0
58,CLF,MRQ,2006-12-31,2006-12-31,2006-12-31,2021-07-28,-169900000.0,1939700000.0,,782300000.0,1157400000.0,,9.154,-32400000.0,351700000.0,351700000.0,451600000.0,70000000.0,2.087,1.255,0.0,0.0,0.0,0.0,62600000.0,25700000.0,0.0,0.01,0.062,92600000.0,118300000.0,0.215,118300000.0,92600000.0,90100000.0,0.84,0.665,0.84,745800000.0,,745800000.0,1792039919.0,5.0,3.981,167700000.0,2.058,1.0,97400000.0,0.177,0.0,2500000.0,1213100000.0,,278400000.0,68800000.0,32900000.0,35900000.0,935800000.0,374900000.0,560900000.0,1995239919.0,148500000.0,-3800000.0,-15700000.0,-400000.0,-5100000.0,-22100000.0,-34600000.0,0.0,200100000.0,5100000.0,70000000.0,68600000.0,68600000.0,0.0,0.0,0.125,36100000.0,61300000.0,142400000.0,0.074,2.675,7.269,7.429,884900000.0,1400000.0,24.22,1.038,1.061,76000000.0,1078500000.0,549000000.0,549000000.0,0.0,,,,,7600000.0,35100000.0,1.0,82379848.0,81474000,105218000.0,6.738,1939700000.0,116700000.0,20100000.0,172600000.0,23.808,407400000.0
59,CLF,MRQ,2006-09-30,2006-09-30,2006-09-30,2021-07-28,-108400000.0,1849100000.0,,704400000.0,1144700000.0,,9.189,-24200000.0,203200000.0,203200000.0,447600000.0,89100000.0,1.885,1.062,0.0,0.0,0.0,0.0,0.0,17900000.0,0.0,0.012,0.062,121400000.0,139300000.0,0.24,139300000.0,121400000.0,120400000.0,1.065,0.84,1.065,755900000.0,,755900000.0,1464110352.0,4.0,3.542,111800000.0,1.359,1.0,132500000.0,0.228,13900000.0,1000000.0,1258400000.0,,317000000.0,41700000.0,3700000.0,38000000.0,802700000.0,373600000.0,429100000.0,1587710352.0,79600000.0,-3200000.0,-24700000.0,-500000.0,-5200000.0,-31600000.0,-25100000.0,0.0,136000000.0,300000.0,89100000.0,87700000.0,87700000.0,0.0,0.0,0.151,7300000.0,125200000.0,130900000.0,0.058,2.1,5.867,5.983,844000000.0,1400000.0,19.055,0.862,0.851,151900000.0,1015000000.0,580100000.0,580100000.0,0.0,,,,,2100000.0,14200000.0,1.0,83322506.0,82264000,105784000.0,7.052,1835200000.0,68400000.0,31300000.0,169500000.0,22.309,330800000.0
60,CLF,MRQ,2006-06-30,2006-06-30,2006-06-30,2021-07-28,-109400000.0,1820500000.0,,681600000.0,1138900000.0,,8.13,-22600000.0,123600000.0,123600000.0,357500000.0,83100000.0,1.834,1.23,0.0,0.0,0.0,0.0,0.0,17000000.0,0.0,0.011,0.062,113500000.0,130500000.0,0.268,130500000.0,113500000.0,112700000.0,0.955,0.765,0.955,694600000.0,,694600000.0,1612252971.0,5.0,3.947,75100000.0,0.879,1.0,128700000.0,0.265,13900000.0,800000.0,1311400000.0,,374300000.0,49800000.0,3700000.0,46100000.0,854500000.0,371600000.0,482900000.0,1748952971.0,-13100000.0,-3400000.0,-80400000.0,-100000.0,-5500000.0,-87600000.0,-24900000.0,0.0,97700000.0,1600000.0,83100000.0,81700000.0,81700000.0,-100000.0,0.0,0.168,10300000.0,118400000.0,143900000.0,0.065,2.518,6.548,6.425,836100000.0,1400000.0,19.823,0.985,0.954,149400000.0,932500000.0,486200000.0,486200000.0,0.0,,,,,-400000.0,13300000.0,1.0,88230696.0,85440000,108890000.0,5.691,1806600000.0,65900000.0,29600000.0,172300000.0,21.145,310000000.0
61,CLF,MRQ,2006-03-31,2006-03-31,2006-03-31,2021-07-28,-129700000.0,1771300000.0,,648700000.0,1122600000.0,,7.742,-40300000.0,136700000.0,136700000.0,251000000.0,37900000.0,1.8,1.243,0.0,0.0,0.0,0.0,0.0,13300000.0,0.0,0.008,0.05,48800000.0,62100000.0,0.203,62100000.0,48800000.0,47800000.0,0.42,0.345,0.42,676600000.0,,676600000.0,1716696247.0,4.0,3.975,-45600000.0,-0.522,1.0,55400000.0,0.181,13900000.0,1000000.0,1260300000.0,,340400000.0,43500000.0,0.0,43500000.0,841100000.0,360400000.0,480700000.0,1909496247.0,-56100000.0,-3000000.0,0.0,-2900000.0,-4400000.0,-7100000.0,-42800000.0,0.0,-5300000.0,-1100000.0,37900000.0,36500000.0,36500000.0,-200000.0,0.0,0.119,7200000.0,48200000.0,148200000.0,0.119,2.822,6.731,6.681,820700000.0,1400000.0,21.78,1.076,1.073,101200000.0,856300000.0,306400000.0,306400000.0,0.0,,,,,-5600000.0,9800000.0,1.0,87672004.0,87396000,110724000.0,3.506,1757400000.0,74000000.0,9900000.0,165100000.0,20.108,288300000.0
62,CLF,MRQ,2005-12-31,2005-12-31,2005-12-31,2021-07-28,-125600000.0,1746700000.0,,636000000.0,1110700000.0,,7.468,-27600000.0,192800000.0,192800000.0,390900000.0,66100000.0,1.754,1.306,0.0,0.0,0.0,0.0,200000.0,8100000.0,0.0,0.007,0.05,73300000.0,81400000.0,0.174,81400000.0,73300000.0,72300000.0,0.745,0.59,0.745,651600000.0,,651600000.0,1844392804.0,5.0,4.502,99700000.0,1.143,1.0,78000000.0,0.166,13900000.0,1000000.0,1177300000.0,,246300000.0,73700000.0,29100000.0,44600000.0,850900000.0,362700000.0,488200000.0,1942292804.0,94900000.0,-7600000.0,0.0,1700000.0,-4400000.0,-4200000.0,-25800000.0,0.0,127300000.0,-1800000.0,66100000.0,64700000.0,64700000.0,-100000.0,0.0,0.138,25000000.0,53000000.0,130600000.0,0.067,2.981,7.141,7.074,802800000.0,1400000.0,22.142,1.117,1.106,89200000.0,824200000.0,468900000.0,468900000.0,0.0,,,,,0.0,28900000.0,1.0,87717864.0,87248000,112594000.0,5.374,1732800000.0,78600000.0,6200000.0,168000000.0,19.861,273300000.0
63,CLF,MRQ,2005-09-30,2005-09-30,2005-09-30,2021-07-28,-94100000.0,1607500000.0,,611500000.0,996000000.0,,7.164,-24100000.0,97900000.0,97900000.0,383700000.0,85600000.0,2.002,1.122,0.0,0.0,0.0,0.0,0.0,12700000.0,0.0,0.006,0.05,121800000.0,134500000.0,0.262,134500000.0,121800000.0,120200000.0,0.965,0.765,0.965,624300000.0,,624300000.0,1840207572.0,4.0,3.905,38200000.0,0.438,1.0,130400000.0,0.254,12600000.0,1600000.0,1191600000.0,,249800000.0,30100000.0,5000000.0,25100000.0,700600000.0,305400000.0,395200000.0,1906207572.0,-18100000.0,-200000.0,2200000.0,-51100000.0,-4400000.0,-54400000.0,-25200000.0,0.0,62300000.0,0.0,85600000.0,84200000.0,84200000.0,700000.0,0.0,0.164,6900000.0,123500000.0,97400000.0,0.052,3.053,4.658,4.588,822300000.0,1400000.0,21.777,1.195,1.19,169300000.0,762900000.0,514100000.0,514100000.0,0.0,,,,,0.0,11600000.0,1.0,87531056.0,87140000,111514000.0,5.9,1594900000.0,62700000.0,34600000.0,179900000.0,18.303,306100000.0
64,CLF,MRQ,2005-06-30,2005-06-30,2005-06-30,2021-07-28,-93300000.0,1592300000.0,,577700000.0,1014600000.0,,6.173,-29500000.0,116000000.0,116000000.0,348400000.0,99700000.0,1.723,1.484,50000000.0,50000000.0,0.0,50000000.0,0.0,15700000.0,0.0,0.005,0.025,138200000.0,153900000.0,0.317,153900000.0,138200000.0,136500000.0,1.13,0.895,1.13,536200000.0,,536200000.0,1229949344.0,3.0,2.7,100600000.0,1.158,1.0,136900000.0,0.282,12600000.0,1700000.0,1178500000.0,,254100000.0,25400000.0,0.0,25400000.0,795800000.0,335200000.0,460600000.0,1263449344.0,7500000.0,-62100000.0,0.0,-25600000.0,-2100000.0,-28600000.0,-93400000.0,0.0,130100000.0,-400000.0,99700000.0,98300000.0,98300000.0,300000.0,0.0,0.203,-3800000.0,140700000.0,93500000.0,0.022,2.356,3.073,3.015,854000000.0,1400000.0,14.44,0.885,0.879,146300000.0,683100000.0,485300000.0,485300000.0,0.0,,,,,0.0,10300000.0,1.0,87496492.0,86868000,111208000.0,5.587,1579700000.0,73300000.0,36800000.0,193200000.0,18.185,242500000.0
65,CLF,MRQ,2005-03-31,2005-03-31,2005-03-31,2021-07-28,-83200000.0,1492400000.0,,548800000.0,943600000.0,,5.195,-16600000.0,108500000.0,108500000.0,227500000.0,26200000.0,1.527,1.741,75000000.0,75000000.0,0.0,75000000.0,0.0,6300000.0,0.0,0.003,0.025,33600000.0,39900000.0,0.147,39900000.0,33600000.0,33400000.0,0.287,0.237,0.287,448800000.0,,448800000.0,1360152467.0,4.0,3.914,178300000.0,2.064,1.0,43700000.0,0.161,12600000.0,200000.0,1087000000.0,,260100000.0,22200000.0,0.0,22200000.0,781200000.0,359300000.0,421900000.0,1577052467.0,-108400000.0,-347600000.0,3500000.0,75000000.0,-2200000.0,73600000.0,-376300000.0,-9800000.0,194900000.0,0.0,26200000.0,24800000.0,24800000.0,-100000.0,0.0,0.091,8600000.0,35100000.0,91300000.0,0.087,3.514,4.582,4.518,771700000.0,1400000.0,18.218,1.271,1.269,120100000.0,586900000.0,271200000.0,271200000.0,0.0,,,,,0.0,11300000.0,1.0,86567996.0,86396000,110620000.0,3.139,1479800000.0,81700000.0,7200000.0,171200000.0,17.128,189500000.0
66,CLF,MRQ,2004-12-31,2004-12-31,2004-12-31,2021-07-28,-81000000.0,1232300000.0,,731400000.0,500900000.0,,4.937,-20200000.0,216900000.0,216900000.0,277000000.0,203300000.0,2.845,1.429,0.0,0.0,0.0,0.0,0.0,5700000.0,0.0,0.002,0.025,137300000.0,143000000.0,0.441,143000000.0,137300000.0,137200000.0,2.365,1.848,2.365,424000000.0,,424000000.0,855516251.0,3.0,2.721,-172600000.0,-2.01,1.0,47600000.0,0.147,12600000.0,100000.0,745700000.0,,183600000.0,198800000.0,182700000.0,16100000.0,605800000.0,257100000.0,348700000.0,1121116251.0,-48700000.0,-45600000.0,-1400000.0,0.0,-2200000.0,-500000.0,103700000.0,170100000.0,-152400000.0,0.0,203300000.0,201900000.0,201900000.0,1500000.0,0.0,0.622,8800000.0,38800000.0,77900000.0,0.011,2.644,3.522,3.476,283900000.0,1400000.0,12.982,0.932,0.92,109700000.0,565300000.0,324600000.0,324600000.0,0.0,,,,,0.0,8500000.0,1.0,86355960.0,85880000,111304000.0,3.78,1219700000.0,85700000.0,-66100000.0,36900000.0,14.202,474300000.0
67,CLF,MRQ,2004-09-30,2004-09-30,2004-09-30,2021-07-28,-17300000.0,1092000000.0,,603100000.0,488900000.0,,3.312,-14900000.0,265600000.0,265600000.0,287600000.0,87500000.0,2.489,2.149,0.0,0.0,0.0,0.0,0.0,5900000.0,0.0,0.0,0.0,112900000.0,118800000.0,0.343,118800000.0,112900000.0,112700000.0,1.008,0.795,1.008,283400000.0,,283400000.0,667480813.0,5.0,4.004,11500000.0,0.134,1.0,58700000.0,0.17,15600000.0,200000.0,568500000.0,,186700000.0,109100000.0,0.0,109100000.0,609100000.0,242300000.0,366800000.0,865380813.0,67700000.0,45600000.0,5200000.0,0.0,0.0,5900000.0,28900000.0,0.0,26400000.0,0.0,87500000.0,86100000.0,86100000.0,-4900000.0,0.0,0.249,9800000.0,48900000.0,90000000.0,0.0,3.054,8.05,8.029,286700000.0,1400000.0,10.109,0.791,0.79,141800000.0,372100000.0,346300000.0,346300000.0,0.0,,,,,0.0,11600000.0,1.0,85607104.0,85564000,110192000.0,4.047,1076400000.0,0.0,25200000.0,35500000.0,12.58,360800000.0
68,CLF,MRQ,2004-06-30,2004-06-30,2004-06-30,2021-07-28,17300000.0,1019000000.0,,496900000.0,522100000.0,,2.615,-8000000.0,197900000.0,197900000.0,261200000.0,32800000.0,2.516,2.7,0.0,0.0,0.0,0.0,0.0,6900000.0,0.0,0.0,0.0,38900000.0,45800000.0,0.153,45800000.0,38900000.0,38700000.0,0.372,0.302,0.372,222400000.0,,222400000.0,423398719.0,16.0,8.205,12700000.0,0.149,1.0,37300000.0,0.125,15600000.0,200000.0,608000000.0,,207800000.0,154300000.0,0.0,154300000.0,600400000.0,197500000.0,402900000.0,603098719.0,18200000.0,3800000.0,600000.0,0.0,0.0,900000.0,-3400000.0,0.0,20700000.0,0.0,32800000.0,31400000.0,31400000.0,0.0,0.0,0.105,1900000.0,35400000.0,77000000.0,0.0,2.712,36.331,36.712,275700000.0,1400000.0,7.049,0.614,0.61,110900000.0,286000000.0,298500000.0,298500000.0,0.0,,,,,0.0,4000000.0,1.0,85561088.0,85052000,108968000.0,3.51,1003400000.0,0.0,5900000.0,40900000.0,11.797,299400000.0
69,CLF,MRQ,2004-03-31,2004-03-31,2004-03-31,2021-07-28,47700000.0,1018700000.0,,445500000.0,573200000.0,,2.608,-11300000.0,179700000.0,179700000.0,227800000.0,0.0,2.331,2.743,0.0,0.0,0.0,0.0,0.0,6500000.0,0.0,0.0,0.0,300000.0,6800000.0,0.029,6800000.0,300000.0,0.0,-0.013,-0.013,-0.013,220200000.0,,220200000.0,648979809.0,-20.0,-85.392,-47400000.0,-0.561,1.0,5900000.0,0.025,15600000.0,300000.0,632300000.0,,205500000.0,203500000.0,0.0,203500000.0,603900000.0,191100000.0,412800000.0,691779809.0,111900000.0,0.0,7000000.0,-25000000.0,0.0,149600000.0,-1600000.0,10000000.0,-36100000.0,0.0,0.0,-1100000.0,-1100000.0,0.0,0.0,-0.005,8700000.0,-2800000.0,85100000.0,0.0,3.142,-19.216,-18.63,275500000.0,1100000.0,8.179,0.771,0.77,84200000.0,254000000.0,233700000.0,233700000.0,0.0,,,,,0.0,9000000.0,1.0,84582584.0,84440000,108292000.0,2.768,1003100000.0,0.0,0.0,50800000.0,11.879,254400000.0
70,CLF,MRQ,2003-12-31,2003-12-31,2003-12-31,2021-07-28,56400000.0,881600000.0,,308800000.0,572800000.0,,2.762,-800000.0,67800000.0,67800000.0,240300000.0,-8900000.0,1.459,2.776,25000000.0,25000000.0,0.0,25000000.0,0.0,4100000.0,0.0,0.0,0.0,-8800000.0,-4700000.0,-0.022,-4700000.0,-8800000.0,-9700000.0,-0.109,-0.109,-0.109,228100000.0,,228100000.0,508120034.0,-18.0,-163.91,24300000.0,0.294,1.0,-24600000.0,-0.114,14300000.0,900000.0,612900000.0,,202800000.0,220900000.0,0.0,220900000.0,633300000.0,211600000.0,421700000.0,525720034.0,200000.0,-2000000.0,6000000.0,-25000000.0,0.0,-18100000.0,-6800000.0,0.0,25100000.0,0.0,-8900000.0,-8900000.0,-8900000.0,0.0,0.0,-0.041,-1000000.0,-23600000.0,67200000.0,0.0,2.305,-16.077,-15.922,255000000.0,0.0,6.369,0.637,0.633,74700000.0,255700000.0,215700000.0,215700000.0,0.0,,,,,0.0,9600000.0,1.0,82546816.0,82600000,82600000.0,2.611,867300000.0,2900000.0,-800000.0,47100000.0,10.5,97200000.0
71,CLF,MRQ,2003-09-30,2003-09-30,2003-09-30,2021-07-28,-110700000.0,723100000.0,,304400000.0,418700000.0,,0.712,-4200000.0,67600000.0,67600000.0,218900000.0,-4800000.0,1.419,11.079,50000000.0,15000000.0,35000000.0,50000000.0,0.0,7000000.0,0.0,0.0,0.0,-3300000.0,3700000.0,0.016,3700000.0,-3300000.0,-4500000.0,-0.059,-0.059,-0.059,58400000.0,,58400000.0,272652211.0,-4.0,-6.716,25200000.0,0.307,1.0,15300000.0,0.065,31700000.0,1200000.0,459300000.0,,192900000.0,26700000.0,0.0,26700000.0,647000000.0,214500000.0,432500000.0,264252211.0,26000000.0,0.0,0.0,0.0,0.0,200000.0,-3600000.0,0.0,29400000.0,0.0,-4800000.0,-4800000.0,-4800000.0,0.0,0.0,-0.02,18600000.0,-3300000.0,68300000.0,0.0,4.525,-2.793,-2.74,271400000.0,0.0,3.2,0.344,0.342,80900000.0,264600000.0,234200000.0,234200000.0,0.0,,,,,0.0,6100000.0,1.0,82578816.0,81984000,81984000.0,2.857,691400000.0,0.0,300000.0,10300000.0,8.433,89900000.0
72,CLF,MRQ,2003-06-30,2003-06-30,2003-06-30,2021-07-28,-110700000.0,703900000.0,,286000000.0,417900000.0,,0.753,-7200000.0,41600000.0,41600000.0,224800000.0,-21200000.0,1.532,10.071,50000000.0,15000000.0,35000000.0,50000000.0,0.0,7400000.0,0.0,0.0,0.0,-20800000.0,-13400000.0,-0.063,-13400000.0,-20800000.0,-22100000.0,-0.259,-0.259,-0.259,61700000.0,,61700000.0,185354894.0,-1.0,-1.455,-9200000.0,-0.112,1.0,-11100000.0,-0.052,31700000.0,1300000.0,493900000.0,,191400000.0,26800000.0,0.0,26800000.0,621400000.0,186700000.0,434700000.0,184254894.0,-12300000.0,0.0,0.0,-5000000.0,0.0,-4500000.0,-5800000.0,0.0,-2000000.0,0.0,-21200000.0,-21200000.0,-21200000.0,0.0,0.0,-0.099,9700000.0,-20800000.0,63600000.0,0.0,2.986,-1.01,-0.989,274400000.0,0.0,2.231,0.248,0.247,86100000.0,269400000.0,213700000.0,213700000.0,0.0,,,,,0.0,4500000.0,1.0,82579224.0,81984000,81984000.0,2.607,672200000.0,0.0,-900000.0,12100000.0,8.199,99300000.0
73,CLF,MRQ,2003-03-31,2003-03-31,2003-03-31,2021-07-28,-110700000.0,728900000.0,,308300000.0,420600000.0,,1.019,-3900000.0,53900000.0,53900000.0,151000000.0,2200000.0,1.535,7.558,55000000.0,20000000.0,35000000.0,55000000.0,0.0,6800000.0,0.0,0.0,0.0,4500000.0,11300000.0,0.07,11300000.0,4500000.0,3300000.0,0.026,0.026,0.026,83200000.0,,83200000.0,183281229.0,-1.0,-1.638,-13700000.0,-0.168,1.0,10500000.0,0.065,31700000.0,1200000.0,497500000.0,,215500000.0,27400000.0,0.0,27400000.0,628800000.0,200800000.0,428000000.0,190081229.0,-7900000.0,0.0,0.0,0.0,0.0,400000.0,1500000.0,0.0,-9800000.0,0.0,2200000.0,2200000.0,2200000.0,0.0,0.0,0.014,6000000.0,4500000.0,72800000.0,0.0,2.285,-1.179,-1.168,275500000.0,0.0,2.331,0.277,0.277,75800000.0,290600000.0,161500000.0,161500000.0,0.0,,,,,0.0,4900000.0,1.0,81536184.0,81616000,82680000.0,1.979,697200000.0,0.0,1100000.0,11100000.0,8.542,107500000.0
74,CLF,MRQ,2002-12-31,2002-12-31,2002-12-31,2021-07-28,-110700000.0,730100000.0,,300500000.0,429600000.0,,0.979,-1400000.0,61800000.0,61800000.0,169000000.0,-70800000.0,1.467,7.956,55000000.0,20000000.0,35000000.0,55000000.0,0.0,7300000.0,0.0,0.0,0.0,-49500000.0,-42200000.0,-0.266,-42200000.0,-49500000.0,-50700000.0,-0.876,-0.876,-0.876,79300000.0,,79300000.0,186673898.0,-1.0,-1.263,-6800000.0,-0.084,1.0,-10400000.0,-0.066,31700000.0,1200000.0,486800000.0,,184400000.0,29300000.0,0.0,29300000.0,630900000.0,204800000.0,426100000.0,202173898.0,-123700000.0,0.0,0.0,-115000000.0,0.0,-115500000.0,-300000.0,0.0,-5400000.0,0.0,-70800000.0,-70800000.0,-70800000.0,5200000.0,0.0,-0.446,41000000.0,-51400000.0,68900000.0,0.0,2.549,-1.074,-1.066,278900000.0,0.0,2.481,0.345,0.342,87000000.0,288400000.0,158600000.0,158600000.0,0.0,,,,,0.0,7800000.0,1.0,81480664.0,81008000,81008000.0,1.958,698400000.0,0.0,20100000.0,13200000.0,8.621,95700000.0
75,CLF,MRQ,2002-09-30,2002-09-30,2002-09-30,2021-07-28,-1900000.0,792900000.0,,389000000.0,403900000.0,,3.362,-1800000.0,185500000.0,185500000.0,191600000.0,-92700000.0,1.581,1.913,170000000.0,100000000.0,70000000.0,170000000.0,0.0,6200000.0,0.0,0.004,0.0,-89300000.0,-83100000.0,-0.4,-83100000.0,-89300000.0,-90800000.0,-1.147,-1.147,-1.147,272200000.0,,272200000.0,271745546.0,-2.0,-2.595,57200000.0,0.706,1.0,16100000.0,0.078,0.0,1500000.0,531400000.0,,154900000.0,51500000.0,0.0,51500000.0,520700000.0,246000000.0,274700000.0,244945546.0,42300000.0,-14400000.0,0.0,0.0,0.0,100000.0,-14200000.0,0.0,59000000.0,0.0,-92700000.0,-92700000.0,-92700000.0,98800000.0,0.0,-0.446,6600000.0,9500000.0,137300000.0,0.0,0.9,-1.987,-1.973,278200000.0,0.0,3.006,0.457,0.455,31400000.0,372300000.0,207700000.0,207700000.0,0.0,,,,,0.0,5200000.0,1.0,81478768.0,80968000,80968000.0,2.565,792900000.0,4400000.0,1900000.0,0.0,9.793,143000000.0
76,CLF,MRQ,2002-06-30,2002-06-30,2002-06-30,2021-07-28,-1000000.0,883900000.0,,360900000.0,523000000.0,,4.472,-1100000.0,143200000.0,143200000.0,153000000.0,100000.0,1.605,1.426,170000000.0,100000000.0,70000000.0,170000000.0,0.0,6200000.0,0.0,0.007,0.0,-4100000.0,2100000.0,0.013,2100000.0,-4100000.0,-6100000.0,0.001,0.001,0.001,364300000.0,,364300000.0,308886768.0,-9.0,-17.256,16400000.0,0.201,1.0,6400000.0,0.04,0.0,2000000.0,685900000.0,,167600000.0,56800000.0,0.0,56800000.0,519600000.0,224800000.0,294800000.0,280986768.0,1100000.0,-13000000.0,0.0,0.0,0.0,100000.0,-13000000.0,0.0,17500000.0,0.0,100000.0,100000.0,100000.0,1900000.0,0.0,0.001,8600000.0,-2200000.0,116100000.0,0.0,0.771,-8.699,-8.712,392700000.0,0.0,3.45,0.619,0.619,31200000.0,464500000.0,159400000.0,159400000.0,0.0,,,,,0.0,6800000.0,1.0,81445440.0,81456000,81456000.0,1.957,883900000.0,6500000.0,-6200000.0,0.0,10.851,136100000.0
77,CLF,MRQ,2002-03-31,2002-03-31,2002-03-31,2021-07-28,-1000000.0,889200000.0,,378800000.0,510400000.0,,4.459,-4200000.0,142100000.0,142100000.0,69100000.0,-24900000.0,1.764,1.452,170000000.0,100000000.0,70000000.0,170000000.0,0.0,5100000.0,0.0,0.014,0.0,-29700000.0,-24600000.0,-0.405,-24600000.0,-29700000.0,-31600000.0,-0.305,-0.305,-0.305,362600000.0,,362600000.0,109553306.0,-2.0,-3.069,-34400000.0,-0.423,1.0,-8400000.0,-0.138,0.0,1900000.0,702300000.0,,176100000.0,46300000.0,0.0,46300000.0,526600000.0,214800000.0,311800000.0,223353306.0,-41700000.0,-6000000.0,0.0,0.0,0.0,600000.0,-8300000.0,0.0,-30200000.0,0.0,-24900000.0,-24900000.0,-24900000.0,2600000.0,0.0,-0.41,5300000.0,-13700000.0,105900000.0,0.0,0.616,-4.702,-4.701,396600000.0,0.0,2.75,0.571,0.571,12100000.0,463900000.0,60700000.0,60700000.0,0.0,,,,,0.0,4000000.0,1.0,81219384.0,81320000,81320000.0,0.746,889200000.0,28100000.0,-6700000.0,0.0,10.935,164000000.0
78,CLF,MRQ,2001-12-31,2001-12-31,2001-12-31,2021-07-28,-1000000.0,825000000.0,,362700000.0,462300000.0,,4.71,2800000.0,183800000.0,183800000.0,89600000.0,-5800000.0,1.911,1.135,170000000.0,100000000.0,70000000.0,170000000.0,0.0,1100000.0,0.0,0.022,0.013,-200000.0,900000.0,0.008,900000.0,-200000.0,-1600000.0,-0.073,-0.073,-0.073,374200000.0,,374200000.0,254426215.0,-11.0,-23.778,63700000.0,0.802,1.0,18100000.0,0.168,1400000.0,1400000.0,620000000.0,,113800000.0,135000000.0,0.0,135000000.0,424900000.0,189800000.0,235100000.0,185626215.0,82600000.0,-3000000.0,0.0,0.0,-1000000.0,42000000.0,700000.0,0.0,60900000.0,0.0,-5800000.0,-5800000.0,-5800000.0,12700000.0,0.0,-0.054,7600000.0,10500000.0,30100000.0,-0.178,0.496,-8.106,-8.055,260300000.0,0.0,2.288,0.511,0.508,32000000.0,476700000.0,107700000.0,107700000.0,0.0,,,,,0.0,3300000.0,1.0,81148072.0,79456000,79456000.0,1.355,823600000.0,20900000.0,4200000.0,8100000.0,10.365,172900000.0
79,CLF,MRQ,2001-09-30,2001-09-30,2001-09-30,2021-07-28,0.0,795300000.0,,329600000.0,465700000.0,,4.708,-500000.0,101200000.0,101200000.0,122700000.0,-1700000.0,1.705,1.082,170000000.0,100000000.0,70000000.0,170000000.0,0.0,3700000.0,0.0,0.047,0.013,0.0,3700000.0,0.029,3700000.0,0.0,-2800000.0,-0.02,-0.02,-0.02,381900000.0,,381900000.0,260560827.0,-14.0,47.375,39300000.0,0.485,1.0,3600000.0,0.029,0.0,2800000.0,670800000.0,,150600000.0,134900000.0,0.0,134900000.0,413400000.0,193300000.0,220100000.0,146060827.0,45700000.0,0.0,0.0,0.0,-1000000.0,-500000.0,6400000.0,0.0,39800000.0,0.0,-1700000.0,-1700000.0,-1700000.0,0.0,0.0,-0.013,4800000.0,-1200000.0,93300000.0,-0.65,0.382,-11.411,-11.392,264300000.0,0.0,1.8,0.411,0.411,42400000.0,483500000.0,126300000.0,126300000.0,0.0,,,,,0.0,3900000.0,1.0,81144904.0,81112000,81112000.0,1.557,795300000.0,0.0,-1100000.0,0.0,9.805,136300000.0
80,CLF,MRQ,2001-06-30,2001-06-30,2001-06-30,2021-07-28,0.0,781200000.0,,314300000.0,466900000.0,,4.64,-100000.0,55500000.0,55500000.0,111300000.0,-15100000.0,1.704,1.08,170000000.0,100000000.0,70000000.0,170000000.0,0.0,4000000.0,0.0,0.051,0.013,-19700000.0,-15700000.0,-0.162,-15700000.0,-19700000.0,-22200000.0,-0.188,-0.188,-0.188,375600000.0,,375600000.0,267324432.0,-25.0,76.378,-35000000.0,-0.432,1.0,-14500000.0,-0.15,0.0,2500000.0,711300000.0,,175700000.0,132400000.0,0.0,132400000.0,405600000.0,184400000.0,221200000.0,187824432.0,0.0,0.0,0.0,35000000.0,-1100000.0,35200000.0,-300000.0,0.0,-34900000.0,0.0,-15100000.0,-15100000.0,-15100000.0,0.0,0.0,-0.156,6600000.0,-21100000.0,84400000.0,-0.069,0.5,-39.13,-36.706,273200000.0,0.0,2.312,0.493,0.491,46000000.0,476900000.0,96800000.0,96800000.0,0.0,,,,,0.0,5200000.0,1.0,81221376.0,80944000,80944000.0,1.196,781200000.0,0.0,-7100000.0,0.0,9.651,129900000.0
81,CLF,MRQ,2001-03-31,2001-03-31,2001-03-31,2021-07-28,0.0,765900000.0,,292700000.0,473200000.0,,4.843,-5400000.0,55500000.0,55500000.0,35100000.0,-300000.0,1.903,0.956,135000000.0,65000000.0,70000000.0,135000000.0,0.0,3800000.0,0.0,0.068,0.013,-3400000.0,400000.0,0.012,400000.0,-3400000.0,-5500000.0,-0.004,-0.004,-0.004,391500000.0,,391500000.0,222418328.0,8.0,5.602,-42300000.0,-0.523,1.0,-2800000.0,-0.087,0.0,2100000.0,691600000.0,,183200000.0,135200000.0,0.0,135200000.0,374400000.0,153800000.0,220600000.0,182318328.0,25600000.0,0.0,0.0,65000000.0,-1000000.0,69200000.0,-6700000.0,0.0,-36900000.0,0.0,-300000.0,-300000.0,-300000.0,0.0,0.0,-0.009,5300000.0,-8100000.0,88800000.0,-3.25,0.466,8.56,8.824,276200000.0,0.0,2.25,0.417,0.416,23600000.0,493100000.0,32300000.0,32300000.0,0.0,,,,,0.0,2800000.0,1.0,81030368.0,80832000,80832000.0,0.4,765900000.0,0.0,-5200000.0,0.0,9.475,138900000.0
82,CLF,MRQ,2000-12-31,2000-12-31,2000-12-31,2021-07-28,0.0,727800000.0,,248000000.0,479800000.0,,4.991,-12700000.0,29900000.0,29900000.0,85800000.0,4300000.0,2.427,0.751,70000000.0,0.0,70000000.0,70000000.0,0.0,12700000.0,0.0,0.07,0.047,4400000.0,17100000.0,0.172,17100000.0,4400000.0,3200000.0,0.054,0.052,0.054,402000000.0,,402000000.0,242303195.0,9.0,6.229,-7100000.0,-0.088,1.0,13800000.0,0.139,0.0,1200000.0,665700000.0,,113200000.0,138400000.0,0.0,138400000.0,301900000.0,102200000.0,199700000.0,221903195.0,-19700000.0,11300000.0,-3800000.0,0.0,-3800000.0,-7600000.0,2600000.0,0.0,5600000.0,0.0,4300000.0,4300000.0,4300000.0,8600000.0,0.0,0.043,100000.0,13700000.0,35100000.0,0.87,0.552,12.26,12.419,272700000.0,0.0,2.695,0.503,0.508,64800000.0,503700000.0,99600000.0,99600000.0,0.0,,,,,0.0,4500000.0,1.0,82338848.0,80552000,81280000.0,1.236,727800000.0,27300000.0,-1100000.0,16100000.0,9.035,145800000.0
83,CLF,MRQ,2000-09-30,2000-09-30,2000-09-30,2021-07-28,0.0,686100000.0,,231100000.0,455000000.0,,4.887,0.0,49600000.0,49600000.0,132800000.0,6300000.0,2.703,0.695,70000000.0,0.0,70000000.0,70000000.0,0.0,-6300000.0,0.0,0.066,0.047,8000000.0,1700000.0,0.011,1700000.0,8000000.0,6800000.0,0.075,0.075,0.075,404700000.0,,404700000.0,286794157.0,10.0,12.579,44000000.0,0.531,1.0,19700000.0,0.129,0.0,1200000.0,621000000.0,,88600000.0,224700000.0,0.0,224700000.0,281400000.0,85500000.0,195900000.0,240294157.0,26100000.0,-3800000.0,-6300000.0,0.0,-3900000.0,-10200000.0,-7700000.0,0.0,44000000.0,0.0,6300000.0,6300000.0,6300000.0,0.0,0.0,0.041,10600000.0,9100000.0,0.0,0.627,0.594,12.782,12.941,150100000.0,0.0,2.86,0.483,0.476,71800000.0,503200000.0,152500000.0,152500000.0,0.0,,,,,0.0,5900000.0,1.0,84018936.0,82816000,83128000.0,1.841,686100000.0,0.0,500000.0,0.0,8.285,145600000.0
84,CLF,MRQ,2000-06-30,2000-06-30,2000-06-30,2021-07-28,0.0,683700000.0,,228700000.0,455000000.0,,4.826,800000.0,23500000.0,23500000.0,116300000.0,11000000.0,2.862,0.679,70000000.0,0.0,70000000.0,70000000.0,0.0,3200000.0,0.0,0.058,0.047,17300000.0,20500000.0,0.135,20500000.0,17300000.0,16000000.0,0.13,0.13,0.13,407100000.0,,407100000.0,311248885.0,46.0,36.192,5600000.0,0.066,1.0,36100000.0,0.237,0.0,1300000.0,650300000.0,,106400000.0,226600000.0,0.0,226600000.0,276600000.0,79900000.0,196700000.0,276548885.0,-11800000.0,-3400000.0,-5500000.0,0.0,-4000000.0,-9500000.0,-7100000.0,0.0,4800000.0,0.0,11000000.0,11000000.0,11000000.0,0.0,0.0,0.072,9700000.0,26400000.0,0.0,0.362,0.679,153.638,124.087,150000000.0,0.0,3.226,0.633,0.623,67100000.0,500800000.0,152400000.0,152400000.0,0.0,,,,,0.0,4900000.0,1.0,85718368.0,84360000,84744000.0,1.807,683700000.0,0.0,5000000.0,0.0,8.105,148800000.0
85,CLF,MRQ,2000-03-31,2000-03-31,2000-03-31,2021-07-28,-5500000.0,663300000.0,,207100000.0,456200000.0,,4.686,-800000.0,35300000.0,35300000.0,31100000.0,-3500000.0,3.157,0.659,70000000.0,0.0,70000000.0,70000000.0,0.0,3100000.0,0.0,0.064,0.047,-3500000.0,-400000.0,-0.011,-400000.0,-3500000.0,-4700000.0,-0.04,-0.04,-0.04,399700000.0,,399700000.0,254431814.0,212.0,115.651,-23600000.0,-0.277,1.0,5200000.0,0.143,0.0,1200000.0,632400000.0,,117700000.0,230000000.0,0.0,230000000.0,263600000.0,65600000.0,198000000.0,252031814.0,-32300000.0,-4100000.0,0.0,0.0,-4000000.0,-4000000.0,-5500000.0,0.0,-22800000.0,0.0,-3500000.0,-3500000.0,-3500000.0,0.0,0.0,-0.096,8700000.0,-3500000.0,0.0,-1.175,0.631,-180.023,-184.609,151600000.0,0.0,2.954,0.659,0.659,37700000.0,493800000.0,36300000.0,36300000.0,0.0,,,,,0.0,3400000.0,1.0,85326048.0,85304000,85304000.0,0.426,663300000.0,0.0,-1200000.0,0.0,7.776,141500000.0
86,CLF,MRQ,1999-12-31,1999-12-31,1999-12-31,2021-07-28,-5200000.0,679700000.0,,217100000.0,462600000.0,,4.662,12200000.0,67600000.0,67600000.0,138200000.0,5000000.0,2.946,0.669,70000000.0,0.0,70000000.0,70000000.0,0.0,-7200000.0,0.0,0.048,0.047,8200000.0,1000000.0,0.006,1000000.0,8200000.0,6900000.0,0.056,0.056,0.056,407300000.0,,407300000.0,380990754.0,45.0,45.356,70400000.0,0.806,1.0,18300000.0,0.117,0.0,1300000.0,608400000.0,,52600000.0,233400000.0,0.0,233400000.0,272400000.0,73700000.0,198700000.0,344090754.0,34500000.0,-3900000.0,-12000000.0,0.0,-4100000.0,-16100000.0,-7600000.0,0.0,58200000.0,0.0,5000000.0,5000000.0,5000000.0,0.0,0.0,0.032,15900000.0,2400000.0,29100000.0,0.839,0.845,71.686,72.06,153900000.0,0.0,3.891,0.927,0.931,82600000.0,501300000.0,156500000.0,156500000.0,0.0,,,,,0.0,4900000.0,1.0,88426792.0,87360000,87360000.0,1.791,679700000.0,7700000.0,1900000.0,9800000.0,7.78,143400000.0
87,CLF,MRQ,1999-09-30,1999-09-30,1999-09-30,2021-07-28,-4500000.0,688600000.0,,223100000.0,465500000.0,,4.71,-1900000.0,33100000.0,33100000.0,100500000.0,-10700000.0,2.894,0.645,70000000.0,0.0,70000000.0,70000000.0,0.0,2800000.0,0.0,0.048,0.047,-15300000.0,-12500000.0,-0.136,-12500000.0,-15300000.0,-16500000.0,-0.12,-0.12,-0.12,418700000.0,,418700000.0,395505476.0,19.0,13.228,24300000.0,0.273,1.0,-8700000.0,-0.095,0.0,1200000.0,648400000.0,,126600000.0,229200000.0,0.0,229200000.0,269900000.0,77100000.0,192800000.0,349205476.0,9400000.0,-5600000.0,-5200000.0,0.0,-4200000.0,-9400000.0,-7400000.0,0.0,26200000.0,0.0,-10700000.0,-10700000.0,-10700000.0,0.0,0.0,-0.117,4200000.0,-12900000.0,0.0,-0.392,0.834,17.726,17.768,154100000.0,0.0,3.891,0.95,0.941,47000000.0,500400000.0,91800000.0,91800000.0,0.0,,,,,0.0,3300000.0,1.0,89741208.0,88896000,88896000.0,1.033,688600000.0,10500000.0,-5800000.0,0.0,7.746,146000000.0
88,CLF,MRQ,1999-06-30,1999-06-30,1999-06-30,2021-07-28,-3900000.0,715300000.0,,248000000.0,467300000.0,,4.906,-4800000.0,23700000.0,23700000.0,77700000.0,7800000.0,3.116,0.627,70000000.0,0.0,70000000.0,70000000.0,0.0,2300000.0,0.0,0.046,0.047,11800000.0,14100000.0,0.144,14100000.0,11800000.0,10600000.0,0.087,0.087,0.087,439700000.0,,439700000.0,366071187.0,6.0,5.098,-35200000.0,-0.393,1.0,20100000.0,0.206,0.0,1200000.0,682000000.0,,158600000.0,231300000.0,0.0,231300000.0,275600000.0,79600000.0,196000000.0,362971187.0,-43200000.0,0.0,0.0,0.0,-4200000.0,-4200000.0,-8600000.0,0.0,-30400000.0,0.0,7800000.0,7800000.0,7800000.0,0.0,0.0,0.08,6000000.0,14100000.0,0.0,0.54,0.825,7.188,7.176,155500000.0,0.0,4.048,0.803,0.802,54100000.0,515300000.0,97800000.0,97800000.0,0.0,,,,,0.0,4200000.0,1.0,89677872.0,89616000,90008000.0,1.091,715300000.0,5100000.0,2800000.0,0.0,7.982,168400000.0
89,CLF,MRQ,1999-03-31,1999-03-31,1999-03-31,2021-07-28,-4500000.0,707200000.0,,242000000.0,465200000.0,,4.872,-5500000.0,66900000.0,66900000.0,12900000.0,2700000.0,3.159,0.625,70000000.0,0.0,70000000.0,70000000.0,0.0,2100000.0,0.0,0.044,0.047,3700000.0,5800000.0,0.233,5800000.0,3700000.0,3700000.0,0.03,0.03,0.03,435200000.0,,435200000.0,321503540.0,4.0,3.883,-55900000.0,-0.626,1.0,12000000.0,0.482,0.0,0.0,633700000.0,,141600000.0,235300000.0,0.0,235300000.0,272000000.0,76600000.0,195400000.0,381803540.0,-63400000.0,-3000000.0,0.0,0.0,-4200000.0,-4200000.0,-8800000.0,0.0,-50400000.0,0.0,2700000.0,2700000.0,2700000.0,0.0,0.0,0.108,7200000.0,4800000.0,0.0,1.567,0.877,6.406,6.431,153400000.0,0.0,4.258,0.745,0.742,21000000.0,511700000.0,24900000.0,24900000.0,0.0,,,,,0.0,3700000.0,1.0,89677872.0,89328000,89728000.0,0.279,707200000.0,5100000.0,1000000.0,0.0,7.917,165400000.0
90,CLF,MRQ,1998-12-31,1998-12-31,1998-12-31,2021-07-28,-4300000.0,723800000.0,,260200000.0,463600000.0,,4.999,-5700000.0,130300000.0,130300000.0,120800000.0,19900000.0,3.094,0.654,70000000.0,0.0,70000000.0,70000000.0,0.0,1400000.0,0.0,0.036,0.047,21100000.0,22500000.0,0.147,22500000.0,21100000.0,21100000.0,0.221,0.22,0.221,437600000.0,,437600000.0,403894140.0,6.0,5.049,26800000.0,0.306,1.0,32400000.0,0.211,0.0,0.0,579400000.0,,59600000.0,235400000.0,0.0,235400000.0,286200000.0,84100000.0,202100000.0,449394140.0,14800000.0,-8900000.0,0.0,0.0,-4200000.0,-4200000.0,-13500000.0,0.0,32500000.0,0.0,19900000.0,19900000.0,19900000.0,0.0,0.0,0.13,11300000.0,21100000.0,38300000.0,0.213,1.027,7.829,7.91,150000000.0,0.0,5.039,0.855,0.859,59100000.0,513200000.0,153200000.0,153200000.0,0.0,,,,,0.0,5700000.0,1.0,89187624.0,87536000,88888000.0,1.75,723800000.0,0.0,1200000.0,10300000.0,8.269,176100000.0
91,CLF,MRQ,1998-09-30,1998-09-30,1998-09-30,2021-07-28,-4100000.0,702600000.0,,254100000.0,448500000.0,,4.692,-12700000.0,115500000.0,115500000.0,141100000.0,20100000.0,2.921,0.67,70000000.0,0.0,70000000.0,70000000.0,0.0,2100000.0,0.0,0.036,0.047,27300000.0,29400000.0,0.167,29400000.0,27300000.0,27200000.0,0.225,0.223,0.225,420700000.0,,420700000.0,439988533.0,6.0,5.176,61300000.0,0.684,1.0,35100000.0,0.199,0.0,100000.0,570100000.0,,54700000.0,225800000.0,0.0,225800000.0,281900000.0,87000000.0,194900000.0,441688533.0,43800000.0,0.0,-8300000.0,0.0,-4100000.0,-12400000.0,-17800000.0,0.0,74000000.0,0.0,20100000.0,20100000.0,20100000.0,0.0,0.0,0.114,7800000.0,27300000.0,0.0,0.209,1.05,7.973,7.953,146000000.0,0.0,4.875,0.84,0.831,68900000.0,497500000.0,176200000.0,176200000.0,0.0,,,,,0.0,3400000.0,1.0,90602776.0,89656000,90112000.0,1.965,702600000.0,7700000.0,7100000.0,0.0,7.837,167100000.0
92,CLF,MRQ,1998-06-30,1998-06-30,1998-06-30,2021-07-28,-2200000.0,690600000.0,,249000000.0,441600000.0,,4.591,-3800000.0,71700000.0,71700000.0,127400000.0,16900000.0,3.192,0.66,70000000.0,0.0,70000000.0,70000000.0,0.0,2200000.0,0.0,0.031,0.047,22900000.0,25100000.0,0.159,25100000.0,22900000.0,22800000.0,0.186,0.185,0.186,416000000.0,,416000000.0,620296518.0,8.0,7.667,26000000.0,0.287,1.0,30700000.0,0.194,0.0,100000.0,610900000.0,,87500000.0,225900000.0,0.0,225900000.0,274600000.0,78000000.0,196600000.0,608896518.0,13100000.0,-4900000.0,-2000000.0,0.0,-4300000.0,-6300000.0,-10400000.0,0.0,29800000.0,0.0,16900000.0,16900000.0,16900000.0,0.0,0.0,0.107,7800000.0,22900000.0,0.0,0.253,1.464,10.796,10.812,134600000.0,0.0,6.704,1.221,1.218,73200000.0,481500000.0,158100000.0,158100000.0,0.0,,,,,0.0,4900000.0,1.0,90829240.0,90608000,91384000.0,1.745,690600000.0,10700000.0,5900000.0,0.0,7.622,171000000.0
93,CLF,MRQ,1998-03-31,1998-03-31,1998-03-31,2021-07-28,-300000.0,674600000.0,,236900000.0,437700000.0,,4.481,-2300000.0,58600000.0,58600000.0,30300000.0,500000.0,3.281,0.662,70000000.0,0.0,70000000.0,70000000.0,0.0,2100000.0,0.0,0.03,0.041,900000.0,3000000.0,0.079,3000000.0,900000.0,700000.0,0.005,0.005,0.005,405900000.0,,405900000.0,564793095.0,8.0,7.25,-46500000.0,-0.513,1.0,7700000.0,0.203,0.0,200000.0,613800000.0,,118700000.0,222300000.0,0.0,222300000.0,268700000.0,72200000.0,196500000.0,610693095.0,-57300000.0,-5900000.0,-1200000.0,0.0,-3700000.0,-4900000.0,-8200000.0,0.0,-44200000.0,0.0,500000.0,500000.0,500000.0,0.0,0.0,0.013,6800000.0,900000.0,0.0,8.2,1.505,11.654,11.664,132600000.0,0.0,6.719,1.32,1.315,45200000.0,468900000.0,38000000.0,38000000.0,0.0,,,,,0.0,4700000.0,1.0,90893856.0,90584000,91224000.0,0.42,674600000.0,7900000.0,200000.0,0.0,7.447,164700000.0
94,CLF,MRQ,1997-12-31,1997-12-31,1997-12-31,2021-07-28,-2000000.0,694300000.0,,265800000.0,428500000.0,,4.438,-3100000.0,115900000.0,115900000.0,119500000.0,17900000.0,2.895,0.704,70000000.0,0.0,70000000.0,70000000.0,0.0,1500000.0,0.0,0.035,0.041,26000000.0,27500000.0,0.179,27500000.0,26000000.0,25600000.0,0.196,0.195,0.196,407400000.0,,407400000.0,,,,48500000.0,0.528,1.0,34300000.0,0.223,0.0,400000.0,556600000.0,,61400000.0,218300000.0,0.0,218300000.0,286900000.0,91800000.0,195100000.0,520480943.0,29500000.0,-42300000.0,-3200000.0,0.0,-3700000.0,-6900000.0,-15100000.0,0.0,51600000.0,-100000.0,17900000.0,17900000.0,17900000.0,0.0,0.0,0.116,6800000.0,27500000.0,36000000.0,0.209,1.278,9.481,9.481,134000000.0,0.0,5.726,1.141,1.145,73400000.0,472100000.0,153800000.0,153800000.0,0.0,,,,,0.0,4500000.0,1.0,90893856.0,91800000,93368000.0,1.675,694300000.0,7500000.0,7700000.0,10500000.0,7.563,174000000.0
95,CLF,MRQ,1997-09-30,1997-09-30,1997-09-30,2021-07-28,,,,,,,,-6000000.0,,,118300000.0,21100000.0,,,,,,,,1700000.0,,0.037,0.081,23600000.0,25300000.0,0.17,25300000.0,23600000.0,23100000.0,0.233,0.231,0.233,,,,,,,45300000.0,0.498,1.0,30600000.0,0.206,,500000.0,,,,,,,,,,,24900000.0,0.0,0.0,0.0,-3700000.0,-3700000.0,-22500000.0,0.0,51300000.0,-200000.0,21100000.0,21100000.0,21100000.0,0.0,0.0,0.142,7000000.0,23600000.0,,0.348,,,,,0.0,5.454,,,,,148900000.0,148900000.0,0.0,,,,,0.0,5400000.0,1.0,,91032000,91872000.0,1.636,,,2000000.0,,,
96,CLF,MRQ,1997-06-30,1997-06-30,1997-06-30,2021-07-28,,,,,,,,-1900000.0,,,96100000.0,12900000.0,,,,,,,,1800000.0,,0.032,0.041,20300000.0,22100000.0,0.181,22100000.0,20300000.0,19500000.0,0.142,0.141,0.142,,,,,,,-25000000.0,-0.275,1.0,26000000.0,0.213,,800000.0,,,,,,,,,,,-50400000.0,-15000000.0,0.0,0.0,-3700000.0,-3700000.0,-23800000.0,-2000000.0,-23100000.0,200000.0,12900000.0,12900000.0,12900000.0,0.0,0.0,0.106,5700000.0,20300000.0,,0.289,,,,,0.0,5.094,,,,,122100000.0,122100000.0,0.0,,,,,0.0,3500000.0,1.0,,90968000,91368000.0,1.342,,,6600000.0,,,
97,CLF,MRQ,1997-03-31,1997-03-31,1997-03-31,2021-07-28,,,,,,,,-3100000.0,,,21000000.0,3000000.0,,,,,,,,1700000.0,,0.031,0.041,5300000.0,7000000.0,0.224,7000000.0,5300000.0,4400000.0,0.033,0.033,0.033,,,,,,,-40600000.0,-0.446,1.0,10300000.0,0.329,,900000.0,,,,,,,,,,,-53500000.0,0.0,-1700000.0,0.0,-3700000.0,-5400000.0,-10600000.0,2000000.0,-37500000.0,0.0,3000000.0,3000000.0,3000000.0,0.0,0.0,0.096,5000000.0,5300000.0,,1.242,,,,,0.0,5.281,,,,,31300000.0,31300000.0,0.0,,,,,0.0,3700000.0,1.0,,91000000,91384000.0,0.344,,,1400000.0,,,
98,CLF,MRQ,1996-12-31,1996-12-31,1996-12-31,2021-07-28,-900000.0,673700000.0,,300800000.0,372900000.0,,3.994,,165400000.0,165400000.0,,,2.851,0.818,70000000.0,0.0,70000000.0,70000000.0,0.0,,0.0,0.029,0.041,,,,,,,,,,370600000.0,,370600000.0,,,,,,1.0,,,0.0,,472800000.0,,45000000.0,176700000.0,4000000.0,172700000.0,303100000.0,105500000.0,197600000.0,,,,,,,,,,,,,,,,,,,,31500000.0,,,,8.634,127700000.0,,5.673,,1.016,70200000.0,432000000.0,,,,,,,,,,1.0,,92800000,,,673700000.0,16300000.0,,15700000.0,7.26,195300000.0
0,CLF,MRT,2021-06-30,2021-06-30,2021-06-30,2021-07-28,-66000000.0,17746000000.0,15053225000.0,6574000000.0,11172000000.0,0.863,6.474,-540100000.0,73000000.0,73000000.0,11147500000.0,927700000.0,2.202,4.165,5368000000.0,0.0,5368000000.0,5368000000.0,0.0,621500000.0,0.0,0.0,0.0,1380400000.0,2001900000.0,0.154,2001900000.0,1380400000.0,1065100000.0,1.65,1.57,1.65,3233000000.0,2112650000.0,3233000000.0,16391113329.0,12.0,8.188,-369900000.0,-0.741,1.0,1848700000.0,0.142,1070000000.0,315300000.0,18985000000.0,16742900000.0,4280000000.0,0.0,0.0,0.0,13467000000.0,2986000000.0,10481000000.0,10767113329.0,-1100000.0,-603700000.0,322000000.0,706500000.0,-200000.0,958900000.0,-1131600000.0,0.0,170200000.0,0.0,875000000.0,875000000.0,875000000.0,-1700000.0,52700000.0,0.067,396500000.0,1452200000.0,1665000000.0,0.0,3.33,12.305,13.067,8982000000.0,0.0,21.56,0.828,0.828,2062000000.0,-2168000000.0,12996200000.0,12996200000.0,0.0,0.058,0.414,0.082,0.106,0.0,353400000.0,1.0,499402288.0,499402288,,26.024,16676000000.0,333000000.0,190100000.0,0.0,33.392,3588000000.0
1,CLF,MRT,2021-03-31,2021-03-31,2021-03-31,2021-07-28,-120000000.0,17215000000.0,12739400000.0,5861000000.0,11354000000.0,0.71,4.789,-523100000.0,110000000.0,110000000.0,8507500000.0,24700000.0,1.998,5.759,5734000000.0,0.0,5734000000.0,5734000000.0,0.0,490500000.0,0.0,0.003,0.06,219400000.0,709900000.0,0.078,709900000.0,219400000.0,-79900000.0,-0.06,-0.07,-0.06,2389000000.0,1502625000.0,2389000000.0,15310588571.0,70.0,21.567,-997900000.0,-2.0,1.0,536700000.0,0.059,994000000.0,299300000.0,18912000000.0,14919200000.0,3932000000.0,0.0,0.0,0.0,13758000000.0,2933000000.0,10825000000.0,10032588571.0,-77100000.0,-657700000.0,322000000.0,1356500000.0,-200000.0,1565900000.0,-1169600000.0,0.0,-474800000.0,0.0,-29000000.0,-29000000.0,-29000000.0,300000.0,53700000.0,-0.003,372500000.0,164200000.0,1743000000.0,-1.0,4.199,-345.951,-335.167,9014000000.0,0.0,20.11,1.109,1.109,1659000000.0,-2948000000.0,9044200000.0,9044200000.0,0.0,-0.002,-0.019,0.015,0.024,0.0,311400000.0,1.0,498885558.0,498885558,,18.129,16221000000.0,562000000.0,-50900000.0,0.0,32.514,2928000000.0
2,CLF,MRT,2020-12-31,2020-12-31,2020-12-31,2021-07-28,-133000000.0,16771000000.0,10663725000.0,5298000000.0,11473000000.0,0.502,5.055,-525000000.0,112000000.0,112000000.0,5102000000.0,-81000000.0,1.809,6.785,5390000000.0,0.0,5390000000.0,5390000000.0,0.0,308000000.0,0.0,0.008,0.12,5000000.0,313000000.0,0.058,313000000.0,5000000.0,-233000000.0,-0.32,-0.32,-0.32,2018000000.0,1131175000.0,2018000000.0,10240858963.0,2048.0,32.718,-786000000.0,-1.969,1.0,252000000.0,0.047,1406000000.0,238000000.0,17714000000.0,13081100000.0,3828000000.0,0.0,0.0,0.0,13692000000.0,2929000000.0,10763000000.0,5812958963.0,-241000000.0,-1527000000.0,0.0,2174000000.0,-41000000.0,2059000000.0,-2042000000.0,0.0,-261000000.0,0.0,-122000000.0,-122000000.0,-122000000.0,-1000000.0,41000000.0,-0.023,334000000.0,-82000000.0,1575000000.0,-0.375,2.881,-47.647,-45.5,8743000000.0,0.0,14.56,1.086,1.086,1169000000.0,-2989000000.0,5354000000.0,5354000000.0,0.0,-0.011,-0.108,0.0,0.001,0.0,244000000.0,1.0,399241687.0,399241687,,13.41,15365000000.0,537000000.0,-111000000.0,0.0,38.485,2369000000.0
3,CLF,MRT,2020-09-30,2020-09-30,2020-09-30,2021-07-28,-282000000.0,8480900000.0,7346975000.0,2628800000.0,5852100000.0,0.494,2.03,-574300000.0,56000000.0,56000000.0,3496400000.0,-91700000.0,2.165,9.076,4483900000.0,0.0,4483900000.0,4483900000.0,0.0,206300000.0,0.0,0.034,0.22,-33400000.0,172900000.0,0.048,172900000.0,-33400000.0,-226100000.0,-0.27,-0.28,-0.27,810600000.0,716175000.0,810600000.0,7132251609.0,-214.0,41.251,-451400000.0,-1.13,1.0,135800000.0,0.037,334100000.0,192700000.0,11360600000.0,9866100000.0,1795100000.0,0.0,0.0,0.0,7357200000.0,1214100000.0,6143100000.0,2562851609.0,-342800000.0,-869000000.0,-100000.0,1100600000.0,-26900000.0,967000000.0,-1434300000.0,0.0,122900000.0,0.0,-122600000.0,-122600000.0,-122600000.0,800000.0,30900000.0,-0.034,255900000.0,-120100000.0,710700000.0,-0.815,3.162,-20.904,-23.778,4758400000.0,0.0,6.42,0.706,0.706,653700000.0,-3052500000.0,3632200000.0,3632200000.0,0.0,-0.017,-0.171,-0.003,-0.009,0.0,180400000.0,1.0,399198070.0,399399000,399399000.0,9.094,8146800000.0,528500000.0,-103500000.0,0.0,20.398,1414700000.0
4,CLF,MRT,2020-06-30,2020-06-30,2020-06-30,2021-07-28,-305900000.0,8490700000.0,6099550000.0,2642300000.0,5848400000.0,0.417,1.987,-638100000.0,73700000.0,73700000.0,2371700000.0,-2700000.0,2.546,9.298,4643100000.0,0.0,4643100000.0,4643100000.0,0.0,156100000.0,0.0,0.051,0.28,51800000.0,207900000.0,0.082,207900000.0,51800000.0,-98000000.0,0.09,0.07,0.09,792900000.0,603500000.0,792900000.0,6571726775.0,127.0,31.61,-524200000.0,-1.313,1.0,170100000.0,0.067,331900000.0,149800000.0,11690200000.0,8211575000.0,1933600000.0,0.0,0.0,0.0,7372500000.0,1038000000.0,6334500000.0,2200326775.0,-303000000.0,-869000000.0,-100000.0,1250200000.0,-43100000.0,1084900000.0,-1503600000.0,0.0,113900000.0,0.0,-21700000.0,-21700000.0,-21700000.0,1400000.0,19000000.0,-0.009,214300000.0,-44200000.0,504800000.0,3.111,2.775,-101.398,61.333,4760900000.0,0.0,5.52,0.866,0.867,482200000.0,-3042500000.0,2541800000.0,2541800000.0,0.0,-0.004,-0.036,0.006,0.02,0.0,146300000.0,1.0,398609923.0,399088000,399088000.0,6.369,8158800000.0,573200000.0,-76300000.0,0.0,20.444,1604300000.0
5,CLF,MRT,2020-03-31,2020-03-31,2020-03-31,2021-07-28,-317100000.0,8912300000.0,4825175000.0,3065600000.0,5846700000.0,0.454,3.036,-659900000.0,186900000.0,186900000.0,1643900000.0,266100000.0,2.236,8.505,4558300000.0,0.0,4558300000.0,4558300000.0,0.0,100100000.0,0.0,0.068,0.27,340700000.0,440800000.0,0.201,440800000.0,340700000.0,233800000.0,0.99,0.95,0.99,903200000.0,476675000.0,903200000.0,2833391974.0,8.0,6.428,-149700000.0,-0.503,1.0,548100000.0,0.25,353300000.0,106900000.0,11559600000.0,6459800000.0,2148800000.0,0.0,0.0,0.0,7681300000.0,1370800000.0,6310500000.0,1072191974.0,-243000000.0,-869000000.0,-128700000.0,1037300000.0,-57200000.0,768800000.0,-1525400000.0,0.0,510200000.0,0.0,263100000.0,263100000.0,263100000.0,1000000.0,3000000.0,0.12,162700000.0,385400000.0,825300000.0,0.273,1.187,4.075,3.99,4787800000.0,0.0,3.95,0.489,0.536,560800000.0,-2918500000.0,2192000000.0,2192000000.0,0.0,0.055,0.552,0.053,0.155,0.0,113700000.0,1.0,271441006.0,297515000,297515000.0,7.368,8559000000.0,552200000.0,-29300000.0,0.0,28.768,1694800000.0
6,CLF,MRT,2019-12-31,2019-12-31,2019-12-31,2021-07-28,-319000000.0,3504000000.0,3423675000.0,898000000.0,2606000000.0,0.581,1.294,-656000000.0,353000000.0,353000000.0,1414000000.0,293000000.0,2.196,8.788,2114000000.0,0.0,2114000000.0,2114000000.0,0.0,85000000.0,0.0,0.031,0.26,412000000.0,497000000.0,0.25,497000000.0,412000000.0,311000000.0,1.06,1.03,1.06,358000000.0,316300000.0,358000000.0,3978489539.0,10.0,8.005,-93000000.0,-0.336,1.0,576000000.0,0.289,2000000.0,101000000.0,4854000000.0,4712175000.0,317000000.0,0.0,0.0,0.0,3146000000.0,409000000.0,2737000000.0,2268689539.0,-470000000.0,0.0,-253000000.0,-15000000.0,-72000000.0,-394000000.0,-644000000.0,0.0,563000000.0,0.0,293000000.0,293000000.0,293000000.0,2000000.0,0.0,0.147,120000000.0,456000000.0,193000000.0,0.245,6.337,7.743,7.925,1929000000.0,0.0,8.4,1.14,1.168,94000000.0,-2842000000.0,1990000000.0,1990000000.0,0.0,0.086,0.926,0.087,0.207,0.0,113000000.0,1.0,270082088.0,276761000,284480000.0,7.19,3502000000.0,519000000.0,18000000.0,38000000.0,12.654,489000000.0
7,CLF,MRT,2019-09-30,2019-09-30,2019-09-30,2021-07-28,-265600000.0,3491200000.0,3430075000.0,1064600000.0,2426600000.0,0.627,1.333,-562000000.0,399300000.0,399300000.0,1501500000.0,839000000.0,2.322,8.7,2109100000.0,0.0,2109100000.0,2109100000.0,0.0,83500000.0,0.0,0.022,0.16,475100000.0,558600000.0,0.26,558600000.0,475100000.0,372700000.0,2.9,2.82,2.9,359900000.0,332850000.0,359900000.0,3677050004.0,8.0,6.583,116400000.0,0.431,1.0,650200000.0,0.302,0.0,102400000.0,4742500000.0,4581450000.0,328200000.0,72800000.0,72800000.0,0.0,3131300000.0,458500000.0,2672800000.0,1949750004.0,-497700000.0,0.0,-300900000.0,-234400000.0,-45100000.0,-635200000.0,-548800000.0,0.0,678400000.0,300000.0,839000000.0,839000000.0,839000000.0,16300000.0,0.0,0.39,116300000.0,533900000.0,212800000.0,0.055,5.417,2.324,2.49,1769900000.0,0.0,7.22,0.906,0.906,164900000.0,-2889000000.0,2151700000.0,2151700000.0,0.0,0.245,2.521,0.104,0.221,0.0,116300000.0,1.0,270048477.0,269960000,276578000.0,7.97,3491200000.0,558900000.0,-466300000.0,0.0,12.932,606100000.0
8,CLF,MRT,2019-06-30,2019-06-30,2019-06-30,2021-07-28,-271800000.0,3393200000.0,3338525000.0,1119400000.0,2273800000.0,0.7,1.036,-482500000.0,377200000.0,377200000.0,1581000000.0,1185900000.0,2.559,10.881,2104500000.0,0.0,2104500000.0,2104500000.0,0.0,80500000.0,0.0,0.009,0.1,821900000.0,902400000.0,0.386,902400000.0,821900000.0,715300000.0,4.03,3.9,4.03,285600000.0,221325000.0,285600000.0,4674756790.0,6.0,5.18,196900000.0,0.714,1.0,756900000.0,0.324,0.0,106600000.0,4683100000.0,4432625000.0,329800000.0,118300000.0,118300000.0,0.0,3107600000.0,437400000.0,2670200000.0,3017956790.0,-425200000.0,0.0,-300900000.0,-235400000.0,-28900000.0,-658200000.0,-465600000.0,0.0,679400000.0,-1000000.0,1185900000.0,1185900000.0,1185900000.0,-222600000.0,0.0,0.507,119900000.0,637000000.0,188100000.0,0.025,10.567,2.545,2.648,1597300000.0,0.0,10.67,1.291,1.259,193100000.0,-2952600000.0,2337900000.0,2337900000.0,0.0,0.355,5.358,0.185,0.352,0.0,119900000.0,1.0,282845060.0,275769000,285479000.0,8.478,3393200000.0,564700000.0,-470600000.0,0.0,12.305,682000000.0
9,CLF,MRT,2019-03-31,2019-03-31,2019-03-31,2021-07-28,-275500000.0,3306300000.0,3253100000.0,1126000000.0,2180300000.0,0.71,0.904,-358700000.0,430200000.0,430200000.0,1530600000.0,1190200000.0,2.858,11.634,2087000000.0,0.0,2087000000.0,2087000000.0,0.0,85000000.0,0.0,0.005,0.05,807500000.0,892500000.0,0.387,892500000.0,807500000.0,695800000.0,3.99,3.88,3.99,261700000.0,73350000.0,261700000.0,4192848665.0,5.0,4.698,152000000.0,0.525,1.0,778400000.0,0.337,0.0,111700000.0,4569100000.0,4279625000.0,410000000.0,107400000.0,107400000.0,0.0,3044600000.0,394000000.0,2650600000.0,2923148665.0,-326900000.0,0.0,-172300000.0,-247300000.0,-14800000.0,-526800000.0,-327200000.0,0.0,510700000.0,-2200000.0,1190200000.0,1190200000.0,1190200000.0,-158900000.0,0.0,0.515,116700000.0,661700000.0,171700000.0,0.013,11.17,2.456,2.504,1410300000.0,0.0,9.99,1.266,1.253,20100000.0,-3096800000.0,2309000000.0,2309000000.0,0.0,0.366,16.226,0.189,0.35,0.0,116700000.0,1.0,292607474.0,289525000,289525000.0,7.975,3306300000.0,705200000.0,-494400000.0,0.0,11.42,732000000.0
10,CLF,MRT,2018-12-31,2018-12-31,2018-12-31,2021-07-28,-283900000.0,3529600000.0,3142250000.0,1479600000.0,2050000000.0,0.742,1.427,-296000000.0,823200000.0,823200000.0,1523000000.0,1128000000.0,3.16,7.321,2092900000.0,0.0,2092900000.0,2092900000.0,0.0,89000000.0,0.0,0.0,0.0,772000000.0,861000000.0,0.369,861000000.0,772000000.0,653000000.0,3.8,3.71,3.8,424200000.0,-113325000.0,424200000.0,3694661811.0,5.0,4.291,183000000.0,0.616,1.0,809000000.0,0.347,0.0,119000000.0,4331100000.0,4127250000.0,181100000.0,91500000.0,91500000.0,0.0,3105400000.0,468200000.0,2637200000.0,2291761811.0,-155000000.0,0.0,-48000000.0,-237000000.0,0.0,-376000000.0,-273000000.0,0.0,479000000.0,-2000000.0,1128000000.0,1128000000.0,1128000000.0,-88000000.0,0.0,0.484,113000000.0,696000000.0,186800000.0,0.0,5.403,2.032,2.024,1286000000.0,0.0,7.69,0.983,0.98,226700000.0,-3060200000.0,2332000000.0,2332000000.0,0.0,0.359,-9.954,0.187,0.331,0.0,113000000.0,1.0,298018441.0,297176000,304141000.0,7.847,3529600000.0,703400000.0,-475000000.0,35500000.0,11.877,1011400000.0
11,CLF,MRT,2018-09-30,2018-09-30,2018-09-30,2021-07-28,-243400000.0,3125000000.0,2998200000.0,1650600000.0,1474400000.0,0.716,-0.289,-267500000.0,897100000.0,897100000.0,1424200000.0,828500000.0,4.336,-37.253,2300000000.0,0.0,2300000000.0,2300000000.0,0.0,90000000.0,0.0,0.0,0.0,718500000.0,808500000.0,0.376,808500000.0,718500000.0,597700000.0,2.81,2.74,2.81,-86200000.0,-330450000.0,-86200000.0,5266588537.0,7.0,6.514,52600000.0,0.177,1.0,723700000.0,0.337,0.0,120800000.0,4147200000.0,4001250000.0,276100000.0,190800000.0,190800000.0,0.0,3211200000.0,380700000.0,2830500000.0,3772088537.0,688800000.0,0.0,0.0,679300000.0,0.0,579800000.0,-245300000.0,0.0,320100000.0,-2700000.0,828500000.0,828500000.0,828500000.0,-79700000.0,0.0,0.386,107800000.0,615900000.0,140800000.0,0.0,-43.76,4.553,4.505,1144800000.0,0.0,12.66,1.756,1.756,141400000.0,-3654700000.0,2147900000.0,2147900000.0,0.0,0.276,-2.507,0.18,0.335,0.0,107800000.0,1.0,297953281.0,297878000,310203000.0,7.211,3125000000.0,223900000.0,-230800000.0,0.0,10.491,1269900000.0
12,CLF,MRT,2018-06-30,2018-06-30,2018-06-30,2021-07-28,-22200000.0,3051500000.0,2697775000.0,1546900000.0,1504600000.0,0.742,-1.029,-216700000.0,802500000.0,802500000.0,1382900000.0,443600000.0,3.257,-10.962,2297000000.0,0.0,2297000000.0,2297000000.0,0.0,92300000.0,0.0,0.0,0.0,324500000.0,416800000.0,0.208,416800000.0,324500000.0,205600000.0,1.52,1.51,1.52,-306300000.0,-517225000.0,-306300000.0,4031489704.0,12.0,9.672,4300000.0,0.014,1.0,619900000.0,0.31,0.0,118900000.0,4071100000.0,3698050000.0,345000000.0,174700000.0,174700000.0,0.0,3357800000.0,474900000.0,2882900000.0,2509889704.0,550900000.0,0.0,0.0,667900000.0,0.0,497000000.0,-207500000.0,0.0,221000000.0,-100000.0,444100000.0,444100000.0,444100000.0,127700000.0,-500000.0,0.222,102500000.0,517400000.0,119000000.0,0.0,-8.194,5.652,5.546,1081300000.0,0.0,8.43,1.253,1.253,152600000.0,-4092500000.0,2002800000.0,2002800000.0,0.0,0.165,-0.859,0.088,0.162,0.0,102500000.0,1.0,297733061.0,297618000,301275000.0,6.729,3051500000.0,219900000.0,-238500000.0,0.0,10.253,1072000000.0
13,CLF,MRT,2018-03-31,2018-03-31,2018-03-31,2021-07-28,-31300000.0,2862900000.0,2442425000.0,1412400000.0,1450500000.0,0.721,-1.632,-195200000.0,786600000.0,786600000.0,1279700000.0,308600000.0,3.324,-6.902,2308200000.0,0.0,2308200000.0,2308200000.0,0.0,88400000.0,0.0,0.0,0.0,190800000.0,279200000.0,0.159,279200000.0,190800000.0,73000000.0,1.07,1.06,1.07,-485000000.0,-637925000.0,-485000000.0,3363436728.0,18.0,12.047,25100000.0,0.084,1.0,480100000.0,0.273,0.0,117800000.0,3959600000.0,3407050000.0,406100000.0,144000000.0,144000000.0,0.0,3347700000.0,424900000.0,2922800000.0,2066936728.0,491300000.0,0.0,0.0,646200000.0,0.0,468900000.0,-200000000.0,0.0,220300000.0,2100000.0,310800000.0,310800000.0,310800000.0,117100000.0,-2200000.0,0.177,102900000.0,377200000.0,99500000.0,0.0,-4.262,6.65,6.495,1047300000.0,0.0,6.95,1.175,1.174,47200000.0,-4257600000.0,1759800000.0,1759800000.0,0.0,0.127,-0.487,0.056,0.108,0.0,102900000.0,1.0,297400968.0,297266000,297266000.0,5.92,2862900000.0,219900000.0,-237800000.0,0.0,9.631,987500000.0
14,CLF,MRT,2017-12-31,2017-12-31,2017-12-31,2021-07-28,-39000000.0,2953400000.0,2208125000.0,1544600000.0,1408800000.0,0.845,-1.54,-151700000.0,978300000.0,978300000.0,1398400000.0,363100000.0,3.416,-7.647,2304200000.0,0.0,2304200000.0,2304200000.0,0.0,87700000.0,0.0,0.0,0.0,241400000.0,329100000.0,0.176,329100000.0,241400000.0,114600000.0,1.28,1.26,1.28,-444300000.0,-724200000.0,-444300000.0,3566437266.0,15.0,10.837,186400000.0,0.646,1.0,467600000.0,0.251,0.0,126800000.0,3827100000.0,3158150000.0,227200000.0,89500000.0,89500000.0,0.0,3397500000.0,452200000.0,2945300000.0,2137837266.0,684300000.0,0.0,661300000.0,22200000.0,0.0,498900000.0,-156000000.0,0.0,338100000.0,3300000.0,367000000.0,367000000.0,367000000.0,-2500000.0,-3900000.0,0.197,102900000.0,364700000.0,99500000.0,0.0,-4.812,5.825,5.633,1033800000.0,0.0,7.21,1.146,1.114,106700000.0,-4207300000.0,1866000000.0,1866000000.0,0.0,0.166,-0.507,0.076,0.129,0.0,102900000.0,1.0,296510023.0,288435000,292961000.0,6.469,2953400000.0,248600000.0,-252400000.0,30200000.0,10.239,1092400000.0
15,CLF,MRT,2017-09-30,2017-09-30,2017-09-30,2021-07-28,-30800000.0,1923300000.0,1950750000.0,791100000.0,1132200000.0,0.886,-2.814,-102200000.0,260800000.0,260800000.0,1258000000.0,134000000.0,1.895,-3.308,1689400000.0,0.0,1689400000.0,1689400000.0,0.0,92800000.0,0.0,0.0,0.0,253800000.0,346600000.0,0.2,346600000.0,253800000.0,115600000.0,0.54,0.53,0.54,-833300000.0,-979200000.0,-833300000.0,3410317921.0,13.0,9.839,335400000.0,1.133,1.0,471100000.0,0.272,0.0,138200000.0,2934400000.0,3047500000.0,300200000.0,141400000.0,141400000.0,0.0,2756400000.0,417500000.0,2338900000.0,2120017921.0,105500000.0,0.0,661100000.0,-679300000.0,0.0,-209000000.0,-102800000.0,0.0,437600000.0,2800000.0,136200000.0,136200000.0,136200000.0,-54700000.0,-2200000.0,0.079,112100000.0,359000000.0,102000000.0,0.0,-2.544,15.565,13.241,993800000.0,0.0,7.15,1.226,1.224,63900000.0,-4517200000.0,1729100000.0,1729100000.0,0.0,0.07,-0.139,0.083,0.147,0.0,112100000.0,1.0,296506003.0,296079000,301075000.0,5.84,1923300000.0,0.0,-20600000.0,0.0,6.496,373600000.0
16,CLF,MRT,2017-06-30,2017-06-30,2017-06-30,2021-07-28,-19400000.0,2030100000.0,1913150000.0,908300000.0,1121800000.0,0.881,-2.665,-98300000.0,321500000.0,321500000.0,1287000000.0,53300000.0,2.198,-3.418,1611800000.0,0.0,1611800000.0,1611800000.0,0.0,98100000.0,0.0,0.0,0.0,195800000.0,293900000.0,0.174,293900000.0,195800000.0,36500000.0,0.24,0.23,0.24,-789100000.0,-1156950000.0,-789100000.0,3398701127.0,17.0,11.564,291800000.0,0.986,1.0,398700000.0,0.237,0.0,159300000.0,2907100000.0,3192175000.0,371200000.0,50100000.0,50100000.0,0.0,2696800000.0,413300000.0,2283500000.0,2051101127.0,172800000.0,0.0,948700000.0,-967900000.0,0.0,-87700000.0,-91900000.0,0.0,390100000.0,2800000.0,57000000.0,57000000.0,57000000.0,-21400000.0,-3700000.0,0.034,119400000.0,279300000.0,111700000.0,0.0,-2.599,35.984,28.833,999100000.0,0.0,6.92,1.217,1.215,76700000.0,-4570600000.0,1685700000.0,1685700000.0,0.0,0.03,-0.049,0.061,0.116,0.0,119400000.0,1.0,296401897.0,296070000,300711000.0,5.694,2030100000.0,0.0,-20500000.0,0.0,6.857,495000000.0
17,CLF,MRT,2017-03-31,2017-03-31,2017-03-31,2021-07-28,-24300000.0,1925700000.0,1868375000.0,813200000.0,1112500000.0,0.916,-3.131,-86600000.0,295300000.0,295300000.0,1365100000.0,52700000.0,2.629,-3.167,1642900000.0,0.0,1642900000.0,1642900000.0,0.0,103400000.0,0.0,0.0,0.0,196400000.0,299800000.0,0.175,299800000.0,196400000.0,16500000.0,0.21,0.2,0.21,-830100000.0,-1417350000.0,-830100000.0,3765238287.0,19.0,12.559,317800000.0,1.199,1.0,345500000.0,0.202,0.0,179900000.0,2964000000.0,3429500000.0,331200000.0,49000000.0,49000000.0,0.0,2628700000.0,309300000.0,2319400000.0,1913538287.0,235400000.0,0.0,948700000.0,-952100000.0,0.0,-90000000.0,-80400000.0,0.0,404400000.0,1400000.0,38000000.0,38000000.0,38000000.0,-74700000.0,14700000.0,0.022,115300000.0,230200000.0,91100000.0,0.0,-2.305,50.356,39.095,995000000.0,0.0,8.21,1.119,1.273,61100000.0,-4602400000.0,1710600000.0,1710600000.0,0.0,0.02,-0.027,0.057,0.115,0.0,115300000.0,1.0,233074091.0,265164000,265164000.0,6.451,1925700000.0,0.0,-21500000.0,0.0,7.262,503900000.0
18,CLF,MRT,2016-12-31,2016-12-31,2016-12-31,2021-07-28,-21300000.0,1923900000.0,1858525000.0,824600000.0,1099300000.0,0.836,-7.408,-69100000.0,323400000.0,323400000.0,1274400000.0,199300000.0,2.108,-2.222,2175100000.0,0.0,2175100000.0,2175100000.0,0.0,115400000.0,0.0,0.0,0.0,355800000.0,471200000.0,0.303,471200000.0,355800000.0,161900000.0,0.88,0.87,0.88,-1464300000.0,-1674675000.0,-1464300000.0,4003044705.0,11.0,8.495,233900000.0,1.183,1.0,280100000.0,0.18,0.0,193900000.0,3384500000.0,3659925000.0,269800000.0,81700000.0,81700000.0,0.0,3254400000.0,391100000.0,2863300000.0,1939344705.0,38200000.0,0.0,287400000.0,-406200000.0,0.0,-206400000.0,-57900000.0,0.0,303000000.0,-500000.0,174100000.0,174100000.0,174100000.0,-76700000.0,25200000.0,0.112,115800000.0,164300000.0,107600000.0,0.0,-1.324,11.139,9.557,984400000.0,0.0,8.41,1.248,1.069,128700000.0,-4574300000.0,1554500000.0,1554500000.0,0.0,0.094,-0.104,0.097,0.229,0.0,115800000.0,1.0,230599846.0,197659000,200145000.0,7.865,1923900000.0,0.0,-12200000.0,28300000.0,9.733,433500000.0
19,CLF,MRT,2016-09-30,2016-09-30,2016-09-30,2021-07-28,-1200000.0,1772900000.0,1911425000.0,699600000.0,1073300000.0,0.958,-7.486,-68700000.0,132200000.0,132200000.0,1579900000.0,60600000.0,2.163,-2.055,2195900000.0,0.0,2195900000.0,2195900000.0,0.0,123800000.0,0.0,0.0,0.0,248900000.0,372700000.0,0.204,372700000.0,248900000.0,32400000.0,0.18,0.19,0.18,-1544300000.0,-1803950000.0,-1544300000.0,3457139833.0,14.0,9.276,100800000.0,0.489,1.0,251100000.0,0.137,0.0,216500000.0,3513100000.0,3805800000.0,401300000.0,69300000.0,69300000.0,0.0,3173400000.0,323500000.0,2849900000.0,1075639833.0,-138000000.0,0.0,287600000.0,-410300000.0,0.0,-223200000.0,-85500000.0,0.0,169500000.0,1200000.0,34700000.0,34700000.0,34700000.0,23700000.0,25900000.0,0.019,109600000.0,141500000.0,81300000.0,0.0,-0.697,30.998,32.5,990100000.0,0.0,5.85,0.587,0.659,49200000.0,-4653400000.0,1831000000.0,1831000000.0,0.0,0.018,-0.019,0.065,0.136,0.0,109600000.0,1.0,183870057.0,206279000,206279000.0,8.876,1772900000.0,0.0,-2300000.0,0.0,8.595,376100000.0
20,CLF,MRT,2016-06-30,2016-06-30,2016-06-30,2021-07-28,-9000000.0,1851000000.0,2036075000.0,779200000.0,1071800000.0,0.919,-10.041,-66600000.0,108200000.0,108200000.0,1650100000.0,94400000.0,2.072,-1.928,2489700000.0,0.0,2489700000.0,2489700000.0,0.0,132600000.0,0.0,0.0,0.0,302000000.0,434600000.0,0.232,434600000.0,302000000.0,72500000.0,0.2,0.21,0.2,-1830700000.0,-1900875000.0,-1830700000.0,3470708995.0,11.0,7.986,200200000.0,1.098,1.0,220800000.0,0.118,0.0,229500000.0,3856400000.0,3940775000.0,493200000.0,70200000.0,70200000.0,0.0,3529900000.0,376100000.0,3153800000.0,1031508995.0,-168000000.0,0.0,0.0,-236900000.0,0.0,-349900000.0,-83500000.0,0.0,266800000.0,-1400000.0,71100000.0,45500000.0,45500000.0,64900000.0,23300000.0,0.024,100900000.0,119900000.0,91900000.0,0.0,-0.563,22.671,28.35,993100000.0,25600000.0,5.67,0.551,0.553,61500000.0,-4627400000.0,1870900000.0,1870900000.0,0.0,0.022,-0.024,0.077,0.161,0.0,100900000.0,1.0,181923985.0,182330000,184557000.0,10.261,1851000000.0,0.0,1400000.0,0.0,10.152,403100000.0
21,CLF,MRT,2016-03-31,2016-03-31,2016-03-31,2021-07-28,-12300000.0,1886300000.0,2225675000.0,792000000.0,1094300000.0,0.841,-10.831,-75300000.0,59900000.0,59900000.0,1686200000.0,130100000.0,1.801,-1.927,2499100000.0,0.0,2499100000.0,2499100000.0,0.0,136200000.0,0.0,0.0,0.0,362600000.0,498800000.0,0.266,498800000.0,362600000.0,120200000.0,0.52,0.53,0.52,-1859400000.0,-1924150000.0,-1859400000.0,2954535493.0,8.0,5.923,64300000.0,0.375,1.0,186600000.0,0.1,0.0,242400000.0,3885700000.0,4092225000.0,509000000.0,69900000.0,69900000.0,0.0,3583000000.0,439800000.0,3143200000.0,540335493.0,-295800000.0,0.0,0.0,-216600000.0,0.0,-342400000.0,-92400000.0,0.0,139600000.0,-600000.0,118500000.0,92900000.0,92900000.0,-38900000.0,11600000.0,0.05,109200000.0,77400000.0,77200000.0,0.0,-0.291,5.816,5.769,1009600000.0,25600000.0,3.0,0.289,0.275,41900000.0,-4640400000.0,1872800000.0,1872800000.0,0.0,0.042,-0.048,0.089,0.194,0.0,109200000.0,1.0,180111831.0,171677000,171962000.0,10.909,1886300000.0,0.0,1700000.0,0.0,10.987,352200000.0
22,CLF,MRT,2015-12-31,2015-12-31,2015-12-31,2021-07-28,-18000000.0,2135500000.0,2429750000.0,982700000.0,1152800000.0,0.829,-12.931,-80800000.0,285200000.0,285200000.0,1776800000.0,-748400000.0,1.689,-1.992,2699400000.0,0.0,2699400000.0,2699400000.0,0.0,134000000.0,0.0,0.0,0.0,-351500000.0,-217500000.0,-0.108,-217500000.0,-351500000.0,-580000000.0,-5.14,-5.13,-5.14,-1981400000.0,-1958225000.0,-1981400000.0,2693807822.0,-8.0,-12.385,-42900000.0,-0.28,1.0,236500000.0,0.117,0.0,228500000.0,3968000000.0,4216125000.0,440000000.0,72900000.0,72900000.0,0.0,3947100000.0,581700000.0,3365400000.0,242407822.0,-5700000.0,0.0,0.0,198600000.0,0.0,61000000.0,-103200000.0,0.0,37900000.0,-1400000.0,-749300000.0,-787700000.0,-787700000.0,892100000.0,900000.0,-0.391,110000000.0,126500000.0,106300000.0,0.0,-0.122,-0.308,-0.307,1059000000.0,38400000.0,1.58,0.12,0.12,40200000.0,-4748400000.0,2013300000.0,2013300000.0,0.0,-0.324,0.402,-0.083,-0.175,0.0,110000000.0,1.0,153422672.0,153230000,153605000.0,13.139,2135500000.0,0.0,169300000.0,35200000.0,13.937,401000000.0
23,CLF,MRT,2015-09-30,2015-09-30,2015-09-30,2021-07-28,-25100000.0,2271500000.0,2682675000.0,1075900000.0,1195600000.0,0.957,-12.608,-108800000.0,270200000.0,270200000.0,2118400000.0,-2058700000.0,1.606,-2.086,2721600000.0,0.0,2721600000.0,2721600000.0,0.0,172700000.0,0.0,0.061,0.15,-1795000000.0,-1622300000.0,-0.632,-1622300000.0,-1795000000.0,-2011600000.0,-13.22,-12.44,-13.22,-1932000000.0,-1820700000.0,-1932000000.0,2985507722.0,-2.0,-1.84,86600000.0,0.565,1.0,449200000.0,0.175,0.0,216600000.0,4053000000.0,4411100000.0,469700000.0,0.0,0.0,0.0,4031000000.0,669900000.0,3361100000.0,374307722.0,26200000.0,155000000.0,0.0,-47200000.0,-23000000.0,-207500000.0,47100000.0,0.0,195400000.0,-8800000.0,-1974200000.0,-2025400000.0,-2025400000.0,2407200000.0,-84500000.0,-0.789,362800000.0,86400000.0,102300000.0,-0.011,-0.194,-0.185,-0.185,1052600000.0,51200000.0,2.44,0.146,0.146,53400000.0,-4688100000.0,2567600000.0,2567600000.0,0.0,-0.755,1.112,-0.407,-0.699,0.0,105900000.0,1.0,153404804.0,153237000,153237000.0,16.756,2271500000.0,3100000.0,-37400000.0,0.0,14.823,406000000.0
24,CLF,MRT,2015-06-30,2015-06-30,2015-06-30,2021-07-28,-28900000.0,2609400000.0,3317600000.0,1382200000.0,1227200000.0,0.89,-12.555,-154200000.0,276200000.0,276200000.0,2303800000.0,-8951900000.0,1.823,-2.261,2887400000.0,0.0,2887400000.0,2887400000.0,0.0,281100000.0,0.0,0.069,0.3,-7613600000.0,-7332500000.0,-2.482,-7332500000.0,-7613600000.0,-7814300000.0,-51.61,-50.83,-51.61,-1923800000.0,-1330025000.0,-1923800000.0,3188900460.0,0.0,-0.435,80400000.0,0.525,1.0,650300000.0,0.22,0.0,200700000.0,4462200000.0,5071875000.0,602900000.0,0.0,0.0,0.0,4349600000.0,758400000.0,3591200000.0,663700460.0,-83700000.0,155000000.0,0.0,-138800000.0,-46500000.0,-310600000.0,10700000.0,0.0,234600000.0,-18400000.0,-7864400000.0,-7902800000.0,-7902800000.0,8976300000.0,-1087500000.0,-2.675,767100000.0,-116800000.0,140000000.0,-0.006,-0.345,-0.084,-0.084,1077200000.0,38400000.0,4.33,0.225,0.225,49200000.0,-4673100000.0,2954100000.0,2954100000.0,0.0,-2.382,5.942,-1.501,-2.577,0.0,133200000.0,1.0,153279552.0,153232000,153232000.0,19.279,2609400000.0,163100000.0,50100000.0,0.0,17.029,623800000.0
25,CLF,MRT,2015-03-31,2015-03-31,2015-03-31,2021-07-28,-38200000.0,2702600000.0,5940850000.0,1524400000.0,1178200000.0,0.539,-13.028,-196700000.0,355700000.0,355700000.0,2427200000.0,-9002600000.0,1.801,-2.247,2880900000.0,0.0,2880900000.0,2880900000.0,0.0,395900000.0,0.0,0.094,0.45,-7675000000.0,-7279100000.0,-2.272,-7279100000.0,-7675000000.0,-7854200000.0,-52.01,-51.24,-52.01,-1995700000.0,657825000.0,-1995700000.0,3504974645.0,0.0,-0.482,16000000.0,0.104,1.0,776500000.0,0.242,0.0,179200000.0,4381300000.0,7746100000.0,528900000.0,0.0,0.0,0.0,4484700000.0,846500000.0,3638200000.0,737274645.0,-8300000.0,155000000.0,0.0,53400000.0,-69500000.0,-176200000.0,-28600000.0,0.0,212700000.0,-16200000.0,-7913700000.0,-7964900000.0,-7964900000.0,9156100000.0,-1088900000.0,-2.486,777200000.0,-700000.0,114300000.0,-0.009,-0.369,-0.093,-0.092,1047200000.0,51200000.0,4.81,0.23,0.23,87100000.0,-4733200000.0,3203700000.0,3203700000.0,0.0,-1.341,-12.108,-0.991,-2.396,0.0,143300000.0,1.0,153279552.0,153185000,178696000.0,20.914,2702600000.0,165500000.0,59500000.0,0.0,17.643,677900000.0
26,CLF,MRT,2014-12-31,2014-12-31,2014-12-31,2021-07-28,-245800000.0,3147200000.0,8565900000.0,1425300000.0,1721900000.0,0.394,-9.349,-284100000.0,271300000.0,271300000.0,2487500000.0,-8311600000.0,1.493,-3.411,2826500000.0,0.0,2826500000.0,2826500000.0,0.0,504000000.0,0.0,0.084,0.6,-7133500000.0,-6629500000.0,-1.965,-6629500000.0,-7133500000.0,-7310200000.0,-47.52,-47.52,-47.52,-1431300000.0,2661625000.0,-1431300000.0,4097014363.0,-1.0,-0.618,74800000.0,0.489,1.0,885700000.0,0.263,0.0,176700000.0,4747900000.0,10422625000.0,378700000.0,400000.0,400000.0,0.0,4881500000.0,954500000.0,3927000000.0,1093814363.0,-44600000.0,155000000.0,0.0,-58700000.0,-92500000.0,-288300000.0,-103600000.0,0.0,358900000.0,-11600000.0,-7224200000.0,-7275400000.0,-7275400000.0,8368000000.0,-1087400000.0,-2.157,790200000.0,95500000.0,166100000.0,-0.013,-0.764,-0.15,-0.15,1070500000.0,51200000.0,7.14,0.324,0.324,122700000.0,-3960700000.0,3373200000.0,3373200000.0,0.0,-0.849,-2.733,-0.684,-2.115,0.0,154700000.0,1.0,153195289.0,153098000,153098000.0,22.033,3147200000.0,393100000.0,-86000000.0,40700000.0,20.557,470800000.0
27,CLF,MRT,2014-09-30,2014-09-30,2014-09-30,2021-07-28,-101400000.0,4811200000.0,11059575000.0,1360600000.0,3450600000.0,0.186,0.201,-352600000.0,244000000.0,244000000.0,798800000.0,-6957600000.0,1.217,162.492,3247200000.0,234700000.0,3012500000.0,3247200000.0,0.0,585700000.0,0.0,0.058,0.6,-5425600000.0,-4839900000.0,-2.352,-4839900000.0,-5425600000.0,-5605800000.0,-38.86,-38.82,-38.86,30700000.0,4536825000.0,30700000.0,4684234225.0,-1.0,-0.968,211400000.0,1.381,1.0,1259300000.0,0.612,0.0,180200000.0,6696100000.0,12934000000.0,718900000.0,0.0,0.0,0.0,4988500000.0,1118300000.0,3870200000.0,1590034225.0,-54800000.0,0.0,0.0,-22600000.0,-92600000.0,-316500000.0,-284800000.0,0.0,564000000.0,-17500000.0,-5895700000.0,-5946900000.0,-5946900000.0,7348900000.0,-1061900000.0,-2.89,469400000.0,789900000.0,295800000.0,-0.015,51.793,-0.267,-0.267,3207900000.0,51200000.0,10.38,0.773,0.772,166200000.0,-2639600000.0,2058100000.0,2058100000.0,-45900000.0,-0.538,-1.311,-0.419,-2.636,0.0,124000000.0,1.0,153182488.0,153108000,153108000.0,13.442,4811200000.0,25400000.0,289900000.0,26000000.0,31.424,242300000.0
28,CLF,MRT,2014-06-30,2014-06-30,2014-06-30,2021-07-28,-20200000.0,13102400000.0,13248450000.0,1663800000.0,11438600000.0,0.198,39.374,-524700000.0,359900000.0,359900000.0,1273200000.0,43500000.0,1.604,1.041,3454100000.0,161100000.0,3293000000.0,3454100000.0,0.0,594800000.0,0.0,0.04,0.6,551700000.0,1146500000.0,0.437,1146500000.0,551700000.0,372600000.0,0.31,0.33,0.31,6027600000.0,5974075000.0,6027600000.0,5233074893.0,9.0,4.564,108400000.0,0.708,1.0,1351800000.0,0.515,0.0,179100000.0,15159100000.0,15076350000.0,848800000.0,0.0,0.0,0.0,6272800000.0,1037500000.0,5235300000.0,2305374893.0,96600000.0,0.0,0.0,136600000.0,-91900000.0,-74500000.0,-459300000.0,0.0,633100000.0,-2700000.0,101100000.0,49800000.0,49800000.0,733900000.0,-57600000.0,0.019,123900000.0,1227900000.0,266000000.0,1.935,0.382,46.293,48.548,11004800000.0,51300000.0,15.05,0.878,0.878,198300000.0,3276000000.0,2625000000.0,2625000000.0,-35300000.0,0.004,0.008,0.037,0.21,0.0,144900000.0,1.0,153181056.0,153087000,153881000.0,17.147,13102400000.0,35400000.0,271500000.0,1034100000.0,85.588,626300000.0
29,CLF,MRT,2014-03-31,2014-03-31,2014-03-31,2021-07-28,-55100000.0,13202800000.0,13371575000.0,1672300000.0,11530500000.0,0.252,39.333,-734500000.0,364000000.0,364000000.0,1929300000.0,170300000.0,1.603,1.058,3291700000.0,96900000.0,3194800000.0,3291700000.0,0.0,593800000.0,0.0,0.029,0.6,687100000.0,1280900000.0,0.381,1280900000.0,687100000.0,509400000.0,1.19,1.17,1.19,6019500000.0,5874975000.0,6019500000.0,5840165237.0,8.0,4.559,354800000.0,2.318,1.0,1436500000.0,0.427,0.0,177700000.0,15087400000.0,15093600000.0,814700000.0,0.0,0.0,0.0,6367200000.0,1043100000.0,5324100000.0,3132165237.0,76800000.0,0.0,-300000.0,-163200000.0,-92000000.0,-319900000.0,-673600000.0,0.0,1089300000.0,-19000000.0,236200000.0,184800000.0,184800000.0,657500000.0,-65900000.0,0.055,144500000.0,1292000000.0,329200000.0,0.504,0.52,16.949,17.193,11086000000.0,51400000.0,20.46,0.931,0.93,130600000.0,3300900000.0,3365800000.0,3365800000.0,-22700000.0,0.014,0.031,0.046,0.204,0.0,152900000.0,1.0,153087255.0,153040000,153653000.0,21.993,13202800000.0,0.0,273200000.0,1195700000.0,86.27,629200000.0
30,CLF,MRT,2013-12-31,2013-12-31,2013-12-31,2021-07-28,-112900000.0,13121900000.0,13526350000.0,1560000000.0,11561900000.0,0.288,40.003,-861600000.0,335500000.0,335500000.0,2406400000.0,361800000.0,1.437,1.028,3092500000.0,69900000.0,3022600000.0,3092500000.0,0.0,593300000.0,0.0,0.023,0.6,837500000.0,1430800000.0,0.368,1430800000.0,837500000.0,651100000.0,2.4,2.37,2.4,6069500000.0,5796250000.0,6069500000.0,7042082687.0,8.0,4.922,284300000.0,1.874,1.0,1484400000.0,0.382,0.0,186400000.0,14793400000.0,15215300000.0,607400000.0,0.0,0.0,0.0,6237600000.0,1085500000.0,5152100000.0,4013382687.0,140300000.0,0.0,285300000.0,-1010300000.0,-91900000.0,-171900000.0,-811300000.0,0.0,1145900000.0,-22400000.0,413500000.0,364800000.0,364800000.0,517100000.0,-51700000.0,0.094,178100000.0,1306300000.0,345500000.0,0.25,0.661,11.002,10.921,11153400000.0,48700000.0,26.21,1.032,1.022,270000000.0,3407300000.0,3890800000.0,3890800000.0,0.0,0.027,0.063,0.055,0.215,0.0,163800000.0,1.0,153124101.0,151726000,174323000.0,25.644,13121900000.0,115600000.0,237600000.0,1263800000.0,86.484,474500000.0
31,CLF,MRT,2013-09-30,2013-09-30,2013-09-30,2021-07-28,-178400000.0,13566700000.0,13639600000.0,1669600000.0,11897100000.0,0.419,37.769,-1076100000.0,298800000.0,298800000.0,4618200000.0,-1494800000.0,1.574,1.147,3327500000.0,7900000.0,3319600000.0,3327500000.0,15100000.0,581500000.0,0.0,0.052,1.075,-493700000.0,87800000.0,0.015,87800000.0,-493700000.0,-688100000.0,-9.17,-9.22,-9.17,5779700000.0,5437050000.0,5779700000.0,6199072832.0,-13.0,70.604,-151200000.0,-0.988,1.0,1093300000.0,0.191,269400000.0,194400000.0,15265500000.0,15530200000.0,695800000.0,144200000.0,72700000.0,71500000.0,6632100000.0,1060500000.0,5571600000.0,3139072832.0,259300000.0,152600000.0,285300000.0,-620000000.0,-158200000.0,254400000.0,-911500000.0,0.0,924900000.0,-8500000.0,-1248200000.0,-1283900000.0,-1283900000.0,-32800000.0,-246600000.0,-0.225,1390000000.0,-296700000.0,350800000.0,-0.117,0.543,-2.445,-2.236,11354800000.0,35700000.0,20.5,0.55,0.549,291700000.0,3483300000.0,5711500000.0,5711500000.0,93500000.0,-0.094,-0.236,-0.032,-0.086,0.0,247800000.0,1.0,153125504.0,153029000,178459000.0,37.323,13297300000.0,5300000.0,560100000.0,1057800000.0,86.894,609100000.0
32,CLF,MRT,2013-06-30,2013-06-30,2013-06-30,2021-07-28,-239600000.0,13594900000.0,14072125000.0,1665900000.0,11929000000.0,0.406,36.803,-1111700000.0,263300000.0,263300000.0,4766900000.0,-1530300000.0,1.443,1.21,3323300000.0,0.0,3323300000.0,3323300000.0,20800000.0,561300000.0,0.0,0.095,1.55,-654900000.0,-93600000.0,-0.016,-93600000.0,-654900000.0,-849900000.0,-9.25,-9.29,-9.25,5631200000.0,5576325000.0,5631200000.0,5633605336.0,-9.0,-60.188,-175500000.0,-1.147,1.0,942900000.0,0.165,272200000.0,195000000.0,15228100000.0,15746125000.0,782100000.0,113800000.0,45100000.0,68700000.0,6811100000.0,1154600000.0,5656500000.0,2487805336.0,104100000.0,152600000.0,285300000.0,-659900000.0,-224400000.0,121300000.0,-941200000.0,0.0,936200000.0,-12200000.0,-1280300000.0,-1303100000.0,-1303100000.0,-28100000.0,-250000000.0,-0.228,1418300000.0,-475400000.0,306600000.0,-0.168,0.442,-1.909,-1.757,11189600000.0,22800000.0,16.25,0.436,0.435,259100000.0,3401900000.0,5709800000.0,5709800000.0,128500000.0,-0.093,-0.234,-0.042,-0.115,0.0,241100000.0,1.0,153095713.0,153011000,178428000.0,37.316,13322700000.0,202800000.0,430400000.0,1205300000.0,87.07,511300000.0
33,CLF,MRT,2013-03-31,2013-03-31,2013-03-31,2021-07-28,-51400000.0,13821900000.0,14471975000.0,1823900000.0,11998000000.0,0.401,38.59,-1116800000.0,287200000.0,287200000.0,4682600000.0,-1397300000.0,1.656,1.221,3433000000.0,0.0,3433000000.0,3433000000.0,22900000.0,549100000.0,0.0,0.107,2.025,-505700000.0,43400000.0,0.007,43400000.0,-505700000.0,-705300000.0,-8.31,-8.3,-8.31,5704600000.0,5742275000.0,5704600000.0,6568646664.0,-13.0,151.351,-498700000.0,-3.374,1.0,1118100000.0,0.193,292100000.0,199600000.0,15574200000.0,15984250000.0,900100000.0,198200000.0,66400000.0,131800000.0,6962900000.0,1101400000.0,5861500000.0,2709046664.0,164900000.0,163800000.0,285600000.0,-237400000.0,-290400000.0,486700000.0,-938200000.0,0.0,618100000.0,-1700000.0,-1168300000.0,-1178200000.0,-1178200000.0,-30400000.0,-229000000.0,-0.203,1466700000.0,-348600000.0,299900000.0,-0.244,0.475,-2.299,-2.288,11236300000.0,9900000.0,19.01,0.467,0.484,272300000.0,3291700000.0,5800700000.0,5800700000.0,145000000.0,-0.081,-0.205,-0.032,-0.087,0.0,273000000.0,1.0,142506400.0,147827000,148081000.0,39.24,13529800000.0,137300000.0,463000000.0,1195900000.0,91.525,722500000.0
34,CLF,MRT,2012-12-31,2012-12-31,2012-12-31,2021-07-28,-55600000.0,13574900000.0,14739825000.0,1650000000.0,11924900000.0,0.398,32.544,-1127500000.0,195200000.0,195200000.0,4700600000.0,-1126600000.0,1.194,1.687,4054800000.0,94100000.0,3960700000.0,4054800000.0,0.0,525800000.0,0.0,0.056,2.155,-447900000.0,77900000.0,0.013,77900000.0,-447900000.0,-643500000.0,-6.32,-6.32,-6.32,4632700000.0,5851125000.0,4632700000.0,9343776390.0,-21.0,119.946,-613000000.0,-4.306,1.0,1172100000.0,0.2,0.0,195600000.0,16053000000.0,16027575000.0,725600000.0,0.0,0.0,0.0,7814000000.0,1381500000.0,6432500000.0,5496076390.0,-326400000.0,152600000.0,0.0,372200000.0,-307200000.0,119600000.0,-961800000.0,0.0,514500000.0,1300000.0,-899400000.0,-899400000.0,-899400000.0,-35900000.0,-227200000.0,-0.153,1474000000.0,-301900000.0,555500000.0,-0.341,1.186,-6.111,-6.103,11207300000.0,0.0,38.57,0.936,0.935,329000000.0,3217700000.0,5872700000.0,5872700000.0,142800000.0,-0.061,-0.154,-0.028,-0.076,0.0,282500000.0,1.0,142496147.0,142351000,142351000.0,41.255,13574900000.0,105400000.0,255900000.0,1202300000.0,95.362,268500000.0
35,CLF,MRT,2012-09-30,2012-09-30,2012-09-30,2021-07-28,-51000000.0,15296800000.0,14981525000.0,1665400000.0,13631400000.0,0.397,44.501,-1195400000.0,36300000.0,36300000.0,4526800000.0,953000000.0,0.971,1.201,3884000000.0,369700000.0,3514300000.0,3884000000.0,125100000.0,502900000.0,0.0,0.046,1.81,963300000.0,1466200000.0,0.247,1466200000.0,963300000.0,789600000.0,6.33,6.29,6.33,6336800000.0,6139200000.0,6336800000.0,9400334147.0,10.0,6.411,-176800000.0,-1.242,1.0,1413600000.0,0.238,1301000000.0,173700000.0,16129200000.0,15740500000.0,786200000.0,595300000.0,78300000.0,517000000.0,7607600000.0,1714300000.0,5893300000.0,5575734147.0,-505600000.0,0.0,-67900000.0,-62500000.0,-257900000.0,-364300000.0,-1170500000.0,0.0,1018600000.0,10600000.0,904400000.0,904400000.0,904400000.0,-21500000.0,48600000.0,0.152,434900000.0,978700000.0,422100000.0,0.286,0.88,6.165,6.182,11030700000.0,0.0,39.13,0.939,0.938,285900000.0,4925700000.0,5940400000.0,5940400000.0,118600000.0,0.06,0.147,0.061,0.162,0.0,288100000.0,1.0,142492567.0,142396000,142895000.0,41.717,13995800000.0,612300000.0,-114800000.0,1231700000.0,98.288,-48900000.0
36,CLF,MRT,2012-06-30,2012-06-30,2012-06-30,2021-07-28,-89900000.0,15194300000.0,14643650000.0,1742600000.0,13451700000.0,0.443,44.213,-1153200000.0,159200000.0,159200000.0,4426200000.0,1627600000.0,1.136,1.205,3983800000.0,369700000.0,3614100000.0,3983800000.0,123400000.0,489700000.0,0.0,0.03,1.465,1551200000.0,2040900000.0,0.315,2040900000.0,1551200000.0,1373400000.0,9.9,9.85,9.9,6295000000.0,5985850000.0,6295000000.0,10571493656.0,7.0,5.18,377800000.0,2.653,1.0,2058400000.0,0.317,1304000000.0,177800000.0,16180600000.0,15373100000.0,978000000.0,606000000.0,74800000.0,531200000.0,7586800000.0,1534300000.0,6052500000.0,7022793656.0,-78900000.0,1200000.0,-289800000.0,14900000.0,-209700000.0,-492700000.0,-1104500000.0,22300000.0,1531000000.0,-12700000.0,1420500000.0,1420500000.0,1420500000.0,-7400000.0,207100000.0,0.219,415400000.0,1643000000.0,385200000.0,0.148,1.116,4.944,4.979,10882100000.0,0.0,49.29,1.083,1.082,310800000.0,4929400000.0,6484600000.0,6484600000.0,99600000.0,0.097,0.237,0.101,0.239,0.0,285500000.0,1.0,142479076.0,142380000,142814000.0,45.544,13890300000.0,522200000.0,-47100000.0,1192900000.0,97.558,208300000.0
37,CLF,MRT,2012-03-31,2012-03-31,2012-03-31,2021-07-28,-70900000.0,14893300000.0,14263000000.0,1587300000.0,13306000000.0,0.471,43.171,-1056100000.0,122300000.0,122300000.0,4364400000.0,1780700000.0,1.146,1.215,3671000000.0,87200000.0,3583800000.0,3671000000.0,108600000.0,464400000.0,0.0,0.014,0.98,1846800000.0,2311200000.0,0.344,2311200000.0,1846800000.0,1633000000.0,11.03,10.96,11.03,6140000000.0,5798650000.0,6140000000.0,12997757365.0,7.0,5.624,996800000.0,7.009,1.0,2346600000.0,0.35,1309900000.0,213800000.0,15747500000.0,15032225000.0,924700000.0,609700000.0,78800000.0,530900000.0,7459400000.0,1384600000.0,6074800000.0,9835857365.0,-2145400000.0,-4434600000.0,563900000.0,898100000.0,-139600000.0,1326500000.0,-5519000000.0,-60000000.0,2052900000.0,-5800000.0,1571600000.0,1571600000.0,1571600000.0,-4400000.0,209100000.0,0.234,411100000.0,1935500000.0,394500000.0,0.089,1.602,6.258,6.279,10766700000.0,0.0,69.26,1.466,1.468,247200000.0,4760300000.0,6711000000.0,6711000000.0,88700000.0,0.11,0.271,0.123,0.275,0.0,274100000.0,1.0,142013534.0,142226000,142709000.0,47.185,13583400000.0,533500000.0,61400000.0,1381900000.0,95.506,202700000.0
38,CLF,MRT,2011-12-31,2011-12-31,2011-12-31,2021-07-28,-92600000.0,14541700000.0,12777750000.0,1911200000.0,12630500000.0,0.514,41.252,-880700000.0,519300000.0,519300000.0,3953000000.0,1812600000.0,1.272,1.297,3683500000.0,74800000.0,3608700000.0,3683500000.0,126600000.0,426900000.0,0.0,0.013,0.84,2233000000.0,2659900000.0,0.405,2659900000.0,2233000000.0,2026800000.0,11.55,11.48,11.55,5785000000.0,5331900000.0,5785000000.0,12317479495.0,6.0,4.631,1408100000.0,10.041,1.0,2610900000.0,0.398,1299100000.0,206200000.0,14904700000.0,13000575000.0,673800000.0,608700000.0,82100000.0,526600000.0,7502000000.0,1502100000.0,5999900000.0,8916779495.0,-1045100000.0,-4423500000.0,563900000.0,1578100000.0,-118900000.0,1975100000.0,-5304400000.0,-31900000.0,2288800000.0,-4600000.0,1619100000.0,1619100000.0,1619100000.0,-20100000.0,193500000.0,0.247,382000000.0,2228900000.0,364700000.0,0.073,1.541,5.507,5.398,10404100000.0,0.0,62.35,1.358,1.332,287900000.0,4424300000.0,6563900000.0,6563900000.0,80500000.0,0.127,0.304,0.172,0.34,0.0,248300000.0,1.0,143011700.0,140234000,141012000.0,46.807,13242600000.0,231400000.0,407700000.0,1327800000.0,94.432,409100000.0
39,CLF,MRT,2011-09-30,2011-09-30,2011-09-30,2021-07-28,-59300000.0,13945300000.0,11086875000.0,1904800000.0,12040500000.0,0.569,39.69,-595700000.0,545100000.0,545100000.0,3713700000.0,1988300000.0,1.466,1.239,3945800000.0,62300000.0,3883500000.0,3945800000.0,99600000.0,389100000.0,0.0,0.014,0.7,2302000000.0,2691100000.0,0.427,2691100000.0,2302000000.0,2114500000.0,13.07,13.0,13.07,5723400000.0,4847125000.0,5723400000.0,11194884619.0,5.0,4.16,1639000000.0,11.366,1.0,2590300000.0,0.411,1387000000.0,187500000.0,14659600000.0,10905300000.0,704100000.0,589400000.0,73600000.0,515800000.0,7093500000.0,1299400000.0,5794100000.0,7471684619.0,-424300000.0,-4455600000.0,631800000.0,1840800000.0,-97800000.0,2341600000.0,-4993700000.0,-31900000.0,2234700000.0,-6900000.0,1818200000.0,1818200000.0,1818200000.0,-6600000.0,170100000.0,0.288,299800000.0,2290500000.0,370100000.0,0.054,1.305,4.109,3.915,9835300000.0,0.0,51.17,1.185,1.171,433800000.0,4266200000.0,6304000000.0,6304000000.0,69700000.0,0.164,0.375,0.211,0.365,12500000.0,210000000.0,1.0,146016897.0,144203000,144989000.0,43.716,12558300000.0,84100000.0,296300000.0,1057500000.0,87.088,605400000.0
40,CLF,MRT,2011-06-30,2011-06-30,2011-06-30,2021-07-28,95900000.0,13671700000.0,9370275000.0,1688300000.0,11983400000.0,0.593,39.901,-448400000.0,238100000.0,238100000.0,3336500000.0,1532700000.0,1.418,1.289,3961300000.0,62500000.0,3898800000.0,3961300000.0,141200000.0,353800000.0,0.0,0.006,0.56,2078600000.0,2432400000.0,0.437,2432400000.0,2078600000.0,1923100000.0,11.1,11.03,11.1,5546200000.0,4275500000.0,5546200000.0,12685551991.0,6.0,5.215,1360900000.0,9.791,1.0,2224400000.0,0.4,1386800000.0,155500000.0,14817100000.0,8928900000.0,762200000.0,619600000.0,110200000.0,509400000.0,7151700000.0,1191000000.0,5960700000.0,12540751991.0,-289400000.0,-5321900000.0,853700000.0,2856200000.0,-76100000.0,3599300000.0,-5731300000.0,-54200000.0,1809300000.0,33300000.0,1514400000.0,1514400000.0,1514400000.0,-22700000.0,18300000.0,0.272,277400000.0,1947000000.0,306900000.0,0.05,2.261,8.281,8.329,9802400000.0,0.0,92.45,2.255,2.311,387700000.0,3717700000.0,5560900000.0,5560900000.0,53400000.0,0.162,0.354,0.233,0.374,12500000.0,206000000.0,1.0,135649021.0,139000000,139783000.0,40.006,12284900000.0,92200000.0,408700000.0,1030400000.0,88.381,497300000.0
41,CLF,MRT,2011-03-31,2011-03-31,2011-03-31,2021-07-28,70000000.0,8952300000.0,7361425000.0,3713900000.0,5238400000.0,0.671,31.538,-313700000.0,2267700000.0,2267700000.0,3031900000.0,1365900000.0,3.354,1.095,2412500000.0,0.0,2412500000.0,2412500000.0,238500000.0,335500000.0,0.0,0.006,0.56,1811100000.0,2146600000.0,0.435,2146600000.0,1811100000.0,1723600000.0,10.09,10.03,10.09,4273000000.0,3638900000.0,4273000000.0,13459655385.0,7.0,6.27,1039200000.0,7.67,1.0,1907500000.0,0.386,369000000.0,87500000.0,7620900000.0,6440000000.0,632500000.0,658300000.0,132900000.0,525400000.0,4678400000.0,1107200000.0,3571200000.0,13313255385.0,1717300000.0,-1002400000.0,0.0,1660500000.0,-76100000.0,1540800000.0,-1202900000.0,28100000.0,1352900000.0,26500000.0,1366000000.0,1366000000.0,1366000000.0,-23400000.0,-100000.0,0.277,222000000.0,1685500000.0,266900000.0,0.056,3.116,9.746,9.74,4021500000.0,0.0,98.28,2.695,2.696,506500000.0,3328800000.0,4939400000.0,4939400000.0,42900000.0,0.186,0.375,0.281,0.367,12500000.0,179100000.0,1.0,135462509.0,135486000,136191000.0,36.457,8583300000.0,163100000.0,357600000.0,278700000.0,63.352,2606700000.0
42,CLF,MRT,2010-12-31,2010-12-31,2010-12-31,2021-07-28,45900000.0,7778200000.0,6506325000.0,2583700000.0,5194500000.0,0.689,28.425,-266900000.0,1566700000.0,1566700000.0,3025100000.0,1019900000.0,2.512,1.024,1713100000.0,0.0,1713100000.0,1713100000.0,215600000.0,322300000.0,0.0,0.007,0.508,1361800000.0,1684100000.0,0.376,1684100000.0,1361800000.0,1302400000.0,7.54,7.49,7.54,3845900000.0,3278225000.0,3845900000.0,11310795517.0,8.0,6.716,1053100000.0,7.783,1.0,1458700000.0,0.325,372300000.0,59400000.0,6523600000.0,5707100000.0,417300000.0,597400000.0,82600000.0,514800000.0,3939500000.0,1028700000.0,2910800000.0,10567195517.0,1064000000.0,-1185800000.0,0.0,1188100000.0,-68900000.0,1087600000.0,-1367700000.0,0.0,1320000000.0,24100000.0,1019900000.0,1019900000.0,1019900000.0,-22500000.0,0.0,0.227,205400000.0,1253300000.0,266500000.0,0.067,2.748,10.361,10.346,3979200000.0,0.0,78.01,2.357,2.354,359100000.0,2924100000.0,4483800000.0,4483800000.0,33700000.0,0.157,0.311,0.239,0.304,12500000.0,171700000.0,1.0,135459499.0,135301000,136138000.0,33.139,7405900000.0,183500000.0,282500000.0,206000000.0,54.736,1555000000.0
43,CLF,MRT,2010-09-30,2010-09-30,2010-09-30,2021-07-28,13000000.0,7078900000.0,5721600000.0,2022900000.0,5056000000.0,0.713,25.394,-170600000.0,969400000.0,969400000.0,2858800000.0,744300000.0,2.932,1.055,1713000000.0,0.0,1713000000.0,1713000000.0,75700000.0,303400000.0,0.0,0.007,0.455,1113200000.0,1416600000.0,0.347,1416600000.0,1113200000.0,1062600000.0,5.55,5.52,5.55,3436900000.0,2952450000.0,3436900000.0,8854903166.0,8.0,6.251,651500000.0,4.814,1.0,1219700000.0,0.299,378500000.0,50600000.0,6754000000.0,5051650000.0,440000000.0,733900000.0,208600000.0,525300000.0,3627600000.0,690000000.0,2937600000.0,8657403166.0,609500000.0,-1156400000.0,0.0,1179400000.0,-61400000.0,1092600000.0,-1322300000.0,-11000000.0,822100000.0,17100000.0,743700000.0,743700000.0,743700000.0,4100000.0,600000.0,0.182,202800000.0,1016900000.0,214400000.0,0.082,2.519,11.641,11.517,3897700000.0,0.0,63.92,2.123,2.121,214100000.0,2550100000.0,4078500000.0,4078500000.0,19600000.0,0.13,0.252,0.22,0.273,10100000.0,178200000.0,1.0,135441226.0,135345000,136213000.0,30.134,6700400000.0,163200000.0,318900000.0,205200000.0,49.506,1332900000.0
44,CLF,MRT,2010-06-30,2010-06-30,2010-06-30,2021-07-28,-166600000.0,5636300000.0,5079675000.0,1630600000.0,4005700000.0,0.669,22.168,-118800000.0,527500000.0,527500000.0,2553200000.0,505500000.0,2.283,0.882,725000000.0,0.0,725000000.0,725000000.0,100200000.0,277000000.0,0.0,0.008,0.355,753000000.0,1030000000.0,0.303,1030000000.0,753000000.0,709800000.0,3.8,3.79,3.8,2999800000.0,2694650000.0,2999800000.0,6561571894.0,9.0,6.37,462900000.0,3.421,1.0,845700000.0,0.249,258000000.0,43200000.0,4861500000.0,4344900000.0,500800000.0,663300000.0,157600000.0,505700000.0,2645400000.0,714300000.0,1931100000.0,6386971894.0,252900000.0,-325600000.0,-200000.0,190600000.0,-47500000.0,124900000.0,-456500000.0,-11000000.0,581700000.0,2800000.0,505100000.0,505100000.0,505100000.0,3400000.0,400000.0,0.149,162800000.0,682900000.0,234100000.0,0.093,2.129,12.645,12.411,2985200000.0,0.0,47.16,1.879,1.878,255300000.0,2296400000.0,3398900000.0,3398900000.0,9300000.0,0.099,0.187,0.173,0.222,10100000.0,149300000.0,1.0,135431974.0,135319000,136134000.0,25.118,5378300000.0,168700000.0,204700000.0,219200000.0,39.745,916300000.0
45,CLF,MRT,2010-03-31,2010-03-31,2010-03-31,2021-07-28,-91700000.0,5531900000.0,4744700000.0,1470500000.0,4061400000.0,0.549,20.938,-104800000.0,550400000.0,550400000.0,2185600000.0,290100000.0,1.97,0.956,725000000.0,0.0,725000000.0,725000000.0,165200000.0,247700000.0,0.0,0.004,0.255,417600000.0,665300000.0,0.255,665300000.0,417600000.0,377700000.0,2.23,2.23,2.23,2830300000.0,2510975000.0,2830300000.0,9616444787.0,23.0,14.454,199700000.0,1.477,1.0,419300000.0,0.161,270900000.0,39900000.0,4689300000.0,4102350000.0,497700000.0,527000000.0,131700000.0,395300000.0,2705700000.0,746300000.0,1959400000.0,9594144787.0,453100000.0,-240700000.0,347300000.0,188700000.0,-33800000.0,485000000.0,-350300000.0,-9500000.0,304500000.0,13900000.0,289900000.0,289900000.0,289900000.0,3400000.0,200000.0,0.111,135200000.0,284100000.0,220900000.0,0.114,3.39,33.095,31.816,3069900000.0,0.0,70.95,3.683,3.682,131400000.0,2054800000.0,2604900000.0,2604900000.0,1600000.0,0.061,0.115,0.102,0.16,10100000.0,130200000.0,1.0,135224028.0,135174000,135954000.0,19.271,5261000000.0,195400000.0,87800000.0,219800000.0,38.92,724200000.0
46,CLF,MRT,2009-12-31,2009-12-31,2009-12-31,2021-07-28,-122600000.0,4639300000.0,4368175000.0,1161200000.0,3478100000.0,0.536,20.343,-116300000.0,502700000.0,502700000.0,2030300000.0,205100000.0,2.036,0.827,525000000.0,0.0,525000000.0,525000000.0,105100000.0,236600000.0,0.0,0.006,0.255,266600000.0,503200000.0,0.215,503200000.0,266600000.0,227600000.0,1.64,1.63,1.64,2542800000.0,2237800000.0,2542800000.0,6201740884.0,23.0,12.325,69400000.0,0.555,1.0,311700000.0,0.133,189400000.0,39000000.0,3901800000.0,3821400000.0,375200000.0,454700000.0,51500000.0,403200000.0,2102300000.0,570400000.0,1531900000.0,6036640884.0,323700000.0,-81800000.0,347300000.0,-6400000.0,-31900000.0,304300000.0,-179300000.0,-9500000.0,185700000.0,13000000.0,205100000.0,205100000.0,205100000.0,3400000.0,0.0,0.088,117600000.0,194100000.0,178900000.0,0.155,2.374,29.433,28.104,2592600000.0,0.0,46.09,2.578,2.46,153300000.0,1973100000.0,2342000000.0,2342000000.0,0.0,0.047,0.092,0.07,0.114,10100000.0,117600000.0,1.0,130975068.0,124998000,125751000.0,18.736,4449900000.0,212500000.0,22500000.0,112000000.0,35.6,590800000.0
47,CLF,MRT,2009-09-30,2009-09-30,2009-09-30,2021-07-28,-160900000.0,4511200000.0,4236125000.0,1016300000.0,3494900000.0,0.575,18.387,-130600000.0,359900000.0,359900000.0,2018000000.0,142200000.0,1.815,0.875,525000000.0,0.0,525000000.0,525000000.0,0.0,244600000.0,0.0,0.008,0.255,148200000.0,392800000.0,0.161,392800000.0,148200000.0,106800000.0,1.09,1.16,1.09,2405700000.0,2039725000.0,2405700000.0,4489317688.0,30.0,11.429,135000000.0,1.032,1.0,419800000.0,0.172,189300000.0,41400000.0,3927000000.0,3721100000.0,395200000.0,318500000.0,0.0,318500000.0,2104300000.0,560000000.0,1544300000.0,4238917688.0,-28400000.0,120700000.0,347300000.0,-6200000.0,-30400000.0,303500000.0,-572000000.0,-600600000.0,265600000.0,-25500000.0,150800000.0,150800000.0,150800000.0,0.0,-8600000.0,0.062,211500000.0,208300000.0,171500000.0,0.234,1.762,28.11,29.688,2556300000.0,0.0,32.36,1.739,1.737,87200000.0,1876400000.0,2437800000.0,2437800000.0,0.0,0.036,0.074,0.04,0.061,21400000.0,133800000.0,1.0,130992512.0,130840000,131736000.0,18.632,4321900000.0,298100000.0,-44000000.0,40800000.0,33.032,456300000.0
48,CLF,MRT,2009-06-30,2009-06-30,2009-06-30,2021-07-28,-251300000.0,4296400000.0,4185625000.0,949200000.0,3347200000.0,0.707,18.113,-183900000.0,274600000.0,274600000.0,2279500000.0,262100000.0,1.756,0.897,525000000.0,0.0,525000000.0,525000000.0,71900000.0,237700000.0,0.0,0.012,0.302,315100000.0,552800000.0,0.187,552800000.0,315100000.0,273000000.0,2.31,2.32,2.31,2265100000.0,1860375000.0,2265100000.0,3210554445.0,10.0,5.808,426100000.0,3.407,1.0,681600000.0,0.23,115100000.0,42100000.0,3891300000.0,3536675000.0,443600000.0,335900000.0,27500000.0,308400000.0,2030900000.0,540400000.0,1490500000.0,2782854445.0,-45800000.0,32500000.0,347500000.0,-163500000.0,-34400000.0,134400000.0,-718400000.0,-593900000.0,610000000.0,-71800000.0,266900000.0,266900000.0,266900000.0,0.0,-4800000.0,0.09,220000000.0,461600000.0,131400000.0,0.131,1.229,10.427,10.593,2485400000.0,0.0,24.47,0.94,1.033,41900000.0,1822900000.0,2961100000.0,2961100000.0,0.0,0.064,0.143,0.089,0.106,13900000.0,147200000.0,1.0,113725151.0,125055000,125779000.0,23.678,4181300000.0,208200000.0,6100000.0,64800000.0,33.436,408800000.0
49,CLF,MRT,2009-03-31,2009-03-31,2009-03-31,2021-07-28,-388800000.0,4025800000.0,4123250000.0,792500000.0,3233300000.0,0.868,15.344,-178700000.0,97300000.0,97300000.0,2459800000.0,509500000.0,1.015,1.313,525000000.0,0.0,525000000.0,525000000.0,129300000.0,218500000.0,0.0,0.019,0.35,664600000.0,883100000.0,0.247,883100000.0,664600000.0,622700000.0,4.7,4.53,4.7,1737600000.0,1705150000.0,1737600000.0,2407657784.0,4.0,2.726,749700000.0,6.62,1.0,1119600000.0,0.313,107400000.0,41900000.0,3565500000.0,3537900000.0,423000000.0,347600000.0,30200000.0,317400000.0,2281800000.0,780600000.0,1501200000.0,2061657784.0,-89200000.0,-86200000.0,0.0,-82600000.0,-38100000.0,-127900000.0,-815700000.0,-611700000.0,928400000.0,-74000000.0,491600000.0,491200000.0,491200000.0,0.0,17900000.0,0.137,212900000.0,906700000.0,159800000.0,0.074,1.186,4.197,3.864,2382400000.0,400000.0,18.16,0.576,0.575,79600000.0,1782700000.0,3579400000.0,3579400000.0,0.0,0.119,0.288,0.188,0.186,20200000.0,175900000.0,1.0,113527411.0,113240000,113240000.0,31.609,3918400000.0,251200000.0,131100000.0,131200000.0,34.603,11900000.0
50,CLF,MRT,2008-12-31,2008-12-31,2008-12-31,2021-07-28,-394600000.0,4111100000.0,3942050000.0,861700000.0,3249400000.0,0.916,17.251,-182500000.0,179000000.0,179000000.0,2449400000.0,537000000.0,1.02,1.347,525000000.0,0.0,525000000.0,525000000.0,86800000.0,201100000.0,0.0,0.014,0.35,699800000.0,900900000.0,0.25,900900000.0,699800000.0,660000000.0,5.07,4.76,5.07,1750500000.0,1582400000.0,1750500000.0,3043498077.0,4.0,3.378,670700000.0,6.61,1.0,1159700000.0,0.321,111600000.0,39800000.0,3500600000.0,3479000000.0,366600000.0,407600000.0,76900000.0,330700000.0,2357100000.0,844900000.0,1512200000.0,2906798077.0,21900000.0,-62700000.0,0.0,76600000.0,-36100000.0,32400000.0,-795600000.0,-602100000.0,853200000.0,-68100000.0,515800000.0,514700000.0,514700000.0,0.0,21200000.0,0.143,223700000.0,936000000.0,201000000.0,0.069,1.661,5.648,5.051,2456100000.0,1100000.0,25.61,0.805,0.72,101900000.0,1799900000.0,3609100000.0,3609100000.0,0.0,0.131,0.325,0.201,0.194,21400000.0,188600000.0,1.0,113502463.0,101471000,108288000.0,35.568,3999500000.0,306000000.0,144200000.0,212100000.0,39.415,16800000.0
51,CLF,MRT,2008-09-30,2008-09-30,2008-09-30,2021-07-28,-88000000.0,4309200000.0,3683225000.0,1212200000.0,3097000000.0,0.944,16.117,-282700000.0,388300000.0,388300000.0,2438200000.0,600200000.0,1.06,1.511,525000000.0,0.0,525000000.0,525000000.0,181300000.0,165300000.0,0.0,0.006,0.325,795800000.0,961100000.0,0.277,961100000.0,795800000.0,756500000.0,5.68,5.22,5.68,1688300000.0,1435700000.0,1688300000.0,6014362094.0,8.0,6.258,507400000.0,4.844,1.0,1037000000.0,0.298,112800000.0,39300000.0,3189300000.0,3343625000.0,413900000.0,467200000.0,140200000.0,327000000.0,2551500000.0,1143800000.0,1407700000.0,5649762094.0,248700000.0,-170400000.0,2100000.0,-66900000.0,-31500000.0,-105000000.0,-404900000.0,-8800000.0,790100000.0,-31500000.0,555500000.0,553200000.0,553200000.0,-200000.0,44700000.0,0.159,108600000.0,928400000.0,194600000.0,0.057,3.346,10.213,9.32,2518900000.0,2300000.0,52.94,1.626,1.596,170900000.0,1756300000.0,3475200000.0,3475200000.0,0.0,0.15,0.385,0.238,0.229,9100000.0,177300000.0,1.0,106720100.0,104753000,108719000.0,33.175,4196400000.0,0.0,201000000.0,247900000.0,40.06,68400000.0
52,CLF,MRT,2008-06-30,2008-06-30,2008-06-30,2021-07-28,60800000.0,4046900000.0,3371375000.0,1443100000.0,2603800000.0,0.862,16.756,-212400000.0,320400000.0,320400000.0,2125800000.0,478600000.0,2.801,1.336,685000000.0,0.0,685000000.0,685000000.0,9000000.0,142900000.0,0.0,0.003,0.3,640500000.0,783400000.0,0.27,783400000.0,640500000.0,604000000.0,4.68,4.15,4.68,1644200000.0,1262850000.0,1644200000.0,11199379979.0,17.0,14.296,197100000.0,2.009,1.0,779300000.0,0.268,0.0,36500000.0,3896200000.0,3329000000.0,548400000.0,525600000.0,157900000.0,367700000.0,2196000000.0,515300000.0,1680700000.0,10785879979.0,191100000.0,-440700000.0,2100000.0,389100000.0,-27600000.0,362300000.0,-598500000.0,-15400000.0,409500000.0,17800000.0,437500000.0,433800000.0,433800000.0,-200000.0,41100000.0,0.149,101600000.0,677700000.0,172500000.0,0.064,6.56,24.864,25.468,2091300000.0,3700000.0,119.19,3.713,4.026,291900000.0,1589500000.0,2905100000.0,2905100000.0,0.0,0.129,0.344,0.192,0.22,20000000.0,168700000.0,1.0,90493162.0,98127000,105227000.0,29.606,4046900000.0,42200000.0,166500000.0,377600000.0,41.241,927800000.0
53,CLF,MRT,2008-03-31,2008-03-31,2008-03-31,2021-07-28,20200000.0,3301000000.0,2914900000.0,961300000.0,2339700000.0,0.838,13.861,-201100000.0,186500000.0,186500000.0,1961500000.0,272900000.0,2.499,1.453,600000000.0,0.0,600000000.0,600000000.0,14800000.0,124600000.0,0.0,0.005,0.275,367900000.0,492500000.0,0.202,492500000.0,367900000.0,339100000.0,2.98,2.41,2.98,1246600000.0,1076825000.0,1246600000.0,5694908672.0,15.0,11.563,64400000.0,0.716,1.0,482600000.0,0.197,0.0,28800000.0,3329900000.0,2828475000.0,465000000.0,406000000.0,85800000.0,320200000.0,1810700000.0,384600000.0,1426100000.0,5412008672.0,67700000.0,-384200000.0,2100000.0,384400000.0,-23700000.0,359500000.0,-573200000.0,-24600000.0,265500000.0,15900000.0,254200000.0,249500000.0,249500000.0,-200000.0,18700000.0,0.102,100400000.0,382200000.0,148500000.0,0.092,4.341,21.691,20.104,1874300000.0,4700000.0,59.91,2.214,2.205,128900000.0,1324900000.0,2444100000.0,2444100000.0,0.0,0.086,0.232,0.13,0.151,16300000.0,138100000.0,1.0,90335648.0,89936000,104916000.0,27.176,3301000000.0,64800000.0,84900000.0,242500000.0,36.704,576700000.0
54,CLF,MRT,2007-12-31,2007-12-31,2007-12-31,2021-07-28,-30300000.0,3075800000.0,2592550000.0,754600000.0,2321200000.0,0.878,14.023,-199500000.0,157100000.0,157100000.0,1813200000.0,285600000.0,1.888,1.426,440000000.0,0.0,440000000.0,440000000.0,28400000.0,107200000.0,0.0,0.005,0.25,376700000.0,483900000.0,0.213,483900000.0,376700000.0,354100000.0,3.19,2.57,3.19,1163700000.0,959700000.0,1163700000.0,4667134144.0,12.0,9.645,89400000.0,1.077,1.0,462000000.0,0.203,0.0,22600000.0,2959100000.0,2396250000.0,318900000.0,390500000.0,69500000.0,321000000.0,1659600000.0,399600000.0,1260000000.0,4216734144.0,-194600000.0,-524400000.0,0.0,273500000.0,-20900000.0,250100000.0,-745400000.0,-44700000.0,288900000.0,11800000.0,270000000.0,264800000.0,264800000.0,-200000.0,15600000.0,0.116,78100000.0,383900000.0,149900000.0,0.078,3.624,15.924,15.799,1823900000.0,5200000.0,50.4,1.853,1.838,122900000.0,1316200000.0,2275200000.0,2275200000.0,0.0,0.102,0.276,0.157,0.166,11800000.0,114200000.0,1.0,83665360.0,82988000,105026000.0,27.416,3075800000.0,61800000.0,84100000.0,234100000.0,37.063,355000000.0
55,CLF,MRT,2007-09-30,2007-09-30,2007-09-30,2021-07-28,-79000000.0,3061800000.0,2308525000.0,844600000.0,2217200000.0,0.884,12.071,-96900000.0,139600000.0,139600000.0,1645600000.0,246300000.0,2.214,1.767,590000000.0,0.0,590000000.0,590000000.0,42900000.0,96800000.0,0.0,0.006,0.25,336700000.0,433500000.0,0.212,433500000.0,336700000.0,323200000.0,2.945,2.345,2.945,996900000.0,855225000.0,996900000.0,3604093134.0,11.0,8.314,184200000.0,2.23,1.0,396100000.0,0.194,0.0,13500000.0,3130800000.0,1959750000.0,428100000.0,376200000.0,58500000.0,317700000.0,1761500000.0,381400000.0,1380100000.0,3608393134.0,-63600000.0,-620300000.0,-17800000.0,425000000.0,-20600000.0,386200000.0,-748300000.0,-35900000.0,281100000.0,17400000.0,246300000.0,240700000.0,240700000.0,0.0,0.0,0.118,96000000.0,300100000.0,153400000.0,0.085,3.62,14.991,14.935,1698900000.0,5600000.0,43.985,1.767,1.779,155000000.0,1227700000.0,2041700000.0,2041700000.0,0.0,0.104,0.281,0.172,0.165,10300000.0,108500000.0,1.0,82036902.0,82586000,105000000.0,24.722,3061800000.0,77600000.0,76900000.0,166200000.0,37.074,463200000.0
56,CLF,MRT,2007-06-30,2007-06-30,2007-06-30,2021-07-28,-111900000.0,2221000000.0,2005350000.0,774700000.0,1446300000.0,0.998,11.038,-102800000.0,129300000.0,129300000.0,1580900000.0,278500000.0,2.401,1.142,125000000.0,0.0,125000000.0,125000000.0,37000000.0,86000000.0,0.0,0.006,0.25,375800000.0,461800000.0,0.231,461800000.0,375800000.0,369200000.0,3.34,2.645,3.34,900100000.0,794975000.0,900100000.0,3117231555.0,8.0,6.75,195600000.0,2.399,1.0,421300000.0,0.21,0.0,6600000.0,1894100000.0,1491650000.0,444200000.0,337800000.0,48200000.0,289600000.0,1028100000.0,322600000.0,705500000.0,3186031555.0,5700000.0,-230700000.0,-42500000.0,121700000.0,-20500000.0,59200000.0,-363800000.0,-36000000.0,298400000.0,11900000.0,278500000.0,272900000.0,272900000.0,0.0,0.0,0.136,74200000.0,347100000.0,115900000.0,0.075,3.54,11.675,11.627,923100000.0,5600000.0,38.835,1.591,1.582,112300000.0,1177100000.0,2002200000.0,2002200000.0,0.0,0.136,0.343,0.252,0.188,9000000.0,89500000.0,1.0,82040210.0,81544000,104664000.0,24.554,2221000000.0,120700000.0,90700000.0,171500000.0,27.237,452100000.0
57,CLF,MRT,2007-03-31,2007-03-31,2007-03-31,2021-07-28,-152300000.0,2011600000.0,1905225000.0,694300000.0,1317300000.0,1.019,9.581,-111800000.0,118800000.0,118800000.0,1520400000.0,274700000.0,2.031,1.235,50000000.0,0.0,50000000.0,50000000.0,84300000.0,81300000.0,0.0,0.008,0.25,374500000.0,455800000.0,0.235,455800000.0,374500000.0,369200000.0,3.245,2.58,3.245,778100000.0,743600000.0,778100000.0,2433367035.0,6.0,5.339,225400000.0,2.775,1.0,420400000.0,0.217,0.0,5300000.0,1601000000.0,1345975000.0,414700000.0,200800000.0,37000000.0,163800000.0,961000000.0,341800000.0,619200000.0,2636567035.0,-17900000.0,-151700000.0,-122900000.0,47300000.0,-20900000.0,-96900000.0,-267900000.0,-10500000.0,337200000.0,9600000.0,274700000.0,269100000.0,269100000.0,-100000.0,0.0,0.139,70200000.0,350200000.0,105500000.0,0.077,3.388,9.798,9.863,907700000.0,5600000.0,32.005,1.358,1.339,74900000.0,1096700000.0,1940800000.0,1940800000.0,0.0,0.141,0.362,0.278,0.193,6000000.0,81300000.0,1.0,82379848.0,81216000,104354000.0,23.897,2011600000.0,115900000.0,94500000.0,164100000.0,24.769,352500000.0
58,CLF,MRT,2006-12-31,2006-12-31,2006-12-31,2021-07-28,-169900000.0,1939700000.0,1845150000.0,782300000.0,1157400000.0,1.041,8.863,-119500000.0,351700000.0,351700000.0,1507700000.0,280100000.0,2.087,1.255,0.0,0.0,0.0,0.0,62600000.0,73900000.0,0.0,0.01,0.237,376300000.0,450200000.0,0.234,450200000.0,376300000.0,371000000.0,3.26,2.6,3.26,745800000.0,718225000.0,745800000.0,1792039919.0,5.0,3.981,309000000.0,3.672,1.0,414000000.0,0.215,0.0,5300000.0,1213100000.0,1260800000.0,278400000.0,68800000.0,32900000.0,35900000.0,935800000.0,374900000.0,560900000.0,1995239919.0,158900000.0,-13400000.0,-120800000.0,-3900000.0,-20200000.0,-148400000.0,-127400000.0,0.0,428500000.0,5900000.0,280100000.0,274500000.0,274500000.0,-300000.0,0.0,0.143,60700000.0,353300000.0,142400000.0,0.073,2.675,7.269,7.429,884900000.0,5600000.0,24.22,1.038,1.061,76000000.0,1078500000.0,1921700000.0,1921700000.0,0.0,0.149,0.382,0.298,0.196,3700000.0,72400000.0,1.0,82379848.0,84144000,107654000.0,22.838,1939700000.0,116700000.0,90900000.0,172600000.0,23.052,407400000.0
59,CLF,MRT,2006-09-30,2006-09-30,2006-09-30,2021-07-28,-108400000.0,1849100000.0,1796900000.0,704400000.0,1144700000.0,1.025,9.189,-114700000.0,203200000.0,203200000.0,1447000000.0,276200000.0,1.885,1.062,0.0,0.0,0.0,0.0,0.0,56300000.0,0.0,0.012,0.225,357000000.0,413300000.0,0.224,413300000.0,357000000.0,353200000.0,3.185,2.54,3.185,755900000.0,694675000.0,755900000.0,1464110352.0,4.0,3.542,241000000.0,2.93,1.0,394600000.0,0.214,13900000.0,3800000.0,1258400000.0,1251850000.0,317000000.0,41700000.0,3700000.0,38000000.0,802700000.0,373600000.0,429100000.0,1587710352.0,105300000.0,-17200000.0,-105100000.0,-1800000.0,-19500000.0,-130500000.0,-118600000.0,0.0,355700000.0,-1000000.0,276200000.0,270600000.0,270600000.0,-400000.0,0.0,0.147,49800000.0,344800000.0,130900000.0,0.071,2.1,5.867,5.983,844000000.0,5600000.0,19.055,0.862,0.851,151900000.0,1015000000.0,1841600000.0,1841600000.0,0.0,0.151,0.39,0.285,0.194,-3900000.0,66200000.0,1.0,83322506.0,82264000,105784000.0,22.386,1835200000.0,68400000.0,77000000.0,169500000.0,22.309,330800000.0
60,CLF,MRT,2006-06-30,2006-06-30,2006-06-30,2021-07-28,-109400000.0,1820500000.0,1736500000.0,681600000.0,1138900000.0,1.023,8.13,-114600000.0,123600000.0,123600000.0,1383100000.0,272700000.0,1.834,1.23,0.0,0.0,0.0,0.0,0.0,51100000.0,0.0,0.011,0.213,357400000.0,408500000.0,0.23,408500000.0,357400000.0,353000000.0,3.085,2.465,3.085,694600000.0,661775000.0,694600000.0,1612252971.0,5.0,3.947,167400000.0,1.959,1.0,392500000.0,0.221,13900000.0,4400000.0,1311400000.0,1235150000.0,374300000.0,49800000.0,3700000.0,46100000.0,854500000.0,371600000.0,482900000.0,1748952971.0,7600000.0,-14200000.0,-78200000.0,-52400000.0,-18700000.0,-153300000.0,-118700000.0,0.0,282000000.0,-1300000.0,272700000.0,267100000.0,267100000.0,300000.0,0.0,0.15,49400000.0,343100000.0,143900000.0,0.069,2.518,6.548,6.425,836100000.0,5600000.0,19.823,0.985,0.954,149400000.0,932500000.0,1775600000.0,1775600000.0,0.0,0.154,0.404,0.289,0.201,-6000000.0,63600000.0,1.0,88230696.0,85440000,108890000.0,20.782,1806600000.0,65900000.0,80300000.0,172300000.0,21.145,310000000.0
61,CLF,MRT,2006-03-31,2006-03-31,2006-03-31,2021-07-28,-129700000.0,1771300000.0,1679450000.0,648700000.0,1122600000.0,1.057,7.742,-121500000.0,136700000.0,136700000.0,1374000000.0,289300000.0,1.8,1.243,0.0,0.0,0.0,0.0,0.0,49800000.0,0.0,0.008,0.175,382100000.0,431900000.0,0.243,431900000.0,382100000.0,376800000.0,3.26,2.595,3.26,676600000.0,622175000.0,676600000.0,1716696247.0,4.0,3.975,192900000.0,2.207,1.0,400700000.0,0.226,13900000.0,5300000.0,1260300000.0,1201925000.0,340400000.0,43500000.0,0.0,43500000.0,841100000.0,360400000.0,480700000.0,1909496247.0,28200000.0,-72900000.0,2200000.0,-77900000.0,-15300000.0,-94300000.0,-187200000.0,0.0,314400000.0,-3300000.0,289300000.0,283700000.0,283700000.0,700000.0,0.0,0.16,35300000.0,365400000.0,148200000.0,0.054,2.822,6.731,6.681,820700000.0,5600000.0,21.78,1.076,1.073,101200000.0,856300000.0,1774700000.0,1774700000.0,0.0,0.169,0.456,0.318,0.215,-5600000.0,60600000.0,1.0,87672004.0,87396000,110724000.0,20.306,1757400000.0,74000000.0,87500000.0,165100000.0,20.108,288300000.0
62,CLF,MRT,2005-12-31,2005-12-31,2005-12-31,2021-07-28,-125600000.0,1746700000.0,1609725000.0,636000000.0,1110700000.0,1.081,7.497,-97800000.0,192800000.0,192800000.0,1350500000.0,277600000.0,1.754,1.306,0.0,0.0,0.0,0.0,200000.0,42800000.0,0.0,0.007,0.15,366900000.0,409700000.0,0.236,409700000.0,366900000.0,362400000.0,3.13,2.495,3.13,651600000.0,565225000.0,651600000.0,1844392804.0,5.0,4.502,416800000.0,4.796,1.0,389000000.0,0.224,13900000.0,4500000.0,1177300000.0,1158600000.0,246300000.0,73700000.0,29100000.0,44600000.0,850900000.0,362700000.0,488200000.0,1942292804.0,-24100000.0,-417500000.0,5700000.0,0.0,-13100000.0,-13600000.0,-520700000.0,-9800000.0,514600000.0,-2200000.0,277600000.0,272000000.0,272000000.0,800000.0,0.0,0.156,36700000.0,352300000.0,130600000.0,0.048,2.981,7.141,7.074,802800000.0,5600000.0,22.142,1.117,1.106,89200000.0,824200000.0,1739500000.0,1739500000.0,0.0,0.169,0.481,0.317,0.211,0.0,62100000.0,1.0,87717864.0,86912000,111346000.0,20.014,1732800000.0,78600000.0,84800000.0,168000000.0,19.937,273300000.0
63,CLF,MRT,2005-09-30,2005-09-30,2005-09-30,2021-07-28,-94100000.0,1607500000.0,1481125000.0,611500000.0,996000000.0,1.077,7.164,-90400000.0,97900000.0,97900000.0,1236600000.0,414800000.0,2.002,1.122,0.0,0.0,0.0,0.0,0.0,40400000.0,0.0,0.006,0.125,430900000.0,471300000.0,0.295,471300000.0,430900000.0,427300000.0,4.747,3.745,4.747,624300000.0,508325000.0,624300000.0,1840207572.0,4.0,3.905,144500000.0,1.658,1.0,358600000.0,0.225,12600000.0,3600000.0,1191600000.0,1050700000.0,249800000.0,30100000.0,5000000.0,25100000.0,700600000.0,305400000.0,395200000.0,1906207572.0,-167700000.0,-455500000.0,4300000.0,-1700000.0,-10900000.0,-9900000.0,-391200000.0,160300000.0,234900000.0,-400000.0,414800000.0,409200000.0,409200000.0,2400000.0,0.0,0.257,20500000.0,338100000.0,97400000.0,0.026,3.053,4.658,4.588,822300000.0,5600000.0,21.777,1.195,1.19,169300000.0,762900000.0,1595200000.0,1595200000.0,0.0,0.276,0.805,0.41,0.27,0.0,41700000.0,1.0,87531056.0,87140000,111514000.0,18.306,1594900000.0,62700000.0,12500000.0,179900000.0,18.303,306100000.0
64,CLF,MRT,2005-06-30,2005-06-30,2005-06-30,2021-07-28,-93300000.0,1592300000.0,1352250000.0,577700000.0,1014600000.0,1.056,6.173,-81200000.0,116000000.0,116000000.0,1140500000.0,416700000.0,1.723,1.484,50000000.0,50000000.0,0.0,50000000.0,0.0,33600000.0,0.0,0.005,0.075,422000000.0,455600000.0,0.319,455600000.0,422000000.0,419800000.0,4.79,3.775,4.79,536200000.0,423100000.0,536200000.0,1229949344.0,3.0,2.7,117800000.0,1.356,1.0,286900000.0,0.201,12600000.0,2200000.0,1178500000.0,894925000.0,254100000.0,25400000.0,0.0,25400000.0,795800000.0,335200000.0,460600000.0,1263449344.0,-81900000.0,-409700000.0,7300000.0,49400000.0,-6500000.0,50400000.0,-337100000.0,160300000.0,199000000.0,-400000.0,416700000.0,411100000.0,411100000.0,-3200000.0,0.0,0.288,23400000.0,263500000.0,93500000.0,0.016,2.356,3.073,3.015,854000000.0,5600000.0,14.44,0.885,0.879,146300000.0,683100000.0,1427400000.0,1427400000.0,0.0,0.304,0.972,0.472,0.296,0.0,41700000.0,1.0,87496492.0,86868000,111208000.0,16.432,1579700000.0,73300000.0,3100000.0,193200000.0,18.185,242500000.0
65,CLF,MRT,2005-03-31,2005-03-31,2005-03-31,2021-07-28,-83200000.0,1492400000.0,1208925000.0,548800000.0,943600000.0,1.026,5.195,-59700000.0,108500000.0,108500000.0,1053300000.0,349800000.0,1.527,1.741,75000000.0,75000000.0,0.0,75000000.0,0.0,24800000.0,0.0,0.003,0.05,322700000.0,347500000.0,0.28,347500000.0,322700000.0,322000000.0,4.032,3.183,4.032,448800000.0,344650000.0,448800000.0,1360152467.0,4.0,3.914,29900000.0,0.346,1.0,187300000.0,0.151,12600000.0,700000.0,1087000000.0,752300000.0,260100000.0,22200000.0,0.0,22200000.0,781200000.0,359300000.0,421900000.0,1577052467.0,-71200000.0,-343800000.0,7900000.0,75000000.0,-4400000.0,79900000.0,-247100000.0,160300000.0,89600000.0,0.0,349800000.0,344200000.0,344200000.0,-3500000.0,0.0,0.277,29100000.0,158200000.0,91300000.0,0.012,3.514,4.582,4.518,771700000.0,5600000.0,18.218,1.271,1.269,120100000.0,586900000.0,1240600000.0,1240600000.0,0.0,0.285,0.999,0.429,0.26,0.0,35400000.0,1.0,86567996.0,86396000,110620000.0,14.359,1479800000.0,81700000.0,-27800000.0,171200000.0,17.128,189500000.0
66,CLF,MRT,2004-12-31,2004-12-31,2004-12-31,2021-07-28,-81000000.0,1232300000.0,1090500000.0,731400000.0,500900000.0,1.103,4.975,-54400000.0,216900000.0,216900000.0,1053600000.0,323600000.0,2.845,1.429,0.0,0.0,0.0,0.0,0.0,25000000.0,0.0,0.002,0.025,289400000.0,314400000.0,0.261,314400000.0,289400000.0,288600000.0,3.735,2.95,3.735,424000000.0,287500000.0,424000000.0,855516251.0,3.0,2.721,-195800000.0,-2.297,1.0,149500000.0,0.124,12600000.0,800000.0,745700000.0,638625000.0,183600000.0,198800000.0,182700000.0,16100000.0,605800000.0,257100000.0,348700000.0,1121116251.0,149100000.0,3800000.0,11400000.0,-25000000.0,-2200000.0,155900000.0,127600000.0,180100000.0,-141400000.0,0.0,323600000.0,318300000.0,318300000.0,-3400000.0,0.0,0.265,29200000.0,120300000.0,77900000.0,0.007,2.644,3.522,3.476,283900000.0,5300000.0,12.982,0.932,0.92,109700000.0,565300000.0,1203100000.0,1203100000.0,0.0,0.292,1.107,0.453,0.241,0.0,33100000.0,1.0,86355960.0,85232000,109690000.0,14.116,1219700000.0,85700000.0,-35000000.0,36900000.0,14.31,474300000.0
67,CLF,MRT,2004-09-30,2004-09-30,2004-09-30,2021-07-28,-17300000.0,1092000000.0,1002825000.0,603100000.0,488900000.0,1.091,3.312,-35000000.0,265600000.0,265600000.0,1016900000.0,111400000.0,2.489,2.149,0.0,0.0,0.0,0.0,0.0,23400000.0,0.0,0.0,0.0,143300000.0,166700000.0,0.152,166700000.0,143300000.0,141700000.0,1.259,0.976,1.259,283400000.0,238525000.0,283400000.0,667480813.0,5.0,4.004,1100000.0,0.013,1.0,77300000.0,0.071,15600000.0,1600000.0,568500000.0,605425000.0,186700000.0,109100000.0,0.0,109100000.0,609100000.0,242300000.0,366800000.0,865380813.0,198000000.0,47400000.0,18800000.0,-50000000.0,0.0,138300000.0,17100000.0,10000000.0,36100000.0,0.0,111400000.0,107500000.0,107500000.0,-4900000.0,0.0,0.098,19400000.0,57900000.0,90000000.0,0.0,3.054,8.05,8.029,286700000.0,3900000.0,10.109,0.791,0.79,141800000.0,372100000.0,1094200000.0,1094200000.0,0.0,0.107,0.451,0.237,0.131,0.0,34200000.0,1.0,85607104.0,85564000,110192000.0,12.788,1076400000.0,0.0,30300000.0,35500000.0,12.58,360800000.0
68,CLF,MRT,2004-06-30,2004-06-30,2004-06-30,2021-07-28,17300000.0,1019000000.0,910600000.0,496900000.0,522100000.0,1.079,2.615,-24300000.0,197900000.0,197900000.0,948200000.0,19100000.0,2.516,2.7,0.0,0.0,0.0,0.0,0.0,24500000.0,0.0,0.0,0.0,27100000.0,51600000.0,0.053,51600000.0,27100000.0,24500000.0,0.192,0.122,0.192,222400000.0,182275000.0,222400000.0,423398719.0,16.0,8.205,14800000.0,0.174,1.0,33900000.0,0.035,15600000.0,2600000.0,608000000.0,578125000.0,207800000.0,154300000.0,0.0,154300000.0,600400000.0,197500000.0,402900000.0,603098719.0,156300000.0,1800000.0,13600000.0,-50000000.0,0.0,132600000.0,-15400000.0,10000000.0,39100000.0,0.0,19100000.0,16600000.0,16600000.0,0.0,0.0,0.017,28200000.0,5700000.0,77000000.0,0.0,2.712,36.331,36.712,275700000.0,2500000.0,7.049,0.614,0.61,110900000.0,286000000.0,982100000.0,982100000.0,0.0,0.018,0.091,0.047,0.028,0.0,28700000.0,1.0,85561088.0,85052000,108968000.0,11.547,1003400000.0,0.0,5400000.0,40900000.0,11.797,299400000.0
69,CLF,MRT,2004-03-31,2004-03-31,2004-03-31,2021-07-28,47700000.0,1018700000.0,831825000.0,445500000.0,573200000.0,1.079,2.608,-23500000.0,179700000.0,179700000.0,911800000.0,-34900000.0,2.331,2.743,0.0,0.0,0.0,0.0,0.0,25000000.0,0.0,0.0,0.0,-32600000.0,-7600000.0,-0.008,-7600000.0,-32600000.0,-36300000.0,-0.439,-0.439,-0.439,220200000.0,142100000.0,220200000.0,648979809.0,-20.0,-85.392,-7100000.0,-0.084,1.0,-14500000.0,-0.016,15600000.0,3700000.0,632300000.0,549600000.0,205500000.0,203500000.0,0.0,203500000.0,603900000.0,191100000.0,412800000.0,691779809.0,125800000.0,-2000000.0,13000000.0,-55000000.0,0.0,127200000.0,-17800000.0,10000000.0,16400000.0,0.0,-34900000.0,-36000000.0,-36000000.0,0.0,0.0,-0.04,36000000.0,-50500000.0,85100000.0,0.0,3.142,-19.216,-18.63,275500000.0,1100000.0,8.179,0.771,0.77,84200000.0,254000000.0,897300000.0,897300000.0,0.0,-0.043,-0.253,-0.059,-0.036,0.0,29200000.0,1.0,84582584.0,84440000,108292000.0,10.626,1003100000.0,0.0,-1400000.0,50800000.0,11.879,254400000.0
70,CLF,MRT,2003-12-31,2003-12-31,2003-12-31,2021-07-28,56400000.0,881600000.0,759375000.0,308800000.0,572800000.0,1.087,2.78,-16100000.0,67800000.0,67800000.0,835000000.0,-32700000.0,1.459,2.776,25000000.0,25000000.0,0.0,25000000.0,0.0,25300000.0,0.0,0.0,0.0,-28400000.0,-3100000.0,-0.004,-3100000.0,-28400000.0,-33000000.0,-0.4,-0.4,-0.4,228100000.0,107850000.0,228100000.0,508120034.0,-18.0,-163.91,26600000.0,0.324,1.0,-9900000.0,-0.012,14300000.0,4600000.0,612900000.0,515900000.0,202800000.0,220900000.0,0.0,220900000.0,633300000.0,211600000.0,421700000.0,525720034.0,6000000.0,-2000000.0,6000000.0,-30000000.0,0.0,-22000000.0,-14700000.0,0.0,42700000.0,0.0,-32700000.0,-32700000.0,-32700000.0,0.0,0.0,-0.04,33300000.0,-43200000.0,67200000.0,0.0,2.305,-16.077,-15.922,255000000.0,0.0,6.369,0.637,0.633,74700000.0,255700000.0,825100000.0,825100000.0,0.0,-0.043,-0.303,-0.055,-0.034,0.0,25100000.0,1.0,82546816.0,82048000,82048000.0,10.056,867300000.0,2900000.0,-300000.0,47100000.0,10.571,97200000.0
71,CLF,MRT,2003-09-30,2003-09-30,2003-09-30,2021-07-28,-110700000.0,723100000.0,721500000.0,304400000.0,418700000.0,1.064,0.712,-16700000.0,67600000.0,67600000.0,763700000.0,-94600000.0,1.419,11.079,50000000.0,15000000.0,35000000.0,50000000.0,0.0,28500000.0,0.0,0.0,0.0,-69100000.0,-40600000.0,-0.053,-40600000.0,-69100000.0,-74000000.0,-1.168,-1.168,-1.168,58400000.0,70650000.0,58400000.0,272652211.0,-4.0,-6.716,-4500000.0,-0.055,1.0,4300000.0,0.006,31700000.0,4900000.0,459300000.0,484375000.0,192900000.0,26700000.0,0.0,26700000.0,647000000.0,214500000.0,432500000.0,264252211.0,-117900000.0,0.0,0.0,-120000000.0,0.0,-119400000.0,-8200000.0,0.0,12200000.0,0.0,-94600000.0,-94600000.0,-94600000.0,5200000.0,0.0,-0.123,75300000.0,-71000000.0,68300000.0,0.0,4.525,-2.793,-2.74,271400000.0,0.0,3.2,0.344,0.342,80900000.0,264600000.0,768000000.0,768000000.0,0.0,-0.131,-1.339,-0.143,-0.09,0.0,23300000.0,1.0,82578816.0,81984000,81984000.0,9.368,691400000.0,0.0,20600000.0,10300000.0,8.433,89900000.0
72,CLF,MRT,2003-06-30,2003-06-30,2003-06-30,2021-07-28,-110700000.0,703900000.0,738950000.0,286000000.0,417900000.0,1.003,0.753,-14300000.0,41600000.0,41600000.0,736400000.0,-182500000.0,1.532,10.071,50000000.0,15000000.0,35000000.0,50000000.0,0.0,27700000.0,0.0,0.0,0.0,-155100000.0,-127400000.0,-0.172,-127400000.0,-155100000.0,-160300000.0,-2.256,-2.256,-2.256,61700000.0,124100000.0,61700000.0,185354894.0,-1.0,-1.455,27500000.0,0.335,1.0,5100000.0,0.007,31700000.0,5200000.0,493900000.0,502400000.0,191400000.0,26800000.0,0.0,26800000.0,621400000.0,186700000.0,434700000.0,184254894.0,-101600000.0,-14400000.0,0.0,-120000000.0,0.0,-119500000.0,-18800000.0,0.0,41800000.0,0.0,-182500000.0,-182500000.0,-182500000.0,104000000.0,0.0,-0.246,63300000.0,-58200000.0,63600000.0,0.0,2.986,-1.01,-0.989,274400000.0,0.0,2.231,0.248,0.247,86100000.0,269400000.0,741500000.0,741500000.0,0.0,-0.247,-1.471,-0.309,-0.209,0.0,22400000.0,1.0,82579224.0,81984000,81984000.0,9.044,672200000.0,0.0,22200000.0,12100000.0,8.199,99300000.0
73,CLF,MRT,2003-03-31,2003-03-31,2003-03-31,2021-07-28,-110700000.0,728900000.0,783950000.0,308300000.0,420600000.0,0.877,1.019,-8200000.0,53900000.0,53900000.0,664600000.0,-161200000.0,1.535,7.558,55000000.0,20000000.0,35000000.0,55000000.0,0.0,26500000.0,0.0,0.0,0.0,-138400000.0,-111900000.0,-0.163,-111900000.0,-138400000.0,-144300000.0,-1.996,-1.996,-1.996,83200000.0,199750000.0,83200000.0,183281229.0,-1.0,-1.638,53100000.0,0.651,1.0,22600000.0,0.033,31700000.0,5900000.0,497500000.0,550400000.0,215500000.0,27400000.0,0.0,27400000.0,628800000.0,200800000.0,428000000.0,190081229.0,-88200000.0,-27400000.0,0.0,-115000000.0,0.0,-114900000.0,-26000000.0,0.0,61300000.0,0.0,-161200000.0,-161200000.0,-161200000.0,105900000.0,0.0,-0.235,62200000.0,-39600000.0,72800000.0,0.0,2.285,-1.179,-1.168,275500000.0,0.0,2.331,0.277,0.277,75800000.0,290600000.0,687200000.0,687200000.0,0.0,-0.206,-0.807,-0.251,-0.201,0.0,24700000.0,1.0,81536184.0,81616000,82680000.0,8.42,697200000.0,0.0,16900000.0,11100000.0,8.542,107500000.0
74,CLF,MRT,2002-12-31,2002-12-31,2002-12-31,2021-07-28,-110700000.0,730100000.0,824025000.0,300500000.0,429600000.0,0.712,0.98,-8500000.0,61800000.0,61800000.0,582700000.0,-188300000.0,1.467,7.956,55000000.0,20000000.0,35000000.0,55000000.0,0.0,24800000.0,0.0,0.0,0.0,-172600000.0,-147800000.0,-0.252,-147800000.0,-172600000.0,-179200000.0,-2.328,-2.328,-2.328,79300000.0,269600000.0,79300000.0,186673898.0,-1.0,-1.263,32400000.0,0.4,1.0,3700000.0,0.006,31700000.0,6600000.0,486800000.0,601600000.0,184400000.0,29300000.0,0.0,29300000.0,630900000.0,204800000.0,426100000.0,202173898.0,-122000000.0,-33400000.0,0.0,-115000000.0,0.0,-114700000.0,-35800000.0,0.0,40900000.0,0.0,-188300000.0,-188300000.0,-188300000.0,108500000.0,0.0,-0.321,61500000.0,-57800000.0,68900000.0,0.0,2.549,-1.074,-1.066,278900000.0,0.0,2.481,0.345,0.342,87000000.0,288400000.0,586400000.0,586400000.0,0.0,-0.229,-0.698,-0.287,-0.294,0.0,23800000.0,1.0,81480664.0,80936000,80936000.0,7.245,698400000.0,0.0,9100000.0,13200000.0,8.629,95700000.0
75,CLF,MRT,2002-09-30,2002-09-30,2002-09-30,2021-07-28,-1900000.0,792900000.0,847750000.0,389000000.0,403900000.0,0.632,3.362,-4300000.0,185500000.0,185500000.0,503300000.0,-123300000.0,1.581,1.913,170000000.0,100000000.0,70000000.0,170000000.0,0.0,18600000.0,0.0,0.004,0.013,-123300000.0,-104700000.0,-0.196,-104700000.0,-123300000.0,-130100000.0,-1.524,-1.524,-1.524,272200000.0,343325000.0,272200000.0,271745546.0,-2.0,-2.595,102900000.0,1.271,1.0,32200000.0,0.06,0.0,6800000.0,531400000.0,634900000.0,154900000.0,51500000.0,0.0,51500000.0,520700000.0,246000000.0,274700000.0,244945546.0,84300000.0,-36400000.0,0.0,0.0,-1000000.0,42800000.0,-34800000.0,0.0,107200000.0,0.0,-123300000.0,-123300000.0,-123300000.0,116000000.0,0.0,-0.23,28100000.0,4100000.0,137300000.0,-0.009,0.9,-1.987,-1.973,278200000.0,0.0,3.006,0.457,0.455,31400000.0,372300000.0,535500000.0,535500000.0,0.0,-0.145,-0.359,-0.194,-0.23,0.0,19300000.0,1.0,81478768.0,80968000,80968000.0,6.614,792900000.0,4400000.0,-6800000.0,0.0,9.793,143000000.0
76,CLF,MRT,2002-06-30,2002-06-30,2002-06-30,2021-07-28,-1000000.0,883900000.0,848350000.0,360900000.0,523000000.0,0.535,4.472,-3000000.0,143200000.0,143200000.0,434400000.0,-32300000.0,1.605,1.426,170000000.0,100000000.0,70000000.0,170000000.0,0.0,16100000.0,0.0,0.007,0.025,-34000000.0,-17900000.0,-0.039,-17900000.0,-34000000.0,-42100000.0,-0.396,-0.396,-0.396,364300000.0,370750000.0,364300000.0,308886768.0,-9.0,-17.256,85000000.0,1.044,1.0,19700000.0,0.043,0.0,8100000.0,685900000.0,669750000.0,167600000.0,56800000.0,0.0,56800000.0,519600000.0,224800000.0,294800000.0,280986768.0,87700000.0,-22000000.0,0.0,0.0,-2000000.0,42200000.0,-14200000.0,0.0,88000000.0,0.0,-32300000.0,-32300000.0,-32300000.0,17200000.0,0.0,-0.071,26300000.0,-6600000.0,116100000.0,-0.063,0.771,-8.699,-8.712,392700000.0,0.0,3.45,0.619,0.619,31200000.0,464500000.0,454100000.0,454100000.0,0.0,-0.038,-0.087,-0.051,-0.075,0.0,18000000.0,1.0,81445440.0,81456000,81456000.0,5.575,883900000.0,6500000.0,-9800000.0,0.0,10.851,136100000.0
77,CLF,MRT,2002-03-31,2002-03-31,2002-03-31,2021-07-28,-1000000.0,889200000.0,822675000.0,378800000.0,510400000.0,0.476,4.459,-2000000.0,142100000.0,142100000.0,392700000.0,-47500000.0,1.764,1.452,170000000.0,100000000.0,70000000.0,170000000.0,0.0,13900000.0,0.0,0.014,0.038,-49600000.0,-35700000.0,-0.091,-35700000.0,-49600000.0,-58200000.0,-0.585,-0.585,-0.585,362600000.0,373575000.0,362600000.0,109553306.0,-2.0,-3.069,33600000.0,0.413,1.0,-1200000.0,-0.003,0.0,8600000.0,702300000.0,676100000.0,176100000.0,46300000.0,0.0,46300000.0,526600000.0,214800000.0,311800000.0,223353306.0,86600000.0,-9000000.0,0.0,35000000.0,-3100000.0,77300000.0,-1500000.0,0.0,35600000.0,0.0,-47500000.0,-47500000.0,-47500000.0,15300000.0,0.0,-0.121,24300000.0,-25500000.0,105900000.0,-0.065,0.616,-4.702,-4.701,396600000.0,0.0,2.75,0.571,0.571,12100000.0,463900000.0,391500000.0,391500000.0,0.0,-0.058,-0.127,-0.073,-0.127,0.0,16400000.0,1.0,81219384.0,81320000,81320000.0,4.814,889200000.0,28100000.0,-10700000.0,0.0,10.935,164000000.0
78,CLF,MRT,2001-12-31,2001-12-31,2001-12-31,2021-07-28,-1000000.0,825000000.0,791850000.0,362700000.0,462300000.0,0.459,4.644,-3200000.0,183800000.0,183800000.0,358700000.0,-22900000.0,1.911,1.135,170000000.0,100000000.0,70000000.0,170000000.0,0.0,12600000.0,0.0,0.022,0.05,-23300000.0,-10700000.0,-0.029,-10700000.0,-23300000.0,-32100000.0,-0.284,-0.284,-0.284,374200000.0,380800000.0,374200000.0,254426215.0,-11.0,-23.778,25700000.0,0.319,1.0,4400000.0,0.012,1400000.0,8800000.0,620000000.0,673425000.0,113800000.0,135000000.0,0.0,135000000.0,424900000.0,189800000.0,235100000.0,185626215.0,153900000.0,-3000000.0,0.0,100000000.0,-4100000.0,145900000.0,100000.0,0.0,28900000.0,0.0,-22900000.0,-22900000.0,-22900000.0,12700000.0,0.0,-0.063,24300000.0,-19900000.0,30100000.0,-0.176,0.496,-8.106,-8.055,260300000.0,0.0,2.288,0.511,0.508,32000000.0,476700000.0,363100000.0,363100000.0,0.0,-0.029,-0.06,-0.035,-0.064,0.0,15200000.0,1.0,81148072.0,80584000,80584000.0,4.506,823600000.0,20900000.0,-9200000.0,8100000.0,10.22,172900000.0
79,CLF,MRT,2001-09-30,2001-09-30,2001-09-30,2021-07-28,0.0,795300000.0,767550000.0,329600000.0,465700000.0,0.463,4.708,-18700000.0,101200000.0,101200000.0,354900000.0,-12800000.0,1.705,1.082,170000000.0,100000000.0,70000000.0,170000000.0,0.0,24200000.0,0.0,0.047,0.084,-18700000.0,5500000.0,0.015,5500000.0,-18700000.0,-27300000.0,-0.158,-0.159,-0.158,381900000.0,387750000.0,381900000.0,260560827.0,-14.0,47.375,-45100000.0,-0.556,1.0,100000.0,0.0,0.0,8600000.0,670800000.0,684850000.0,150600000.0,134900000.0,0.0,134900000.0,413400000.0,193300000.0,220100000.0,146060827.0,51600000.0,11300000.0,-3800000.0,100000000.0,-6900000.0,96300000.0,2000000.0,0.0,-26400000.0,0.0,-12800000.0,-12800000.0,-12800000.0,8600000.0,0.0,-0.036,16800000.0,-16700000.0,93300000.0,-0.532,0.382,-11.411,-11.392,264300000.0,0.0,1.8,0.411,0.411,42400000.0,483500000.0,355000000.0,355000000.0,0.0,-0.017,-0.033,-0.027,-0.053,0.0,16400000.0,1.0,81144904.0,81112000,81112000.0,4.377,795300000.0,0.0,-14500000.0,0.0,9.805,136300000.0
80,CLF,MRT,2001-06-30,2001-06-30,2001-06-30,2021-07-28,0.0,781200000.0,740250000.0,314300000.0,466900000.0,0.515,4.64,-18200000.0,55500000.0,55500000.0,365000000.0,-4800000.0,1.704,1.08,170000000.0,100000000.0,70000000.0,170000000.0,0.0,14200000.0,0.0,0.051,0.119,-10700000.0,3500000.0,0.009,3500000.0,-10700000.0,-17700000.0,-0.063,-0.064,-0.063,375600000.0,393450000.0,375600000.0,267324432.0,-25.0,76.378,-40400000.0,-0.499,1.0,16200000.0,0.042,0.0,7000000.0,711300000.0,672400000.0,175700000.0,132400000.0,0.0,132400000.0,405600000.0,184400000.0,221200000.0,187824432.0,32000000.0,7500000.0,-10100000.0,100000000.0,-9800000.0,86600000.0,-12100000.0,0.0,-22200000.0,0.0,-4800000.0,-4800000.0,-4800000.0,8600000.0,0.0,-0.013,22600000.0,-6400000.0,84400000.0,-1.889,0.5,-39.13,-36.706,273200000.0,0.0,2.312,0.493,0.491,46000000.0,476900000.0,381200000.0,381200000.0,0.0,-0.006,-0.012,-0.016,-0.028,0.0,18400000.0,1.0,81221376.0,80944000,80944000.0,4.709,781200000.0,0.0,-12900000.0,0.0,9.651,129900000.0
81,CLF,MRT,2001-03-31,2001-03-31,2001-03-31,2021-07-28,0.0,765900000.0,715875000.0,292700000.0,473200000.0,0.61,4.843,-17300000.0,55500000.0,55500000.0,370000000.0,21300000.0,1.903,0.956,135000000.0,65000000.0,70000000.0,135000000.0,0.0,13400000.0,0.0,0.068,0.153,26300000.0,39700000.0,0.091,39700000.0,26300000.0,20500000.0,0.255,0.254,0.255,391500000.0,401325000.0,391500000.0,222418328.0,8.0,5.602,200000.0,0.002,1.0,66800000.0,0.153,0.0,5800000.0,691600000.0,657150000.0,183200000.0,135200000.0,0.0,135200000.0,374400000.0,153800000.0,220600000.0,182318328.0,20200000.0,4100000.0,-15600000.0,65000000.0,-12700000.0,41900000.0,-18900000.0,0.0,17500000.0,0.0,21300000.0,21300000.0,21300000.0,8600000.0,0.0,0.049,25700000.0,41100000.0,88800000.0,0.6,0.466,8.56,8.824,276200000.0,0.0,2.25,0.417,0.416,23600000.0,493100000.0,436800000.0,436800000.0,0.0,0.03,0.053,0.04,0.06,0.0,18100000.0,1.0,81030368.0,80832000,80832000.0,5.404,765900000.0,0.0,-800000.0,0.0,9.475,138900000.0
82,CLF,MRT,2000-12-31,2000-12-31,2000-12-31,2021-07-28,0.0,727800000.0,690225000.0,248000000.0,479800000.0,0.639,4.835,-12700000.0,29900000.0,29900000.0,366000000.0,18100000.0,2.427,0.751,70000000.0,0.0,70000000.0,70000000.0,0.0,12700000.0,0.0,0.07,0.188,26200000.0,38900000.0,0.088,38900000.0,26200000.0,21300000.0,0.217,0.216,0.217,402000000.0,403375000.0,402000000.0,242303195.0,9.0,6.229,18900000.0,0.227,1.0,74800000.0,0.17,0.0,4900000.0,665700000.0,642350000.0,113200000.0,138400000.0,0.0,138400000.0,301900000.0,102200000.0,199700000.0,221903195.0,-37700000.0,0.0,-15600000.0,0.0,-15700000.0,-31300000.0,-17700000.0,0.0,31600000.0,0.0,18100000.0,18100000.0,18100000.0,8600000.0,0.0,0.041,29100000.0,45700000.0,35100000.0,0.866,0.552,12.26,12.419,272700000.0,0.0,2.695,0.503,0.508,64800000.0,503700000.0,440800000.0,440800000.0,0.0,0.026,0.045,0.041,0.059,0.0,18700000.0,1.0,82338848.0,83144000,83512000.0,5.302,727800000.0,27300000.0,3200000.0,16100000.0,8.753,145800000.0
83,CLF,MRT,2000-09-30,2000-09-30,2000-09-30,2021-07-28,0.0,686100000.0,678200000.0,231100000.0,455000000.0,0.734,4.887,12200000.0,49600000.0,49600000.0,418400000.0,18800000.0,2.703,0.695,70000000.0,0.0,70000000.0,70000000.0,0.0,-7200000.0,0.0,0.066,0.188,30000000.0,22800000.0,0.046,22800000.0,30000000.0,25000000.0,0.221,0.221,0.221,404700000.0,404700000.0,404700000.0,286794157.0,10.0,12.579,96400000.0,1.164,1.0,79300000.0,0.159,0.0,5000000.0,621000000.0,628025000.0,88600000.0,224700000.0,0.0,224700000.0,281400000.0,85500000.0,195900000.0,240294157.0,16500000.0,-15200000.0,-23800000.0,0.0,-16000000.0,-39800000.0,-27900000.0,0.0,84200000.0,0.0,18800000.0,18800000.0,18800000.0,0.0,0.0,0.038,44900000.0,34400000.0,0.0,0.851,0.594,12.782,12.941,150100000.0,0.0,2.86,0.483,0.476,71800000.0,503200000.0,497700000.0,497700000.0,0.0,0.028,0.046,0.048,0.06,0.0,19100000.0,1.0,84018936.0,82816000,83128000.0,6.01,686100000.0,0.0,6200000.0,0.0,8.285,145600000.0
84,CLF,MRT,2000-06-30,2000-06-30,2000-06-30,2021-07-28,0.0,683700000.0,678825000.0,228700000.0,455000000.0,0.644,4.826,10300000.0,23500000.0,23500000.0,386100000.0,1800000.0,2.862,0.679,70000000.0,0.0,70000000.0,70000000.0,0.0,1900000.0,0.0,0.058,0.188,6700000.0,8600000.0,0.02,8600000.0,6700000.0,1700000.0,0.026,0.026,0.026,407100000.0,408200000.0,407100000.0,311248885.0,46.0,36.192,76700000.0,0.909,1.0,50900000.0,0.116,0.0,5000000.0,650300000.0,634875000.0,106400000.0,226600000.0,0.0,226600000.0,276600000.0,79900000.0,196700000.0,276548885.0,-200000.0,-17000000.0,-22700000.0,0.0,-16300000.0,-39000000.0,-27600000.0,0.0,66400000.0,0.0,1800000.0,1800000.0,1800000.0,0.0,0.0,0.004,38500000.0,12400000.0,0.0,7.231,0.679,153.638,124.087,150000000.0,0.0,3.226,0.633,0.623,67100000.0,500800000.0,437000000.0,437000000.0,0.0,0.003,0.004,0.011,0.015,0.0,16500000.0,1.0,85718368.0,84360000,84744000.0,5.18,683700000.0,0.0,-100000.0,0.0,8.105,148800000.0
85,CLF,MRT,2000-03-31,2000-03-31,2000-03-31,2021-07-28,-5500000.0,663300000.0,686725000.0,207100000.0,456200000.0,0.557,4.686,4700000.0,35300000.0,35300000.0,347500000.0,-1400000.0,3.157,0.659,70000000.0,0.0,70000000.0,70000000.0,0.0,1000000.0,0.0,0.064,0.188,1200000.0,2200000.0,0.006,2200000.0,1200000.0,-3700000.0,-0.016,-0.016,-0.016,399700000.0,416350000.0,399700000.0,254431814.0,212.0,115.651,35900000.0,0.421,1.0,34900000.0,0.091,0.0,4900000.0,632400000.0,642800000.0,117700000.0,230000000.0,0.0,230000000.0,263600000.0,65600000.0,198000000.0,252031814.0,-31600000.0,-13600000.0,-17200000.0,0.0,-16500000.0,-33700000.0,-29100000.0,0.0,31200000.0,0.0,-1400000.0,-1400000.0,-1400000.0,0.0,0.0,-0.004,34800000.0,100000.0,0.0,-11.75,0.631,-180.023,-184.609,151600000.0,0.0,2.954,0.659,0.659,37700000.0,493800000.0,382400000.0,382400000.0,0.0,-0.002,-0.003,0.002,0.003,0.0,15800000.0,1.0,85326048.0,85304000,85304000.0,4.483,663300000.0,0.0,-2300000.0,0.0,7.776,141500000.0
86,CLF,MRT,1999-12-31,1999-12-31,1999-12-31,2021-07-28,-5200000.0,679700000.0,697700000.0,217100000.0,462600000.0,0.532,4.587,0.0,67600000.0,67600000.0,329300000.0,4800000.0,2.946,0.669,70000000.0,0.0,70000000.0,70000000.0,0.0,0.0,0.0,0.048,0.188,8400000.0,8400000.0,0.023,8400000.0,8400000.0,4700000.0,0.054,0.054,0.054,407300000.0,425225000.0,407300000.0,380990754.0,45.0,45.356,3600000.0,0.041,1.0,41700000.0,0.112,0.0,3700000.0,608400000.0,643125000.0,52600000.0,233400000.0,0.0,233400000.0,272400000.0,73700000.0,198700000.0,344090754.0,-62700000.0,-12500000.0,-17200000.0,0.0,-16700000.0,-33900000.0,-32400000.0,0.0,3600000.0,0.0,4800000.0,4800000.0,4800000.0,0.0,0.0,0.013,33300000.0,8400000.0,29100000.0,3.481,0.845,71.686,72.06,153900000.0,0.0,3.891,0.927,0.931,82600000.0,501300000.0,371000000.0,371000000.0,0.0,0.007,0.011,0.013,0.023,0.0,16100000.0,1.0,88426792.0,88800000,88800000.0,4.178,679700000.0,7700000.0,-100000.0,9800000.0,7.654,143400000.0
87,CLF,MRT,1999-09-30,1999-09-30,1999-09-30,2021-07-28,-4500000.0,688600000.0,708725000.0,223100000.0,465500000.0,0.519,4.71,-17900000.0,33100000.0,33100000.0,311900000.0,19700000.0,2.894,0.645,70000000.0,0.0,70000000.0,70000000.0,0.0,8600000.0,0.0,0.048,0.188,21300000.0,29900000.0,0.081,29900000.0,21300000.0,18900000.0,0.219,0.217,0.219,418700000.0,432800000.0,418700000.0,395505476.0,19.0,13.228,-40000000.0,-0.45,1.0,55800000.0,0.152,0.0,2400000.0,648400000.0,635875000.0,126600000.0,229200000.0,0.0,229200000.0,269900000.0,77100000.0,192800000.0,349205476.0,-82400000.0,-17500000.0,-5200000.0,0.0,-16800000.0,-22000000.0,-38300000.0,0.0,-22100000.0,0.0,19700000.0,19700000.0,19700000.0,0.0,0.0,0.054,28700000.0,27100000.0,0.0,0.858,0.834,17.726,17.768,154100000.0,0.0,3.891,0.95,0.941,47000000.0,500400000.0,367700000.0,367700000.0,0.0,0.028,0.046,0.033,0.058,0.0,16900000.0,1.0,89741208.0,88896000,88896000.0,4.136,688600000.0,10500000.0,-800000.0,0.0,7.746,146000000.0
88,CLF,MRT,1999-06-30,1999-06-30,1999-06-30,2021-07-28,-3900000.0,715300000.0,712225000.0,248000000.0,467300000.0,0.635,4.906,-28700000.0,23700000.0,23700000.0,352500000.0,50500000.0,3.116,0.627,70000000.0,0.0,70000000.0,70000000.0,0.0,7900000.0,0.0,0.046,0.188,63900000.0,71800000.0,0.159,71800000.0,63900000.0,62600000.0,0.564,0.56,0.564,439700000.0,433300000.0,439700000.0,366071187.0,6.0,5.098,-3000000.0,-0.033,1.0,99600000.0,0.22,0.0,1300000.0,682000000.0,616300000.0,158600000.0,231300000.0,0.0,231300000.0,275600000.0,79600000.0,196000000.0,362971187.0,-48000000.0,-11900000.0,-8300000.0,0.0,-16700000.0,-25000000.0,-48700000.0,0.0,25700000.0,0.0,50500000.0,50500000.0,50500000.0,0.0,0.0,0.112,32300000.0,67300000.0,0.0,0.333,0.825,7.188,7.176,155500000.0,0.0,4.048,0.803,0.802,54100000.0,515300000.0,452100000.0,452100000.0,0.0,0.071,0.117,0.104,0.141,0.0,17000000.0,1.0,89677872.0,89616000,90008000.0,5.045,715300000.0,5100000.0,12100000.0,0.0,7.982,168400000.0
89,CLF,MRT,1999-03-31,1999-03-31,1999-03-31,2021-07-28,-4500000.0,707200000.0,706050000.0,242000000.0,465200000.0,0.726,4.872,-27700000.0,66900000.0,66900000.0,402200000.0,59600000.0,3.159,0.625,70000000.0,0.0,70000000.0,70000000.0,0.0,7800000.0,0.0,0.044,0.188,75000000.0,82800000.0,0.162,82800000.0,75000000.0,74800000.0,0.662,0.657,0.662,435200000.0,427375000.0,435200000.0,321503540.0,4.0,3.883,58200000.0,0.652,1.0,110200000.0,0.215,0.0,200000.0,633700000.0,598525000.0,141600000.0,235300000.0,0.0,235300000.0,272000000.0,76600000.0,195400000.0,381803540.0,8300000.0,-16800000.0,-10300000.0,0.0,-16800000.0,-27100000.0,-50500000.0,0.0,85900000.0,0.0,59600000.0,59600000.0,59600000.0,0.0,0.0,0.116,34100000.0,76100000.0,0.0,0.284,0.877,6.406,6.431,153400000.0,0.0,4.258,0.745,0.742,21000000.0,511700000.0,512400000.0,512400000.0,0.0,0.084,0.139,0.125,0.146,0.0,17700000.0,1.0,89677872.0,89328000,89728000.0,5.736,707200000.0,5100000.0,15200000.0,0.0,7.917,165400000.0
90,CLF,MRT,1998-12-31,1998-12-31,1998-12-31,2021-07-28,-4300000.0,723800000.0,697900000.0,260200000.0,463600000.0,0.753,4.884,-24500000.0,130300000.0,130300000.0,419600000.0,57400000.0,3.094,0.654,70000000.0,0.0,70000000.0,70000000.0,0.0,7800000.0,0.0,0.036,0.181,72200000.0,80000000.0,0.152,80000000.0,72200000.0,71800000.0,0.637,0.632,0.637,437600000.0,420050000.0,437600000.0,403894140.0,6.0,5.049,67600000.0,0.754,1.0,105900000.0,0.202,0.0,400000.0,579400000.0,593550000.0,59600000.0,235400000.0,0.0,235400000.0,286200000.0,84100000.0,202100000.0,449394140.0,14400000.0,-19700000.0,-11500000.0,0.0,-16300000.0,-27800000.0,-49900000.0,0.0,92100000.0,0.0,57400000.0,57400000.0,57400000.0,0.0,0.0,0.109,33700000.0,72200000.0,38300000.0,0.284,1.027,7.829,7.91,150000000.0,0.0,5.039,0.855,0.859,59100000.0,513200000.0,525500000.0,525500000.0,0.0,0.082,0.137,0.122,0.137,0.0,18700000.0,1.0,89187624.0,89600000,90400000.0,5.865,723800000.0,0.0,14400000.0,10300000.0,8.078,176100000.0
91,CLF,MRT,1998-09-30,1998-09-30,1998-09-30,2021-07-28,-4100000.0,702600000.0,690525000.0,254100000.0,448500000.0,0.762,4.692,-21900000.0,115500000.0,115500000.0,418300000.0,55400000.0,2.921,0.67,70000000.0,0.0,70000000.0,70000000.0,0.0,7900000.0,0.0,0.036,0.175,77100000.0,85000000.0,0.162,85000000.0,77100000.0,76300000.0,0.613,0.607,0.613,420700000.0,412500000.0,420700000.0,439988533.0,6.0,5.176,89300000.0,0.996,1.0,107800000.0,0.205,0.0,800000.0,570100000.0,587850000.0,54700000.0,225800000.0,0.0,225800000.0,281900000.0,87000000.0,194900000.0,441688533.0,29100000.0,-53100000.0,-14700000.0,0.0,-15800000.0,-30500000.0,-51500000.0,0.0,111200000.0,-100000.0,55400000.0,55400000.0,55400000.0,0.0,0.0,0.105,29200000.0,78600000.0,0.0,0.285,1.05,7.973,7.953,146000000.0,0.0,4.875,0.84,0.831,68900000.0,497500000.0,526100000.0,526100000.0,0.0,0.08,0.134,0.131,0.147,0.0,17500000.0,1.0,90602776.0,89656000,90112000.0,5.868,702600000.0,7700000.0,20900000.0,0.0,7.837,167100000.0
92,CLF,MRT,1998-06-30,1998-06-30,1998-06-30,2021-07-28,-2200000.0,690600000.0,,249000000.0,441600000.0,,4.591,-15200000.0,71700000.0,71700000.0,395500000.0,56400000.0,3.192,0.66,70000000.0,0.0,70000000.0,70000000.0,0.0,7500000.0,0.0,0.031,0.209,73400000.0,80900000.0,0.162,80900000.0,73400000.0,72200000.0,0.62,0.616,0.62,416000000.0,,416000000.0,620296518.0,8.0,7.667,73300000.0,0.809,1.0,103300000.0,0.207,0.0,1200000.0,610900000.0,,87500000.0,225900000.0,0.0,225900000.0,274600000.0,78000000.0,196600000.0,608896518.0,10200000.0,-53100000.0,-6400000.0,0.0,-15400000.0,-21800000.0,-56200000.0,0.0,88500000.0,-300000.0,56400000.0,56400000.0,56400000.0,0.0,0.0,0.113,28400000.0,74900000.0,0.0,0.337,1.464,10.796,10.812,134600000.0,0.0,6.704,1.221,1.218,73200000.0,481500000.0,498800000.0,498800000.0,0.0,,,,0.147,0.0,19500000.0,1.0,90829240.0,90608000,91384000.0,5.505,690600000.0,10700000.0,15800000.0,0.0,7.622,171000000.0
93,CLF,MRT,1998-03-31,1998-03-31,1998-03-31,2021-07-28,-300000.0,674600000.0,,236900000.0,437700000.0,,4.481,-13300000.0,58600000.0,58600000.0,364200000.0,52400000.0,3.281,0.662,70000000.0,0.0,70000000.0,70000000.0,0.0,7100000.0,0.0,0.03,0.203,70800000.0,77900000.0,0.168,77900000.0,70800000.0,68900000.0,0.576,0.573,0.576,405900000.0,,405900000.0,564793095.0,8.0,7.25,22300000.0,0.246,1.0,98600000.0,0.213,0.0,1900000.0,613800000.0,,118700000.0,222300000.0,0.0,222300000.0,268700000.0,72200000.0,196500000.0,610693095.0,-53300000.0,-63200000.0,-4400000.0,0.0,-14800000.0,-19200000.0,-69600000.0,-2000000.0,35600000.0,-100000.0,52400000.0,52400000.0,52400000.0,0.0,0.0,0.113,26300000.0,72300000.0,0.0,0.352,1.505,11.654,11.664,132600000.0,0.0,6.719,1.32,1.315,45200000.0,468900000.0,462800000.0,462800000.0,0.0,,,,0.153,0.0,18100000.0,1.0,90893856.0,90584000,91224000.0,5.109,674600000.0,7900000.0,16500000.0,0.0,7.447,164700000.0
94,CLF,MRT,1997-12-31,1997-12-31,1997-12-31,2021-07-28,-2000000.0,694300000.0,684000000.0,265800000.0,428500000.0,0.667,4.467,-14100000.0,115900000.0,115900000.0,354900000.0,54900000.0,2.895,0.704,70000000.0,0.0,70000000.0,70000000.0,0.0,6700000.0,0.0,0.035,0.203,75200000.0,81900000.0,0.18,81900000.0,75200000.0,72600000.0,0.604,0.6,0.604,407400000.0,389000000.0,407400000.0,,,,28200000.0,0.309,1.0,101200000.0,0.222,0.0,2600000.0,556600000.0,514700000.0,61400000.0,218300000.0,0.0,218300000.0,286900000.0,91800000.0,195100000.0,520480943.0,-49500000.0,-57300000.0,-4900000.0,0.0,-14800000.0,-19700000.0,-72000000.0,0.0,42300000.0,-100000.0,54900000.0,54900000.0,54900000.0,0.0,0.0,0.12,24500000.0,76700000.0,36000000.0,0.336,1.278,9.481,9.481,134000000.0,0.0,5.726,1.141,1.145,73400000.0,472100000.0,456100000.0,456100000.0,0.0,0.08,0.141,0.146,0.165,0.0,17100000.0,1.0,90893856.0,91200000,92000000.0,5.001,694300000.0,7500000.0,17700000.0,10500000.0,7.613,174000000.0
95,CLF,MRT,1997-09-30,1997-09-30,1997-09-30,2021-07-28,,,,,,,,,,,,,,,,,,,,,,0.037,0.203,,,,,,,,,,,,,,,,,,1.0,,,,,,,,,,,,,,,,,,,,,,,,,,,,,,,,,,,,,,,,5.454,,,,,,,,,,,,,,1.0,,91032000,,,,,,,,
96,CLF,MRT,1997-06-30,1997-06-30,1997-06-30,2021-07-28,,,,,,,,,,,,,,,,,,,,,,0.032,0.163,,,,,,,,,,,,,,,,,,1.0,,,,,,,,,,,,,,,,,,,,,,,,,,,,,,,,,,,,,,,,5.094,,,,,,,,,,,,,,1.0,,90968000,,,,,,,,
97,CLF,MRT,1997-03-31,1997-03-31,1997-03-31,2021-07-28,,,,,,,,,,,,,,,,,,,,,,0.031,0.163,,,,,,,,,,,,,,,,,,1.0,,,,,,,,,,,,,,,,,,,,,,,,,,,,,,,,,,,,,,,,5.281,,,,,,,,,,,,,,1.0,,91000000,,,,,,,,
98,CLF,MRT,1996-12-31,1996-12-31,1996-12-31,2021-07-28,-900000.0,673700000.0,,300800000.0,372900000.0,,3.994,-16500000.0,165400000.0,165400000.0,392900000.0,61000000.0,2.851,0.818,70000000.0,0.0,70000000.0,70000000.0,0.0,6600000.0,0.0,0.029,0.163,100100000.0,106700000.0,0.206,106700000.0,100100000.0,95500000.0,0.657,0.654,0.657,370600000.0,,370600000.0,,,,71100000.0,0.766,1.0,125200000.0,0.242,0.0,4600000.0,472800000.0,,45000000.0,176700000.0,4000000.0,172700000.0,303100000.0,105500000.0,197600000.0,,16600000.0,-14100000.0,-19500000.0,-3900000.0,-15100000.0,-38500000.0,-32300000.0,0.0,87600000.0,-200000.0,61000000.0,61000000.0,61000000.0,0.0,0.0,0.118,25100000.0,100100000.0,31500000.0,0.248,,,8.634,127700000.0,0.0,5.673,,1.016,70200000.0,432000000.0,518100000.0,518100000.0,0.0,,,,0.193,0.0,16700000.0,1.0,,92800000,93600000.0,5.583,673700000.0,16300000.0,34500000.0,15700000.0,7.26,195300000.0
99,CLF,MRT,1995-12-31,1995-12-31,1995-12-31,2021-07-28,,,,,,,,-16600000.0,,,356400000.0,57800000.0,,,,,,,,6100000.0,,0.032,0.163,75000000.0,81100000.0,0.171,81100000.0,75000000.0,68500000.0,0.605,0.605,0.605,,,,,,,49500000.0,0.52,1.0,116700000.0,0.247,,6500000.0,,,,,,,,,,,7400000.0,0.0,-10800000.0,-5000000.0,-15500000.0,-40000000.0,-18100000.0,8800000.0,66100000.0,-600000.0,57800000.0,57800000.0,57800000.0,0.0,0.0,0.122,38600000.0,78100000.0,,0.269,,,8.471,,0.0,5.125,,1.031,,,473100000.0,473100000.0,0.0,,,,0.159,0.0,15100000.0,1.0,,95200000,96000000.0,4.97,,,10700000.0,,,
