None,ticker,dimension,calendardate,datekey,reportperiod,lastupdated,accoci,assets,assetsavg,assetsc,assetsnc,assetturnover,bvps,capex,cashneq,cashnequsd,cor,consolinc,currentratio,de,debt,debtc,debtnc,debtusd,deferredrev,depamor,deposits,divyield,dps,ebit,ebitda,ebitdamargin,ebitdausd,ebitusd,ebt,eps,epsdil,epsusd,equity,equityavg,equityusd,ev,evebit,evebitda,fcf,fcfps,fxusd,gp,grossmargin,intangibles,intexp,invcap,invcapavg,inventory,investments,investmentsc,investmentsnc,liabilities,liabilitiesc,liabilitiesnc,marketcap,ncf,ncfbus,ncfcommon,ncfdebt,ncfdiv,ncff,ncfi,ncfinv,ncfo,ncfx,netinc,netinccmn,netinccmnusd,netincdis,netincnci,netmargin,opex,opinc,payables,payoutratio,pb,pe,pe1,ppnenet,prefdivis,price,ps,ps1,receivables,retearn,revenue,revenueusd,rnd,roa,roe,roic,ros,sbcomp,sgna,sharefactor,sharesbas,shareswa,shareswadil,sps,tangibles,taxassets,taxexp,taxliabilities,tbvps,workingcapital
0,DLTR,MRY,2020-12-31,2021-01-30,2021-01-30,2021-08-26,0.0,20696000000.0,20622750000.0,5050800000.0,15645200000.0,1.237,30.976,-889700000.0,1463600000.0,1463600000.0,17721000000.0,1341900000.0,1.354,1.841,9639900000.0,1348200000.0,8291700000.0,9639900000.0,0.0,686600000.0,0.0,0.0,0.0,1887100000.0,2573700000.0,0.101,2573700000.0,1887100000.0,1739800000.0,5.68,5.65,5.68,7285300000.0,6895150000.0,7285300000.0,32528334172.0,17.0,12.639,1826600000.0,7.766,1.0,7788300000.0,0.305,5084400000.0,147300000.0,20057600000.0,19878325000.0,3427000000.0,0.0,0.0,0.0,13410700000.0,3730300000.0,9680400000.0,23909634172.0,877600000.0,0.0,-383000000.0,-550000000.0,0.0,-949900000.0,-889700000.0,0.0,2716300000.0,900000.0,1341900000.0,1341900000.0,1341900000.0,0.0,0.0,0.053,5900400000.0,1887900000.0,1480500000.0,0.0,3.282,17.818,17.898,10440400000.0,0.0,101.66,0.937,0.937,0.0,5179700000.0,25509300000.0,25509300000.0,0.0,0.065,0.195,0.095,0.074,83900000.0,5900400000.0,1.0,235192152.0,235192152,,108.462,15611600000.0,23200000.0,397900000.0,1122400000.0,66.378,1320500000.0
1,DLTR,MRY,2019-12-31,2020-02-01,2020-02-01,2021-08-26,-39800000.0,19574600000.0,19541200000.0,4269400000.0,15305200000.0,1.208,26.429,-1036700000.0,586000000.0,586000000.0,16570100000.0,827000000.0,1.204,2.13,10031000000.0,1529300000.0,8501700000.0,10031000000.0,0.0,645400000.0,0.0,0.0,0.0,1260800000.0,1906200000.0,0.081,1906200000.0,1260800000.0,1098700000.0,3.49,3.47,3.49,6254800000.0,5999425000.0,6254800000.0,30234686983.0,24.0,15.861,833100000.0,3.52,1.0,7040700000.0,0.298,5083300000.0,162100000.0,20389800000.0,19837825000.0,3522000000.0,0.0,0.0,0.0,13319800000.0,3546500000.0,9773300000.0,20606186983.0,139300000.0,0.0,-184800000.0,-500000000.0,0.0,-709800000.0,-1020200000.0,0.0,1869800000.0,-500000.0,827000000.0,827000000.0,827000000.0,0.0,0.0,0.035,5778500000.0,1262200000.0,1336500000.0,0.0,3.294,24.917,24.948,10106800000.0,0.0,87.07,0.873,0.873,0.0,3837800000.0,23610800000.0,23610800000.0,0.0,0.042,0.138,0.064,0.053,61400000.0,5778500000.0,1.0,236662306.0,236662306,,99.766,14491300000.0,24400000.0,271700000.0,1076300000.0,61.232,722900000.0
2,DLTR,MRY,2018-12-31,2019-02-02,2019-02-02,2021-08-26,-38300000.0,13501200000.0,15520300000.0,4293300000.0,9207900000.0,1.471,23.713,-816700000.0,446700000.0,446700000.0,15875800000.0,-1590800000.0,2.049,1.393,4265300000.0,0.0,4265300000.0,4265300000.0,0.0,621100000.0,0.0,0.0,0.0,-939000000.0,-317900000.0,-0.014,-317900000.0,-939000000.0,-1309000000.0,-6.69,-6.69,-6.69,5642900000.0,7147300000.0,5642900000.0,27344815529.0,-29.0,-86.017,949300000.0,3.989,1.0,6947500000.0,0.304,5685300000.0,370000000.0,9538800000.0,10019425000.0,3536000000.0,0.0,0.0,0.0,7858300000.0,2095700000.0,5762600000.0,23009315529.0,-651100000.0,0.0,17500000.0,-1594200000.0,0.0,-1599900000.0,-816700000.0,0.0,1766000000.0,-500000.0,-1590800000.0,-1590800000.0,-1590800000.0,0.0,0.0,-0.07,7887000000.0,-939500000.0,1416400000.0,0.0,4.078,-14.464,-14.453,3445300000.0,0.0,96.69,1.008,1.008,0.0,3076100000.0,22823300000.0,22823300000.0,0.0,-0.102,-0.223,-0.094,-0.041,63100000.0,7887000000.0,1.0,237969961.0,237969961,,95.908,7815900000.0,0.0,281800000.0,1068600000.0,32.844,2197600000.0
3,DLTR,MRY,2017-12-31,2018-02-03,2018-02-03,2021-08-26,-32300000.0,16332800000.0,15897500000.0,4576300000.0,11756500000.0,1.399,30.293,-631900000.0,1097800000.0,1097800000.0,15223600000.0,1714300000.0,1.601,1.274,5678000000.0,915900000.0,4762100000.0,5678000000.0,0.0,611200000.0,0.0,0.0,0.0,2005800000.0,2617000000.0,0.118,2617000000.0,2005800000.0,1704000000.0,7.24,7.21,7.24,7182300000.0,6192000000.0,7182300000.0,31126013836.0,16.0,11.894,878300000.0,3.704,1.0,7021900000.0,0.316,8500500000.0,301800000.0,9553400000.0,10082500000.0,3169300000.0,0.0,0.0,0.0,9150500000.0,2859100000.0,6291400000.0,25803213836.0,231400000.0,0.0,35000000.0,-659100000.0,0.0,-651500000.0,-627900000.0,4000000.0,1510200000.0,600000.0,1714300000.0,1714300000.0,1714300000.0,0.0,0.0,0.077,5022800000.0,1999100000.0,1174800000.0,0.0,3.593,15.052,15.032,3200700000.0,0.0,108.83,1.16,1.16,0.0,4666900000.0,22245500000.0,22245500000.0,0.0,0.108,0.277,0.199,0.09,65700000.0,5022800000.0,1.0,237096516.0,237096516,,93.825,7832300000.0,0.0,-10300000.0,1060500000.0,33.034,1717200000.0
4,DLTR,MRY,2016-12-31,2017-01-28,2017-01-28,2021-08-26,-37600000.0,15701600000.0,16071725000.0,3938000000.0,11763600000.0,1.289,22.83,-565600000.0,866400000.0,866400000.0,14324500000.0,896200000.0,1.87,1.913,6321800000.0,152100000.0,6169700000.0,6321800000.0,0.0,637500000.0,0.0,0.0,0.0,1704900000.0,2342400000.0,0.113,2342400000.0,1704900000.0,1329400000.0,3.8,3.78,3.8,5389500000.0,4990925000.0,5389500000.0,23831088429.0,14.0,10.174,1107700000.0,4.692,1.0,6394700000.0,0.309,8597200000.0,375500000.0,10453900000.0,11422550000.0,2865800000.0,4000000.0,4000000.0,0.0,10312100000.0,2105900000.0,8206200000.0,17481088429.0,130300000.0,0.0,41500000.0,-1079800000.0,0.0,-1060500000.0,-483600000.0,82000000.0,1673300000.0,1100000.0,896200000.0,896200000.0,896200000.0,0.0,0.0,0.043,4689900000.0,1704800000.0,1119600000.0,0.0,3.244,19.506,19.487,3115800000.0,0.0,74.05,0.844,0.844,0.0,2952600000.0,20719200000.0,20719200000.0,0.0,0.056,0.18,0.149,0.082,61600000.0,4689900000.0,1.0,236071417.0,236071417,,87.767,7104400000.0,0.0,433200000.0,1620100000.0,30.094,1832100000.0
5,DLTR,MRY,2015-12-31,2016-01-30,2016-01-30,2021-08-26,-43100000.0,15901200000.0,15008625000.0,3935900000.0,11965300000.0,1.033,18.769,-480000000.0,736100000.0,736100000.0,10841700000.0,282400000.0,1.878,2.608,7346400000.0,108000000.0,7238400000.0,7346400000.0,0.0,487600000.0,0.0,0.0,0.0,1047600000.0,1535200000.0,0.099,1535200000.0,1047600000.0,448200000.0,1.27,1.26,1.27,4406900000.0,3616725000.0,4406900000.0,26330206410.0,25.0,17.151,322500000.0,1.374,1.0,4656700000.0,0.3,8127500000.0,599400000.0,12288600000.0,12193375000.0,2885500000.0,4000000.0,4000000.0,0.0,11494300000.0,2095400000.0,9398900000.0,19093606410.0,-128000000.0,-6527700000.0,13900000.0,6043700000.0,0.0,6048800000.0,-6978400000.0,29300000.0,802500000.0,-900000.0,282400000.0,282400000.0,282400000.0,0.0,0.0,0.018,3607000000.0,1049700000.0,1251900000.0,0.0,4.333,67.612,64.031,3125500000.0,0.0,81.32,1.232,1.232,0.0,2056400000.0,15498400000.0,15498400000.0,0.0,0.019,0.078,0.086,0.068,53200000.0,3607000000.0,1.0,234795947.0,234795947,,66.008,7773700000.0,0.0,165800000.0,1670900000.0,33.108,1840500000.0
6,DLTR,MRY,2014-12-31,2015-01-31,2015-01-31,2021-08-26,-34100000.0,3492700000.0,3236050000.0,1994600000.0,1498100000.0,2.658,8.68,-324000000.0,864100000.0,864100000.0,5568200000.0,599200000.0,2.315,0.957,682700000.0,0.0,682700000.0,682700000.0,0.0,205900000.0,0.0,0.0,0.0,1034300000.0,1240200000.0,0.144,1240200000.0,1034300000.0,954200000.0,2.91,2.9,2.91,1785000000.0,1534000000.0,1785000000.0,14971422081.0,14.0,12.072,618800000.0,3.009,1.0,3034000000.0,0.353,165800000.0,80100000.0,2283900000.0,2459275000.0,1035700000.0,0.0,0.0,0.0,1707700000.0,861600000.0,846100000.0,14622022081.0,596400000.0,0.0,5500000.0,-24600000.0,0.0,-30600000.0,-315000000.0,9000000.0,942800000.0,-800000.0,599200000.0,599200000.0,599200000.0,0.0,0.0,0.07,1993800000.0,1040200000.0,433600000.0,0.0,8.192,24.403,24.433,1210500000.0,0.0,71.1,1.7,1.7,0.0,1774000000.0,8602200000.0,8602200000.0,0.0,0.185,0.391,0.421,0.12,38300000.0,1993800000.0,1.0,205654319.0,205654319,,41.828,3326900000.0,58900000.0,355000000.0,49200000.0,16.177,1133000000.0
7,DLTR,MRY,2013-12-31,2014-02-01,2014-02-01,2021-08-26,-16900000.0,2771900000.0,2843700000.0,1378500000.0,1393400000.0,2.757,5.626,-330900000.0,267700000.0,267700000.0,5050500000.0,596700000.0,2.009,1.368,769800000.0,12800000.0,757000000.0,769800000.0,0.0,190500000.0,0.0,0.0,0.0,969700000.0,1160200000.0,0.148,1160200000.0,969700000.0,954300000.0,2.74,2.72,2.74,1170700000.0,1423825000.0,1170700000.0,11385608678.0,12.0,9.813,463200000.0,2.226,1.0,2789800000.0,0.356,169300000.0,15400000.0,2418400000.0,2255075000.0,1035300000.0,0.0,0.0,0.0,1601200000.0,686300000.0,914900000.0,10512908678.0,-132200000.0,0.0,-1106100000.0,498500000.0,0.0,-597800000.0,-325000000.0,6200000.0,794100000.0,-3500000.0,596700000.0,596700000.0,596700000.0,0.0,0.0,0.076,1819500000.0,970300000.0,393900000.0,0.0,8.98,17.618,18.438,1094000000.0,0.0,50.52,1.341,1.341,0.0,1174800000.0,7840300000.0,7840300000.0,0.0,0.21,0.419,0.43,0.124,37000000.0,1819500000.0,1.0,208093996.0,208093996,,37.677,2602600000.0,43000000.0,357600000.0,52800000.0,12.507,692200000.0
8,DLTR,MRY,2012-12-31,2013-02-02,2013-02-02,2021-08-26,-1500000.0,2752000000.0,2585525000.0,1473500000.0,1278500000.0,2.86,7.338,-313200000.0,399900000.0,399900000.0,4741800000.0,619300000.0,2.179,0.651,271300000.0,14300000.0,257000000.0,271300000.0,0.0,175300000.0,0.0,0.0,0.0,981700000.0,1157000000.0,0.156,1157000000.0,981700000.0,978900000.0,2.7,2.68,2.7,1667300000.0,1552450000.0,1667300000.0,9157418160.0,9.0,7.915,365100000.0,1.607,1.0,2652700000.0,0.359,173300000.0,2800000.0,1773900000.0,1638850000.0,971700000.0,0.0,0.0,0.0,1084700000.0,676200000.0,408500000.0,9115518160.0,111600000.0,62300000.0,-330200000.0,5500000.0,0.0,-303400000.0,-261900000.0,-11000000.0,678300000.0,-1400000.0,619300000.0,619300000.0,619300000.0,0.0,0.0,0.084,1732600000.0,920100000.0,346500000.0,0.0,5.467,14.719,14.859,960700000.0,0.0,40.12,1.233,1.233,0.0,1666300000.0,7394500000.0,7394500000.0,0.0,0.24,0.399,0.599,0.133,35500000.0,1732600000.0,1.0,227206335.0,227206335,,32.545,2578700000.0,50800000.0,359600000.0,85200000.0,11.35,797300000.0
9,DLTR,MRY,2011-12-31,2012-01-28,2012-01-28,2021-08-26,-600000.0,2328600000.0,2405000000.0,1209400000.0,1119200000.0,2.757,5.648,-250100000.0,288300000.0,288300000.0,4252200000.0,488300000.0,2.082,0.732,265500000.0,15500000.0,250000000.0,265500000.0,0.0,163900000.0,0.0,0.0,0.0,782400000.0,946300000.0,0.143,946300000.0,782400000.0,779500000.0,2.03,2.01,2.03,1344600000.0,1466475000.0,1344600000.0,10059584125.0,13.0,10.63,436400000.0,1.833,1.0,2378300000.0,0.359,173100000.0,2900000.0,1551700000.0,1614100000.0,867400000.0,0.0,0.0,0.0,984000000.0,581000000.0,403000000.0,10074284125.0,-22900000.0,0.0,-635000000.0,-2000000.0,0.0,-623200000.0,-86100000.0,163800000.0,686500000.0,-100000.0,488300000.0,488300000.0,488300000.0,0.0,0.0,0.074,1596200000.0,782100000.0,286700000.0,0.0,7.492,20.631,20.847,825300000.0,0.0,42.32,1.519,1.519,0.0,1344100000.0,6630500000.0,6630500000.0,0.0,0.203,0.333,0.485,0.118,31600000.0,1596200000.0,1.0,238050192.0,238050192,,27.853,2155500000.0,43000000.0,291200000.0,78800000.0,9.055,628400000.0
10,DLTR,MRY,2010-12-31,2011-01-29,2011-01-29,2021-08-26,-400000.0,2380500000.0,2285650000.0,1333300000.0,1047200000.0,2.574,5.826,-178700000.0,311200000.0,311200000.0,3794800000.0,397300000.0,2.502,0.632,266500000.0,16500000.0,250000000.0,266500000.0,0.0,159700000.0,0.0,0.0,0.0,635500000.0,795200000.0,0.135,795200000.0,635500000.0,629900000.0,1.56,1.55,1.56,1459000000.0,1386425000.0,1459000000.0,6342018127.0,10.0,7.975,340000000.0,1.358,1.0,2087600000.0,0.355,173100000.0,5600000.0,1629900000.0,1547150000.0,803100000.0,174800000.0,174800000.0,0.0,921500000.0,532800000.0,388700000.0,6385018127.0,-260400000.0,-49400000.0,-397000000.0,-15100000.0,0.0,-404300000.0,-374100000.0,-145800000.0,518700000.0,-700000.0,397300000.0,397300000.0,397300000.0,0.0,0.0,0.068,1457600000.0,630000000.0,261400000.0,0.0,4.376,16.071,16.343,741100000.0,0.0,25.495,1.085,1.085,0.0,1458200000.0,5882400000.0,5882400000.0,0.0,0.174,0.287,0.411,0.108,28300000.0,1457600000.0,1.0,250441974.0,250441974,,23.488,2207400000.0,54300000.0,232600000.0,79600000.0,8.814,800500000.0
11,DLTR,MRY,2009-12-31,2010-01-30,2010-01-30,2021-08-26,-2400000.0,2289700000.0,2169750000.0,1305600000.0,984100000.0,2.411,5.398,-164800000.0,571600000.0,571600000.0,3374400000.0,320500000.0,2.743,0.602,267500000.0,17500000.0,250000000.0,267500000.0,0.0,157800000.0,0.0,0.0,0.0,512800000.0,670600000.0,0.128,670600000.0,512800000.0,507600000.0,1.195,1.185,1.195,1429200000.0,1336500000.0,1429200000.0,4296123346.0,8.0,6.406,416200000.0,1.572,1.0,1856800000.0,0.355,133300000.0,5200000.0,1376400000.0,1447000000.0,679800000.0,27800000.0,27800000.0,0.0,860500000.0,475900000.0,384600000.0,4370723346.0,207200000.0,0.0,-164800000.0,-400000.0,0.0,-161300000.0,-212500000.0,-47700000.0,581000000.0,0.0,320500000.0,320500000.0,320500000.0,0.0,0.0,0.061,1344000000.0,512800000.0,219900000.0,0.0,3.058,13.637,13.813,714300000.0,0.0,16.507,0.836,0.836,0.0,1430700000.0,5231200000.0,5231200000.0,0.0,0.148,0.24,0.354,0.098,21700000.0,1344000000.0,1.0,264785340.0,264785340,,19.756,2156400000.0,41200000.0,187100000.0,63000000.0,8.144,829700000.0
12,DLTR,MRY,2008-12-31,2009-01-31,2009-01-31,2021-08-26,-2600000.0,2035700000.0,1898300000.0,1073200000.0,962500000.0,2.447,4.61,-131300000.0,364400000.0,364400000.0,3052700000.0,229500000.0,2.618,0.624,267600000.0,17600000.0,250000000.0,267600000.0,0.0,161700000.0,0.0,0.0,0.0,365800000.0,527500000.0,0.114,527500000.0,365800000.0,359100000.0,0.845,0.845,0.845,1253200000.0,1129250000.0,1253200000.0,4059435509.0,11.0,7.696,271800000.0,1.0,1.0,1592200000.0,0.343,133300000.0,6700000.0,1395700000.0,1471100000.0,675800000.0,0.0,0.0,0.0,782500000.0,409900000.0,372600000.0,3870435509.0,323800000.0,0.0,21600000.0,-1200000.0,0.0,22700000.0,-102000000.0,29700000.0,403100000.0,0.0,229500000.0,229500000.0,229500000.0,0.0,0.0,0.049,1226400000.0,365800000.0,192900000.0,0.0,3.088,16.865,16.848,710300000.0,0.0,14.237,0.833,0.833,0.0,1216900000.0,4644900000.0,4644900000.0,0.0,0.121,0.203,0.249,0.079,16700000.0,1226400000.0,1.0,271863885.0,271863885,,17.085,1902400000.0,40700000.0,129600000.0,61600000.0,6.998,663300000.0
13,DLTR,MRY,2007-12-31,2008-02-02,2008-02-02,2021-08-26,100000.0,1787700000.0,1813875000.0,788800000.0,998900000.0,2.339,3.583,-189000000.0,40600000.0,40600000.0,2781500000.0,201300000.0,1.943,0.809,268500000.0,18500000.0,250000000.0,268500000.0,0.0,159300000.0,0.0,0.0,0.0,337000000.0,496300000.0,0.117,496300000.0,337000000.0,319800000.0,0.7,0.697,0.7,988400000.0,1043600000.0,988400000.0,2878936393.0,9.0,5.801,178300000.0,0.646,1.0,1461100000.0,0.344,133300000.0,17200000.0,1476400000.0,1527575000.0,641200000.0,40500000.0,40500000.0,0.0,799300000.0,405900000.0,393400000.0,2555236393.0,-44400000.0,0.0,-401400000.0,-600000.0,0.0,-389000000.0,-22700000.0,172900000.0,367300000.0,0.0,201300000.0,201300000.0,201300000.0,0.0,0.0,0.047,1130800000.0,330300000.0,200400000.0,0.0,2.585,12.694,13.233,743600000.0,0.0,9.263,0.602,0.602,0.0,987400000.0,4242600000.0,4242600000.0,0.0,0.111,0.193,0.221,0.079,11300000.0,1130800000.0,1.0,275844159.0,275844159,,15.38,1654400000.0,56000000.0,118500000.0,98400000.0,5.998,382900000.0
14,DLTR,MRY,2006-12-31,2007-02-03,2007-02-03,2021-08-26,100000.0,1882200000.0,1836575000.0,967900000.0,914300000.0,2.161,3.794,-175300000.0,85000000.0,85000000.0,2612200000.0,192000000.0,2.468,0.612,268800000.0,18800000.0,250000000.0,268800000.0,0.0,159000000.0,0.0,0.0,0.0,319400000.0,478400000.0,0.121,478400000.0,319400000.0,302900000.0,0.62,0.617,0.62,1167700000.0,1151875000.0,1167700000.0,3467361688.0,11.0,7.248,237500000.0,0.772,1.0,1357200000.0,0.342,146600000.0,16500000.0,1527200000.0,1532575000.0,605000000.0,221800000.0,221800000.0,0.0,714500000.0,392200000.0,322300000.0,3256661688.0,19200000.0,-54100000.0,-207900000.0,-600000.0,0.0,-202900000.0,-190700000.0,42900000.0,412800000.0,0.0,192000000.0,192000000.0,192000000.0,0.0,0.0,0.048,1046400000.0,310800000.0,198100000.0,0.0,2.789,16.962,17.065,715300000.0,0.0,10.58,0.82,0.82,0.0,1166600000.0,3969400000.0,3969400000.0,0.0,0.105,0.167,0.208,0.08,6700000.0,1046400000.0,1.0,307813014.0,307813014,,12.895,1735600000.0,10700000.0,110900000.0,44800000.0,5.638,575700000.0
15,DLTR,MRY,2005-12-31,2006-01-28,2006-01-28,2021-08-26,100000.0,1798400000.0,1735500000.0,943700000.0,854700000.0,1.956,3.673,-139200000.0,65800000.0,65800000.0,2221500000.0,173900000.0,3.194,0.534,269000000.0,19000000.0,250000000.0,269000000.0,0.0,140700000.0,0.0,0.0,0.0,290700000.0,431400000.0,0.127,431400000.0,290700000.0,275200000.0,0.537,0.533,0.537,1172300000.0,1104750000.0,1172300000.0,2836630238.0,10.0,6.575,225900000.0,0.708,1.0,1172400000.0,0.345,129300000.0,15500000.0,1576800000.0,1516700000.0,576600000.0,274000000.0,274000000.0,0.0,626100000.0,295500000.0,330600000.0,2662827238.0,-40700000.0,0.0,-169700000.0,-600000.0,0.0,-170300000.0,-235500000.0,-92600000.0,365100000.0,0.0,173900000.0,173900000.0,173900000.0,0.0,0.0,0.051,888500000.0,283900000.0,135600000.0,0.0,2.271,15.312,15.537,681800000.0,0.0,8.343,0.785,0.785,0.0,1159700000.0,3393900000.0,3393900000.0,0.0,0.1,0.157,0.192,0.086,3600000.0,888500000.0,1.0,319156281.0,319156281,,10.634,1669100000.0,10800000.0,101300000.0,65200000.0,5.23,648200000.0
16,DLTR,MRY,2004-12-31,2005-01-29,2005-01-29,2021-08-26,-294000.0,1792672000.0,1693794500.0,969887000.0,822785000.0,1.846,3.436,-181800000.0,106532000.0,106532000.0,2013500000.0,180300000.0,3.295,0.54,281746000.0,31212000.0,250534000.0,281746000.0,0.0,129300000.0,0.0,0.0,0.0,297400000.0,426700000.0,0.137,426700000.0,297400000.0,288200000.0,0.53,0.527,0.53,1164212000.0,1083474500.0,1164212000.0,3201228877.0,11.0,7.502,94700000.0,0.279,1.0,1112500000.0,0.356,129032000.0,9200000.0,1544499000.0,1455462000.0,615483000.0,211275000.0,211275000.0,0.0,628460000.0,294355000.0,334105000.0,3020072877.0,22300000.0,0.0,-33500000.0,94700000.0,0.0,61200000.0,-315400000.0,-126800000.0,276500000.0,0.0,180300000.0,180300000.0,180300000.0,0.0,0.0,0.058,819000000.0,293500000.0,124195000.0,0.0,2.594,16.75,16.818,685386000.0,0.0,8.913,0.966,0.966,0.0,985793000.0,3126000000.0,3126000000.0,0.0,0.106,0.166,0.204,0.095,2100000.0,819000000.0,1.0,338826426.0,338826426,,9.226,1663640000.0,8072000.0,107900000.0,75744000.0,4.91,675532000.0
17,DLTR,MRY,2003-12-31,2004-01-31,2004-01-31,2021-08-26,-970000.0,1501519000.0,1401096250.0,722569000.0,778950000.0,1.998,2.935,-236761000.0,84190000.0,84190000.0,1781459000.0,177583000.0,2.654,0.48,185151000.0,30324000.0,154827000.0,185151000.0,0.0,107088000.0,0.0,0.0,0.0,296245000.0,403333000.0,0.144,403333000.0,296245000.0,288752000.0,0.517,0.513,0.517,1014522000.0,946062750.0,1014522000.0,3837047434.0,13.0,9.513,6969000.0,0.02,1.0,1018413000.0,0.364,123738000.0,7493000.0,1206452000.0,1157789000.0,525643000.0,84495000.0,84495000.0,0.0,486997000.0,272290000.0,214707000.0,3677293434.0,-74212000.0,-100523000.0,-15878000.0,-19661000.0,0.0,-35539000.0,-282403000.0,57930000.0,243730000.0,0.0,177583000.0,177583000.0,177583000.0,0.0,0.0,0.063,724816000.0,293597000.0,114972000.0,0.0,3.625,20.707,20.574,634427000.0,0.0,10.637,1.313,1.313,0.0,805543000.0,2799872000.0,2799872000.0,0.0,0.127,0.188,0.256,0.106,5620000.0,724816000.0,1.0,345718593.0,345718593,,8.099,1377781000.0,11716000.0,111169000.0,66752000.0,3.985,450279000.0
18,DLTR,MRY,2002-12-31,2002-12-31,2002-12-31,2021-08-26,-1373000.0,1116377000.0,1009212500.0,716140000.0,400237000.0,2.308,2.497,-143228000.0,292192000.0,292192000.0,1477214000.0,154647000.0,3.468,0.305,54429000.0,30782000.0,23647000.0,54429000.0,0.0,75633000.0,0.0,0.0,0.0,255978000.0,331611000.0,0.142,331611000.0,255978000.0,251459000.0,0.453,0.45,0.453,855404000.0,753570000.0,855404000.0,2777204838.0,11.0,8.375,70966000.0,0.207,1.0,851974000.0,0.366,41418000.0,4519000.0,630685000.0,559535500.0,357665000.0,43780000.0,43780000.0,0.0,260973000.0,206511000.0,54462000.0,2805251838.0,73504000.0,0.0,32476000.0,-9996000.0,0.0,22480000.0,-163170000.0,-25815000.0,214194000.0,0.0,154647000.0,154647000.0,154647000.0,0.0,0.0,0.066,598053000.0,253921000.0,59451000.0,0.0,3.279,18.14,18.079,344322000.0,0.0,8.19,1.204,1.204,0.0,638485000.0,2329188000.0,2329188000.0,0.0,0.153,0.205,0.457,0.11,10696000.0,598053000.0,1.0,342521592.0,342521592,,6.8,1074959000.0,10409000.0,96812000.0,28041000.0,3.138,509629000.0
19,DLTR,MRY,2001-12-31,2001-12-31,2001-12-31,2021-08-26,-378000.0,902048000.0,815073250.0,560779000.0,341269000.0,2.438,1.935,-121468000.0,236653000.0,236653000.0,1271314000.0,123081000.0,2.79,0.384,62371000.0,28865000.0,33506000.0,62371000.0,0.0,53763000.0,0.0,0.0,0.0,205715000.0,259478000.0,0.131,259478000.0,205715000.0,200251000.0,0.367,0.363,0.367,651736000.0,576298750.0,651736000.0,3488570269.0,17.0,13.445,57258000.0,0.17,1.0,715957000.0,0.36,38358000.0,5464000.0,488386000.0,544654000.0,296473000.0,0.0,0.0,0.0,250312000.0,201022000.0,49290000.0,3470262269.0,55487000.0,0.0,8030000.0,-9801000.0,0.0,-1771000.0,-121468000.0,0.0,178726000.0,0.0,123081000.0,123081000.0,123081000.0,0.0,0.0,0.062,512092000.0,203865000.0,58090000.0,0.0,5.325,28.195,28.074,279011000.0,0.0,10.303,1.746,1.746,0.0,483838000.0,1987271000.0,1987271000.0,0.0,0.151,0.214,0.378,0.104,2345000.0,512092000.0,1.0,336809667.0,336809667,,5.9,863690000.0,16313000.0,77170000.0,38848000.0,2.564,359757000.0
20,DLTR,MRY,2000-12-31,2000-12-31,2000-12-31,2021-08-26,0.0,746859000.0,644564750.0,477514000.0,269345000.0,2.619,1.602,-94767000.0,181166000.0,181166000.0,1064516000.0,121622000.0,2.74,0.44,71730000.0,28547000.0,43183000.0,71730000.0,0.0,41971000.0,0.0,0.0,0.0,206915000.0,248886000.0,0.147,248886000.0,206915000.0,199098000.0,0.387,0.36,0.387,518658000.0,441334000.0,518658000.0,2709241973.0,13.0,10.885,12498000.0,0.039,1.0,623589000.0,0.369,40376000.0,7817000.0,422742000.0,447850750.0,258687000.0,0.0,0.0,0.0,228201000.0,174305000.0,53896000.0,2644033973.0,-421000.0,0.0,24563000.0,-37482000.0,0.0,-12919000.0,-94767000.0,0.0,107265000.0,0.0,121622000.0,120209000.0,120209000.0,0.0,0.0,0.071,420553000.0,203036000.0,75404000.0,0.0,5.098,21.995,21.102,211632000.0,1413000.0,8.167,1.566,1.566,0.0,360757000.0,1688105000.0,1688105000.0,0.0,0.186,0.272,0.462,0.123,16670000.0,420553000.0,1.0,323759262.0,323759262,,5.214,706483000.0,9857000.0,77476000.0,23448000.0,2.182,303209000.0
21,DLTR,MRY,1999-12-31,1999-12-31,1999-12-31,2021-08-26,0.0,611233000.0,474734500.0,395106000.0,216127000.0,2.848,1.136,-54841000.0,181587000.0,181587000.0,854567000.0,106577000.0,2.346,0.822,108773000.0,31260000.0,77513000.0,108773000.0,0.0,30809000.0,0.0,0.0,0.0,177339000.0,208148000.0,0.154,208148000.0,177339000.0,169910000.0,0.337,0.307,0.337,316238000.0,290269000.0,316238000.0,3068010254.0,17.0,14.74,73714000.0,0.265,1.0,497253000.0,0.368,42394000.0,7429000.0,327626000.0,321321000.0,192838000.0,0.0,0.0,0.0,259824000.0,168399000.0,91425000.0,3004472254.0,96873000.0,-320000.0,8769000.0,43488000.0,-60934000.0,23479000.0,-55161000.0,0.0,128555000.0,0.0,106577000.0,99550000.0,99550000.0,0.0,0.0,0.074,321657000.0,175596000.0,71750000.0,0.0,9.501,30.181,31.942,157368000.0,7027000.0,10.764,2.223,2.216,0.0,240548000.0,1351820000.0,1351820000.0,0.0,0.21,0.343,0.552,0.131,6278000.0,321657000.0,1.0,279110758.0,278275500,306607500.0,4.858,568839000.0,6563000.0,63333000.0,29193000.0,2.044,226707000.0
22,DLTR,MRY,1998-12-31,1998-12-31,1998-12-31,2021-08-26,0.0,405187000.0,338354250.0,231510000.0,173677000.0,3.174,0.904,-57038000.0,74644000.0,74644000.0,682688000.0,81318000.0,1.973,0.628,49426000.0,16957000.0,32469000.0,49426000.0,0.0,22463000.0,0.0,0.0,0.0,131118000.0,153581000.0,0.143,153581000.0,131118000.0,125901000.0,0.263,0.237,0.263,248816000.0,196648500.0,248816000.0,2671889778.0,20.0,17.397,28487000.0,0.103,1.0,391198000.0,0.364,42551000.0,5217000.0,220090000.0,242072500.0,142706000.0,0.0,0.0,0.0,156371000.0,117328000.0,39043000.0,2584634778.0,35802000.0,0.0,4952000.0,8677000.0,-6314000.0,7315000.0,-57038000.0,0.0,85525000.0,0.0,81318000.0,81318000.0,81318000.0,0.0,0.0,0.076,260684000.0,130514000.0,53030000.0,0.0,10.388,31.784,36.916,122503000.0,0.0,9.709,2.407,2.489,0.0,195172000.0,1073886000.0,1073886000.0,0.0,0.24,0.414,0.542,0.122,0.0,260684000.0,1.0,266213241.0,275332500,304317000.0,3.9,362636000.0,8903000.0,44583000.0,21353000.0,1.317,114182000.0
23,DLTR,MRY,1997-12-31,1997-12-31,1997-12-31,2021-08-26,0.0,302588000.0,236843500.0,166849000.0,135739000.0,3.148,0.589,-59959000.0,45018000.0,45018000.0,474612000.0,51959000.0,1.594,0.879,40045000.0,9491000.0,30554000.0,40045000.0,0.0,14523000.0,0.0,0.0,0.0,86808000.0,101331000.0,0.136,101331000.0,86808000.0,83254000.0,0.191,0.173,0.191,161053000.0,131321500.0,161053000.0,,,,10515000.0,0.038,1.0,270978000.0,0.363,44478000.0,3554000.0,148437000.0,106016000.0,109483000.0,0.0,0.0,0.0,141535000.0,104700000.0,36835000.0,1622704658.0,39926000.0,0.0,2510000.0,27851000.0,-950000.0,29411000.0,-59959000.0,0.0,70474000.0,0.0,51959000.0,51959000.0,51959000.0,0.0,0.0,0.07,184315000.0,86663000.0,53991000.0,0.0,10.076,31.23,32.096,87002000.0,0.0,6.13,2.176,2.246,0.0,121715000.0,745590000.0,745590000.0,0.0,0.219,0.396,0.819,0.116,0.0,184315000.0,1.0,264699286.0,273213000,301419000.0,2.729,258110000.0,7696000.0,31295000.0,19587000.0,0.945,62149000.0
24,DLTR,MRY,1996-12-31,1996-12-31,1996-12-31,2021-08-26,0.0,171099000.0,,85953000.0,85146000.0,,0.383,-18809000.0,2987000.0,2987000.0,356179000.0,35348000.0,1.376,0.684,4353000.0,302000.0,4051000.0,4353000.0,0.0,11426000.0,0.0,0.0,0.0,63240000.0,74666000.0,0.134,74666000.0,63240000.0,57597000.0,0.133,0.12,0.133,101590000.0,,101590000.0,,,,21570000.0,0.081,1.0,202662000.0,0.363,46405000.0,5643000.0,63595000.0,,75081000.0,0.0,0.0,0.0,69509000.0,62465000.0,7044000.0,,-17291000.0,-52216000.0,28668000.0,-15313000.0,0.0,13355000.0,-71025000.0,0.0,40379000.0,0.0,35348000.0,35348000.0,35348000.0,0.0,0.0,0.063,139422000.0,63240000.0,35296000.0,0.0,,,28.404,36035000.0,0.0,3.778,,1.793,1855000.0,69776000.0,558841000.0,558841000.0,0.0,,,,0.113,0.0,139422000.0,1.0,,265203000,292468500.0,2.107,124694000.0,3949000.0,22249000.0,12607000.0,0.47,23488000.0
25,DLTR,MRY,1995-12-31,1995-12-31,1995-12-31,2021-08-26,,,,,,,,-11582000.0,,,187552000.0,20963000.0,,,,,,,,5467000.0,,0.0,0.0,36705000.0,42172000.0,0.14,42172000.0,36705000.0,34088000.0,0.083,0.076,0.083,,,,,,,15611000.0,0.062,1.0,112677000.0,0.375,,2617000.0,,,,,,,,,,,16399000.0,0.0,850000.0,-62000.0,0.0,788000.0,-11582000.0,0.0,27193000.0,0.0,20963000.0,20963000.0,20963000.0,0.0,0.0,0.07,75972000.0,36705000.0,,0.0,,,19.634,,0.0,1.63,,1.366,,,300229000.0,300229000.0,0.0,,,,0.122,0.0,75972000.0,1.0,,251579250,276925500.0,1.193,,,13125000.0,,,
0,DLTR,MRQ,2021-06-30,2021-07-31,2021-07-31,2021-08-26,0.0,20445200000.0,,4648100000.0,15797100000.0,,30.229,-228700000.0,767700000.0,767700000.0,4479200000.0,282400000.0,1.249,1.916,9676800000.0,1368600000.0,8308200000.0,9676800000.0,0.0,176100000.0,0.0,0.0,0.0,402200000.0,578300000.0,0.091,578300000.0,402200000.0,369200000.0,1.24,1.23,1.24,7011700000.0,,7011700000.0,31308476887.0,15.0,11.299,-48800000.0,-0.21,1.0,1864000000.0,0.294,5085100000.0,33000000.0,20546500000.0,,3667700000.0,0.0,0.0,0.0,13433500000.0,3722700000.0,9710800000.0,23146676887.0,-753100000.0,0.0,-703600000.0,0.0,0.0,-704200000.0,-228700000.0,0.0,179900000.0,-100000.0,282400000.0,282400000.0,282400000.0,0.0,0.0,0.045,1461800000.0,402200000.0,1559600000.0,0.0,3.301,15.538,15.641,10591400000.0,0.0,99.79,0.898,0.898,0.0,,6343200000.0,6343200000.0,0.0,,,,,17800000.0,1461800000.0,1.0,231953872.0,231953872,,27.347,15360100000.0,23900000.0,86800000.0,1066600000.0,66.22,925400000.0
1,DLTR,MRQ,2021-03-31,2021-05-01,2021-05-01,2021-08-26,0.0,21050700000.0,,5304900000.0,15745800000.0,,31.751,-225100000.0,1520800000.0,1520800000.0,4512700000.0,374500000.0,1.359,1.84,9682600000.0,1355600000.0,8327000000.0,9682600000.0,0.0,172700000.0,0.0,0.0,0.0,519900000.0,692600000.0,0.107,692600000.0,519900000.0,486900000.0,1.61,1.6,1.61,7411300000.0,,7411300000.0,34996364282.0,17.0,12.794,331100000.0,1.418,1.0,1967000000.0,0.304,5085600000.0,33000000.0,20224700000.0,,3604600000.0,0.0,0.0,0.0,13639400000.0,3902200000.0,9737200000.0,26820064282.0,57200000.0,0.0,-237300000.0,0.0,0.0,-276600000.0,-222800000.0,0.0,556200000.0,400000.0,374500000.0,374500000.0,374500000.0,0.0,0.0,0.058,1447100000.0,519900000.0,1520700000.0,0.0,3.619,18.26,18.413,10538900000.0,0.0,114.9,1.043,1.043,0.0,,6479700000.0,6479700000.0,0.0,,,,,31800000.0,1447100000.0,1.0,233420925.0,233420925,,27.76,15965100000.0,24400000.0,112400000.0,1228900000.0,68.396,1402700000.0
2,DLTR,MRQ,2020-12-31,2021-01-30,2021-01-30,2021-08-26,0.0,20696000000.0,,5050800000.0,15645200000.0,,30.976,-182200000.0,1463600000.0,1463600000.0,4615100000.0,502800000.0,1.354,1.841,9639900000.0,1348200000.0,8291700000.0,9639900000.0,0.0,182900000.0,0.0,0.0,0.0,681600000.0,864500000.0,0.128,864500000.0,681600000.0,647400000.0,2.14,2.12,2.14,7285300000.0,,7285300000.0,32528334172.0,17.0,12.639,800400000.0,3.403,1.0,2152800000.0,0.318,5084400000.0,34200000.0,20057600000.0,,3427000000.0,0.0,0.0,0.0,13410700000.0,3730300000.0,9680400000.0,23909634172.0,298400000.0,0.0,-203100000.0,-300000000.0,0.0,-503200000.0,-182200000.0,0.0,982600000.0,1200000.0,502800000.0,502800000.0,502800000.0,0.0,0.0,0.074,1471200000.0,681600000.0,1480500000.0,0.0,3.282,17.818,17.898,10440400000.0,0.0,101.66,0.937,0.937,0.0,5179700000.0,6767900000.0,6767900000.0,0.0,,,,,13400000.0,1471200000.0,1.0,235192152.0,235192152,,28.776,15611600000.0,23200000.0,144600000.0,1122400000.0,66.378,1320500000.0
3,DLTR,MRQ,2020-09-30,2020-10-31,2020-10-31,2021-08-26,0.0,20652200000.0,,5171000000.0,15481200000.0,,29.334,-236400000.0,1165200000.0,1165200000.0,4252600000.0,330000000.0,1.279,1.967,9783900000.0,1596500000.0,8187400000.0,9783900000.0,0.0,170100000.0,0.0,0.0,0.0,465400000.0,635500000.0,0.103,635500000.0,465400000.0,427300000.0,1.39,1.39,1.39,6961100000.0,,6961100000.0,29926931283.0,21.0,14.004,60300000.0,0.254,1.0,1924400000.0,0.312,5083100000.0,38100000.0,20145500000.0,,3792300000.0,0.0,0.0,0.0,13691100000.0,4042300000.0,9648800000.0,21433631283.0,-632000000.0,0.0,-191700000.0,-500000000.0,0.0,-692100000.0,-236400000.0,0.0,296700000.0,-200000.0,330000000.0,330000000.0,330000000.0,0.0,0.0,0.053,1458900000.0,465500000.0,1587200000.0,0.0,3.079,22.278,22.246,10280700000.0,0.0,90.32,0.855,0.855,0.0,,6177000000.0,6177000000.0,0.0,,,,,14800000.0,1458900000.0,1.0,237307698.0,237307698,,26.029,15569100000.0,23300000.0,97300000.0,1074100000.0,65.607,1128700000.0
4,DLTR,MRQ,2020-06-30,2020-08-01,2020-08-01,2021-08-26,0.0,20671000000.0,,5232500000.0,15438500000.0,,28.721,-235200000.0,1797200000.0,1797200000.0,4361400000.0,261500000.0,1.223,2.034,10290500000.0,2084600000.0,8205900000.0,10290500000.0,0.0,168100000.0,0.0,0.0,0.0,374700000.0,542800000.0,0.086,542800000.0,374700000.0,339900000.0,1.1,1.1,1.1,6813600000.0,,6813600000.0,30767143980.0,23.0,15.233,242800000.0,1.023,1.0,1916200000.0,0.305,5083000000.0,34800000.0,19802500000.0,,3275700000.0,0.0,0.0,0.0,13857400000.0,4278800000.0,9578600000.0,22145643980.0,-4800000.0,0.0,2100000.0,-250000000.0,0.0,-248200000.0,-235200000.0,0.0,478000000.0,600000.0,261500000.0,261500000.0,261500000.0,0.0,0.0,0.042,1541300000.0,374900000.0,1481000000.0,0.0,3.25,24.942,24.893,10236700000.0,0.0,93.35,0.899,0.899,0.0,,6277600000.0,6277600000.0,0.0,,,,,23100000.0,1541300000.0,1.0,237232394.0,237232394,,26.462,15588000000.0,24000000.0,78400000.0,1039400000.0,65.708,953700000.0
5,DLTR,MRQ,2020-03-31,2020-05-02,2020-05-02,2021-08-26,0.0,20471800000.0,,5165400000.0,15306400000.0,,27.535,-235900000.0,1802000000.0,1802000000.0,4491900000.0,247600000.0,1.147,2.14,10423500000.0,2315000000.0,8108500000.0,10423500000.0,0.0,165500000.0,0.0,0.0,0.0,365400000.0,530900000.0,0.084,530900000.0,365400000.0,325200000.0,1.05,1.04,1.05,6520600000.0,,6520600000.0,27771790985.0,22.0,14.612,723100000.0,3.053,1.0,1794900000.0,0.286,5081400000.0,40200000.0,19507700000.0,,3198500000.0,0.0,0.0,0.0,13951200000.0,4504200000.0,9447000000.0,18326790985.0,1216000000.0,0.0,9700000.0,500000000.0,0.0,493600000.0,-235900000.0,0.0,959000000.0,-700000.0,247600000.0,247600000.0,247600000.0,0.0,0.0,0.039,1429000000.0,365900000.0,1336900000.0,0.0,2.811,22.718,22.695,10111800000.0,0.0,77.39,0.761,0.761,0.0,,6286800000.0,6286800000.0,0.0,,,,,32600000.0,1429000000.0,1.0,236810841.0,236810841,,26.548,15390400000.0,23300000.0,77600000.0,1152100000.0,64.99,661200000.0
6,DLTR,MRQ,2019-12-31,2020-02-01,2020-02-01,2021-08-26,-39800000.0,19574600000.0,,4269400000.0,15305200000.0,,26.429,-251500000.0,586000000.0,586000000.0,4354800000.0,123000000.0,1.204,2.13,10031000000.0,1529300000.0,8501700000.0,10031000000.0,0.0,179100000.0,0.0,0.0,0.0,248700000.0,427800000.0,0.068,427800000.0,248700000.0,209500000.0,0.52,0.52,0.52,6254800000.0,,6254800000.0,30234686983.0,24.0,15.861,603800000.0,2.551,1.0,1960500000.0,0.31,5083300000.0,39200000.0,20389800000.0,,3522000000.0,0.0,0.0,0.0,13319800000.0,3546500000.0,9773300000.0,20606186983.0,105700000.0,0.0,2900000.0,-500000000.0,0.0,-497800000.0,-251500000.0,0.0,855300000.0,-300000.0,123000000.0,123000000.0,123000000.0,0.0,0.0,0.019,1711100000.0,249400000.0,1336500000.0,0.0,3.294,24.917,24.948,10106800000.0,0.0,87.07,0.873,0.873,0.0,3837800000.0,6315300000.0,6315300000.0,0.0,,,,,8900000.0,1711100000.0,1.0,236662306.0,236662306,,26.685,14491300000.0,24400000.0,86500000.0,1076300000.0,61.232,722900000.0
7,DLTR,MRQ,2019-09-30,2019-11-02,2019-11-02,2021-08-26,0.0,19742100000.0,,4572300000.0,15169800000.0,,25.869,-280000000.0,480300000.0,480300000.0,4041700000.0,255800000.0,1.094,2.225,10108800000.0,1952600000.0,8156200000.0,10108800000.0,0.0,160000000.0,0.0,0.0,0.0,358300000.0,518300000.0,0.09,518300000.0,358300000.0,316900000.0,1.08,1.08,1.08,6121300000.0,,6121300000.0,36043146772.0,-32.0,-71.699,-109500000.0,-0.463,1.0,1704500000.0,0.297,5396500000.0,41400000.0,19794400000.0,,3882900000.0,0.0,0.0,0.0,13620800000.0,4179700000.0,9441100000.0,26440446772.0,-168000000.0,0.0,-57600000.0,0.0,0.0,-58000000.0,-280000000.0,0.0,170500000.0,-500000.0,255800000.0,255800000.0,255800000.0,0.0,0.0,0.045,1346100000.0,358400000.0,1473100000.0,0.0,4.319,-16.494,-16.603,9675300000.0,0.0,111.74,1.125,1.125,0.0,,5746200000.0,5746200000.0,0.0,,,,,8400000.0,1346100000.0,1.0,236624725.0,236624725,,24.284,14345600000.0,0.0,61100000.0,1031200000.0,60.626,392600000.0
8,DLTR,MRQ,2019-06-30,2019-08-03,2019-08-03,2021-08-26,0.0,19493800000.0,,4340800000.0,15153000000.0,,24.689,-296300000.0,648300000.0,648300000.0,4092100000.0,180300000.0,1.06,2.323,10251000000.0,1965000000.0,8286000000.0,10251000000.0,0.0,155100000.0,0.0,0.0,0.0,268500000.0,423600000.0,0.074,423600000.0,268500000.0,228400000.0,0.76,0.76,0.76,5865700000.0,,5865700000.0,32596075018.0,-29.0,-67.487,-66400000.0,-0.279,1.0,1648500000.0,0.287,5396300000.0,40100000.0,19606200000.0,,3470900000.0,0.0,0.0,0.0,13628100000.0,4094000000.0,9534100000.0,23014275018.0,-102200000.0,0.0,-35900000.0,0.0,0.0,-36500000.0,-296300000.0,0.0,229900000.0,700000.0,180300000.0,180300000.0,180300000.0,0.0,0.0,0.031,1379600000.0,268900000.0,1455400000.0,0.0,3.924,-14.594,-14.611,9680500000.0,0.0,96.87,0.988,0.988,0.0,,5740600000.0,5740600000.0,0.0,,,,,13600000.0,1379600000.0,1.0,237578972.0,237578972,,24.163,14097500000.0,0.0,48100000.0,990300000.0,59.338,246800000.0
9,DLTR,MRQ,2019-03-31,2019-05-04,2019-05-04,2021-08-26,0.0,19354300000.0,,4246100000.0,15108200000.0,,24.164,-208900000.0,750500000.0,750500000.0,4081500000.0,267900000.0,1.067,2.363,10332300000.0,1965900000.0,8366400000.0,10332300000.0,0.0,151200000.0,0.0,0.0,0.0,385300000.0,536500000.0,0.092,536500000.0,385300000.0,343900000.0,1.13,1.12,1.13,5755900000.0,,5755900000.0,29739997476.0,-30.0,-80.313,405200000.0,1.701,1.0,1727200000.0,0.297,5395900000.0,41400000.0,19560900000.0,,3325500000.0,0.0,0.0,0.0,13598400000.0,3979300000.0,9619100000.0,25921397476.0,303800000.0,0.0,-94200000.0,0.0,0.0,-117500000.0,-192400000.0,0.0,614100000.0,-400000.0,267900000.0,267900000.0,267900000.0,0.0,0.0,0.046,1341700000.0,385500000.0,1186500000.0,0.0,4.503,-17.474,-17.439,9636000000.0,0.0,108.82,1.123,1.123,0.0,,5808700000.0,5808700000.0,0.0,,,,,30500000.0,1341700000.0,1.0,238204351.0,238204351,,24.385,13958400000.0,0.0,76000000.0,1115200000.0,58.598,266800000.0
10,DLTR,MRQ,2018-12-31,2019-02-02,2019-02-02,2021-08-26,-38300000.0,13501200000.0,,4293300000.0,9207900000.0,,23.713,-197300000.0,446700000.0,446700000.0,4293100000.0,-2307000000.0,2.049,1.393,4265300000.0,0.0,4265300000.0,4265300000.0,0.0,166700000.0,0.0,0.0,0.0,-2147800000.0,-1981100000.0,-0.319,-1981100000.0,-2147800000.0,-2194100000.0,-9.7,-9.69,-9.7,5642900000.0,,5642900000.0,27344815529.0,-29.0,-86.017,517800000.0,2.176,1.0,1912100000.0,0.308,5685300000.0,46300000.0,9538800000.0,,3536000000.0,0.0,0.0,0.0,7858300000.0,2095700000.0,5762600000.0,23009315529.0,-261600000.0,0.0,3300000.0,-782000000.0,0.0,-779300000.0,-197300000.0,0.0,715100000.0,-100000.0,-2307000000.0,-2307000000.0,-2307000000.0,0.0,0.0,-0.372,4059500000.0,-2147400000.0,1416400000.0,0.0,4.078,-14.464,-14.453,3445300000.0,0.0,96.69,1.008,1.008,0.0,3076100000.0,6205200000.0,6205200000.0,0.0,,,,,63100000.0,4059500000.0,1.0,237969961.0,237969961,,26.076,7815900000.0,0.0,112900000.0,1068600000.0,32.844,2197600000.0
11,DLTR,MRQ,2018-09-30,2018-11-03,2018-11-03,2021-08-26,0.0,16649300000.0,,4749500000.0,11899800000.0,,33.39,-224700000.0,708300000.0,708300000.0,3866900000.0,281800000.0,2.224,1.096,5043800000.0,0.0,5043800000.0,5043800000.0,0.0,150400000.0,0.0,0.0,0.0,387600000.0,538000000.0,0.097,538000000.0,387600000.0,340000000.0,1.18,1.18,1.18,7943100000.0,,7943100000.0,24650700411.0,12.0,9.507,57400000.0,0.241,1.0,1671900000.0,0.302,8438200000.0,47600000.0,10410900000.0,,3715600000.0,0.0,0.0,0.0,8706200000.0,2135700000.0,6570500000.0,20256200411.0,61000000.0,0.0,4000000.0,0.0,0.0,3100000.0,-224700000.0,0.0,282100000.0,500000.0,281800000.0,281800000.0,281800000.0,0.0,0.0,0.051,1284100000.0,387800000.0,1365100000.0,0.0,2.55,11.533,11.507,3406200000.0,0.0,85.15,0.882,0.882,0.0,,5538800000.0,5538800000.0,0.0,,,,,0.0,1284100000.0,1.0,237888437.0,237888437,,23.283,8211100000.0,0.0,58200000.0,1032900000.0,34.517,2613800000.0
12,DLTR,MRQ,2018-06-30,2018-08-04,2018-08-04,2021-08-26,0.0,16103600000.0,,4272800000.0,11830800000.0,,32.163,-213600000.0,647300000.0,647300000.0,3861700000.0,273900000.0,2.24,1.106,5041800000.0,0.0,5041800000.0,5041800000.0,0.0,152500000.0,0.0,0.0,0.0,383800000.0,536300000.0,0.097,536300000.0,383800000.0,337700000.0,1.15,1.15,1.15,7647500000.0,,7647500000.0,26031278640.0,13.0,9.901,167600000.0,0.705,1.0,1663900000.0,0.301,8458400000.0,46100000.0,10132300000.0,,3288200000.0,0.0,0.0,0.0,8456100000.0,1907400000.0,6548700000.0,21466378640.0,172100000.0,0.0,5600000.0,0.0,0.0,5100000.0,-213600000.0,0.0,381200000.0,-600000.0,273900000.0,273900000.0,273900000.0,0.0,0.0,0.05,1281400000.0,382500000.0,1241700000.0,0.0,2.807,12.521,12.487,3316100000.0,0.0,90.28,0.943,0.943,0.0,,5525600000.0,5525600000.0,0.0,,,,,0.0,1281400000.0,1.0,237775572.0,237775572,,23.239,7645200000.0,0.0,63800000.0,1020200000.0,32.153,2365400000.0
13,DLTR,MRQ,2018-03-31,2018-05-05,2018-05-05,2021-08-26,0.0,15827100000.0,,4042000000.0,11785100000.0,,30.993,-181100000.0,475200000.0,475200000.0,3854100000.0,160500000.0,2.108,1.152,5040100000.0,0.0,5040100000.0,5040100000.0,0.0,151500000.0,0.0,0.0,0.0,437400000.0,588900000.0,0.106,588900000.0,437400000.0,207400000.0,0.68,0.67,0.68,7355700000.0,,7355700000.0,26797222866.0,13.0,10.061,206500000.0,0.87,1.0,1699600000.0,0.306,8479100000.0,230000000.0,9995700000.0,,3248200000.0,0.0,0.0,0.0,8471400000.0,1917200000.0,6554200000.0,22217022866.0,-622600000.0,0.0,4600000.0,-812200000.0,0.0,-828800000.0,-181100000.0,0.0,387600000.0,-300000.0,160500000.0,160500000.0,160500000.0,0.0,0.0,0.029,1262000000.0,437600000.0,1181500000.0,0.0,3.02,13.269,13.24,3249700000.0,0.0,93.61,0.987,0.987,0.0,,5553700000.0,5553700000.0,0.0,,,,,0.0,1262000000.0,1.0,237335999.0,237335999,,23.4,7348000000.0,0.0,46900000.0,1100400000.0,30.96,2124800000.0
14,DLTR,MRQ,2017-12-31,2018-02-03,2018-02-03,2021-08-26,-32300000.0,16332800000.0,,4576300000.0,11756500000.0,,30.293,-182400000.0,1097800000.0,1097800000.0,4259600000.0,1040100000.0,1.601,1.274,5678000000.0,915900000.0,4762100000.0,5678000000.0,0.0,156600000.0,0.0,0.0,0.0,773100000.0,929700000.0,0.146,929700000.0,773100000.0,691500000.0,4.39,4.37,4.39,7182300000.0,,7182300000.0,31126013836.0,16.0,11.894,735200000.0,3.101,1.0,2101000000.0,0.33,8500500000.0,81600000.0,9553400000.0,,3169300000.0,0.0,0.0,0.0,9150500000.0,2859100000.0,6291400000.0,25803213836.0,697700000.0,0.0,10600000.0,-48300000.0,0.0,-37900000.0,-182400000.0,0.0,917600000.0,400000.0,1040100000.0,1040100000.0,1040100000.0,0.0,0.0,0.164,1335400000.0,765600000.0,1174800000.0,0.0,3.593,15.052,15.032,3200700000.0,0.0,108.83,1.16,1.16,0.0,4666900000.0,6360600000.0,6360600000.0,0.0,,,,,65700000.0,1335400000.0,1.0,237096516.0,237096516,,26.827,7832300000.0,0.0,-348600000.0,1060500000.0,33.034,1717200000.0
15,DLTR,MRQ,2017-09-30,2017-10-28,2017-10-28,2021-08-26,0.0,15730200000.0,,3972600000.0,11757600000.0,,25.825,-179900000.0,400100000.0,400100000.0,3650600000.0,239900000.0,1.947,1.572,5722900000.0,165900000.0,5557000000.0,5722900000.0,0.0,149400000.0,0.0,0.0,0.0,424800000.0,574200000.0,0.108,574200000.0,424800000.0,355100000.0,1.01,1.01,1.01,6116500000.0,,6116500000.0,27143891225.0,15.0,11.173,-262500000.0,-1.108,1.0,1666000000.0,0.313,8527200000.0,69700000.0,10485900000.0,,3397800000.0,0.0,0.0,0.0,9613700000.0,2039900000.0,7573800000.0,22076291225.0,-293200000.0,0.0,9500000.0,-41500000.0,0.0,-34500000.0,-175900000.0,4000000.0,-82600000.0,-200000.0,239900000.0,239900000.0,239900000.0,0.0,0.0,0.045,1240800000.0,425200000.0,1181300000.0,0.0,3.609,22.165,22.14,3178900000.0,0.0,93.21,1.026,1.026,0.0,,5316600000.0,5316600000.0,0.0,,,,,0.0,1240800000.0,1.0,236844665.0,236844665,,22.448,7203000000.0,0.0,115200000.0,1517500000.0,30.412,1932700000.0
16,DLTR,MRQ,2017-06-30,2017-07-29,2017-07-29,2021-08-26,0.0,15532300000.0,,3815200000.0,11717100000.0,,24.759,-161500000.0,693300000.0,693300000.0,3653400000.0,233800000.0,1.83,1.65,5760900000.0,165900000.0,5595000000.0,5760900000.0,0.0,151300000.0,0.0,0.0,0.0,419400000.0,570700000.0,0.108,570700000.0,419400000.0,343600000.0,0.99,0.98,0.99,5860200000.0,,5860200000.0,22136937675.0,13.0,9.399,83000000.0,0.351,1.0,1627800000.0,0.308,8550500000.0,75800000.0,9964700000.0,,2928500000.0,4000000.0,4000000.0,0.0,9672100000.0,2084700000.0,7587400000.0,16994237675.0,-461600000.0,0.0,3100000.0,-541500000.0,0.0,-545500000.0,-161500000.0,0.0,244500000.0,900000.0,233800000.0,233800000.0,233800000.0,0.0,0.0,0.044,1208300000.0,419500000.0,1196300000.0,0.0,2.9,18.319,18.27,3115400000.0,0.0,71.8,0.801,0.801,0.0,,5281200000.0,5281200000.0,0.0,,,,,0.0,1208300000.0,1.0,236688547.0,236688547,,22.313,6981800000.0,0.0,109800000.0,1491400000.0,29.498,1730500000.0
17,DLTR,MRQ,2017-03-31,2017-04-29,2017-04-29,2021-08-26,0.0,15994700000.0,,4278100000.0,11716600000.0,,23.737,-108100000.0,1154900000.0,1154900000.0,3660000000.0,200500000.0,1.909,1.852,6297600000.0,165900000.0,6131700000.0,6297600000.0,0.0,153900000.0,0.0,0.0,0.0,388500000.0,542400000.0,0.103,542400000.0,388500000.0,313800000.0,0.85,0.85,0.85,5609000000.0,,5609000000.0,25013780163.0,15.0,10.859,322600000.0,1.365,1.0,1627100000.0,0.308,8570800000.0,74700000.0,10326000000.0,,2878400000.0,4000000.0,4000000.0,0.0,10385700000.0,2240600000.0,8145100000.0,19558380163.0,288500000.0,0.0,11800000.0,-27800000.0,0.0,-33600000.0,-108100000.0,0.0,430700000.0,-500000.0,200500000.0,200500000.0,200500000.0,0.0,0.0,0.038,1238300000.0,388800000.0,1223900000.0,0.0,3.487,22.634,22.615,3093900000.0,0.0,82.77,0.935,0.935,0.0,,5287100000.0,5287100000.0,0.0,,,,,0.0,1238300000.0,1.0,236297936.0,236297936,,22.375,7423900000.0,0.0,113300000.0,1726700000.0,31.418,2037500000.0
18,DLTR,MRQ,2016-12-31,2017-01-28,2017-01-28,2021-08-26,-37600000.0,15701600000.0,,3938000000.0,11763600000.0,,22.83,-115300000.0,866400000.0,866400000.0,3828200000.0,321800000.0,1.87,1.913,6321800000.0,152100000.0,6169700000.0,6321800000.0,0.0,155700000.0,0.0,0.0,0.0,586500000.0,742200000.0,0.132,742200000.0,586500000.0,497700000.0,1.36,1.35,1.36,5389500000.0,,5389500000.0,23831088429.0,14.0,10.174,902700000.0,3.824,1.0,1807300000.0,0.321,8597200000.0,88800000.0,10453900000.0,,2865800000.0,4000000.0,4000000.0,0.0,10312100000.0,2105900000.0,8206200000.0,17481088429.0,132600000.0,0.0,8200000.0,-777700000.0,0.0,-770500000.0,-115300000.0,0.0,1018000000.0,400000.0,321800000.0,321800000.0,321800000.0,0.0,0.0,0.057,1220800000.0,586500000.0,1119600000.0,0.0,3.244,19.506,19.487,3115800000.0,0.0,74.05,0.844,0.844,0.0,2952600000.0,5635500000.0,5635500000.0,0.0,,,,,61600000.0,1220800000.0,1.0,236071417.0,236071417,,23.872,7104400000.0,0.0,175900000.0,1620100000.0,30.094,1832100000.0
19,DLTR,MRQ,2016-09-30,2016-10-29,2016-10-29,2021-08-26,0.0,16195000000.0,,4342400000.0,11852600000.0,,21.409,-95900000.0,733800000.0,733800000.0,3481100000.0,171600000.0,2.035,2.208,7083800000.0,145800000.0,6938000000.0,7083800000.0,0.0,157600000.0,0.0,0.0,0.0,342300000.0,499900000.0,0.1,499900000.0,342300000.0,230200000.0,0.73,0.72,0.73,5047700000.0,,5047700000.0,23940669789.0,15.0,10.675,-120900000.0,-0.513,1.0,1520500000.0,0.304,8621900000.0,112100000.0,11788900000.0,,3273900000.0,4000000.0,4000000.0,0.0,11147300000.0,2134200000.0,9013100000.0,17732669789.0,-359400000.0,0.0,10600000.0,-247400000.0,0.0,-238100000.0,-95900000.0,0.0,-25000000.0,-400000.0,171600000.0,171600000.0,171600000.0,0.0,0.0,0.034,1178100000.0,342400000.0,1266400000.0,0.0,3.513,22.069,21.674,3176300000.0,0.0,75.21,0.867,0.867,0.0,,5001600000.0,5001600000.0,0.0,,,,,0.0,1178100000.0,1.0,235775426.0,235775426,,21.213,7573100000.0,0.0,58600000.0,1567800000.0,32.12,2208200000.0
20,DLTR,MRQ,2016-06-30,2016-07-30,2016-07-30,2021-08-26,0.0,16329400000.0,,4449400000.0,11880000000.0,,20.609,-179600000.0,1093200000.0,1093200000.0,3483900000.0,170200000.0,2.041,2.362,7301200000.0,145500000.0,7155700000.0,7301200000.0,0.0,161900000.0,0.0,0.0,0.0,357200000.0,519100000.0,0.104,519100000.0,357200000.0,269900000.0,0.72,0.72,0.72,4856900000.0,,4856900000.0,29092888384.0,20.0,13.59,189700000.0,0.805,1.0,1512400000.0,0.303,8648000000.0,87300000.0,11709400000.0,,2975100000.0,4000000.0,4000000.0,0.0,11472500000.0,2180000000.0,9292500000.0,22692288384.0,163500000.0,0.0,8300000.0,-33900000.0,0.0,-27100000.0,-179600000.0,0.0,369300000.0,900000.0,170200000.0,170200000.0,170200000.0,0.0,0.0,0.034,1155200000.0,357200000.0,1351500000.0,0.0,4.672,31.791,31.162,3174200000.0,0.0,96.29,1.113,1.113,0.0,,4996300000.0,4996300000.0,0.0,,,,,0.0,1155200000.0,1.0,235666096.0,235666096,,21.201,7681400000.0,0.0,99700000.0,1629600000.0,32.594,2269400000.0
21,DLTR,MRQ,2016-03-31,2016-04-30,2016-04-30,2021-08-26,0.0,16060900000.0,,4172100000.0,11888800000.0,,19.855,-174800000.0,929700000.0,929700000.0,3531200000.0,232700000.0,2.036,2.439,7330300000.0,120500000.0,7209800000.0,7330300000.0,0.0,162300000.0,0.0,0.0,0.0,418900000.0,581200000.0,0.114,581200000.0,418900000.0,331600000.0,0.99,0.98,0.99,4669600000.0,,4669600000.0,25356715568.0,21.0,13.871,136200000.0,0.579,1.0,1554600000.0,0.306,8674400000.0,87300000.0,11738000000.0,,2929500000.0,4000000.0,4000000.0,0.0,11391300000.0,2049100000.0,9342200000.0,18746415568.0,193600000.0,0.0,14400000.0,-20800000.0,0.0,-24800000.0,-92800000.0,82000000.0,311000000.0,200000.0,232700000.0,232700000.0,232700000.0,0.0,0.0,0.046,1135900000.0,418700000.0,1260300000.0,0.0,4.015,42.07,41.733,3153200000.0,0.0,79.71,1.018,1.018,0.0,,5085800000.0,5085800000.0,0.0,,,,,0.0,1135900000.0,1.0,235182732.0,235182732,,21.625,7386500000.0,0.0,98900000.0,1683500000.0,31.407,2123000000.0
22,DLTR,MRQ,2015-12-31,2016-01-30,2016-01-30,2021-08-26,-43100000.0,15901200000.0,,3935900000.0,11965300000.0,,18.769,-143100000.0,736100000.0,736100000.0,3712700000.0,229000000.0,1.878,2.608,7346400000.0,108000000.0,7238400000.0,7346400000.0,0.0,175100000.0,0.0,0.0,0.0,467300000.0,642400000.0,0.12,642400000.0,467300000.0,352500000.0,1.03,1.02,1.03,4406900000.0,,4406900000.0,26330206410.0,25.0,17.151,688400000.0,2.932,1.0,1652600000.0,0.308,8127500000.0,114800000.0,12288600000.0,,2885500000.0,4000000.0,4000000.0,0.0,11494300000.0,2095400000.0,9398900000.0,19093606410.0,-370800000.0,0.0,7700000.0,-1110300000.0,0.0,-1100100000.0,-101800000.0,41300000.0,831500000.0,-400000.0,229000000.0,229000000.0,229000000.0,0.0,0.0,0.043,1182800000.0,469800000.0,1251900000.0,0.0,4.333,67.612,64.031,3125500000.0,0.0,81.32,1.232,1.232,0.0,2056400000.0,5365300000.0,5365300000.0,0.0,,,,,53200000.0,1182800000.0,1.0,234795947.0,234795947,,22.851,7773700000.0,0.0,123500000.0,1670900000.0,33.108,1840500000.0
23,DLTR,MRQ,2015-09-30,2015-10-31,2015-10-31,2021-08-26,0.0,16699000000.0,,4628000000.0,12071000000.0,,17.648,-169600000.0,1106900000.0,1106900000.0,3545200000.0,81900000.0,2.141,3.031,8343500000.0,95500000.0,8248000000.0,8343500000.0,0.0,174900000.0,0.0,0.0,0.0,223100000.0,398000000.0,0.08,398000000.0,223100000.0,124700000.0,0.35,0.35,0.35,4142200000.0,,4142200000.0,22417655559.0,23.0,16.906,-174200000.0,-0.742,1.0,1400000000.0,0.283,8130200000.0,98400000.0,13644200000.0,,3185300000.0,4000000.0,4000000.0,0.0,12556800000.0,2161200000.0,10395600000.0,15371655559.0,-195600000.0,-2100000.0,2300000.0,-21900000.0,0.0,-19600000.0,-171700000.0,-12000000.0,-4600000.0,300000.0,81900000.0,81900000.0,81900000.0,0.0,0.0,0.017,1176300000.0,223700000.0,1259300000.0,0.0,3.711,59.145,53.244,3141000000.0,0.0,65.49,1.219,1.219,0.0,,4945200000.0,4945200000.0,0.0,,,,,0.0,1176300000.0,1.0,234717599.0,234717599,,21.069,8568800000.0,115800000.0,42800000.0,1689700000.0,36.507,2466800000.0
24,DLTR,MRQ,2015-06-30,2015-08-01,2015-08-01,2021-08-26,0.0,16565100000.0,,4524700000.0,12040400000.0,,19.627,-100400000.0,1302500000.0,1302500000.0,2156000000.0,-98000000.0,2.182,3.093,8348500000.0,83000000.0,8265500000.0,8348500000.0,0.0,84800000.0,0.0,0.0,0.0,121700000.0,206500000.0,0.069,206500000.0,121700000.0,-142200000.0,-0.46,-0.46,-0.46,4047000000.0,,4047000000.0,15794321497.0,17.0,13.189,-275200000.0,-1.335,1.0,855200000.0,0.284,8089100000.0,263900000.0,13448700000.0,,2825100000.0,4000000.0,4000000.0,0.0,12518100000.0,2073300000.0,10444800000.0,16089121497.0,432100000.0,-6525600000.0,1300000.0,900000.0,0.0,1900000.0,606100000.0,0.0,-174800000.0,-1100000.0,-98000000.0,-98000000.0,-98000000.0,0.0,0.0,-0.033,731800000.0,123400000.0,1152500000.0,0.0,3.976,51.734,51.0,3151900000.0,0.0,78.03,1.649,1.649,0.0,,3011200000.0,3011200000.0,0.0,,,,,0.0,731800000.0,1.0,206191484.0,206191484,,14.604,8476000000.0,85500000.0,-44200000.0,1689500000.0,41.107,2451400000.0
25,DLTR,MRQ,2015-03-31,2015-05-02,2015-05-02,2021-08-26,0.0,10869200000.0,,9335600000.0,1533600000.0,,9.092,-66900000.0,8114500000.0,8114500000.0,1427800000.0,69500000.0,9.196,4.81,7819700000.0,0.0,7819700000.0,7819700000.0,0.0,52800000.0,0.0,0.0,0.0,235400000.0,288200000.0,0.132,288200000.0,235400000.0,113200000.0,0.34,0.34,0.34,1870800000.0,,1870800000.0,15886614229.0,15.0,12.751,83500000.0,0.406,1.0,748900000.0,0.344,167200000.0,122200000.0,9392000000.0,,1093500000.0,0.0,0.0,0.0,8998400000.0,1015200000.0,7983200000.0,15993714229.0,6300000.0,0.0,2600000.0,7175000000.0,0.0,7166600000.0,-7311000000.0,0.0,150400000.0,300000.0,69500000.0,69500000.0,69500000.0,0.0,0.0,0.032,516100000.0,232800000.0,515600000.0,0.0,8.549,30.148,30.128,1226000000.0,0.0,77.73,1.822,1.822,0.0,,2176700000.0,2176700000.0,0.0,,,,,0.0,516100000.0,1.0,205759864.0,205759864,,10.579,10702000000.0,58400000.0,43700000.0,31400000.0,52.012,8320400000.0
26,DLTR,MRQ,2014-12-31,2015-01-31,2015-01-31,2021-08-26,-34100000.0,3492700000.0,,1994600000.0,1498100000.0,,8.68,-71300000.0,864100000.0,864100000.0,1557500000.0,206500000.0,2.315,0.957,682700000.0,0.0,682700000.0,682700000.0,0.0,54400000.0,0.0,0.0,0.0,378900000.0,433300000.0,0.175,433300000.0,378900000.0,324600000.0,1.0,1.0,1.0,1785000000.0,,1785000000.0,14971422081.0,14.0,12.072,483000000.0,2.349,1.0,918100000.0,0.371,165800000.0,54300000.0,2283900000.0,,1035700000.0,0.0,0.0,0.0,1707700000.0,861600000.0,846100000.0,14622022081.0,456500000.0,0.0,1100000.0,-11800000.0,0.0,-25800000.0,-71200000.0,0.0,554300000.0,-800000.0,206500000.0,206500000.0,206500000.0,0.0,0.0,0.083,534500000.0,383600000.0,433600000.0,0.0,8.192,24.403,24.433,1210500000.0,0.0,71.1,1.7,1.7,0.0,1774000000.0,2475600000.0,2475600000.0,0.0,,,,,38300000.0,534500000.0,1.0,205654319.0,205654319,,12.038,3326900000.0,58900000.0,118100000.0,49200000.0,16.177,1133000000.0
27,DLTR,MRQ,2014-09-30,2014-11-01,2014-11-01,2021-08-26,0.0,3367700000.0,,1796100000.0,1571600000.0,,7.709,-92800000.0,407600000.0,407600000.0,1369900000.0,133000000.0,2.073,1.125,757000000.0,0.0,757000000.0,757000000.0,0.0,50900000.0,0.0,0.0,0.0,218600000.0,269500000.0,0.129,269500000.0,218600000.0,209300000.0,0.65,0.64,0.65,1585100000.0,,1585100000.0,12744044106.0,13.0,10.573,-69600000.0,-0.338,1.0,725300000.0,0.346,170500000.0,9300000.0,2680100000.0,,1304900000.0,0.0,0.0,0.0,1782600000.0,866500000.0,916100000.0,12454744106.0,-60100000.0,0.0,1100000.0,0.0,0.0,1100000.0,-83900000.0,9000000.0,23200000.0,-500000.0,133000000.0,133000000.0,133000000.0,0.0,0.0,0.063,505600000.0,219700000.0,545000000.0,0.0,7.857,20.556,20.743,1193400000.0,0.0,60.57,1.49,1.49,0.0,,2095200000.0,2095200000.0,0.0,,,,,0.0,505600000.0,1.0,205625625.0,205625625,,10.189,3197200000.0,75000000.0,76300000.0,14300000.0,15.549,929600000.0
28,DLTR,MRQ,2014-06-30,2014-08-02,2014-08-02,2021-08-26,0.0,3129900000.0,,1663200000.0,1466700000.0,,7.002,-88300000.0,467700000.0,467700000.0,1337000000.0,121500000.0,2.124,1.161,740200000.0,0.0,740200000.0,740200000.0,0.0,49900000.0,0.0,0.0,0.0,205000000.0,254900000.0,0.125,254900000.0,205000000.0,196600000.0,0.59,0.59,0.59,1448100000.0,,1448100000.0,11682689580.0,12.0,9.831,78800000.0,0.381,1.0,694100000.0,0.342,171900000.0,8400000.0,2447500000.0,,1084000000.0,0.0,0.0,0.0,1681800000.0,783000000.0,898800000.0,11312789580.0,80600000.0,0.0,1400000.0,0.0,0.0,1600000.0,-88300000.0,0.0,167100000.0,200000.0,121500000.0,121500000.0,121500000.0,0.0,0.0,0.06,489100000.0,205000000.0,524200000.0,0.0,7.812,18.908,19.193,1153400000.0,0.0,54.7,1.388,1.388,0.0,,2031100000.0,2031100000.0,0.0,,,,,0.0,489100000.0,1.0,206815166.0,206815166,,9.821,2958000000.0,59300000.0,75100000.0,2700000.0,14.303,880200000.0
29,DLTR,MRQ,2014-03-31,2014-05-03,2014-05-03,2021-08-26,0.0,2953900000.0,,1537000000.0,1416900000.0,,6.39,-71600000.0,387100000.0,387100000.0,1303700000.0,138300000.0,2.121,1.242,752900000.0,0.0,752900000.0,752900000.0,0.0,50700000.0,0.0,0.0,0.0,231900000.0,282600000.0,0.141,282600000.0,231900000.0,223800000.0,0.67,0.67,0.67,1317800000.0,,1317800000.0,11328912290.0,11.0,9.588,126600000.0,0.614,1.0,696600000.0,0.348,169600000.0,8100000.0,2425600000.0,,1042900000.0,0.0,0.0,0.0,1636100000.0,724500000.0,911600000.0,10826812290.0,119400000.0,0.0,1900000.0,-12800000.0,0.0,-7500000.0,-71600000.0,0.0,198200000.0,300000.0,138300000.0,138300000.0,138300000.0,0.0,0.0,0.069,464700000.0,231900000.0,447000000.0,0.0,8.216,18.0,18.617,1115500000.0,0.0,52.5,1.358,1.358,0.0,,2000300000.0,2000300000.0,0.0,,,,,0.0,464700000.0,1.0,206224996.0,206224996,,9.7,2784300000.0,44500000.0,85500000.0,86600000.0,13.501,812500000.0
30,DLTR,MRQ,2013-12-31,2014-02-01,2014-02-01,2021-08-26,-16900000.0,2771900000.0,,1378500000.0,1393400000.0,,5.626,-46800000.0,267700000.0,267700000.0,1409700000.0,213100000.0,2.009,1.368,769800000.0,12800000.0,757000000.0,769800000.0,0.0,50200000.0,0.0,0.0,0.0,348100000.0,398300000.0,0.178,398300000.0,348100000.0,339100000.0,1.01,0.99,1.01,1170700000.0,,1170700000.0,11385608678.0,12.0,9.813,380600000.0,1.829,1.0,825200000.0,0.369,169300000.0,9000000.0,2418400000.0,,1035300000.0,0.0,0.0,0.0,1601200000.0,686300000.0,914900000.0,10512908678.0,120600000.0,0.0,1000000.0,-250000000.0,0.0,-248800000.0,-55600000.0,-8800000.0,427400000.0,-2400000.0,213100000.0,213100000.0,213100000.0,0.0,0.0,0.095,477000000.0,348200000.0,393900000.0,0.0,8.98,17.618,18.438,1094000000.0,0.0,50.52,1.341,1.341,0.0,1174800000.0,2234900000.0,2234900000.0,0.0,,,,,37000000.0,477000000.0,1.0,208093996.0,208093996,,10.74,2602600000.0,43000000.0,126000000.0,52800000.0,12.507,692200000.0
31,DLTR,MRQ,2013-09-30,2013-11-02,2013-11-02,2021-08-26,0.0,2882800000.0,,1487800000.0,1395000000.0,,4.3,-84500000.0,147100000.0,147100000.0,1224800000.0,125400000.0,1.94,2.006,1019800000.0,12800000.0,1007000000.0,1019800000.0,0.0,48600000.0,0.0,0.0,0.0,204000000.0,252600000.0,0.134,252600000.0,204000000.0,198800000.0,0.58,0.58,0.58,959000000.0,,959000000.0,12828444937.0,13.0,10.944,-18100000.0,-0.081,1.0,659900000.0,0.35,171600000.0,5200000.0,2817100000.0,,1237400000.0,0.0,0.0,0.0,1923800000.0,766800000.0,1157000000.0,12972344937.0,-266600000.0,0.0,-998500000.0,750000000.0,0.0,-248500000.0,-84500000.0,0.0,66400000.0,0.0,125400000.0,125400000.0,125400000.0,0.0,0.0,0.067,455600000.0,204300000.0,526400000.0,0.0,13.527,21.19,21.23,1101900000.0,0.0,58.17,1.652,1.652,0.0,,1884700000.0,1884700000.0,0.0,,,,,0.0,455600000.0,1.0,223007477.0,223007477,,8.451,2711200000.0,43300000.0,73400000.0,5300000.0,12.157,721000000.0
32,DLTR,MRQ,2013-06-30,2013-08-03,2013-08-03,2021-08-26,0.0,2908300000.0,,1533200000.0,1375100000.0,,8.157,-96400000.0,413700000.0,413700000.0,1206200000.0,124700000.0,2.282,0.593,269800000.0,12800000.0,257000000.0,269800000.0,0.0,46600000.0,0.0,0.0,0.0,201500000.0,248100000.0,0.134,248100000.0,201500000.0,200800000.0,0.56,0.56,0.56,1825900000.0,,1825900000.0,12060078509.0,12.0,9.983,74600000.0,0.333,1.0,648700000.0,0.35,171700000.0,700000.0,1920900000.0,,1018300000.0,0.0,0.0,0.0,1082400000.0,671800000.0,410600000.0,12172078509.0,30400000.0,0.0,-42200000.0,-1500000.0,0.0,-43100000.0,-96700000.0,0.0,171000000.0,-800000.0,124700000.0,124700000.0,124700000.0,0.0,0.0,0.067,447400000.0,201300000.0,418800000.0,0.0,6.666,18.954,19.148,1066500000.0,0.0,54.38,1.583,1.583,0.0,,1854900000.0,1854900000.0,0.0,,,,,0.0,447400000.0,1.0,223833735.0,223833735,,8.287,2736600000.0,52100000.0,76100000.0,24000000.0,12.226,861400000.0
33,DLTR,MRQ,2013-03-31,2013-05-04,2013-05-04,2021-08-26,0.0,2811800000.0,,1489800000.0,1322000000.0,,7.746,-103200000.0,383300000.0,383300000.0,1209800000.0,133500000.0,2.247,0.616,271300000.0,14300000.0,257000000.0,271300000.0,0.0,45100000.0,0.0,0.0,0.0,216200000.0,261300000.0,0.14,261300000.0,216200000.0,215600000.0,0.6,0.59,0.6,1739700000.0,,1739700000.0,10799992172.0,11.0,9.095,26100000.0,0.116,1.0,656000000.0,0.352,172900000.0,600000.0,1863900000.0,,1009500000.0,0.0,0.0,0.0,1072100000.0,663000000.0,409100000.0,10928592172.0,-16600000.0,0.0,-66400000.0,0.0,0.0,-57400000.0,-88200000.0,15000000.0,129300000.0,-300000.0,133500000.0,133500000.0,133500000.0,0.0,0.0,0.072,439400000.0,216600000.0,392600000.0,0.0,6.282,17.164,17.379,1018200000.0,0.0,48.66,1.45,1.45,0.0,,1865800000.0,1865800000.0,0.0,,,,,0.0,439400000.0,1.0,224590879.0,224590879,,8.308,2638900000.0,43900000.0,82100000.0,77200000.0,11.75,826800000.0
34,DLTR,MRQ,2012-12-31,2013-02-02,2013-02-02,2021-08-26,-1500000.0,2752000000.0,,1473500000.0,1278500000.0,,7.338,-76500000.0,399900000.0,399900000.0,1395000000.0,228600000.0,2.179,0.651,271300000.0,14300000.0,257000000.0,271300000.0,0.0,46900000.0,0.0,0.0,0.0,363300000.0,410200000.0,0.183,410200000.0,363300000.0,362900000.0,1.0,0.99,1.0,1667300000.0,,1667300000.0,9157418160.0,9.0,7.915,288400000.0,1.269,1.0,850800000.0,0.379,173300000.0,400000.0,1773900000.0,,971700000.0,0.0,0.0,0.0,1084700000.0,676200000.0,408500000.0,9115518160.0,177500000.0,0.0,-103700000.0,6700000.0,0.0,-100000000.0,-87200000.0,-11000000.0,364900000.0,-200000.0,228600000.0,228600000.0,228600000.0,0.0,0.0,0.102,487300000.0,363500000.0,346500000.0,0.0,5.467,14.719,14.859,960700000.0,0.0,40.12,1.233,1.233,0.0,1666300000.0,2245800000.0,2245800000.0,0.0,,,,,35500000.0,487300000.0,1.0,227206335.0,227206335,,9.884,2578700000.0,50800000.0,134300000.0,85200000.0,11.35,797300000.0
35,DLTR,MRQ,2012-09-30,2012-10-27,2012-10-27,2021-08-26,0.0,2639300000.0,,1408500000.0,1230800000.0,,6.681,-96600000.0,222400000.0,222400000.0,1120900000.0,155400000.0,2.009,0.715,264300000.0,14300000.0,250000000.0,264300000.0,0.0,43600000.0,0.0,0.0,0.0,244900000.0,288500000.0,0.168,288500000.0,244900000.0,244100000.0,0.68,0.68,0.68,1538900000.0,,1538900000.0,9062967031.0,10.0,8.292,-63000000.0,-0.274,1.0,599600000.0,0.349,173300000.0,800000.0,1806900000.0,,1133200000.0,0.0,0.0,0.0,1100400000.0,701000000.0,399400000.0,9178467031.0,-157400000.0,62300000.0,-157300000.0,0.0,0.0,-157100000.0,-34300000.0,0.0,33600000.0,400000.0,155400000.0,155400000.0,155400000.0,0.0,0.0,0.09,415400000.0,184200000.0,420000000.0,0.0,5.964,15.863,16.004,932400000.0,0.0,39.85,1.294,1.294,0.0,,1720500000.0,1720500000.0,0.0,,,,,0.0,415400000.0,1.0,230325396.0,230325396,,7.47,2466000000.0,41200000.0,88700000.0,39400000.0,10.707,707500000.0
36,DLTR,MRQ,2012-06-30,2012-07-28,2012-07-28,2021-08-26,0.0,2499700000.0,,1321600000.0,1178100000.0,,6.566,-74700000.0,379800000.0,379800000.0,1105000000.0,119200000.0,2.275,0.641,264300000.0,14300000.0,250000000.0,264300000.0,0.0,43000000.0,0.0,0.0,0.0,184400000.0,227400000.0,0.133,227400000.0,184400000.0,183300000.0,0.52,0.51,0.52,1523000000.0,,1523000000.0,11935654440.0,14.0,11.813,70600000.0,0.304,1.0,599600000.0,0.352,173100000.0,1100000.0,1630300000.0,,891700000.0,0.0,0.0,0.0,976700000.0,580800000.0,395900000.0,12052454440.0,-2500000.0,0.0,-70600000.0,-1200000.0,0.0,-71300000.0,-75000000.0,0.0,145300000.0,-1500000.0,119200000.0,119200000.0,119200000.0,0.0,0.0,0.07,415200000.0,184400000.0,352400000.0,0.0,7.914,22.84,23.093,879800000.0,0.0,51.96,1.729,1.729,0.0,,1704600000.0,1704600000.0,0.0,,,,,0.0,415200000.0,1.0,231956398.0,231956398,,7.349,2326600000.0,42500000.0,64100000.0,26000000.0,10.03,740800000.0
37,DLTR,MRQ,2012-03-31,2012-04-28,2012-04-28,2021-08-26,0.0,2451100000.0,,1304400000.0,1146700000.0,,6.401,-65400000.0,382300000.0,382300000.0,1120900000.0,116100000.0,1.599,0.655,265500000.0,265500000.0,0.0,265500000.0,0.0,41800000.0,0.0,0.0,0.0,189100000.0,230900000.0,0.134,230900000.0,189100000.0,188600000.0,0.5,0.5,0.5,1480600000.0,,1480600000.0,11767998678.0,15.0,12.062,69100000.0,0.299,1.0,602700000.0,0.35,174000000.0,500000.0,1344300000.0,,875000000.0,0.0,0.0,0.0,970500000.0,816000000.0,154500000.0,11790798678.0,94000000.0,0.0,1400000.0,0.0,0.0,25000000.0,-65400000.0,0.0,134500000.0,-100000.0,116100000.0,116100000.0,116100000.0,0.0,0.0,0.067,414700000.0,188000000.0,319100000.0,0.0,7.964,23.422,24.045,848800000.0,0.0,50.975,1.732,1.732,0.0,,1723600000.0,1723600000.0,0.0,,,,,0.0,414700000.0,1.0,231305516.0,231305516,,7.452,2277100000.0,37100000.0,72500000.0,60100000.0,9.845,488400000.0
38,DLTR,MRQ,2011-12-31,2012-01-28,2012-01-28,2021-08-26,-600000.0,2328600000.0,,1209400000.0,1119200000.0,,5.648,-53300000.0,288300000.0,288300000.0,1211100000.0,187900000.0,2.082,0.732,265500000.0,15500000.0,250000000.0,265500000.0,0.0,44000000.0,0.0,0.0,0.0,302200000.0,346200000.0,0.178,346200000.0,302200000.0,301500000.0,0.79,0.78,0.79,1344600000.0,,1344600000.0,10059584125.0,13.0,10.63,314500000.0,1.321,1.0,734500000.0,0.378,173100000.0,700000.0,1551700000.0,,867400000.0,0.0,0.0,0.0,984000000.0,581000000.0,403000000.0,10074284125.0,8100000.0,0.0,-298400000.0,-2000000.0,0.0,-295600000.0,-64100000.0,-11000000.0,367800000.0,0.0,187900000.0,187900000.0,187900000.0,0.0,0.0,0.097,432500000.0,302000000.0,286700000.0,0.0,7.492,20.631,20.847,825300000.0,0.0,42.32,1.519,1.519,0.0,1344100000.0,1945600000.0,1945600000.0,0.0,,,,,31600000.0,432500000.0,1.0,238050192.0,238050192,,8.173,2155500000.0,43000000.0,113600000.0,78800000.0,9.055,628400000.0
39,DLTR,MRQ,2011-09-30,2011-10-29,2011-10-29,2021-08-26,0.0,2431200000.0,,1332500000.0,1098700000.0,,5.929,-75500000.0,280200000.0,280200000.0,1036000000.0,104500000.0,2.27,0.68,265500000.0,15500000.0,250000000.0,265500000.0,0.0,41100000.0,0.0,0.0,0.0,164800000.0,205900000.0,0.129,205900000.0,164800000.0,164200000.0,0.44,0.43,0.44,1446900000.0,,1446900000.0,9466897396.0,13.0,10.504,-16000000.0,-0.066,1.0,560600000.0,0.351,173500000.0,600000.0,1655900000.0,,1005400000.0,0.0,0.0,0.0,984300000.0,587100000.0,397200000.0,9622997396.0,-141400000.0,0.0,-248200000.0,0.0,0.0,-248200000.0,48300000.0,123800000.0,59500000.0,-1000000.0,104500000.0,104500000.0,104500000.0,0.0,0.0,0.065,395700000.0,164900000.0,351900000.0,0.0,6.651,20.789,20.976,816500000.0,0.0,39.435,1.501,1.501,0.0,,1596600000.0,1596600000.0,0.0,,,,,0.0,395700000.0,1.0,244021742.0,244021742,,6.543,2257700000.0,15000000.0,59700000.0,25900000.0,9.252,745400000.0
40,DLTR,MRQ,2011-06-30,2011-07-30,2011-07-30,2021-08-26,0.0,2478900000.0,,1408300000.0,1070600000.0,,6.492,-63000000.0,421600000.0,421600000.0,1000000000.0,94900000.0,2.84,0.561,265500000.0,15500000.0,250000000.0,265500000.0,0.0,39600000.0,0.0,0.0,0.0,153000000.0,192600000.0,0.125,192600000.0,153000000.0,152300000.0,0.39,0.39,0.39,1587700000.0,,1587700000.0,7993606571.0,11.0,9.077,39900000.0,0.163,1.0,542400000.0,0.352,175000000.0,700000.0,1652000000.0,,813900000.0,123800000.0,123800000.0,0.0,891200000.0,495800000.0,395400000.0,8098406571.0,50300000.0,0.0,-3700000.0,0.0,0.0,-4400000.0,-48200000.0,15200000.0,102900000.0,0.0,94900000.0,94900000.0,94900000.0,0.0,0.0,0.062,388900000.0,153500000.0,302700000.0,0.0,5.101,17.933,18.346,783100000.0,0.0,33.115,1.298,1.298,0.0,,1542400000.0,1542400000.0,0.0,,,,,0.0,388900000.0,1.0,244554026.0,244554026,,6.307,2303900000.0,17800000.0,57400000.0,24000000.0,9.421,912500000.0
41,DLTR,MRQ,2011-03-31,2011-04-30,2011-04-30,2021-08-26,0.0,2381300000.0,,1325500000.0,1055800000.0,,6.091,-58300000.0,371300000.0,371300000.0,1005100000.0,101000000.0,2.626,0.602,266500000.0,16500000.0,250000000.0,266500000.0,0.0,39200000.0,0.0,0.0,0.0,162400000.0,201600000.0,0.13,201600000.0,162400000.0,161500000.0,0.41,0.41,0.41,1486700000.0,,1486700000.0,6972669920.0,10.0,8.165,98000000.0,0.402,1.0,540800000.0,0.35,175000000.0,900000.0,1596800000.0,,771200000.0,139000000.0,139000000.0,0.0,894600000.0,504700000.0,389900000.0,7017369920.0,60100000.0,0.0,-84700000.0,0.0,0.0,-75000000.0,-22100000.0,35800000.0,156300000.0,900000.0,101000000.0,101000000.0,101000000.0,0.0,0.0,0.065,379100000.0,161700000.0,276000000.0,0.0,4.72,16.143,16.715,760200000.0,0.0,28.75,1.155,1.155,0.0,,1545900000.0,1545900000.0,0.0,,,,,0.0,379100000.0,1.0,244082432.0,244082432,,6.334,2206300000.0,25100000.0,60500000.0,57000000.0,9.039,820800000.0
42,DLTR,MRQ,2010-12-31,2011-01-29,2011-01-29,2021-08-26,-400000.0,2380500000.0,,1333300000.0,1047200000.0,,5.826,-32000000.0,311200000.0,311200000.0,1077400000.0,162500000.0,2.502,0.632,266500000.0,16500000.0,250000000.0,266500000.0,0.0,42100000.0,0.0,0.0,0.0,259100000.0,301200000.0,0.175,301200000.0,259100000.0,258100000.0,0.64,0.64,0.64,1459000000.0,,1459000000.0,6342018127.0,10.0,7.975,311900000.0,1.245,1.0,647900000.0,0.376,173100000.0,1000000.0,1629900000.0,,803100000.0,174800000.0,174800000.0,0.0,921500000.0,532800000.0,388700000.0,6385018127.0,1700000.0,-49400000.0,-139400000.0,-15100000.0,0.0,-153400000.0,-188100000.0,-106700000.0,343900000.0,-700000.0,162500000.0,162500000.0,162500000.0,0.0,0.0,0.094,389200000.0,258700000.0,261400000.0,0.0,4.376,16.071,16.343,741100000.0,0.0,25.495,1.085,1.085,0.0,1458200000.0,1725300000.0,1725300000.0,0.0,,,,,28300000.0,389200000.0,1.0,250441974.0,250441974,,6.889,2207400000.0,54300000.0,95600000.0,79600000.0,8.814,800500000.0
43,DLTR,MRQ,2010-09-30,2010-10-30,2010-10-30,2021-08-26,0.0,2362100000.0,,1366400000.0,995700000.0,,5.562,-56600000.0,309500000.0,309500000.0,920600000.0,93200000.0,2.412,0.673,266500000.0,16500000.0,250000000.0,266500000.0,0.0,38900000.0,0.0,0.0,0.0,146300000.0,185200000.0,0.13,185200000.0,146300000.0,144700000.0,0.365,0.365,0.365,1412200000.0,,1412200000.0,6351428885.0,11.0,8.429,-35600000.0,-0.14,1.0,506000000.0,0.355,133300000.0,1600000.0,1619300000.0,,934900000.0,82500000.0,82500000.0,0.0,949900000.0,566500000.0,383400000.0,6514228885.0,-119800000.0,0.0,-52800000.0,0.0,0.0,-52600000.0,-88200000.0,-31600000.0,21000000.0,0.0,93200000.0,93200000.0,93200000.0,0.0,0.0,0.065,365100000.0,140900000.0,303200000.0,0.0,4.613,17.616,18.067,741400000.0,0.0,25.655,1.14,1.14,0.0,,1426600000.0,1426600000.0,0.0,,,,,0.0,365100000.0,1.0,253916542.0,253916542,,5.618,2228800000.0,40000000.0,51500000.0,34300000.0,8.778,799900000.0
44,DLTR,MRQ,2010-06-30,2010-07-31,2010-07-31,2021-08-26,0.0,2257300000.0,,1261700000.0,995600000.0,,5.429,-45000000.0,429300000.0,429300000.0,894400000.0,78000000.0,2.565,0.634,266500000.0,16500000.0,250000000.0,266500000.0,0.0,39400000.0,0.0,0.0,0.0,126600000.0,166000000.0,0.12,166000000.0,126600000.0,125000000.0,0.305,0.305,0.305,1381500000.0,,1381500000.0,5567953250.0,10.0,7.793,73000000.0,0.287,1.0,483500000.0,0.351,133300000.0,1600000.0,1469300000.0,,751600000.0,51000000.0,51000000.0,0.0,875800000.0,491900000.0,383900000.0,5639053250.0,90700000.0,0.0,2700000.0,0.0,0.0,1800000.0,-29100000.0,16100000.0,118000000.0,0.0,78000000.0,78000000.0,78000000.0,0.0,0.0,0.057,355700000.0,127800000.0,288600000.0,0.0,4.082,16.355,16.916,724100000.0,0.0,22.16,1.018,1.018,0.0,,1377900000.0,1377900000.0,0.0,,,,,0.0,355700000.0,1.0,254469912.0,254469912,,5.415,2124000000.0,52700000.0,47000000.0,43000000.0,8.347,769800000.0
45,DLTR,MRQ,2010-03-31,2010-05-01,2010-05-01,2021-08-26,0.0,2142700000.0,,1144800000.0,997900000.0,,4.93,-45100000.0,338600000.0,338600000.0,902400000.0,63600000.0,2.445,0.657,267500000.0,17500000.0,250000000.0,267500000.0,0.0,39300000.0,0.0,0.0,0.0,103500000.0,142800000.0,0.106,142800000.0,103500000.0,102100000.0,0.245,0.245,0.245,1293000000.0,,1293000000.0,5004179384.0,10.0,7.394,-9300000.0,-0.035,1.0,450200000.0,0.333,133300000.0,1400000.0,1470100000.0,,707700000.0,51500000.0,51500000.0,0.0,849700000.0,468200000.0,381500000.0,5308279384.0,-233000000.0,0.0,-207500000.0,0.0,0.0,-200100000.0,-68700000.0,-23600000.0,35800000.0,0.0,63600000.0,63600000.0,63600000.0,0.0,0.0,0.047,347600000.0,102600000.0,258600000.0,0.0,4.105,16.399,16.658,719400000.0,0.0,20.24,0.986,0.986,0.0,,1352600000.0,1352600000.0,0.0,,,,,0.0,347600000.0,1.0,262266768.0,262266768,,5.157,2009400000.0,43500000.0,38500000.0,52700000.0,7.662,676600000.0
46,DLTR,MRQ,2009-12-31,2010-01-30,2010-01-30,2021-08-26,-2400000.0,2289700000.0,,1305600000.0,984100000.0,,5.398,-51000000.0,571600000.0,571600000.0,980200000.0,135000000.0,2.743,0.602,267500000.0,17500000.0,250000000.0,267500000.0,0.0,41300000.0,0.0,0.0,0.0,218200000.0,259500000.0,0.166,259500000.0,218200000.0,216900000.0,0.505,0.5,0.505,1429200000.0,,1429200000.0,4296123346.0,8.0,6.406,307400000.0,1.161,1.0,578400000.0,0.371,133300000.0,1300000.0,1376400000.0,,679800000.0,27800000.0,27800000.0,0.0,860500000.0,475900000.0,384600000.0,4370723346.0,229500000.0,0.0,-34300000.0,-400000.0,0.0,-34300000.0,-94600000.0,-43600000.0,358400000.0,0.0,135000000.0,135000000.0,135000000.0,0.0,0.0,0.087,360000000.0,218400000.0,219900000.0,0.0,3.058,13.637,13.813,714300000.0,0.0,16.507,0.836,0.836,0.0,1430700000.0,1558600000.0,1558600000.0,0.0,,,,,21700000.0,360000000.0,1.0,264785340.0,264785340,,5.886,2156400000.0,41200000.0,81900000.0,63000000.0,8.144,829700000.0
47,DLTR,MRQ,2009-09-30,2009-10-31,2009-10-31,2021-08-26,0.0,2180500000.0,,1220700000.0,959800000.0,,4.94,-45800000.0,342100000.0,342100000.0,807500000.0,68200000.0,2.605,0.646,267500000.0,17500000.0,250000000.0,267500000.0,0.0,38600000.0,0.0,0.0,0.0,107600000.0,146200000.0,0.117,146200000.0,107600000.0,106000000.0,0.255,0.255,0.255,1324900000.0,,1324900000.0,3943504773.0,9.0,6.381,42800000.0,0.16,1.0,441200000.0,0.353,133300000.0,1600000.0,1504000000.0,,846200000.0,0.0,0.0,0.0,855600000.0,468600000.0,387000000.0,4034204773.0,-16100000.0,0.0,-59700000.0,0.0,0.0,-58900000.0,-45800000.0,0.0,88600000.0,0.0,68200000.0,68200000.0,68200000.0,0.0,0.0,0.055,333600000.0,107600000.0,261400000.0,0.0,3.045,13.878,14.02,705100000.0,0.0,15.043,0.797,0.797,0.0,,1248700000.0,1248700000.0,0.0,,,,,0.0,333600000.0,1.0,268172265.0,268172265,,4.656,2047200000.0,34400000.0,37800000.0,26900000.0,7.634,752100000.0
48,DLTR,MRQ,2009-06-30,2009-08-01,2009-08-01,2021-08-26,0.0,2135100000.0,,1167000000.0,968100000.0,,4.859,-33900000.0,358200000.0,358200000.0,801000000.0,56900000.0,2.641,0.629,267500000.0,17500000.0,250000000.0,267500000.0,0.0,39100000.0,0.0,0.0,0.0,89200000.0,128300000.0,0.105,128300000.0,89200000.0,87900000.0,0.21,0.21,0.21,1310400000.0,,1310400000.0,4058397340.0,10.0,7.004,45500000.0,0.169,1.0,421800000.0,0.345,133300000.0,1300000.0,1469200000.0,,741200000.0,0.0,0.0,0.0,824700000.0,441900000.0,382800000.0,4145997340.0,3000000.0,0.0,-40500000.0,0.0,0.0,-38500000.0,-37900000.0,-4000000.0,79400000.0,0.0,56900000.0,56900000.0,56900000.0,0.0,0.0,0.047,332600000.0,89200000.0,273800000.0,0.0,3.164,15.61,15.719,698600000.0,0.0,15.373,0.842,0.842,0.0,,1222800000.0,1222800000.0,0.0,,,,,0.0,332600000.0,1.0,269687598.0,269687598,,4.534,2001800000.0,47900000.0,31000000.0,24900000.0,7.423,725100000.0
49,DLTR,MRQ,2009-03-31,2009-05-02,2009-05-02,2021-08-26,0.0,2073700000.0,,1109200000.0,964500000.0,,4.726,-34100000.0,355200000.0,355200000.0,785700000.0,60400000.0,2.677,0.618,267600000.0,17600000.0,250000000.0,267600000.0,0.0,38800000.0,0.0,0.0,0.0,97600000.0,136400000.0,0.114,136400000.0,97600000.0,96800000.0,0.223,0.22,0.223,1281500000.0,,1281500000.0,3656768032.0,9.0,6.62,20500000.0,0.076,1.0,415400000.0,0.346,133300000.0,800000.0,1438400000.0,,688200000.0,0.0,0.0,0.0,792200000.0,414400000.0,377800000.0,3753568032.0,-9200000.0,0.0,-30300000.0,0.0,0.0,-29600000.0,-34200000.0,-100000.0,54600000.0,0.0,60400000.0,60400000.0,60400000.0,0.0,0.0,0.05,317800000.0,97600000.0,208600000.0,0.0,2.929,15.24,15.246,705000000.0,0.0,13.843,0.783,0.783,0.0,,1201100000.0,1201100000.0,0.0,,,,,0.0,317800000.0,1.0,271146258.0,271146258,,4.43,1940400000.0,41500000.0,36400000.0,57900000.0,7.156,694800000.0
50,DLTR,MRQ,2008-12-31,2009-01-31,2009-01-31,2021-08-26,-2600000.0,2035700000.0,,1073200000.0,962500000.0,,4.61,-27100000.0,364400000.0,364400000.0,893300000.0,105200000.0,2.618,0.624,267600000.0,17600000.0,250000000.0,267600000.0,0.0,41900000.0,0.0,0.0,0.0,165200000.0,207100000.0,0.149,207100000.0,165200000.0,164300000.0,0.385,0.388,0.385,1253200000.0,,1253200000.0,4059435509.0,11.0,7.696,289500000.0,1.065,1.0,493200000.0,0.356,133300000.0,900000.0,1395700000.0,,675800000.0,0.0,0.0,0.0,782500000.0,409900000.0,372600000.0,3870435509.0,285800000.0,0.0,5600000.0,-1200000.0,0.0,6400000.0,-37200000.0,-10100000.0,316600000.0,0.0,105200000.0,105200000.0,105200000.0,0.0,0.0,0.076,328000000.0,165200000.0,192900000.0,0.0,3.088,16.865,16.848,710300000.0,0.0,14.237,0.833,0.833,0.0,1216900000.0,1386500000.0,1386500000.0,0.0,,,,,16700000.0,328000000.0,1.0,271863885.0,271863885,,5.1,1902400000.0,40700000.0,59100000.0,61600000.0,6.998,663300000.0
51,DLTR,MRQ,2008-09-30,2008-11-01,2008-11-01,2021-08-26,0.0,1921700000.0,,960700000.0,961000000.0,,4.203,-38800000.0,78600000.0,78600000.0,734600000.0,43100000.0,2.332,0.686,267600000.0,17600000.0,250000000.0,267600000.0,0.0,38300000.0,0.0,0.0,0.0,69300000.0,107600000.0,0.097,107600000.0,69300000.0,67000000.0,0.16,0.157,0.16,1140100000.0,,1140100000.0,3591405873.0,10.0,6.868,-43400000.0,-0.16,1.0,379400000.0,0.341,133300000.0,2300000.0,1565500000.0,,836500000.0,0.0,0.0,0.0,781600000.0,411900000.0,369700000.0,3438005873.0,-36000000.0,0.0,7200000.0,0.0,0.0,7800000.0,-39200000.0,-300000.0,-4600000.0,0.0,43100000.0,43100000.0,43100000.0,0.0,0.0,0.039,310100000.0,69300000.0,238400000.0,0.0,3.016,15.699,15.901,725800000.0,0.0,12.673,0.754,0.754,0.0,,1114000000.0,1114000000.0,0.0,,,,,0.0,310100000.0,1.0,271278738.0,271278738,,4.106,1788400000.0,22900000.0,23900000.0,22700000.0,6.592,548800000.0
52,DLTR,MRQ,2008-06-30,2008-08-02,2008-08-02,2021-08-26,0.0,1864700000.0,,895800000.0,968900000.0,,4.02,-32700000.0,114600000.0,114600000.0,730000000.0,37600000.0,2.175,0.717,268000000.0,18000000.0,250000000.0,268000000.0,0.0,39700000.0,0.0,0.0,0.0,61600000.0,101300000.0,0.093,101300000.0,61600000.0,59700000.0,0.14,0.14,0.14,1086300000.0,,1086300000.0,3541749203.0,10.0,6.876,23900000.0,0.088,1.0,363100000.0,0.332,133300000.0,1900000.0,1472900000.0,,717100000.0,0.0,0.0,0.0,778400000.0,411900000.0,366500000.0,3357449203.0,30400000.0,0.0,7000000.0,0.0,0.0,6800000.0,-33000000.0,-100000.0,56600000.0,0.0,37600000.0,37600000.0,37600000.0,0.0,0.0,0.034,301500000.0,61600000.0,272800000.0,0.0,3.091,15.852,16.282,726100000.0,0.0,12.423,0.756,0.756,0.0,,1093100000.0,1093100000.0,0.0,,,,,0.0,301500000.0,1.0,270253491.0,270253491,,4.045,1731400000.0,26300000.0,22100000.0,20300000.0,6.407,483900000.0
53,DLTR,MRQ,2008-03-31,2008-05-03,2008-05-03,2021-08-26,0.0,1771100000.0,,797100000.0,974000000.0,,3.85,-32700000.0,84200000.0,84200000.0,694800000.0,43600000.0,2.144,0.707,268500000.0,18500000.0,250000000.0,268500000.0,0.0,41800000.0,0.0,0.0,0.0,69700000.0,111500000.0,0.106,111500000.0,69700000.0,68100000.0,0.16,0.16,0.16,1037400000.0,,1037400000.0,3005665244.0,9.0,5.938,1800000.0,0.007,1.0,356500000.0,0.339,133300000.0,1600000.0,1450300000.0,,652700000.0,0.0,0.0,0.0,733700000.0,371800000.0,361900000.0,2777765244.0,43600000.0,0.0,1800000.0,0.0,0.0,1700000.0,7400000.0,40200000.0,34500000.0,0.0,43600000.0,43600000.0,43600000.0,0.0,0.0,0.041,286800000.0,69700000.0,204400000.0,0.0,2.678,13.432,14.065,733700000.0,0.0,10.31,0.643,0.643,0.0,,1051300000.0,1051300000.0,0.0,,,,,0.0,286800000.0,1.0,269424369.0,269424369,,3.902,1637800000.0,22600000.0,24500000.0,49800000.0,6.079,425300000.0
54,DLTR,MRQ,2007-12-31,2008-02-02,2008-02-02,2021-08-26,100000.0,1787700000.0,,788800000.0,998900000.0,,3.583,-36200000.0,40600000.0,40600000.0,833300000.0,94700000.0,1.943,0.809,268500000.0,18500000.0,250000000.0,268500000.0,0.0,41400000.0,0.0,0.0,0.0,161100000.0,202500000.0,0.156,202500000.0,161100000.0,150800000.0,0.337,0.333,0.337,988400000.0,,988400000.0,2878936393.0,9.0,5.801,248900000.0,0.902,1.0,465300000.0,0.358,133300000.0,10300000.0,1476400000.0,,641200000.0,40500000.0,40500000.0,0.0,799300000.0,405900000.0,393400000.0,2555236393.0,10600000.0,0.0,-104600000.0,-85300000.0,0.0,-190400000.0,-84100000.0,-47800000.0,285100000.0,0.0,94700000.0,94700000.0,94700000.0,0.0,0.0,0.073,310900000.0,154400000.0,200400000.0,0.0,2.585,12.694,13.233,743600000.0,0.0,9.263,0.602,0.602,0.0,987400000.0,1298600000.0,1298600000.0,0.0,,,,,11300000.0,310900000.0,1.0,275844159.0,275844159,,4.708,1654400000.0,56000000.0,56100000.0,98400000.0,5.998,382900000.0
55,DLTR,MRQ,2007-09-30,2007-11-03,2007-11-03,2021-08-26,0.0,1867900000.0,,894100000.0,973800000.0,,3.449,-63900000.0,30000000.0,30000000.0,653900000.0,35900000.0,2.059,0.897,353700000.0,18500000.0,335200000.0,353700000.0,0.0,39600000.0,0.0,0.0,0.0,60200000.0,99800000.0,0.1,99800000.0,60200000.0,56500000.0,0.127,0.127,0.127,984800000.0,,984800000.0,3699035544.0,11.0,7.351,-77600000.0,-0.272,1.0,343900000.0,0.345,149100000.0,3700000.0,1608300000.0,,801000000.0,0.0,0.0,0.0,883100000.0,434200000.0,448900000.0,3474035544.0,-13500000.0,0.0,-164100000.0,85100000.0,0.0,-77900000.0,78100000.0,143700000.0,-13700000.0,0.0,35900000.0,35900000.0,35900000.0,0.0,0.0,0.036,283700000.0,60200000.0,257600000.0,0.0,3.528,17.013,17.892,748700000.0,0.0,12.167,0.815,0.815,0.0,,997800000.0,997800000.0,0.0,,,,,0.0,283700000.0,1.0,285537168.0,285537168,,3.494,1718800000.0,15500000.0,20600000.0,42100000.0,6.02,459900000.0
56,DLTR,MRQ,2007-06-30,2007-08-04,2007-08-04,2021-08-26,0.0,1837000000.0,,892800000.0,944200000.0,,3.74,-49200000.0,43500000.0,43500000.0,644600000.0,32600000.0,2.299,0.665,268500000.0,18500000.0,250000000.0,268500000.0,0.0,39000000.0,0.0,0.0,0.0,53400000.0,92400000.0,0.095,92400000.0,53400000.0,51800000.0,0.11,0.11,0.11,1103300000.0,,1103300000.0,3995147711.0,12.0,8.045,15900000.0,0.054,1.0,326600000.0,0.336,148900000.0,1600000.0,1524700000.0,,651700000.0,144000000.0,144000000.0,0.0,733700000.0,388400000.0,345300000.0,3786147711.0,-16300000.0,0.0,-17300000.0,-300000.0,0.0,-11800000.0,-69600000.0,-15800000.0,65100000.0,0.0,32600000.0,32600000.0,32600000.0,0.0,0.0,0.034,273200000.0,53400000.0,230700000.0,0.0,3.432,18.855,19.444,725400000.0,0.0,12.833,0.907,0.907,0.0,,971200000.0,971200000.0,0.0,,,,,0.0,273200000.0,1.0,295024497.0,295024497,,3.292,1688100000.0,9600000.0,19200000.0,19800000.0,5.722,504400000.0
57,DLTR,MRQ,2007-03-31,2007-05-05,2007-05-05,2021-08-26,0.0,1762900000.0,,838200000.0,924700000.0,,3.725,-39700000.0,59800000.0,59800000.0,649700000.0,38100000.0,2.575,0.606,268800000.0,18800000.0,250000000.0,268800000.0,0.0,39300000.0,0.0,0.0,0.0,62300000.0,101600000.0,0.104,101600000.0,62300000.0,60700000.0,0.127,0.127,0.127,1097900000.0,,1097900000.0,4098131433.0,12.0,8.36,-8900000.0,-0.03,1.0,325300000.0,0.334,145500000.0,1600000.0,1500900000.0,,599700000.0,128700000.0,128700000.0,0.0,665000000.0,325500000.0,339500000.0,3914331433.0,-25200000.0,0.0,-115400000.0,-100000.0,0.0,-108900000.0,52900000.0,92800000.0,30800000.0,0.0,38100000.0,38100000.0,38100000.0,0.0,0.0,0.039,263000000.0,62300000.0,186700000.0,0.0,3.565,19.85,20.653,715300000.0,0.0,13.28,0.958,0.958,0.0,,975000000.0,975000000.0,0.0,,,,,0.0,263000000.0,1.0,294753873.0,294753873,,3.308,1617400000.0,4700000.0,22600000.0,28800000.0,5.487,512700000.0
58,DLTR,MRQ,2006-12-31,2007-02-03,2007-02-03,2021-08-26,100000.0,1882200000.0,,967900000.0,914300000.0,,3.794,-35400000.0,85000000.0,85000000.0,848600000.0,97600000.0,2.468,0.612,268800000.0,18800000.0,250000000.0,268800000.0,0.0,45300000.0,0.0,0.0,0.0,164100000.0,209400000.0,0.159,209400000.0,164100000.0,153400000.0,0.317,0.317,0.317,1167700000.0,,1167700000.0,3467361688.0,11.0,7.248,286700000.0,0.931,1.0,470300000.0,0.357,146600000.0,10700000.0,1527200000.0,,605000000.0,221800000.0,221800000.0,0.0,714500000.0,392200000.0,322300000.0,3256661688.0,26900000.0,0.0,-91900000.0,-100000.0,0.0,-90000000.0,-205200000.0,-170300000.0,322100000.0,0.0,97600000.0,97600000.0,97600000.0,0.0,0.0,0.074,314800000.0,155500000.0,198100000.0,0.0,2.789,16.962,17.065,715300000.0,0.0,10.58,0.82,0.82,0.0,1166600000.0,1318900000.0,1318900000.0,0.0,,,,,6700000.0,314800000.0,1.0,307813014.0,307813014,,4.285,1735600000.0,10700000.0,55800000.0,44800000.0,5.638,575700000.0
59,DLTR,MRQ,2006-09-30,2006-10-28,2006-10-28,2021-08-26,0.0,1851000000.0,,937300000.0,913700000.0,,3.787,-51300000.0,58100000.0,58100000.0,602900000.0,32500000.0,2.514,0.598,268800000.0,18800000.0,250000000.0,268800000.0,0.0,39600000.0,0.0,0.0,0.0,53600000.0,93200000.0,0.102,93200000.0,53600000.0,50600000.0,0.107,0.107,0.107,1158600000.0,,1158600000.0,3357702569.0,11.0,7.468,-66000000.0,-0.216,1.0,307500000.0,0.338,147700000.0,3000000.0,1541200000.0,,793800000.0,60800000.0,60800000.0,0.0,692400000.0,372800000.0,319600000.0,3137902569.0,9100000.0,0.0,5700000.0,0.0,0.0,8000000.0,15800000.0,70700000.0,-14700000.0,0.0,32500000.0,32500000.0,32500000.0,0.0,0.0,0.036,253900000.0,53600000.0,230000000.0,0.0,2.708,17.346,17.9,721500000.0,0.0,10.257,0.841,0.841,0.0,,910400000.0,910400000.0,0.0,,,,,0.0,253900000.0,1.0,305937852.0,305937852,,2.976,1703300000.0,0.0,18100000.0,11300000.0,5.567,564500000.0
60,DLTR,MRQ,2006-06-30,2006-07-29,2006-07-29,2021-08-26,0.0,1775300000.0,,874900000.0,900400000.0,,3.551,-46100000.0,49000000.0,49000000.0,590300000.0,29000000.0,2.566,0.594,268800000.0,18800000.0,250000000.0,268800000.0,0.0,37800000.0,0.0,0.0,0.0,48200000.0,86000000.0,0.097,86000000.0,48200000.0,46300000.0,0.093,0.093,0.093,1113800000.0,,1113800000.0,2966122692.0,10.0,6.673,-18200000.0,-0.058,1.0,293300000.0,0.332,145600000.0,1900000.0,1508600000.0,,671000000.0,131400000.0,131400000.0,0.0,661500000.0,340900000.0,320600000.0,2761322692.0,-15200000.0,-3300000.0,-84200000.0,-400000.0,0.0,-84400000.0,41300000.0,91700000.0,27900000.0,0.0,29000000.0,29000000.0,29000000.0,0.0,0.0,0.033,245100000.0,48200000.0,211800000.0,0.0,2.479,15.383,15.636,710500000.0,0.0,8.803,0.764,0.764,0.0,,883600000.0,883600000.0,0.0,,,,,0.0,245100000.0,1.0,313667856.0,313667856,,2.817,1629700000.0,0.0,17300000.0,5000000.0,5.196,534000000.0
61,DLTR,MRQ,2006-03-31,2006-04-29,2006-04-29,2021-08-26,0.0,1837800000.0,,946200000.0,891600000.0,,3.672,-42500000.0,64200000.0,64200000.0,570400000.0,32900000.0,2.747,0.574,269000000.0,19000000.0,250000000.0,269000000.0,0.0,36300000.0,0.0,0.0,0.0,53500000.0,89800000.0,0.105,89800000.0,53500000.0,52600000.0,0.103,0.103,0.103,1167400000.0,,1167400000.0,2966554472.0,10.0,6.733,35000000.0,0.11,1.0,286100000.0,0.334,144800000.0,900000.0,1553300000.0,,633800000.0,223200000.0,223200000.0,0.0,670400000.0,344500000.0,325900000.0,2762440472.0,-1600000.0,-50800000.0,-37500000.0,-100000.0,0.0,-36500000.0,-42600000.0,50800000.0,77500000.0,0.0,32900000.0,32900000.0,32900000.0,0.0,0.0,0.038,232600000.0,53500000.0,187300000.0,0.0,2.366,15.537,15.714,702900000.0,0.0,8.69,0.789,0.789,0.0,,856500000.0,856500000.0,0.0,,,,,0.0,232600000.0,1.0,317887281.0,317887281,,2.694,1693000000.0,0.0,19700000.0,34500000.0,5.326,601700000.0
62,DLTR,MRQ,2005-12-31,2006-01-28,2006-01-28,2021-08-26,100000.0,1798400000.0,,943700000.0,854700000.0,,3.673,-25000000.0,65800000.0,65800000.0,698600000.0,86500000.0,3.194,0.534,269000000.0,19000000.0,250000000.0,269000000.0,0.0,36700000.0,0.0,0.0,0.0,143900000.0,180600000.0,0.167,180600000.0,143900000.0,134700000.0,0.27,0.267,0.27,1172300000.0,,1172300000.0,2836630238.0,10.0,6.575,216100000.0,0.677,1.0,380400000.0,0.353,129300000.0,9200000.0,1576800000.0,,576600000.0,274000000.0,274000000.0,0.0,626100000.0,295500000.0,330600000.0,2662827238.0,-29400000.0,0.0,3600000.0,4700000.0,0.0,8300000.0,-278800000.0,-254100000.0,241100000.0,0.0,86500000.0,86500000.0,86500000.0,0.0,0.0,0.08,243300000.0,137100000.0,135600000.0,0.0,2.271,15.312,15.537,681800000.0,0.0,8.343,0.785,0.785,0.0,1159700000.0,1079000000.0,1079000000.0,0.0,,,,,3600000.0,243300000.0,1.0,319156281.0,319156281,,3.381,1669100000.0,10800000.0,48200000.0,65200000.0,5.23,648200000.0
63,DLTR,MRQ,2005-09-30,2005-10-29,2005-10-29,2021-08-26,0.0,1769200000.0,,916400000.0,852800000.0,,3.354,-39700000.0,95200000.0,95200000.0,520500000.0,31100000.0,2.589,0.637,269000000.0,19000000.0,250000000.0,269000000.0,0.0,35900000.0,0.0,0.0,0.0,52200000.0,88100000.0,0.111,88100000.0,52200000.0,50000000.0,0.097,0.097,0.097,1080800000.0,,1080800000.0,2483430485.0,9.0,5.919,15300000.0,0.047,1.0,276300000.0,0.347,130800000.0,2200000.0,1458200000.0,,750400000.0,34600000.0,34600000.0,0.0,688400000.0,354000000.0,334400000.0,2228963485.0,80700000.0,0.0,-48500000.0,-1800000.0,0.0,-50300000.0,76000000.0,116400000.0,55000000.0,0.0,31100000.0,31100000.0,31100000.0,0.0,0.0,0.039,224100000.0,52200000.0,211400000.0,0.0,2.062,13.027,13.483,694000000.0,0.0,6.917,0.675,0.675,0.0,1073212000.0,796800000.0,796800000.0,0.0,,,,,0.0,224100000.0,1.0,322259781.0,322259781,,2.473,1638400000.0,0.0,18900000.0,16000000.0,5.084,562400000.0
64,DLTR,MRQ,2005-06-30,2005-07-30,2005-07-30,2021-08-26,0.0,1679800000.0,,829200000.0,850600000.0,,3.372,-40600000.0,14500000.0,14500000.0,507600000.0,27300000.0,3.346,0.531,269000000.0,19000000.0,250000000.0,269000000.0,0.0,35600000.0,0.0,0.0,0.0,46500000.0,82100000.0,0.107,82100000.0,46500000.0,43700000.0,0.083,0.083,0.083,1097200000.0,,1097200000.0,2914003526.0,10.0,6.957,-2800000.0,-0.009,1.0,261400000.0,0.34,130900000.0,2800000.0,1555600000.0,,629800000.0,151000000.0,151000000.0,0.0,582600000.0,247800000.0,334800000.0,2710538526.0,-51000000.0,0.0,300000.0,-1800000.0,0.0,-1500000.0,-87300000.0,-46300000.0,37800000.0,0.0,27300000.0,27300000.0,27300000.0,0.0,0.0,0.036,214900000.0,46500000.0,120400000.0,0.0,2.47,15.772,16.333,691600000.0,0.0,8.33,0.839,0.839,0.0,1042115000.0,769000000.0,769000000.0,0.0,,,,,0.0,214900000.0,1.0,325394781.0,325394781,,2.363,1548900000.0,0.0,16400000.0,5300000.0,4.76,581400000.0
65,DLTR,MRQ,2005-03-31,2005-04-30,2005-04-30,2021-08-26,0.0,1694600000.0,,853900000.0,840700000.0,,3.265,-33900000.0,65500000.0,65500000.0,494800000.0,29000000.0,2.938,0.586,269000000.0,19000000.0,250000000.0,269000000.0,0.0,32500000.0,0.0,0.0,0.0,48100000.0,80600000.0,0.108,80600000.0,48100000.0,46800000.0,0.087,0.087,0.087,1068700000.0,,1068700000.0,2845842366.0,10.0,6.805,-2700000.0,-0.008,1.0,254300000.0,0.339,131300000.0,1300000.0,1476200000.0,,644300000.0,104700000.0,104700000.0,0.0,625900000.0,290600000.0,335300000.0,2670628366.0,-41000000.0,0.0,-125100000.0,-1700000.0,0.0,-126800000.0,54600000.0,91400000.0,31200000.0,0.0,29000000.0,29000000.0,29000000.0,0.0,0.0,0.039,206200000.0,48100000.0,137800000.0,0.0,2.499,15.335,15.906,686300000.0,0.0,8.16,0.844,0.844,0.0,1014805000.0,749100000.0,749100000.0,0.0,,,,,0.0,206200000.0,1.0,327282888.0,327282888,,2.289,1563300000.0,0.0,17800000.0,31400000.0,4.777,563300000.0
66,DLTR,MRQ,2004-12-31,2005-01-29,2005-01-29,2021-08-26,-294000.0,1792672000.0,,969887000.0,822785000.0,,3.436,-33851000.0,106532000.0,106532000.0,636777000.0,83704000.0,3.295,0.54,281746000.0,31212000.0,250534000.0,281746000.0,0.0,32720000.0,0.0,0.0,0.0,136068000.0,168788000.0,0.171,168788000.0,136068000.0,131032000.0,0.247,0.243,0.247,1164212000.0,,1164212000.0,3201228877.0,11.0,7.502,223092000.0,0.658,1.0,350692000.0,0.355,129032000.0,5036000.0,1544499000.0,,615483000.0,211275000.0,211275000.0,0.0,628460000.0,294355000.0,334105000.0,3020072877.0,18646000.0,0.0,3825000.0,-2101000.0,0.0,1724000.0,-240021000.0,-201295000.0,256943000.0,0.0,83704000.0,83704000.0,83704000.0,0.0,0.0,0.085,218524000.0,132168000.0,124195000.0,0.0,2.594,16.75,16.818,685386000.0,0.0,8.913,0.966,0.966,0.0,985793000.0,987469000.0,987469000.0,0.0,,,,,2100000.0,218524000.0,1.0,338826426.0,338826426,,2.914,1663640000.0,8072000.0,47328000.0,75744000.0,4.91,675532000.0
67,DLTR,MRQ,2004-09-30,2004-10-30,2004-10-30,2021-08-26,-502000.0,1712604000.0,,918412000.0,794192000.0,,3.174,-54706000.0,87844000.0,87844000.0,465568000.0,31854000.0,2.985,0.591,269000000.0,19000000.0,250000000.0,269000000.0,0.0,33762000.0,0.0,0.0,0.0,53589000.0,87351000.0,0.121,87351000.0,53589000.0,51827000.0,0.093,0.093,0.093,1076365000.0,,1076365000.0,3466887757.0,12.0,8.163,-64896000.0,-0.191,1.0,258399000.0,0.357,124590000.0,1762000.0,1461513000.0,,775292000.0,10000000.0,10000000.0,0.0,636239000.0,307657000.0,328582000.0,3266658757.0,28331000.0,0.0,-16180000.0,-1224000.0,0.0,-17404000.0,55925000.0,112305000.0,-10190000.0,0.0,31854000.0,31854000.0,31854000.0,0.0,0.0,0.044,204810000.0,53589000.0,173856000.0,0.0,3.035,18.516,18.633,661147000.0,0.0,9.633,1.078,1.078,0.0,902139000.0,723967000.0,723967000.0,0.0,,,,,0.0,204810000.0,1.0,339099525.0,339099525,,2.135,1588014000.0,0.0,19973000.0,6029000.0,4.683,610755000.0
68,DLTR,MRQ,2004-06-30,2004-07-31,2004-07-31,2021-08-26,-574000.0,1649270000.0,,862634000.0,786636000.0,,3.108,-38055000.0,84513000.0,84513000.0,453861000.0,29592000.0,3.162,0.558,284742000.0,25668000.0,259074000.0,284742000.0,0.0,32390000.0,0.0,0.0,0.0,49084000.0,81474000.0,0.116,81474000.0,49084000.0,48150000.0,0.087,0.087,0.087,1058532000.0,,1058532000.0,3194304571.0,11.0,7.536,-56134000.0,-0.165,1.0,250373000.0,0.356,123265000.0,934000.0,1453413000.0,,648680000.0,97305000.0,97305000.0,0.0,590738000.0,272821000.0,317917000.0,3055365571.0,-41867000.0,0.0,-5065000.0,-1173000.0,0.0,-6238000.0,-17550000.0,20505000.0,-18079000.0,0.0,29592000.0,29592000.0,29592000.0,0.0,0.0,0.042,201289000.0,49084000.0,158065000.0,0.0,2.886,16.906,17.021,641608000.0,0.0,8.97,1.028,1.028,0.0,870285000.0,704234000.0,704234000.0,0.0,,,,,0.0,201289000.0,1.0,340620465.0,340620465,,2.068,1526005000.0,12983000.0,18558000.0,5450000.0,4.48,589813000.0
69,DLTR,MRQ,2004-03-31,2004-05-01,2004-05-01,2021-08-26,-757000.0,1620632000.0,,838503000.0,782129000.0,,3.037,-55188000.0,146690000.0,146690000.0,457294000.0,35150000.0,3.065,0.566,285629000.0,25020000.0,260609000.0,285629000.0,0.0,30428000.0,0.0,0.0,0.0,58659000.0,89087000.0,0.125,89087000.0,58659000.0,57191000.0,0.103,0.103,0.103,1034789000.0,,1034789000.0,3081212236.0,10.0,7.404,-7362000.0,-0.022,1.0,253036000.0,0.356,123596000.0,1468000.0,1362423000.0,,565219000.0,97500000.0,97500000.0,0.0,585843000.0,273552000.0,312291000.0,3064746236.0,17190000.0,0.0,-16080000.0,99198000.0,0.0,83118000.0,-113754000.0,-58315000.0,47826000.0,0.0,35150000.0,35150000.0,35150000.0,0.0,0.0,0.049,194377000.0,58659000.0,139059000.0,0.0,2.962,17.032,17.196,636887000.0,0.0,8.993,1.059,1.059,0.0,840693000.0,710330000.0,710330000.0,0.0,,,,,0.0,194377000.0,1.0,340779789.0,340779789,,2.084,1497036000.0,13242000.0,22041000.0,30085000.0,4.393,564951000.0
70,DLTR,MRQ,2003-12-31,2004-01-31,2004-01-31,2021-08-26,-970000.0,1501519000.0,,722569000.0,778950000.0,,2.935,-58183000.0,84190000.0,84190000.0,557146000.0,79828000.0,2.654,0.48,185151000.0,30324000.0,154827000.0,185151000.0,0.0,32995000.0,0.0,0.0,0.0,133789000.0,166784000.0,0.187,166784000.0,133789000.0,129801000.0,0.233,0.23,0.233,1014522000.0,,1014522000.0,3837047434.0,13.0,9.513,179839000.0,0.52,1.0,335919000.0,0.376,123738000.0,3988000.0,1206452000.0,,525643000.0,84495000.0,84495000.0,0.0,486997000.0,272290000.0,214707000.0,3677293434.0,95952000.0,-963000.0,-35465000.0,-41867000.0,0.0,-77332000.0,-64738000.0,-5595000.0,238022000.0,0.0,79828000.0,79828000.0,79828000.0,0.0,0.0,0.089,204778000.0,131141000.0,114972000.0,0.0,3.625,20.707,20.574,634427000.0,0.0,10.637,1.313,1.313,0.0,805543000.0,893065000.0,893065000.0,0.0,,,,,5620000.0,204778000.0,1.0,345718593.0,345718593,,2.583,1377781000.0,11716000.0,49973000.0,66752000.0,3.985,450279000.0
71,DLTR,MRQ,2003-09-30,2003-11-01,2003-11-01,2021-08-26,-1029000.0,1493325000.0,,757084000.0,736241000.0,,2.808,-79409000.0,67138000.0,67138000.0,421612000.0,36161000.0,2.334,0.54,226892000.0,69937000.0,156955000.0,226892000.0,0.0,26155000.0,0.0,0.0,0.0,60365000.0,86520000.0,0.13,86520000.0,60365000.0,58799000.0,0.103,0.103,0.103,969525000.0,,969525000.0,4496559410.0,,,-76805000.0,-0.222,1.0,243599000.0,0.366,123168000.0,1566000.0,1205534000.0,,663687000.0,0.0,0.0,0.0,523800000.0,324377000.0,199423000.0,4407027410.0,-33210000.0,0.0,9676000.0,36971000.0,0.0,46647000.0,-82461000.0,0.0,2604000.0,0.0,36161000.0,36161000.0,36161000.0,0.0,0.0,0.054,183234000.0,60365000.0,167446000.0,0.0,4.546,,,592606000.0,0.0,12.763,,,0.0,725716000.0,665211000.0,665211000.0,0.0,,,,,-2323000.0,183234000.0,1.0,345288123.0,345288123,,1.927,1370157000.0,11646000.0,22638000.0,3616000.0,3.968,432707000.0
72,DLTR,MRQ,2003-06-30,2003-08-02,2003-08-02,2021-08-26,-1057000.0,1330998000.0,,649133000.0,681865000.0,,2.681,-35862000.0,100348000.0,100348000.0,404921000.0,28799000.0,3.075,0.447,189880000.0,31240000.0,158640000.0,189880000.0,0.0,24769000.0,0.0,0.0,0.0,48979000.0,73748000.0,0.118,73748000.0,48979000.0,46826000.0,0.083,0.083,0.083,919892000.0,,919892000.0,4308731314.0,,,21541000.0,0.063,1.0,221107000.0,0.353,125384000.0,2153000.0,1084015000.0,,513277000.0,0.0,0.0,0.0,411106000.0,211131000.0,199975000.0,4208537314.0,10475000.0,-99560000.0,8417000.0,-7108000.0,0.0,1309000.0,-48237000.0,87185000.0,57403000.0,0.0,28799000.0,28799000.0,28799000.0,0.0,0.0,0.046,173507000.0,47600000.0,108324000.0,0.0,4.575,,,540134000.0,0.0,12.267,,,0.0,689555000.0,626028000.0,626028000.0,0.0,,,,,2074000.0,173507000.0,1.0,343087281.0,343087281,,1.825,1205614000.0,20757000.0,18027000.0,0.0,3.514,438002000.0
73,DLTR,MRQ,2003-03-31,2003-05-03,2003-05-03,2021-08-26,-1335000.0,1278543000.0,,701222000.0,577321000.0,,2.569,-63307000.0,89873000.0,89873000.0,397780000.0,32795000.0,3.417,0.452,190067000.0,30728000.0,159339000.0,190067000.0,0.0,23169000.0,0.0,0.0,0.0,55384000.0,78553000.0,0.128,78553000.0,55384000.0,53326000.0,0.097,0.097,0.097,880312000.0,,880312000.0,2927526022.0,,,-117606000.0,-0.343,1.0,217788000.0,0.354,38358000.0,2058000.0,1135155000.0,,496904000.0,87185000.0,87185000.0,0.0,398231000.0,205224000.0,193007000.0,2970106022.0,-147429000.0,0.0,1494000.0,-7657000.0,0.0,-6163000.0,-86967000.0,-23660000.0,-54299000.0,0.0,32795000.0,32795000.0,32795000.0,0.0,0.0,0.053,163297000.0,54491000.0,89644000.0,0.0,3.374,,,520204000.0,0.0,8.667,,,0.0,660756000.0,615568000.0,615568000.0,0.0,,,,,249000.0,163297000.0,1.0,342704541.0,342704541,,1.796,1240185000.0,14271000.0,20531000.0,14049000.0,3.619,495998000.0
74,DLTR,MRQ,2002-12-31,2002-12-31,2002-12-31,2021-08-26,-1373000.0,1116377000.0,,716140000.0,400237000.0,,2.497,-38462000.0,292192000.0,292192000.0,511446000.0,86980000.0,3.468,0.305,54429000.0,30782000.0,23647000.0,54429000.0,0.0,23854000.0,0.0,0.0,0.0,142514000.0,166368000.0,0.201,166368000.0,142514000.0,141432000.0,0.253,0.253,0.253,855404000.0,,855404000.0,2777204838.0,11.0,8.375,248982000.0,0.727,1.0,316035000.0,0.382,41418000.0,1082000.0,630685000.0,,357665000.0,43780000.0,43780000.0,0.0,260973000.0,206511000.0,54462000.0,2805251838.0,228724000.0,0.0,1177000.0,-1118000.0,0.0,59000.0,-58779000.0,-20315000.0,287444000.0,0.0,86980000.0,86980000.0,86980000.0,0.0,0.0,0.105,174453000.0,141582000.0,59451000.0,0.0,3.279,18.14,18.079,344322000.0,0.0,8.19,1.204,1.204,0.0,638485000.0,827481000.0,827481000.0,0.0,,,,,127000.0,174453000.0,1.0,342521592.0,342521592,,2.416,1074959000.0,10409000.0,54452000.0,28041000.0,3.138,509629000.0
75,DLTR,MRQ,2002-09-30,2002-10-31,2002-10-31,2021-08-26,,,,,,,,-45903000.0,,,351681000.0,30894000.0,,,,,,,,18681000.0,,0.0,0.0,51302000.0,69983000.0,0.126,69983000.0,51302000.0,50234000.0,0.09,0.09,0.09,,,,2896765526.0,,,-53318000.0,-0.156,1.0,205183000.0,0.368,,1068000.0,,,,,,,,,,3001486526.0,-38378000.0,0.0,913000.0,-973000.0,0.0,-60000.0,-30903000.0,15000000.0,-7415000.0,0.0,30894000.0,30894000.0,30894000.0,0.0,0.0,0.055,153906000.0,51277000.0,,0.0,,,,,0.0,8.763,,,,,556864000.0,556864000.0,0.0,,,,,60000.0,153906000.0,1.0,342505119.0,342505119,,1.626,,,19340000.0,,,
76,DLTR,MRQ,2002-06-30,2002-07-31,2002-07-31,2021-08-26,,,,,,,,-32458000.0,,,329321000.0,24626000.0,,,,,,,,17886000.0,,0.0,0.0,41103000.0,58989000.0,0.115,58989000.0,41103000.0,40042000.0,0.073,0.07,0.073,,,,3425296168.0,,,6283000.0,0.018,1.0,183123000.0,0.357,,1061000.0,,,,,,,,,,3545034168.0,450000.0,0.0,11591000.0,-957000.0,0.0,10634000.0,-48925000.0,-16500000.0,38741000.0,0.0,24626000.0,24626000.0,24626000.0,0.0,0.0,0.048,141883000.0,41240000.0,,0.0,,,,,0.0,10.4,,,,,512444000.0,512444000.0,0.0,,,,,4412000.0,141883000.0,1.0,340868670.0,340868670,,1.503,,,15416000.0,,,
77,DLTR,MRQ,2002-03-31,2002-04-30,2002-04-30,2021-08-26,,,,,,,,-29510000.0,,,325159000.0,28082000.0,,,,,,,,16601000.0,,0.0,0.0,46890000.0,63491000.0,0.125,63491000.0,46890000.0,45662000.0,0.083,0.083,0.083,,,,4125977370.0,,,-89952000.0,-0.266,1.0,184509000.0,0.362,,1228000.0,,,,,,,,,,4300259370.0,-81119000.0,0.0,16569000.0,-6965000.0,0.0,9604000.0,-30281000.0,0.0,-60442000.0,0.0,28082000.0,28082000.0,28082000.0,0.0,0.0,0.055,138793000.0,45716000.0,,0.0,,,,,0.0,12.713,,,,,509668000.0,509668000.0,0.0,,,,,5155000.0,138793000.0,1.0,338247984.0,338247984,,1.507,,,17580000.0,,,
78,DLTR,MRQ,2001-12-31,2001-12-31,2001-12-31,2021-08-26,-378000.0,902048000.0,,560779000.0,341269000.0,,1.935,-23452000.0,236653000.0,236653000.0,441732000.0,76088000.0,2.79,0.384,62371000.0,28865000.0,33506000.0,62371000.0,0.0,14982000.0,0.0,0.0,0.0,125340000.0,140322000.0,0.196,140322000.0,125340000.0,123801000.0,0.227,0.223,0.227,651736000.0,,651736000.0,3488570269.0,17.0,13.445,186669000.0,0.554,1.0,273114000.0,0.382,38358000.0,1539000.0,488386000.0,,296473000.0,0.0,0.0,0.0,250312000.0,201022000.0,49290000.0,3470262269.0,191809000.0,0.0,6041000.0,-901000.0,0.0,5140000.0,-23452000.0,0.0,210121000.0,0.0,76088000.0,76088000.0,76088000.0,0.0,0.0,0.106,148253000.0,124861000.0,58090000.0,0.0,5.325,28.195,28.074,279011000.0,0.0,10.303,1.746,1.746,0.0,483838000.0,714846000.0,714846000.0,0.0,,,,,927000.0,148253000.0,1.0,336809667.0,336809667,,2.122,863690000.0,16313000.0,47713000.0,38848000.0,2.564,359757000.0
79,DLTR,MRQ,2001-09-30,2001-09-30,2001-09-30,2021-08-26,-1142000.0,844910000.0,,515752000.0,329158000.0,,1.685,-35217000.0,44844000.0,44844000.0,290450000.0,14552000.0,2.315,0.488,63152000.0,28765000.0,34387000.0,63152000.0,0.0,13962000.0,0.0,0.0,0.0,24954000.0,38916000.0,0.088,38916000.0,24954000.0,23678000.0,0.043,0.043,0.043,567916000.0,,567916000.0,2095569509.0,11.0,8.74,-44523000.0,-0.132,1.0,154295000.0,0.347,38862000.0,1276000.0,601540000.0,,438383000.0,0.0,0.0,0.0,276994000.0,222816000.0,54178000.0,2122266509.0,-45828000.0,0.0,-399000.0,-906000.0,0.0,-1305000.0,-35217000.0,0.0,-9306000.0,0.0,14552000.0,14552000.0,14552000.0,0.0,0.0,0.033,128475000.0,25820000.0,135720000.0,0.0,3.737,19.006,18.146,271603000.0,0.0,6.297,1.134,1.134,0.0,407750000.0,444745000.0,444745000.0,0.0,,,,,843000.0,128475000.0,1.0,337046031.0,337046031,,1.32,806048000.0,13360000.0,9126000.0,18822000.0,2.392,292936000.0
80,DLTR,MRQ,2001-06-30,2001-06-30,2001-06-30,2021-08-26,211000.0,772274000.0,,464399000.0,307875000.0,,1.647,-36487000.0,90672000.0,90672000.0,283274000.0,21658000.0,2.752,0.393,63975000.0,28676000.0,35299000.0,63975000.0,0.0,12988000.0,0.0,0.0,0.0,36593000.0,49581000.0,0.113,49581000.0,36593000.0,35238000.0,0.063,0.063,0.063,554273000.0,,554273000.0,3127914961.0,16.0,12.586,30501000.0,0.091,1.0,157087000.0,0.357,39367000.0,1355000.0,537466000.0,,334614000.0,0.0,0.0,0.0,218001000.0,168744000.0,49257000.0,3123033961.0,24688000.0,0.0,1077000.0,-6890000.0,0.0,-5813000.0,-36487000.0,0.0,66988000.0,0.0,21658000.0,21658000.0,21658000.0,0.0,0.0,0.049,121842000.0,35245000.0,94692000.0,0.0,5.634,26.252,24.879,250001000.0,0.0,9.28,1.731,1.731,0.0,393198000.0,440361000.0,440361000.0,0.0,,,,,131000.0,121842000.0,1.0,336533832.0,336533832,,1.309,732907000.0,11824000.0,13580000.0,10661000.0,2.178,295655000.0
81,DLTR,MRQ,2001-03-31,2001-03-31,2001-03-31,2021-08-26,74000.0,741061000.0,,456724000.0,284337000.0,,1.579,-26312000.0,65984000.0,65984000.0,255858000.0,10783000.0,2.95,0.395,70865000.0,28611000.0,42254000.0,70865000.0,0.0,11831000.0,0.0,0.0,0.0,18828000.0,30659000.0,0.079,30659000.0,18828000.0,17534000.0,0.033,0.033,0.033,531270000.0,,531270000.0,2051166636.0,10.0,8.343,-115389000.0,-0.343,1.0,131461000.0,0.339,39872000.0,1294000.0,551224000.0,,354911000.0,0.0,0.0,0.0,209791000.0,154846000.0,54945000.0,2160989636.0,-115182000.0,0.0,1311000.0,-1104000.0,0.0,207000.0,-26312000.0,0.0,-89077000.0,0.0,10783000.0,10783000.0,10783000.0,0.0,0.0,0.028,113522000.0,17939000.0,81936000.0,0.0,4.068,18.295,17.038,226371000.0,0.0,6.423,1.236,1.236,0.0,371540000.0,387319000.0,387319000.0,0.0,,,,,444000.0,113522000.0,1.0,336428070.0,336428070,,1.151,701189000.0,9709000.0,6751000.0,12426000.0,2.084,301878000.0
82,DLTR,MRQ,2000-12-31,2000-12-31,2000-12-31,2021-08-26,0.0,746859000.0,,477514000.0,269345000.0,,1.602,-23348000.0,181166000.0,181166000.0,365092000.0,64672000.0,2.74,0.44,71730000.0,28547000.0,43183000.0,71730000.0,0.0,13084000.0,0.0,0.0,0.0,107516000.0,120600000.0,0.201,120600000.0,107516000.0,105428000.0,0.207,0.193,0.207,518658000.0,,518658000.0,2709241973.0,13.0,10.885,173700000.0,0.537,1.0,234081000.0,0.391,40376000.0,2088000.0,422742000.0,,258687000.0,0.0,0.0,0.0,228201000.0,174305000.0,53896000.0,2644033973.0,157212000.0,0.0,1315000.0,-17803000.0,0.0,-16488000.0,-23348000.0,0.0,197048000.0,0.0,64672000.0,64672000.0,64672000.0,0.0,0.0,0.108,127019000.0,107062000.0,75404000.0,0.0,5.098,21.995,21.102,211632000.0,0.0,8.167,1.566,1.566,0.0,360757000.0,599173000.0,599173000.0,0.0,,,,,769000.0,127019000.0,1.0,323759262.0,323759262,,1.851,706483000.0,9857000.0,40756000.0,23448000.0,2.182,303209000.0
83,DLTR,MRQ,2000-09-30,2000-09-30,2000-09-30,2021-08-26,0.0,666186000.0,,407691000.0,258495000.0,,1.403,-27029000.0,23954000.0,23954000.0,238328000.0,21850000.0,2.516,0.474,89162000.0,45303000.0,43859000.0,89162000.0,0.0,10638000.0,0.0,0.0,0.0,37044000.0,47682000.0,0.126,47682000.0,37044000.0,35530000.0,0.07,0.063,0.07,451902000.0,,451902000.0,4373813133.0,22.0,18.322,-57763000.0,-0.179,1.0,138990000.0,0.368,40881000.0,1514000.0,528485000.0,,350055000.0,0.0,0.0,0.0,214284000.0,162028000.0,52256000.0,4356139133.0,-31463000.0,0.0,10229000.0,16071000.0,0.0,26300000.0,-27029000.0,0.0,-30734000.0,0.0,21850000.0,21850000.0,21850000.0,0.0,0.0,0.058,102661000.0,36329000.0,89463000.0,0.0,9.64,38.054,35.579,201100000.0,0.0,13.52,2.73,2.73,0.0,296085000.0,377318000.0,377318000.0,0.0,,,,,7353000.0,102661000.0,1.0,322199640.0,322199640,,1.171,625305000.0,9769000.0,13680000.0,201000.0,1.941,245663000.0
84,DLTR,MRQ,2000-06-30,2000-06-30,2000-06-30,2021-08-26,0.0,602779000.0,,361141000.0,241638000.0,,1.338,-26386000.0,55417000.0,55417000.0,247558000.0,21148000.0,2.639,0.461,73091000.0,28358000.0,44733000.0,73091000.0,0.0,9556000.0,0.0,0.0,0.0,37358000.0,46914000.0,0.122,46914000.0,37358000.0,35421000.0,0.067,0.063,0.067,412470000.0,,412470000.0,4062610162.0,21.0,17.894,1562000.0,0.005,1.0,136945000.0,0.356,41385000.0,1937000.0,442211000.0,,284517000.0,0.0,0.0,0.0,190309000.0,136857000.0,53452000.0,4063896162.0,-28294000.0,0.0,9433000.0,-39289000.0,0.0,-29856000.0,-26386000.0,0.0,27948000.0,0.0,21148000.0,20811000.0,20811000.0,0.0,0.0,0.054,100519000.0,36426000.0,79455000.0,0.0,9.853,38.813,37.676,184374000.0,337000.0,13.187,2.679,2.679,0.0,274235000.0,384503000.0,384503000.0,0.0,,,,,5618000.0,100519000.0,1.0,308182216.0,308182216,,1.248,561394000.0,6849000.0,14273000.0,4768000.0,1.822,224284000.0
85,DLTR,MRQ,2000-03-31,2000-03-31,2000-03-31,2021-08-26,0.0,562435000.0,,352694000.0,209741000.0,,1.365,-18004000.0,81166000.0,81166000.0,213538000.0,13952000.0,2.908,0.471,79880000.0,28289000.0,51591000.0,79880000.0,0.0,8693000.0,0.0,0.0,0.0,24997000.0,33690000.0,0.103,33690000.0,24997000.0,22719000.0,0.043,0.04,0.043,382306000.0,,382306000.0,3150561537.0,17.0,14.671,-105001000.0,-0.375,1.0,113573000.0,0.347,41890000.0,2278000.0,397965000.0,,255239000.0,0.0,0.0,0.0,180129000.0,121294000.0,58835000.0,3245017537.0,-97876000.0,0.0,3586000.0,3539000.0,0.0,7125000.0,-18004000.0,0.0,-86997000.0,0.0,13952000.0,12876000.0,12876000.0,0.0,0.0,0.039,90354000.0,23219000.0,63880000.0,0.0,8.488,32.938,34.788,152867000.0,1076000.0,11.584,2.284,2.283,0.0,302630000.0,327111000.0,327111000.0,0.0,,,,,2930000.0,90354000.0,1.0,280118529.0,280066500,308650500.0,1.168,520545000.0,5056000.0,8767000.0,12058000.0,1.859,231400000.0
86,DLTR,MRQ,1999-12-31,1999-12-31,1999-12-31,2021-08-26,0.0,611233000.0,,395106000.0,216127000.0,,1.133,-13792000.0,181587000.0,181587000.0,309798000.0,60878000.0,2.346,0.822,108773000.0,31260000.0,77513000.0,108773000.0,0.0,8576000.0,0.0,0.0,0.0,101854000.0,110430000.0,0.218,110430000.0,101854000.0,99262000.0,0.2,0.183,0.2,316238000.0,,316238000.0,3068010254.0,17.0,14.74,168016000.0,0.602,1.0,196915000.0,0.389,42394000.0,2592000.0,327626000.0,,192838000.0,0.0,0.0,0.0,259824000.0,168399000.0,91425000.0,3004472254.0,159507000.0,-320000.0,2185000.0,-10374000.0,0.0,-8189000.0,-14112000.0,0.0,181808000.0,0.0,60878000.0,58935000.0,58935000.0,0.0,0.0,0.116,95923000.0,100992000.0,71750000.0,0.0,9.501,30.181,31.942,157368000.0,1943000.0,10.764,2.223,2.216,0.0,240548000.0,506713000.0,506713000.0,0.0,,,,,985000.0,95923000.0,1.0,279110758.0,279180000,307687500.0,1.815,568839000.0,6563000.0,38384000.0,29193000.0,2.038,226707000.0
87,DLTR,MRQ,1999-09-30,1999-09-30,1999-09-30,2021-08-26,0.0,482358000.0,,283939000.0,198419000.0,,1.08,-14338000.0,19173000.0,19173000.0,191546000.0,15985000.0,2.342,0.601,82711000.0,28394000.0,54317000.0,82711000.0,0.0,7879000.0,0.0,0.0,0.0,28127000.0,36006000.0,0.12,36006000.0,28127000.0,26153000.0,0.04,0.037,0.04,301216000.0,,301216000.0,2486384396.0,17.0,13.808,-44425000.0,-0.159,1.0,107322000.0,0.359,41106000.0,1974000.0,383572000.0,,252472000.0,0.0,0.0,0.0,181142000.0,121218000.0,59924000.0,2473886396.0,-17992000.0,0.0,1779000.0,24654000.0,0.0,26433000.0,-14338000.0,0.0,-30087000.0,0.0,15985000.0,12083000.0,12083000.0,0.0,0.0,0.04,79402000.0,27920000.0,71950000.0,0.0,8.213,28.388,32.158,139933000.0,3902000.0,8.876,1.915,1.915,0.0,231226000.0,298868000.0,298868000.0,0.0,,,,,5293000.0,79402000.0,1.0,278730315.0,278815500,306994500.0,1.072,441252000.0,5100000.0,10168000.0,1206000.0,1.583,162721000.0
88,DLTR,MRQ,1999-06-30,1999-06-30,1999-06-30,2021-08-26,0.0,423071000.0,,239020000.0,184051000.0,,1.015,-16925000.0,36502000.0,36502000.0,184832000.0,15368000.0,2.205,0.499,49000000.0,25000000.0,24000000.0,49000000.0,0.0,8134000.0,0.0,0.0,0.0,26491000.0,34625000.0,0.12,34625000.0,26491000.0,24908000.0,0.05,0.043,0.05,282284000.0,,282284000.0,2727126688.0,19.0,15.973,8307000.0,0.03,1.0,103316000.0,0.359,41587000.0,1583000.0,285600000.0,,187247000.0,0.0,0.0,0.0,140787000.0,108382000.0,32405000.0,2696425688.0,9005000.0,0.0,1808000.0,27318000.0,-60584000.0,698000.0,-16925000.0,0.0,25232000.0,0.0,15368000.0,14626000.0,14626000.0,0.0,0.0,0.051,77083000.0,26233000.0,60322000.0,0.0,9.552,30.822,34.921,134195000.0,742000.0,9.778,2.241,2.26,0.0,215124000.0,288148000.0,288148000.0,0.0,,,,,0.0,77083000.0,1.0,275770809.0,278167500,306157500.0,1.036,381484000.0,10035000.0,9540000.0,4936000.0,1.371,130638000.0
89,DLTR,MRQ,1999-03-31,1999-03-31,1999-03-31,2021-08-26,0.0,382276000.0,,205437000.0,176839000.0,,0.944,-9786000.0,17799000.0,17799000.0,146179000.0,11327000.0,2.493,0.463,48500000.0,18500000.0,30000000.0,48500000.0,0.0,6220000.0,0.0,0.0,0.0,18920000.0,25140000.0,0.111,25140000.0,18920000.0,18038000.0,0.04,0.038,0.04,261338000.0,,261338000.0,1867970868.0,14.0,11.621,-58184000.0,-0.21,1.0,80865000.0,0.356,42069000.0,882000.0,288486000.0,,174100000.0,0.0,0.0,0.0,120938000.0,82422000.0,38516000.0,1892589868.0,-53647000.0,0.0,2997000.0,1890000.0,-350000.0,4537000.0,-9786000.0,0.0,-48398000.0,0.0,11327000.0,11327000.0,11327000.0,0.0,0.0,0.05,62345000.0,18520000.0,41430000.0,0.0,7.242,22.354,25.278,126442000.0,0.0,6.876,1.689,1.7,0.0,201323000.0,227044000.0,227044000.0,0.0,,,,,0.0,62345000.0,1.0,275263556.0,276943500,305590500.0,0.82,340207000.0,9390000.0,6711000.0,5936000.0,1.228,123015000.0
90,DLTR,MRQ,1998-12-31,1998-12-31,1998-12-31,2021-08-26,0.0,405187000.0,,231510000.0,173677000.0,,0.901,-18350000.0,74644000.0,74644000.0,302934000.0,49110000.0,1.973,0.628,49426000.0,16957000.0,32469000.0,49426000.0,0.0,7986000.0,0.0,0.0,0.0,76305000.0,84291000.0,0.176,84291000.0,76305000.0,74378000.0,0.146,0.13,0.146,248816000.0,,248816000.0,2671889778.0,20.0,17.397,132787000.0,0.481,1.0,175136000.0,0.366,42551000.0,1927000.0,220090000.0,,142706000.0,0.0,0.0,0.0,156371000.0,117328000.0,39043000.0,2584634778.0,74085000.0,0.0,967000.0,-54730000.0,-4939000.0,-58702000.0,-18350000.0,0.0,151137000.0,0.0,49110000.0,49110000.0,49110000.0,0.0,0.0,0.103,99435000.0,75701000.0,53030000.0,0.0,10.388,31.784,36.916,122503000.0,0.0,9.709,2.407,2.489,0.0,195172000.0,478070000.0,478070000.0,0.0,,,,,0.0,99435000.0,1.0,266213241.0,276048000,305059500.0,1.732,362636000.0,8903000.0,25268000.0,21353000.0,1.314,114182000.0
91,DLTR,MRQ,1998-09-30,1998-09-30,1998-09-30,2021-08-26,0.0,358458000.0,,203618000.0,154840000.0,,0.697,-18644000.0,5325000.0,5325000.0,132014000.0,12422000.0,1.851,0.865,92580000.0,40392000.0,52188000.0,92580000.0,0.0,5174000.0,0.0,0.0,0.0,21508000.0,26682000.0,0.127,26682000.0,21508000.0,19977000.0,0.044,0.04,0.044,192208000.0,,192208000.0,1908781846.0,17.0,14.787,-29570000.0,-0.107,1.0,77994000.0,0.371,43033000.0,1531000.0,292690000.0,,184511000.0,0.0,0.0,0.0,166250000.0,109990000.0,56260000.0,1851302846.0,423000.0,0.0,465000.0,29878000.0,-350000.0,29993000.0,-18644000.0,0.0,-10926000.0,0.0,12422000.0,12422000.0,12422000.0,0.0,0.0,0.059,56486000.0,21508000.0,53057000.0,0.0,9.632,28.196,29.234,108364000.0,0.0,6.958,1.955,2.027,1014000.0,147493000.0,210008000.0,210008000.0,0.0,,,,,0.0,56486000.0,1.0,266076742.0,275832000,304875000.0,0.761,315425000.0,8456000.0,7555000.0,0.0,1.144,93628000.0
92,DLTR,MRQ,1998-06-30,1998-06-30,1998-06-30,2021-08-26,0.0,311472000.0,,171754000.0,139718000.0,,0.653,-9864000.0,5459000.0,5459000.0,131130000.0,11806000.0,2.334,0.732,62938000.0,9270000.0,53668000.0,62938000.0,0.0,4905000.0,0.0,0.0,0.0,19727000.0,24632000.0,0.12,24632000.0,19727000.0,18676000.0,0.042,0.038,0.042,179856000.0,,179856000.0,2433142523.0,24.0,20.143,-22227000.0,-0.081,1.0,74079000.0,0.361,43514000.0,1051000.0,251846000.0,,156099000.0,0.0,0.0,0.0,131616000.0,73591000.0,58025000.0,2396330523.0,484000.0,0.0,1437000.0,22299000.0,-1025000.0,22711000.0,-9864000.0,0.0,-12363000.0,0.0,11806000.0,11806000.0,11806000.0,0.0,0.0,0.058,54352000.0,19727000.0,43363000.0,0.0,13.324,38.709,39.775,92917000.0,0.0,9.029,2.725,2.827,676000.0,135978000.0,205209000.0,205209000.0,0.0,,,,,0.0,54352000.0,1.0,265407023.0,275319000,304398000.0,0.745,267958000.0,7933000.0,6870000.0,2284000.0,0.973,98163000.0
93,DLTR,MRQ,1998-03-31,1998-03-31,1998-03-31,2021-08-26,0.0,278300000.0,,143607000.0,134693000.0,,0.61,-10180000.0,4214000.0,4214000.0,112867000.0,7731000.0,2.129,0.679,41026000.0,294000.0,40732000.0,41026000.0,0.0,4398000.0,0.0,0.0,0.0,13356000.0,17754000.0,0.101,17754000.0,13356000.0,12621000.0,0.029,0.027,0.029,165714000.0,,165714000.0,2070903489.0,22.0,18.842,-52503000.0,-0.193,1.0,62664000.0,0.357,43996000.0,735000.0,203664000.0,,128776000.0,0.0,0.0,0.0,112586000.0,67452000.0,45134000.0,2083477489.0,-39190000.0,0.0,2083000.0,11230000.0,0.0,13313000.0,-10180000.0,0.0,-42323000.0,0.0,7731000.0,7731000.0,7731000.0,0.0,0.0,0.044,49308000.0,13356000.0,43860000.0,0.0,12.573,37.121,38.025,87662000.0,0.0,7.871,2.593,2.664,444000.0,125308000.0,175531000.0,175531000.0,0.0,,,,,0.0,49308000.0,1.0,264699286.0,271881000,300685500.0,0.646,234304000.0,7439000.0,4890000.0,3898000.0,0.862,76155000.0
94,DLTR,MRQ,1997-12-31,1997-12-31,1997-12-31,2021-08-26,0.0,302588000.0,,166849000.0,135739000.0,,0.531,-17359000.0,45018000.0,45018000.0,226439000.0,33700000.0,1.594,0.879,40045000.0,9491000.0,30554000.0,40045000.0,0.0,5101000.0,0.0,0.0,0.0,54912000.0,60013000.0,0.169,60013000.0,54912000.0,53567000.0,0.122,0.111,0.122,161053000.0,,161053000.0,,,,79618000.0,0.263,1.0,129687000.0,0.364,44478000.0,1345000.0,148437000.0,,109483000.0,0.0,0.0,0.0,141535000.0,104700000.0,36835000.0,1622704658.0,38275000.0,0.0,826000.0,-41219000.0,-950000.0,-41343000.0,-17359000.0,0.0,96977000.0,0.0,33700000.0,33700000.0,33700000.0,0.0,0.0,0.095,74920000.0,54767000.0,53991000.0,0.0,10.076,31.23,32.096,87002000.0,0.0,6.13,2.176,2.246,0.0,121715000.0,356126000.0,356126000.0,0.0,,,,,0.0,74920000.0,1.0,264699286.0,303210000,333994500.0,1.175,258110000.0,7696000.0,19867000.0,19587000.0,0.851,62149000.0
95,DLTR,MRQ,1997-09-30,1997-09-30,1997-09-30,2021-08-26,,,,,,,,-17531000.0,,,88550000.0,8669000.0,,,,,,,,3327000.0,,0.0,0.0,15065000.0,18392000.0,0.129,18392000.0,15065000.0,14094000.0,0.033,0.029,0.033,,,,,,,-20537000.0,-0.078,1.0,53836000.0,0.378,,971000.0,,,,,,,,,,,-627000.0,0.0,486000.0,19424000.0,0.0,19910000.0,-17531000.0,0.0,-3006000.0,0.0,8669000.0,8669000.0,8669000.0,0.0,0.0,0.061,38771000.0,15065000.0,,0.0,,,,,0.0,6.241,,,,,142386000.0,142386000.0,0.0,,,,,0.0,38771000.0,1.0,,263772000,291739500.0,0.54,,,5425000.0,,,
96,DLTR,MRQ,1997-06-30,1997-06-30,1997-06-30,2021-08-26,,,,,,,,-15840000.0,,,83168000.0,6027000.0,,,,,,,,3163000.0,,0.0,0.0,10588000.0,13751000.0,0.106,13751000.0,10588000.0,9800000.0,0.022,0.02,0.022,,,,,,,-18630000.0,-0.071,1.0,46164000.0,0.357,,788000.0,,,,,,,,,,,911000.0,0.0,871000.0,18670000.0,0.0,19541000.0,-15840000.0,0.0,-2790000.0,0.0,6027000.0,6027000.0,6027000.0,0.0,0.0,0.047,35576000.0,10588000.0,,0.0,,,,,0.0,4.976,,,,,129332000.0,129332000.0,0.0,,,,,0.0,35576000.0,1.0,,263272500,290407500.0,0.491,,,3773000.0,,,
97,DLTR,MRQ,1997-03-31,1997-03-31,1997-03-31,2021-08-26,,,,,,,,-9229000.0,,,76455000.0,3563000.0,,,,,,,,2932000.0,,0.0,0.0,6243000.0,9175000.0,0.078,9175000.0,6243000.0,5793000.0,0.013,0.012,0.013,,,,,,,-29936000.0,-0.114,1.0,41291000.0,0.351,,450000.0,,,,,,,,,,,1367000.0,0.0,327000.0,30976000.0,0.0,31303000.0,-9229000.0,0.0,-20707000.0,0.0,3563000.0,3563000.0,3563000.0,0.0,0.0,0.03,35048000.0,6243000.0,,0.0,,,,,0.0,3.654,,,,,117746000.0,117746000.0,0.0,,,,,0.0,35048000.0,1.0,,262602000,289534500.0,0.448,,,2230000.0,,,
98,DLTR,MRQ,1996-12-31,1996-12-31,1996-12-31,2021-08-26,0.0,171099000.0,,85953000.0,85146000.0,,0.383,,2987000.0,2987000.0,,,1.376,0.684,4353000.0,302000.0,4051000.0,4353000.0,0.0,,0.0,0.0,0.0,,,,,,,,,,101590000.0,,101590000.0,,,,,,1.0,,,46405000.0,,63595000.0,,75081000.0,0.0,0.0,0.0,69509000.0,62465000.0,7044000.0,,,,,,,,,,,,,,,,,,,,35296000.0,,,,28.404,36035000.0,,3.778,,1.793,1855000.0,69776000.0,,,,,,,,,,1.0,,265203000,,,124694000.0,3949000.0,,12607000.0,0.47,23488000.0
0,DLTR,MRT,2021-06-30,2021-07-31,2021-07-31,2021-08-26,0.0,20445200000.0,20711025000.0,4648100000.0,15797100000.0,1.244,30.229,-872400000.0,767700000.0,767700000.0,17859600000.0,1489700000.0,1.249,1.916,9676800000.0,1368600000.0,8308200000.0,9676800000.0,0.0,701800000.0,0.0,0.0,0.0,2069100000.0,2770900000.0,0.108,2770900000.0,2069100000.0,1930800000.0,6.38,6.34,6.38,7011700000.0,7167350000.0,7011700000.0,31308476887.0,15.0,11.299,1143000000.0,4.928,1.0,7908200000.0,0.307,5085100000.0,138300000.0,20546500000.0,20243575000.0,3667700000.0,0.0,0.0,0.0,13433500000.0,3722700000.0,9710800000.0,23146676887.0,-1029500000.0,0.0,-1335700000.0,-800000000.0,0.0,-2176100000.0,-870100000.0,0.0,2015400000.0,1300000.0,1489700000.0,1489700000.0,1489700000.0,0.0,0.0,0.058,5839000000.0,2069200000.0,1559600000.0,0.0,3.301,15.538,15.641,10591400000.0,0.0,99.79,0.898,0.898,0.0,,25767800000.0,25767800000.0,0.0,0.072,0.208,0.102,0.08,77800000.0,5839000000.0,1.0,231953872.0,231953872,,111.09,15360100000.0,23900000.0,441100000.0,1066600000.0,66.22,925400000.0
1,DLTR,MRT,2021-03-31,2021-05-01,2021-05-01,2021-08-26,0.0,21050700000.0,20767475000.0,5304900000.0,15745800000.0,1.238,31.751,-878900000.0,1520800000.0,1520800000.0,17741800000.0,1468800000.0,1.359,1.84,9682600000.0,1355600000.0,8327000000.0,9682600000.0,0.0,693800000.0,0.0,0.0,0.0,2041600000.0,2735400000.0,0.106,2735400000.0,2041600000.0,1901500000.0,6.24,6.21,6.24,7411300000.0,7117825000.0,7411300000.0,34996364282.0,17.0,12.794,1434600000.0,6.146,1.0,7960400000.0,0.31,5085600000.0,140100000.0,20224700000.0,20057575000.0,3604600000.0,0.0,0.0,0.0,13639400000.0,3902200000.0,9737200000.0,26820064282.0,-281200000.0,0.0,-630000000.0,-1050000000.0,0.0,-1720100000.0,-876600000.0,0.0,2313500000.0,2000000.0,1468800000.0,1468800000.0,1468800000.0,0.0,0.0,0.057,5918500000.0,2041900000.0,1520700000.0,0.0,3.619,18.26,18.413,10538900000.0,0.0,114.9,1.043,1.043,0.0,,25702200000.0,25702200000.0,0.0,0.071,0.206,0.102,0.079,83100000.0,5918500000.0,1.0,233420925.0,233420925,,110.111,15965100000.0,24400000.0,432700000.0,1228900000.0,68.396,1402700000.0
2,DLTR,MRT,2020-12-31,2021-01-30,2021-01-30,2021-08-26,0.0,20696000000.0,20622750000.0,5050800000.0,15645200000.0,1.237,30.976,-889700000.0,1463600000.0,1463600000.0,17721000000.0,1341900000.0,1.354,1.841,9639900000.0,1348200000.0,8291700000.0,9639900000.0,0.0,686600000.0,0.0,0.0,0.0,1887100000.0,2573700000.0,0.101,2573700000.0,1887100000.0,1739800000.0,5.68,5.65,5.68,7285300000.0,6895150000.0,7285300000.0,32528334172.0,17.0,12.639,1826600000.0,7.766,1.0,7788300000.0,0.305,5084400000.0,147300000.0,20057600000.0,19878325000.0,3427000000.0,0.0,0.0,0.0,13410700000.0,3730300000.0,9680400000.0,23909634172.0,877600000.0,0.0,-383000000.0,-550000000.0,0.0,-949900000.0,-889700000.0,0.0,2716300000.0,900000.0,1341900000.0,1341900000.0,1341900000.0,0.0,0.0,0.053,5900400000.0,1887900000.0,1480500000.0,0.0,3.282,17.818,17.898,10440400000.0,0.0,101.66,0.937,0.937,0.0,5179700000.0,25509300000.0,25509300000.0,0.0,0.065,0.195,0.095,0.074,83900000.0,5900400000.0,1.0,235192152.0,235192152,,108.462,15611600000.0,23200000.0,397900000.0,1122400000.0,66.378,1320500000.0
3,DLTR,MRT,2020-09-30,2020-10-31,2020-10-31,2021-08-26,0.0,20652200000.0,20342400000.0,5171000000.0,15481200000.0,1.232,29.334,-959000000.0,1165200000.0,1165200000.0,17460700000.0,962100000.0,1.279,1.967,9783900000.0,1596500000.0,8187400000.0,9783900000.0,0.0,682800000.0,0.0,0.0,0.0,1454200000.0,2137000000.0,0.085,2137000000.0,1454200000.0,1301900000.0,4.06,4.05,4.06,6961100000.0,6637525000.0,6961100000.0,29926931283.0,21.0,14.004,1630000000.0,6.869,1.0,7596000000.0,0.303,5083100000.0,152300000.0,20145500000.0,19961375000.0,3792300000.0,0.0,0.0,0.0,13691100000.0,4042300000.0,9648800000.0,21433631283.0,684900000.0,0.0,-177000000.0,-750000000.0,0.0,-944500000.0,-959000000.0,0.0,2589000000.0,-600000.0,962100000.0,962100000.0,962100000.0,0.0,0.0,0.038,6140300000.0,1455700000.0,1587200000.0,0.0,3.079,22.278,22.246,10280700000.0,0.0,90.32,0.855,0.855,0.0,,25056700000.0,25056700000.0,0.0,0.047,0.145,0.073,0.058,79400000.0,6140300000.0,1.0,237307698.0,237307698,,105.587,15569100000.0,23300000.0,339800000.0,1074100000.0,65.607,1128700000.0
4,DLTR,MRT,2020-06-30,2020-08-01,2020-08-01,2021-08-26,0.0,20671000000.0,20114875000.0,5232500000.0,15438500000.0,1.224,28.721,-1002600000.0,1797200000.0,1797200000.0,17249800000.0,887900000.0,1.223,2.034,10290500000.0,2084600000.0,8205900000.0,10290500000.0,0.0,672700000.0,0.0,0.0,0.0,1347100000.0,2019800000.0,0.082,2019800000.0,1347100000.0,1191500000.0,3.75,3.74,3.75,6813600000.0,6427575000.0,6813600000.0,30767143980.0,23.0,15.233,1460200000.0,6.155,1.0,7376100000.0,0.3,5083000000.0,155600000.0,19802500000.0,19873600000.0,3275700000.0,0.0,0.0,0.0,13857400000.0,4278800000.0,9578600000.0,22145643980.0,1148900000.0,0.0,-42900000.0,-250000000.0,0.0,-310400000.0,-1002600000.0,0.0,2462800000.0,-900000.0,887900000.0,887900000.0,887900000.0,0.0,0.0,0.036,6027500000.0,1348600000.0,1481000000.0,0.0,3.25,24.942,24.893,10236700000.0,0.0,93.35,0.899,0.899,0.0,,24625900000.0,24625900000.0,0.0,0.044,0.138,0.068,0.055,73000000.0,6027500000.0,1.0,237232394.0,237232394,,103.805,15588000000.0,24000000.0,303600000.0,1039400000.0,65.708,953700000.0
5,DLTR,MRT,2020-03-31,2020-05-02,2020-05-02,2021-08-26,0.0,20471800000.0,19820575000.0,5165400000.0,15306400000.0,1.215,27.535,-1063700000.0,1802000000.0,1802000000.0,16980500000.0,806700000.0,1.147,2.14,10423500000.0,2315000000.0,8108500000.0,10423500000.0,0.0,659700000.0,0.0,0.0,0.0,1240900000.0,1900600000.0,0.079,1900600000.0,1240900000.0,1080000000.0,3.41,3.4,3.41,6520600000.0,6190600000.0,6520600000.0,27771790985.0,22.0,14.612,1151000000.0,4.86,1.0,7108400000.0,0.295,5081400000.0,160900000.0,19507700000.0,19824525000.0,3198500000.0,0.0,0.0,0.0,13951200000.0,4504200000.0,9447000000.0,18326790985.0,1051500000.0,0.0,-80900000.0,0.0,0.0,-98700000.0,-1063700000.0,0.0,2214700000.0,-800000.0,806700000.0,806700000.0,806700000.0,0.0,0.0,0.033,5865800000.0,1242600000.0,1336900000.0,0.0,2.811,22.718,22.695,10111800000.0,0.0,77.39,0.761,0.761,0.0,,24088900000.0,24088900000.0,0.0,0.041,0.13,0.063,0.052,63500000.0,5865800000.0,1.0,236810841.0,236810841,,101.722,15390400000.0,23300000.0,273300000.0,1152100000.0,64.99,661200000.0
6,DLTR,MRT,2019-12-31,2020-02-01,2020-02-01,2021-08-26,-39800000.0,19574600000.0,19541200000.0,4269400000.0,15305200000.0,1.208,26.429,-1036700000.0,586000000.0,586000000.0,16570100000.0,827000000.0,1.204,2.13,10031000000.0,1529300000.0,8501700000.0,10031000000.0,0.0,645400000.0,0.0,0.0,0.0,1260800000.0,1906200000.0,0.081,1906200000.0,1260800000.0,1098700000.0,3.49,3.47,3.49,6254800000.0,5999425000.0,6254800000.0,30234686983.0,24.0,15.861,833100000.0,3.52,1.0,7040700000.0,0.298,5083300000.0,162100000.0,20389800000.0,19837825000.0,3522000000.0,0.0,0.0,0.0,13319800000.0,3546500000.0,9773300000.0,20606186983.0,139300000.0,0.0,-184800000.0,-500000000.0,0.0,-709800000.0,-1020200000.0,0.0,1869800000.0,-500000.0,827000000.0,827000000.0,827000000.0,0.0,0.0,0.035,5778500000.0,1262200000.0,1336500000.0,0.0,3.294,24.917,24.948,10106800000.0,0.0,87.07,0.873,0.873,0.0,3837800000.0,23610800000.0,23610800000.0,0.0,0.042,0.138,0.064,0.053,61400000.0,5778500000.0,1.0,236662306.0,236662306,,99.766,14491300000.0,24400000.0,271700000.0,1076300000.0,61.232,722900000.0
7,DLTR,MRT,2019-09-30,2019-11-02,2019-11-02,2021-08-26,0.0,19742100000.0,18022850000.0,4572300000.0,15169800000.0,1.304,25.869,-982500000.0,480300000.0,480300000.0,16508400000.0,-1603000000.0,1.094,2.225,10108800000.0,1952600000.0,8156200000.0,10108800000.0,0.0,633000000.0,0.0,0.0,0.0,-1135700000.0,-502700000.0,-0.021,-502700000.0,-1135700000.0,-1304900000.0,-6.73,-6.73,-6.73,6121300000.0,5846450000.0,6121300000.0,36043146772.0,-32.0,-71.699,747100000.0,3.157,1.0,6992300000.0,0.298,5396500000.0,169200000.0,19794400000.0,17125075000.0,3882900000.0,0.0,0.0,0.0,13620800000.0,4179700000.0,9441100000.0,26440446772.0,-228000000.0,0.0,-184400000.0,-782000000.0,0.0,-991300000.0,-966000000.0,0.0,1729600000.0,-300000.0,-1603000000.0,-1603000000.0,-1603000000.0,0.0,0.0,-0.068,8126900000.0,-1134600000.0,1473100000.0,0.0,4.319,-16.494,-16.603,9675300000.0,0.0,111.74,1.125,1.125,0.0,,23500700000.0,23500700000.0,0.0,-0.089,-0.274,-0.066,-0.048,115600000.0,8126900000.0,1.0,236624725.0,236624725,,99.316,14345600000.0,0.0,298100000.0,1031200000.0,60.626,392600000.0
8,DLTR,MRT,2019-06-30,2019-08-03,2019-08-03,2021-08-26,0.0,19493800000.0,17249650000.0,4340800000.0,15153000000.0,1.35,24.689,-927200000.0,648300000.0,648300000.0,16333600000.0,-1577000000.0,1.06,2.323,10251000000.0,1965000000.0,8286000000.0,10251000000.0,0.0,623400000.0,0.0,0.0,0.0,-1106400000.0,-483000000.0,-0.021,-483000000.0,-1106400000.0,-1281800000.0,-6.63,-6.63,-6.63,5865700000.0,6301900000.0,5865700000.0,32596075018.0,-29.0,-67.487,914000000.0,3.847,1.0,6959700000.0,0.299,5396300000.0,175400000.0,19606200000.0,14779200000.0,3470900000.0,0.0,0.0,0.0,13628100000.0,4094000000.0,9534100000.0,23014275018.0,1000000.0,0.0,-122800000.0,-782000000.0,0.0,-930200000.0,-910700000.0,0.0,1841200000.0,700000.0,-1577000000.0,-1577000000.0,-1577000000.0,0.0,0.0,-0.068,8064900000.0,-1105200000.0,1455400000.0,0.0,3.924,-14.594,-14.611,9680500000.0,0.0,96.87,0.988,0.988,0.0,,23293300000.0,23293300000.0,0.0,-0.091,-0.25,-0.075,-0.047,107200000.0,8064900000.0,1.0,237578972.0,237578972,,98.044,14097500000.0,0.0,295200000.0,990300000.0,59.338,246800000.0
9,DLTR,MRT,2019-03-31,2019-05-04,2019-05-04,2021-08-26,0.0,19354300000.0,16402100000.0,4246100000.0,15108200000.0,1.407,24.164,-844500000.0,750500000.0,750500000.0,16103200000.0,-1483400000.0,1.067,2.363,10332300000.0,1965900000.0,8366400000.0,10332300000.0,0.0,620800000.0,0.0,0.0,0.0,-991100000.0,-370300000.0,-0.016,-370300000.0,-991100000.0,-1172500000.0,-6.24,-6.24,-6.24,5755900000.0,6747350000.0,5755900000.0,29739997476.0,-30.0,-80.313,1148000000.0,4.819,1.0,6975100000.0,0.302,5395900000.0,181400000.0,19560900000.0,12410725000.0,3325500000.0,0.0,0.0,0.0,13598400000.0,3979300000.0,9619100000.0,25921397476.0,275300000.0,0.0,-81300000.0,-782000000.0,0.0,-888600000.0,-828000000.0,0.0,1992500000.0,-600000.0,-1483400000.0,-1483400000.0,-1483400000.0,0.0,0.0,-0.064,7966700000.0,-991600000.0,1186500000.0,0.0,4.503,-17.474,-17.439,9636000000.0,0.0,108.82,1.123,1.123,0.0,,23078300000.0,23078300000.0,0.0,-0.09,-0.22,-0.08,-0.043,93600000.0,7966700000.0,1.0,238204351.0,238204351,,96.884,13958400000.0,0.0,310900000.0,1115200000.0,58.598,266800000.0
10,DLTR,MRT,2018-12-31,2019-02-02,2019-02-02,2021-08-26,-38300000.0,13501200000.0,15520300000.0,4293300000.0,9207900000.0,1.471,23.713,-816700000.0,446700000.0,446700000.0,15875800000.0,-1590800000.0,2.049,1.393,4265300000.0,0.0,4265300000.0,4265300000.0,0.0,621100000.0,0.0,0.0,0.0,-939000000.0,-317900000.0,-0.014,-317900000.0,-939000000.0,-1309000000.0,-6.69,-6.69,-6.69,5642900000.0,7147300000.0,5642900000.0,27344815529.0,-29.0,-86.017,949300000.0,3.989,1.0,6947500000.0,0.304,5685300000.0,370000000.0,9538800000.0,10019425000.0,3536000000.0,0.0,0.0,0.0,7858300000.0,2095700000.0,5762600000.0,23009315529.0,-651100000.0,0.0,17500000.0,-1594200000.0,0.0,-1599900000.0,-816700000.0,0.0,1766000000.0,-500000.0,-1590800000.0,-1590800000.0,-1590800000.0,0.0,0.0,-0.07,7887000000.0,-939500000.0,1416400000.0,0.0,4.078,-14.464,-14.453,3445300000.0,0.0,96.69,1.008,1.008,0.0,3076100000.0,22823300000.0,22823300000.0,0.0,-0.102,-0.223,-0.094,-0.041,63100000.0,7887000000.0,1.0,237969961.0,237969961,,95.908,7815900000.0,0.0,281800000.0,1068600000.0,32.844,2197600000.0
11,DLTR,MRT,2018-09-30,2018-11-03,2018-11-03,2021-08-26,0.0,16649300000.0,16228200000.0,4749500000.0,11899800000.0,1.416,33.39,-801800000.0,708300000.0,708300000.0,15842300000.0,1756300000.0,2.224,1.096,5043800000.0,0.0,5043800000.0,5043800000.0,0.0,611000000.0,0.0,0.0,0.0,1981900000.0,2592900000.0,0.113,2592900000.0,1981900000.0,1576600000.0,7.4,7.37,7.4,7943100000.0,7532150000.0,7943100000.0,24650700411.0,12.0,9.507,1166700000.0,4.904,1.0,7136400000.0,0.311,8438200000.0,405300000.0,10410900000.0,10023075000.0,3715600000.0,0.0,0.0,0.0,8706200000.0,2135700000.0,6570500000.0,20256200411.0,308200000.0,0.0,24800000.0,-860500000.0,0.0,-858500000.0,-801800000.0,0.0,1968500000.0,0.0,1756300000.0,1756300000.0,1756300000.0,0.0,0.0,0.076,5162900000.0,1973500000.0,1365100000.0,0.0,2.55,11.533,11.507,3406200000.0,0.0,85.15,0.882,0.882,0.0,,22978700000.0,22978700000.0,0.0,0.108,0.233,0.198,0.086,65700000.0,5162900000.0,1.0,237888437.0,237888437,,96.594,8211100000.0,0.0,-179700000.0,1032900000.0,34.517,2613800000.0
12,DLTR,MRT,2018-06-30,2018-08-04,2018-08-04,2021-08-26,0.0,16103600000.0,15998425000.0,4272800000.0,11830800000.0,1.422,32.163,-757000000.0,647300000.0,647300000.0,15626000000.0,1714400000.0,2.24,1.106,5041800000.0,0.0,5041800000.0,5041800000.0,0.0,610000000.0,0.0,0.0,0.0,2019100000.0,2629100000.0,0.116,2629100000.0,2019100000.0,1591700000.0,7.23,7.2,7.23,7647500000.0,7075500000.0,7647500000.0,26031278640.0,13.0,9.901,846800000.0,3.561,1.0,7130500000.0,0.313,8458400000.0,427400000.0,10132300000.0,10041825000.0,3288200000.0,0.0,0.0,0.0,8456100000.0,1907400000.0,6548700000.0,21466378640.0,-46000000.0,0.0,30300000.0,-902000000.0,0.0,-896100000.0,-753000000.0,4000000.0,1603800000.0,-700000.0,1714400000.0,1714400000.0,1714400000.0,0.0,0.0,0.075,5119600000.0,2010900000.0,1241700000.0,0.0,2.807,12.521,12.487,3316100000.0,0.0,90.28,0.943,0.943,0.0,,22756500000.0,22756500000.0,0.0,0.107,0.242,0.201,0.089,65700000.0,5119600000.0,1.0,237775572.0,237775572,,95.706,7645200000.0,0.0,-122700000.0,1020200000.0,32.153,2365400000.0
13,DLTR,MRT,2018-03-31,2018-05-05,2018-05-05,2021-08-26,0.0,15827100000.0,15855600000.0,4042000000.0,11785100000.0,1.42,30.993,-704900000.0,475200000.0,475200000.0,15417700000.0,1674300000.0,2.108,1.152,5040100000.0,0.0,5040100000.0,5040100000.0,0.0,608800000.0,0.0,0.0,0.0,2054700000.0,2663500000.0,0.118,2663500000.0,2054700000.0,1597600000.0,7.07,7.03,7.07,7355700000.0,6628675000.0,7355700000.0,26797222866.0,13.0,10.061,762200000.0,3.211,1.0,7094400000.0,0.315,8479100000.0,457100000.0,9995700000.0,9999925000.0,3248200000.0,0.0,0.0,0.0,8471400000.0,1917200000.0,6554200000.0,22217022866.0,-679700000.0,0.0,27800000.0,-1443500000.0,0.0,-1446700000.0,-700900000.0,4000000.0,1467100000.0,800000.0,1674300000.0,1674300000.0,1674300000.0,0.0,0.0,0.074,5046500000.0,2047900000.0,1181500000.0,0.0,3.02,13.269,13.24,3249700000.0,0.0,93.61,0.987,0.987,0.0,,22512100000.0,22512100000.0,0.0,0.106,0.253,0.205,0.091,65700000.0,5046500000.0,1.0,237335999.0,237335999,,94.853,7348000000.0,0.0,-76700000.0,1100400000.0,30.96,2124800000.0
14,DLTR,MRT,2017-12-31,2018-02-03,2018-02-03,2021-08-26,-32300000.0,16332800000.0,15897500000.0,4576300000.0,11756500000.0,1.399,30.293,-631900000.0,1097800000.0,1097800000.0,15223600000.0,1714300000.0,1.601,1.274,5678000000.0,915900000.0,4762100000.0,5678000000.0,0.0,611200000.0,0.0,0.0,0.0,2005800000.0,2617000000.0,0.118,2617000000.0,2005800000.0,1704000000.0,7.24,7.21,7.24,7182300000.0,6192000000.0,7182300000.0,31126013836.0,16.0,11.894,878300000.0,3.704,1.0,7021900000.0,0.316,8500500000.0,301800000.0,9553400000.0,10082500000.0,3169300000.0,0.0,0.0,0.0,9150500000.0,2859100000.0,6291400000.0,25803213836.0,231400000.0,0.0,35000000.0,-659100000.0,0.0,-651500000.0,-627900000.0,4000000.0,1510200000.0,600000.0,1714300000.0,1714300000.0,1714300000.0,0.0,0.0,0.077,5022800000.0,1999100000.0,1174800000.0,0.0,3.593,15.052,15.032,3200700000.0,0.0,108.83,1.16,1.16,0.0,4666900000.0,22245500000.0,22245500000.0,0.0,0.108,0.277,0.199,0.09,65700000.0,5022800000.0,1.0,237096516.0,237096516,,93.825,7832300000.0,0.0,-10300000.0,1060500000.0,33.034,1717200000.0
15,DLTR,MRT,2017-09-30,2017-10-28,2017-10-28,2021-08-26,0.0,15730200000.0,15739700000.0,3972600000.0,11757600000.0,1.367,25.825,-564800000.0,400100000.0,400100000.0,14792200000.0,996000000.0,1.947,1.572,5722900000.0,165900000.0,5557000000.0,5722900000.0,0.0,610300000.0,0.0,0.0,0.0,1819200000.0,2429500000.0,0.113,2429500000.0,1819200000.0,1510200000.0,4.21,4.19,4.21,6116500000.0,5743800000.0,6116500000.0,27143891225.0,15.0,11.173,1045800000.0,4.416,1.0,6728200000.0,0.313,8527200000.0,309000000.0,10485900000.0,10307625000.0,3397800000.0,0.0,0.0,0.0,9613700000.0,2039900000.0,7573800000.0,22076291225.0,-333700000.0,0.0,32600000.0,-1388500000.0,0.0,-1384100000.0,-560800000.0,4000000.0,1610600000.0,600000.0,996000000.0,996000000.0,996000000.0,0.0,0.0,0.046,4908200000.0,1820000000.0,1181300000.0,0.0,3.609,22.165,22.14,3178900000.0,0.0,93.21,1.026,1.026,0.0,,21520400000.0,21520400000.0,0.0,0.063,0.173,0.176,0.085,61600000.0,4908200000.0,1.0,236844665.0,236844665,,90.863,7203000000.0,0.0,514200000.0,1517500000.0,30.412,1932700000.0
16,DLTR,MRT,2017-06-30,2017-07-29,2017-07-29,2021-08-26,0.0,15532300000.0,15855900000.0,3815200000.0,11717100000.0,1.337,24.759,-480800000.0,693300000.0,693300000.0,14622700000.0,927700000.0,1.83,1.65,5760900000.0,165900000.0,5595000000.0,5760900000.0,0.0,618500000.0,0.0,0.0,0.0,1736700000.0,2355200000.0,0.111,2355200000.0,1736700000.0,1385300000.0,3.93,3.9,3.93,5860200000.0,5476600000.0,5860200000.0,22136937675.0,13.0,9.399,1187400000.0,5.017,1.0,6582700000.0,0.31,8550500000.0,351400000.0,9964700000.0,10633375000.0,2928500000.0,4000000.0,4000000.0,0.0,9672100000.0,2084700000.0,7587400000.0,16994237675.0,-399900000.0,0.0,33700000.0,-1594400000.0,0.0,-1587700000.0,-480800000.0,0.0,1668200000.0,400000.0,927700000.0,927700000.0,927700000.0,0.0,0.0,0.044,4845500000.0,1737200000.0,1196300000.0,0.0,2.9,18.319,18.27,3115400000.0,0.0,71.8,0.801,0.801,0.0,,21205400000.0,21205400000.0,0.0,0.059,0.169,0.163,0.082,61600000.0,4845500000.0,1.0,236688547.0,236688547,,89.592,6981800000.0,0.0,457600000.0,1491400000.0,29.498,1730500000.0
17,DLTR,MRT,2017-03-31,2017-04-29,2017-04-29,2021-08-26,0.0,15994700000.0,16055175000.0,4278100000.0,11716600000.0,1.303,23.737,-498900000.0,1154900000.0,1154900000.0,14453200000.0,864100000.0,1.909,1.852,6297600000.0,165900000.0,6131700000.0,6297600000.0,0.0,629100000.0,0.0,0.0,0.0,1674500000.0,2303600000.0,0.11,2303600000.0,1674500000.0,1311600000.0,3.66,3.64,3.66,5609000000.0,5225775000.0,5609000000.0,25013780163.0,15.0,10.859,1294100000.0,5.477,1.0,6467300000.0,0.309,8570800000.0,362900000.0,10326000000.0,11069550000.0,2878400000.0,4000000.0,4000000.0,0.0,10385700000.0,2240600000.0,8145100000.0,19558380163.0,225200000.0,0.0,38900000.0,-1086800000.0,0.0,-1069300000.0,-498900000.0,0.0,1793000000.0,400000.0,864100000.0,864100000.0,864100000.0,0.0,0.0,0.041,4792400000.0,1674900000.0,1223900000.0,0.0,3.487,22.634,22.615,3093900000.0,0.0,82.77,0.935,0.935,0.0,,20920500000.0,20920500000.0,0.0,0.054,0.165,0.151,0.08,61600000.0,4792400000.0,1.0,236297936.0,236297936,,88.534,7423900000.0,0.0,447500000.0,1726700000.0,31.418,2037500000.0
18,DLTR,MRT,2016-12-31,2017-01-28,2017-01-28,2021-08-26,-37600000.0,15701600000.0,16071725000.0,3938000000.0,11763600000.0,1.289,22.83,-565600000.0,866400000.0,866400000.0,14324500000.0,896200000.0,1.87,1.913,6321800000.0,152100000.0,6169700000.0,6321800000.0,0.0,637500000.0,0.0,0.0,0.0,1704900000.0,2342400000.0,0.113,2342400000.0,1704900000.0,1329400000.0,3.8,3.78,3.8,5389500000.0,4990925000.0,5389500000.0,23831088429.0,14.0,10.174,1107700000.0,4.692,1.0,6394700000.0,0.309,8597200000.0,375500000.0,10453900000.0,11422550000.0,2865800000.0,4000000.0,4000000.0,0.0,10312100000.0,2105900000.0,8206200000.0,17481088429.0,130300000.0,0.0,41500000.0,-1079800000.0,0.0,-1060500000.0,-483600000.0,82000000.0,1673300000.0,1100000.0,896200000.0,896200000.0,896200000.0,0.0,0.0,0.043,4689900000.0,1704800000.0,1119600000.0,0.0,3.244,19.506,19.487,3115800000.0,0.0,74.05,0.844,0.844,0.0,2952600000.0,20719200000.0,20719200000.0,0.0,0.056,0.18,0.149,0.082,61600000.0,4689900000.0,1.0,236071417.0,236071417,,87.767,7104400000.0,0.0,433200000.0,1620100000.0,30.094,1832100000.0
19,DLTR,MRT,2016-09-30,2016-10-29,2016-10-29,2021-08-26,0.0,16195000000.0,16121625000.0,4342400000.0,11852600000.0,1.268,21.409,-593400000.0,733800000.0,733800000.0,14208900000.0,803500000.0,2.035,2.208,7083800000.0,145800000.0,6938000000.0,7083800000.0,0.0,656900000.0,0.0,0.0,0.0,1585700000.0,2242600000.0,0.11,2242600000.0,1585700000.0,1184200000.0,3.47,3.44,3.47,5047700000.0,4745275000.0,5047700000.0,23940669789.0,15.0,10.675,893400000.0,3.789,1.0,6240100000.0,0.305,8621900000.0,401500000.0,11788900000.0,11881225000.0,3273900000.0,4000000.0,4000000.0,0.0,11147300000.0,2134200000.0,9013100000.0,17732669789.0,-373100000.0,0.0,41000000.0,-1412400000.0,0.0,-1390100000.0,-470100000.0,123300000.0,1486800000.0,300000.0,803500000.0,803500000.0,803500000.0,0.0,0.0,0.039,4652000000.0,1588100000.0,1266400000.0,0.0,3.513,22.069,21.674,3176300000.0,0.0,75.21,0.867,0.867,0.0,,20449000000.0,20449000000.0,0.0,0.05,0.169,0.133,0.078,53200000.0,4652000000.0,1.0,235775426.0,235775426,,86.731,7573100000.0,0.0,380700000.0,1567800000.0,32.12,2208200000.0
20,DLTR,MRT,2016-06-30,2016-07-30,2016-07-30,2021-08-26,0.0,16329400000.0,16247625000.0,4449400000.0,11880000000.0,1.255,20.609,-667100000.0,1093200000.0,1093200000.0,14273000000.0,713800000.0,2.041,2.362,7301200000.0,145500000.0,7155700000.0,7301200000.0,0.0,674200000.0,0.0,0.0,0.0,1466500000.0,2140700000.0,0.105,2140700000.0,1466500000.0,1078700000.0,3.09,3.07,3.09,4856900000.0,4518900000.0,4856900000.0,29092888384.0,20.0,13.59,840100000.0,3.565,1.0,6119600000.0,0.3,8648000000.0,387800000.0,11709400000.0,12345050000.0,2975100000.0,4000000.0,4000000.0,0.0,11472500000.0,2180000000.0,9292500000.0,22692288384.0,-209300000.0,-2100000.0,32700000.0,-1186900000.0,0.0,-1171600000.0,-545900000.0,111300000.0,1507200000.0,1000000.0,713800000.0,713800000.0,713800000.0,0.0,0.0,0.035,4650200000.0,1469400000.0,1351500000.0,0.0,4.672,31.791,31.162,3174200000.0,0.0,96.29,1.113,1.113,0.0,,20392600000.0,20392600000.0,0.0,0.044,0.158,0.119,0.072,53200000.0,4650200000.0,1.0,235666096.0,235666096,,86.532,7681400000.0,0.0,364900000.0,1629600000.0,32.594,2269400000.0
21,DLTR,MRT,2016-03-31,2016-04-30,2016-04-30,2021-08-26,0.0,16060900000.0,16306550000.0,4172100000.0,11888800000.0,1.129,19.855,-587900000.0,929700000.0,929700000.0,12945100000.0,445600000.0,2.036,2.439,7330300000.0,120500000.0,7209800000.0,7330300000.0,0.0,597100000.0,0.0,0.0,0.0,1231000000.0,1828100000.0,0.099,1828100000.0,1231000000.0,666600000.0,1.91,1.89,1.91,4669600000.0,4316425000.0,4669600000.0,25356715568.0,21.0,13.871,375200000.0,1.595,1.0,5462400000.0,0.297,8674400000.0,564400000.0,11738000000.0,12779875000.0,2929500000.0,4000000.0,4000000.0,0.0,11391300000.0,2049100000.0,9342200000.0,18746415568.0,59300000.0,-6527700000.0,25700000.0,-1152100000.0,0.0,-1142600000.0,239800000.0,111300000.0,963100000.0,-1000000.0,445600000.0,445600000.0,445600000.0,0.0,0.0,0.024,4226800000.0,1235600000.0,1260300000.0,0.0,4.015,42.07,41.733,3153200000.0,0.0,79.71,1.018,1.018,0.0,,18407500000.0,18407500000.0,0.0,0.027,0.103,0.096,0.067,53200000.0,4226800000.0,1.0,235182732.0,235182732,,78.269,7386500000.0,0.0,221000000.0,1683500000.0,31.407,2123000000.0
22,DLTR,MRT,2015-12-31,2016-01-30,2016-01-30,2021-08-26,-43100000.0,15901200000.0,15008625000.0,3935900000.0,11965300000.0,1.033,18.769,-480000000.0,736100000.0,736100000.0,10841700000.0,282400000.0,1.878,2.608,7346400000.0,108000000.0,7238400000.0,7346400000.0,0.0,487600000.0,0.0,0.0,0.0,1047600000.0,1535200000.0,0.099,1535200000.0,1047600000.0,448200000.0,1.27,1.26,1.27,4406900000.0,3616725000.0,4406900000.0,26330206410.0,25.0,17.151,322500000.0,1.374,1.0,4656700000.0,0.3,8127500000.0,599400000.0,12288600000.0,12193375000.0,2885500000.0,4000000.0,4000000.0,0.0,11494300000.0,2095400000.0,9398900000.0,19093606410.0,-128000000.0,-6527700000.0,13900000.0,6043700000.0,0.0,6048800000.0,-6978400000.0,29300000.0,802500000.0,-900000.0,282400000.0,282400000.0,282400000.0,0.0,0.0,0.018,3607000000.0,1049700000.0,1251900000.0,0.0,4.333,67.612,64.031,3125500000.0,0.0,81.32,1.232,1.232,0.0,2056400000.0,15498400000.0,15498400000.0,0.0,0.019,0.078,0.086,0.068,53200000.0,3607000000.0,1.0,234795947.0,234795947,,66.008,7773700000.0,0.0,165800000.0,1670900000.0,33.108,1840500000.0
23,DLTR,MRT,2015-09-30,2015-10-31,2015-10-31,2021-08-26,0.0,16699000000.0,11906500000.0,4628000000.0,12071000000.0,1.059,17.648,-408200000.0,1106900000.0,1106900000.0,8686500000.0,259900000.0,2.141,3.031,8343500000.0,95500000.0,8248000000.0,8343500000.0,0.0,366900000.0,0.0,0.0,0.0,959100000.0,1326000000.0,0.105,1326000000.0,959100000.0,420300000.0,1.23,1.23,1.23,4142200000.0,2961250000.0,4142200000.0,22417655559.0,23.0,16.906,117100000.0,0.499,1.0,3922200000.0,0.311,8130200000.0,538800000.0,13644200000.0,9692200000.0,3185300000.0,4000000.0,4000000.0,0.0,12556800000.0,2161200000.0,10395600000.0,15371655559.0,699300000.0,-6527700000.0,7300000.0,7142200000.0,0.0,7123100000.0,-6947800000.0,-12000000.0,525300000.0,-1300000.0,259900000.0,259900000.0,259900000.0,0.0,0.0,0.021,2958700000.0,963500000.0,1259300000.0,0.0,3.711,59.145,53.244,3141000000.0,0.0,65.49,1.219,1.219,0.0,,12608700000.0,12608700000.0,0.0,0.022,0.088,0.099,0.076,38300000.0,2958700000.0,1.0,234717599.0,234717599,,53.719,8568800000.0,115800000.0,160400000.0,1689700000.0,36.507,2466800000.0
24,DLTR,MRT,2015-06-30,2015-08-01,2015-08-01,2021-08-26,0.0,16565100000.0,8573675000.0,4524700000.0,12040400000.0,1.138,19.627,-331400000.0,1302500000.0,1302500000.0,6511200000.0,311000000.0,2.182,3.093,8348500000.0,83000000.0,8265500000.0,8348500000.0,0.0,242900000.0,0.0,0.0,0.0,954600000.0,1197500000.0,0.123,1197500000.0,954600000.0,504900000.0,1.53,1.52,1.53,4047000000.0,2321975000.0,4047000000.0,15794321497.0,17.0,13.189,221700000.0,1.075,1.0,3247500000.0,0.333,8089100000.0,449700000.0,13448700000.0,6951175000.0,2825100000.0,4000000.0,4000000.0,0.0,12518100000.0,2073300000.0,10444800000.0,16089121497.0,834800000.0,-6525600000.0,6100000.0,7164100000.0,0.0,7143800000.0,-6860000000.0,9000000.0,553100000.0,-2100000.0,311000000.0,311000000.0,311000000.0,0.0,0.0,0.032,2288000000.0,959500000.0,1152500000.0,0.0,3.976,51.734,51.0,3151900000.0,0.0,78.03,1.649,1.649,0.0,,9758700000.0,9758700000.0,0.0,0.036,0.134,0.137,0.098,38300000.0,2288000000.0,1.0,206191484.0,206191484,,47.328,8476000000.0,85500000.0,193900000.0,1689500000.0,41.107,2451400000.0
25,DLTR,MRT,2015-03-31,2015-05-02,2015-05-02,2021-08-26,0.0,10869200000.0,5214875000.0,9335600000.0,1533600000.0,1.683,9.092,-319300000.0,8114500000.0,8114500000.0,5692200000.0,530500000.0,9.196,4.81,7819700000.0,0.0,7819700000.0,7819700000.0,0.0,208000000.0,0.0,0.0,0.0,1037900000.0,1245900000.0,0.142,1245900000.0,1037900000.0,843700000.0,2.58,2.57,2.58,1870800000.0,1672250000.0,1870800000.0,15886614229.0,15.0,12.751,575700000.0,2.798,1.0,3086400000.0,0.352,167200000.0,194200000.0,9392000000.0,4200875000.0,1093500000.0,0.0,0.0,0.0,8998400000.0,1015200000.0,7983200000.0,15993714229.0,483300000.0,0.0,6200000.0,7163200000.0,0.0,7143500000.0,-7554400000.0,9000000.0,895000000.0,-800000.0,530500000.0,530500000.0,530500000.0,0.0,0.0,0.06,2045300000.0,1041100000.0,515600000.0,0.0,8.549,30.148,30.128,1226000000.0,0.0,77.73,1.822,1.822,0.0,,8778600000.0,8778600000.0,0.0,0.102,0.317,0.247,0.118,38300000.0,2045300000.0,1.0,205759864.0,205759864,,42.664,10702000000.0,58400000.0,313200000.0,31400000.0,52.012,8320400000.0
26,DLTR,MRT,2014-12-31,2015-01-31,2015-01-31,2021-08-26,-34100000.0,3492700000.0,3236050000.0,1994600000.0,1498100000.0,2.658,8.68,-324000000.0,864100000.0,864100000.0,5568200000.0,599200000.0,2.315,0.957,682700000.0,0.0,682700000.0,682700000.0,0.0,205900000.0,0.0,0.0,0.0,1034300000.0,1240200000.0,0.144,1240200000.0,1034300000.0,954200000.0,2.91,2.9,2.91,1785000000.0,1534000000.0,1785000000.0,14971422081.0,14.0,12.072,618800000.0,3.009,1.0,3034000000.0,0.353,165800000.0,80100000.0,2283900000.0,2459275000.0,1035700000.0,0.0,0.0,0.0,1707700000.0,861600000.0,846100000.0,14622022081.0,596400000.0,0.0,5500000.0,-24600000.0,0.0,-30600000.0,-315000000.0,9000000.0,942800000.0,-800000.0,599200000.0,599200000.0,599200000.0,0.0,0.0,0.07,1993800000.0,1040200000.0,433600000.0,0.0,8.192,24.403,24.433,1210500000.0,0.0,71.1,1.7,1.7,0.0,1774000000.0,8602200000.0,8602200000.0,0.0,0.185,0.391,0.421,0.12,38300000.0,1993800000.0,1.0,205654319.0,205654319,,41.828,3326900000.0,58900000.0,355000000.0,49200000.0,16.177,1133000000.0
27,DLTR,MRT,2014-09-30,2014-11-01,2014-11-01,2021-08-26,0.0,3367700000.0,3055850000.0,1796100000.0,1571600000.0,2.736,7.709,-299500000.0,407600000.0,407600000.0,5420300000.0,605900000.0,2.073,1.125,757000000.0,0.0,757000000.0,757000000.0,0.0,201700000.0,0.0,0.0,0.0,1003600000.0,1205300000.0,0.144,1205300000.0,1003600000.0,968800000.0,2.92,2.89,2.92,1585100000.0,1380425000.0,1585100000.0,12744044106.0,13.0,10.573,516400000.0,2.511,1.0,2941200000.0,0.352,170500000.0,34800000.0,2680100000.0,2492900000.0,1304900000.0,0.0,0.0,0.0,1782600000.0,866500000.0,916100000.0,12454744106.0,260500000.0,0.0,5400000.0,-262800000.0,0.0,-253600000.0,-299400000.0,200000.0,815900000.0,-2400000.0,605900000.0,605900000.0,605900000.0,0.0,0.0,0.072,1936400000.0,1004800000.0,545000000.0,0.0,7.857,20.556,20.743,1193400000.0,0.0,60.57,1.49,1.49,0.0,,8361500000.0,8361500000.0,0.0,0.198,0.439,0.403,0.12,37000000.0,1936400000.0,1.0,205625625.0,205625625,,40.664,3197200000.0,75000000.0,362900000.0,14300000.0,15.549,929600000.0
28,DLTR,MRT,2014-06-30,2014-08-02,2014-08-02,2021-08-26,0.0,3129900000.0,2934625000.0,1663200000.0,1466700000.0,2.778,7.002,-291200000.0,467700000.0,467700000.0,5275200000.0,598300000.0,2.124,1.161,740200000.0,0.0,740200000.0,740200000.0,0.0,199400000.0,0.0,0.0,0.0,989000000.0,1188400000.0,0.146,1188400000.0,989000000.0,958300000.0,2.85,2.83,2.85,1448100000.0,1223900000.0,1448100000.0,11682689580.0,12.0,9.831,567900000.0,2.746,1.0,2875800000.0,0.353,171900000.0,30700000.0,2447500000.0,2527150000.0,1084000000.0,0.0,0.0,0.0,1681800000.0,783000000.0,898800000.0,11312789580.0,54000000.0,0.0,-994200000.0,487200000.0,0.0,-503200000.0,-300000000.0,-8800000.0,859100000.0,-1900000.0,598300000.0,598300000.0,598300000.0,0.0,0.0,0.073,1886400000.0,989400000.0,524200000.0,0.0,7.812,18.908,19.193,1153400000.0,0.0,54.7,1.388,1.388,0.0,,8151000000.0,8151000000.0,0.0,0.204,0.489,0.391,0.121,37000000.0,1886400000.0,1.0,206815166.0,206815166,,39.412,2958000000.0,59300000.0,360000000.0,2700000.0,14.303,880200000.0
29,DLTR,MRT,2014-03-31,2014-05-03,2014-05-03,2021-08-26,0.0,2953900000.0,2879225000.0,1537000000.0,1416900000.0,2.77,6.39,-299300000.0,387100000.0,387100000.0,5144400000.0,601500000.0,2.121,1.242,752900000.0,0.0,752900000.0,752900000.0,0.0,196100000.0,0.0,0.0,0.0,985500000.0,1181600000.0,0.148,1181600000.0,985500000.0,962500000.0,2.82,2.8,2.82,1317800000.0,1318350000.0,1317800000.0,11328912290.0,11.0,9.588,563700000.0,2.733,1.0,2830400000.0,0.355,169600000.0,23000000.0,2425600000.0,2395500000.0,1042900000.0,0.0,0.0,0.0,1636100000.0,724500000.0,911600000.0,10826812290.0,3800000.0,0.0,-1037800000.0,485700000.0,0.0,-547900000.0,-308400000.0,-8800000.0,863000000.0,-2900000.0,601500000.0,601500000.0,601500000.0,0.0,0.0,0.075,1844700000.0,985700000.0,447000000.0,0.0,8.216,18.0,18.617,1115500000.0,0.0,52.5,1.358,1.358,0.0,,7974800000.0,7974800000.0,0.0,0.209,0.456,0.411,0.124,37000000.0,1844700000.0,1.0,206224996.0,206224996,,38.67,2784300000.0,44500000.0,361000000.0,86600000.0,13.501,812500000.0
30,DLTR,MRT,2013-12-31,2014-02-01,2014-02-01,2021-08-26,-16900000.0,2771900000.0,2843700000.0,1378500000.0,1393400000.0,2.757,5.626,-330900000.0,267700000.0,267700000.0,5050500000.0,596700000.0,2.009,1.368,769800000.0,12800000.0,757000000.0,769800000.0,0.0,190500000.0,0.0,0.0,0.0,969700000.0,1160200000.0,0.148,1160200000.0,969700000.0,954300000.0,2.74,2.72,2.74,1170700000.0,1423825000.0,1170700000.0,11385608678.0,12.0,9.813,463200000.0,2.226,1.0,2789800000.0,0.356,169300000.0,15400000.0,2418400000.0,2255075000.0,1035300000.0,0.0,0.0,0.0,1601200000.0,686300000.0,914900000.0,10512908678.0,-132200000.0,0.0,-1106100000.0,498500000.0,0.0,-597800000.0,-325000000.0,6200000.0,794100000.0,-3500000.0,596700000.0,596700000.0,596700000.0,0.0,0.0,0.076,1819500000.0,970300000.0,393900000.0,0.0,8.98,17.618,18.438,1094000000.0,0.0,50.52,1.341,1.341,0.0,1174800000.0,7840300000.0,7840300000.0,0.0,0.21,0.419,0.43,0.124,37000000.0,1819500000.0,1.0,208093996.0,208093996,,37.677,2602600000.0,43000000.0,357600000.0,52800000.0,12.507,692200000.0
31,DLTR,MRT,2013-09-30,2013-11-02,2013-11-02,2021-08-26,0.0,2882800000.0,2838725000.0,1487800000.0,1395000000.0,2.766,4.3,-360600000.0,147100000.0,147100000.0,5035800000.0,612200000.0,1.94,2.006,1019800000.0,12800000.0,1007000000.0,1019800000.0,0.0,187200000.0,0.0,0.0,0.0,985000000.0,1172200000.0,0.149,1172200000.0,985000000.0,978100000.0,2.74,2.72,2.74,959000000.0,1547975000.0,959000000.0,12828444937.0,13.0,10.944,371000000.0,1.664,1.0,2815400000.0,0.359,171600000.0,6900000.0,2817100000.0,2093950000.0,1237400000.0,0.0,0.0,0.0,1923800000.0,766800000.0,1157000000.0,12972344937.0,-75300000.0,0.0,-1210800000.0,755200000.0,0.0,-449000000.0,-356600000.0,4000000.0,731600000.0,-1300000.0,612200000.0,612200000.0,612200000.0,0.0,0.0,0.078,1829700000.0,985700000.0,526400000.0,0.0,13.527,21.19,21.23,1101900000.0,0.0,58.17,1.652,1.652,0.0,,7851200000.0,7851200000.0,0.0,0.216,0.395,0.47,0.125,35500000.0,1829700000.0,1.0,223007477.0,223007477,,35.206,2711200000.0,43300000.0,365900000.0,5300000.0,12.157,721000000.0
32,DLTR,MRT,2013-06-30,2013-08-03,2013-08-03,2021-08-26,0.0,2908300000.0,2777850000.0,1533200000.0,1375100000.0,2.767,8.157,-372700000.0,413700000.0,413700000.0,4931900000.0,642200000.0,2.282,0.593,269800000.0,12800000.0,257000000.0,269800000.0,0.0,182200000.0,0.0,0.0,0.0,1025900000.0,1208100000.0,0.157,1208100000.0,1025900000.0,1023400000.0,2.84,2.82,2.84,1825900000.0,1692950000.0,1825900000.0,12060078509.0,12.0,9.983,326100000.0,1.457,1.0,2755100000.0,0.358,171700000.0,2500000.0,1920900000.0,1841400000.0,1018300000.0,0.0,0.0,0.0,1082400000.0,671800000.0,410600000.0,12172078509.0,33900000.0,62300000.0,-369600000.0,5200000.0,0.0,-357600000.0,-306400000.0,4000000.0,698800000.0,-900000.0,642200000.0,642200000.0,642200000.0,0.0,0.0,0.084,1789500000.0,965600000.0,418800000.0,0.0,6.666,18.954,19.148,1066500000.0,0.0,54.38,1.583,1.583,0.0,,7687000000.0,7687000000.0,0.0,0.231,0.379,0.557,0.133,35500000.0,1789500000.0,1.0,223833735.0,223833735,,34.342,2736600000.0,52100000.0,381200000.0,24000000.0,12.226,861400000.0
33,DLTR,MRT,2013-03-31,2013-05-04,2013-05-04,2021-08-26,0.0,2811800000.0,2675700000.0,1489800000.0,1322000000.0,2.817,7.746,-351000000.0,383300000.0,383300000.0,4830700000.0,636700000.0,2.247,0.616,271300000.0,14300000.0,257000000.0,271300000.0,0.0,178600000.0,0.0,0.0,0.0,1008800000.0,1187400000.0,0.158,1187400000.0,1008800000.0,1005900000.0,2.8,2.77,2.8,1739700000.0,1617225000.0,1739700000.0,10799992172.0,11.0,9.095,322100000.0,1.434,1.0,2706000000.0,0.359,172900000.0,2900000.0,1863900000.0,1768750000.0,1009500000.0,0.0,0.0,0.0,1072100000.0,663000000.0,409100000.0,10928592172.0,1000000.0,62300000.0,-398000000.0,5500000.0,0.0,-385800000.0,-284700000.0,4000000.0,673100000.0,-1600000.0,636700000.0,636700000.0,636700000.0,0.0,0.0,0.084,1757300000.0,948700000.0,392600000.0,0.0,6.282,17.164,17.379,1018200000.0,0.0,48.66,1.45,1.45,0.0,,7536700000.0,7536700000.0,0.0,0.238,0.394,0.57,0.134,35500000.0,1757300000.0,1.0,224590879.0,224590879,,33.557,2638900000.0,43900000.0,369200000.0,77200000.0,11.75,826800000.0
34,DLTR,MRT,2012-12-31,2013-02-02,2013-02-02,2021-08-26,-1500000.0,2752000000.0,2585525000.0,1473500000.0,1278500000.0,2.86,7.338,-313200000.0,399900000.0,399900000.0,4741800000.0,619300000.0,2.179,0.651,271300000.0,14300000.0,257000000.0,271300000.0,0.0,175300000.0,0.0,0.0,0.0,981700000.0,1157000000.0,0.156,1157000000.0,981700000.0,978900000.0,2.7,2.68,2.7,1667300000.0,1552450000.0,1667300000.0,9157418160.0,9.0,7.915,365100000.0,1.607,1.0,2652700000.0,0.359,173300000.0,2800000.0,1773900000.0,1638850000.0,971700000.0,0.0,0.0,0.0,1084700000.0,676200000.0,408500000.0,9115518160.0,111600000.0,62300000.0,-330200000.0,5500000.0,0.0,-303400000.0,-261900000.0,-11000000.0,678300000.0,-1400000.0,619300000.0,619300000.0,619300000.0,0.0,0.0,0.084,1732600000.0,920100000.0,346500000.0,0.0,5.467,14.719,14.859,960700000.0,0.0,40.12,1.233,1.233,0.0,1666300000.0,7394500000.0,7394500000.0,0.0,0.24,0.399,0.599,0.133,35500000.0,1732600000.0,1.0,227206335.0,227206335,,32.545,2578700000.0,50800000.0,359600000.0,85200000.0,11.35,797300000.0
35,DLTR,MRT,2012-09-30,2012-10-27,2012-10-27,2021-08-26,0.0,2639300000.0,2479675000.0,1408500000.0,1230800000.0,2.861,6.681,-290000000.0,222400000.0,222400000.0,4557900000.0,578600000.0,2.009,0.715,264300000.0,14300000.0,250000000.0,264300000.0,0.0,172400000.0,0.0,0.0,0.0,920600000.0,1093000000.0,0.154,1093000000.0,920600000.0,917500000.0,2.49,2.47,2.49,1538900000.0,1471775000.0,1538900000.0,9062967031.0,10.0,8.292,391200000.0,1.698,1.0,2536400000.0,0.358,173300000.0,3100000.0,1806900000.0,1583300000.0,1133200000.0,0.0,0.0,0.0,1100400000.0,701000000.0,399400000.0,9178467031.0,-57800000.0,62300000.0,-524900000.0,-3200000.0,0.0,-499000000.0,-238800000.0,-11000000.0,681200000.0,-1200000.0,578600000.0,578600000.0,578600000.0,0.0,0.0,0.082,1677800000.0,858600000.0,420000000.0,0.0,5.964,15.863,16.004,932400000.0,0.0,39.85,1.294,1.294,0.0,,7094300000.0,7094300000.0,0.0,0.233,0.393,0.581,0.13,31600000.0,1677800000.0,1.0,230325396.0,230325396,,30.801,2466000000.0,41200000.0,338900000.0,39400000.0,10.707,707500000.0
36,DLTR,MRT,2012-06-30,2012-07-28,2012-07-28,2021-08-26,0.0,2499700000.0,2427650000.0,1321600000.0,1178100000.0,2.871,6.566,-268900000.0,379800000.0,379800000.0,4473000000.0,527700000.0,2.275,0.641,264300000.0,14300000.0,250000000.0,264300000.0,0.0,169900000.0,0.0,0.0,0.0,840500000.0,1010400000.0,0.145,1010400000.0,840500000.0,837600000.0,2.25,2.22,2.25,1523000000.0,1448775000.0,1523000000.0,11935654440.0,14.0,11.813,438200000.0,1.889,1.0,2497400000.0,0.358,173100000.0,2900000.0,1630300000.0,1545550000.0,891700000.0,0.0,0.0,0.0,976700000.0,580800000.0,395900000.0,12052454440.0,-41800000.0,0.0,-615800000.0,-3200000.0,0.0,-590100000.0,-156200000.0,112800000.0,707100000.0,-2600000.0,527700000.0,527700000.0,527700000.0,0.0,0.0,0.076,1658100000.0,839300000.0,352400000.0,0.0,7.914,22.84,23.093,879800000.0,0.0,51.96,1.729,1.729,0.0,,6970400000.0,6970400000.0,0.0,0.217,0.364,0.544,0.121,31600000.0,1658100000.0,1.0,231956398.0,231956398,,30.05,2326600000.0,42500000.0,309900000.0,26000000.0,10.03,740800000.0
37,DLTR,MRT,2012-03-31,2012-04-28,2012-04-28,2021-08-26,0.0,2451100000.0,2422450000.0,1304400000.0,1146700000.0,2.81,6.401,-257200000.0,382300000.0,382300000.0,4368000000.0,503400000.0,1.599,0.655,265500000.0,265500000.0,0.0,265500000.0,0.0,166500000.0,0.0,0.0,0.0,809100000.0,975600000.0,0.143,975600000.0,809100000.0,806600000.0,2.12,2.1,2.12,1480600000.0,1464950000.0,1480600000.0,11767998678.0,15.0,12.062,407500000.0,1.762,1.0,2440200000.0,0.358,174000000.0,2500000.0,1344300000.0,1550975000.0,875000000.0,0.0,0.0,0.0,970500000.0,816000000.0,154500000.0,11790798678.0,11000000.0,0.0,-548900000.0,-2000000.0,0.0,-523200000.0,-129400000.0,128000000.0,664700000.0,-1100000.0,503400000.0,503400000.0,503400000.0,0.0,0.0,0.074,1631800000.0,808400000.0,319100000.0,0.0,7.964,23.422,24.045,848800000.0,0.0,50.975,1.732,1.732,0.0,,6808200000.0,6808200000.0,0.0,0.208,0.344,0.522,0.119,31600000.0,1631800000.0,1.0,231305516.0,231305516,,29.434,2277100000.0,37100000.0,303200000.0,60100000.0,9.845,488400000.0
38,DLTR,MRT,2011-12-31,2012-01-28,2012-01-28,2021-08-26,-600000.0,2328600000.0,2405000000.0,1209400000.0,1119200000.0,2.757,5.648,-250100000.0,288300000.0,288300000.0,4252200000.0,488300000.0,2.082,0.732,265500000.0,15500000.0,250000000.0,265500000.0,0.0,163900000.0,0.0,0.0,0.0,782400000.0,946300000.0,0.143,946300000.0,782400000.0,779500000.0,2.03,2.01,2.03,1344600000.0,1466475000.0,1344600000.0,10059584125.0,13.0,10.63,436400000.0,1.833,1.0,2378300000.0,0.359,173100000.0,2900000.0,1551700000.0,1614100000.0,867400000.0,0.0,0.0,0.0,984000000.0,581000000.0,403000000.0,10074284125.0,-22900000.0,0.0,-635000000.0,-2000000.0,0.0,-623200000.0,-86100000.0,163800000.0,686500000.0,-100000.0,488300000.0,488300000.0,488300000.0,0.0,0.0,0.074,1596200000.0,782100000.0,286700000.0,0.0,7.492,20.631,20.847,825300000.0,0.0,42.32,1.519,1.519,0.0,1344100000.0,6630500000.0,6630500000.0,0.0,0.203,0.333,0.485,0.118,31600000.0,1596200000.0,1.0,238050192.0,238050192,,27.853,2155500000.0,43000000.0,291200000.0,78800000.0,9.055,628400000.0
39,DLTR,MRT,2011-09-30,2011-10-29,2011-10-29,2021-08-26,0.0,2431200000.0,2417975000.0,1332500000.0,1098700000.0,2.651,5.929,-228800000.0,280200000.0,280200000.0,4118500000.0,462900000.0,2.27,0.68,265500000.0,15500000.0,250000000.0,265500000.0,0.0,162000000.0,0.0,0.0,0.0,739300000.0,901300000.0,0.141,901300000.0,739300000.0,736100000.0,1.88,1.87,1.88,1446900000.0,1495075000.0,1446900000.0,9466897396.0,13.0,10.504,433800000.0,1.778,1.0,2291700000.0,0.358,173500000.0,3200000.0,1655900000.0,1633650000.0,1005400000.0,0.0,0.0,0.0,984300000.0,587100000.0,397200000.0,9622997396.0,-29300000.0,-49400000.0,-476000000.0,-15100000.0,0.0,-481000000.0,-210100000.0,68100000.0,662600000.0,-800000.0,462900000.0,462900000.0,462900000.0,0.0,0.0,0.072,1552900000.0,738800000.0,351900000.0,0.0,6.651,20.789,20.976,816500000.0,0.0,39.435,1.501,1.501,0.0,,6410200000.0,6410200000.0,0.0,0.191,0.31,0.453,0.115,28300000.0,1552900000.0,1.0,244021742.0,244021742,,26.269,2257700000.0,15000000.0,273200000.0,25900000.0,9.252,745400000.0
40,DLTR,MRT,2011-06-30,2011-07-30,2011-07-30,2021-08-26,0.0,2478900000.0,2400700000.0,1408300000.0,1070600000.0,2.599,6.492,-209900000.0,421600000.0,421600000.0,4003100000.0,451600000.0,2.84,0.561,265500000.0,15500000.0,250000000.0,265500000.0,0.0,159800000.0,0.0,0.0,0.0,720800000.0,880600000.0,0.141,880600000.0,720800000.0,716600000.0,1.805,1.805,1.805,1587700000.0,1486400000.0,1587700000.0,7993606571.0,11.0,9.077,414200000.0,1.694,1.0,2237100000.0,0.358,175000000.0,4200000.0,1652000000.0,1624500000.0,813900000.0,123800000.0,123800000.0,0.0,891200000.0,495800000.0,395400000.0,8098406571.0,-7700000.0,-49400000.0,-280600000.0,-15100000.0,0.0,-285400000.0,-346600000.0,-87300000.0,624100000.0,200000.0,451600000.0,451600000.0,451600000.0,0.0,0.0,0.072,1522300000.0,714800000.0,302700000.0,0.0,5.101,17.933,18.346,783100000.0,0.0,33.115,1.298,1.298,0.0,,6240200000.0,6240200000.0,0.0,0.188,0.304,0.444,0.116,28300000.0,1522300000.0,1.0,244554026.0,244554026,,25.517,2303900000.0,17800000.0,265000000.0,24000000.0,9.421,912500000.0
41,DLTR,MRT,2011-03-31,2011-04-30,2011-04-30,2021-08-26,0.0,2381300000.0,2345300000.0,1325500000.0,1055800000.0,2.591,6.091,-191900000.0,371300000.0,371300000.0,3897500000.0,434700000.0,2.626,0.602,266500000.0,16500000.0,250000000.0,266500000.0,0.0,159600000.0,0.0,0.0,0.0,694400000.0,854000000.0,0.141,854000000.0,694400000.0,689300000.0,1.72,1.72,1.72,1486700000.0,1434850000.0,1486700000.0,6972669920.0,10.0,8.165,447300000.0,1.833,1.0,2178200000.0,0.359,175000000.0,5100000.0,1596800000.0,1578825000.0,771200000.0,139000000.0,139000000.0,0.0,894600000.0,504700000.0,389900000.0,7017369920.0,32700000.0,-49400000.0,-274200000.0,-15100000.0,0.0,-279200000.0,-327500000.0,-86400000.0,639200000.0,200000.0,434700000.0,434700000.0,434700000.0,0.0,0.0,0.072,1489100000.0,689100000.0,276000000.0,0.0,4.72,16.143,16.715,760200000.0,0.0,28.75,1.155,1.155,0.0,,6075700000.0,6075700000.0,0.0,0.185,0.303,0.44,0.114,28300000.0,1489100000.0,1.0,244082432.0,244082432,,24.892,2206300000.0,25100000.0,254600000.0,57000000.0,9.039,820800000.0
42,DLTR,MRT,2010-12-31,2011-01-29,2011-01-29,2021-08-26,-400000.0,2380500000.0,2285650000.0,1333300000.0,1047200000.0,2.574,5.826,-178700000.0,311200000.0,311200000.0,3794800000.0,397300000.0,2.502,0.632,266500000.0,16500000.0,250000000.0,266500000.0,0.0,159700000.0,0.0,0.0,0.0,635500000.0,795200000.0,0.135,795200000.0,635500000.0,629900000.0,1.56,1.55,1.56,1459000000.0,1386425000.0,1459000000.0,6342018127.0,10.0,7.975,340000000.0,1.358,1.0,2087600000.0,0.355,173100000.0,5600000.0,1629900000.0,1547150000.0,803100000.0,174800000.0,174800000.0,0.0,921500000.0,532800000.0,388700000.0,6385018127.0,-260400000.0,-49400000.0,-397000000.0,-15100000.0,0.0,-404300000.0,-374100000.0,-145800000.0,518700000.0,-700000.0,397300000.0,397300000.0,397300000.0,0.0,0.0,0.068,1457600000.0,630000000.0,261400000.0,0.0,4.376,16.071,16.343,741100000.0,0.0,25.495,1.085,1.085,0.0,1458200000.0,5882400000.0,5882400000.0,0.0,0.174,0.287,0.411,0.108,28300000.0,1457600000.0,1.0,250441974.0,250441974,,23.488,2207400000.0,54300000.0,232600000.0,79600000.0,8.814,800500000.0
43,DLTR,MRT,2010-09-30,2010-10-30,2010-10-30,2021-08-26,0.0,2362100000.0,2262950000.0,1366400000.0,995700000.0,2.526,5.562,-197700000.0,309500000.0,309500000.0,3697600000.0,369800000.0,2.412,0.673,266500000.0,16500000.0,250000000.0,266500000.0,0.0,158900000.0,0.0,0.0,0.0,594600000.0,753500000.0,0.132,753500000.0,594600000.0,588700000.0,1.42,1.415,1.42,1412200000.0,1378975000.0,1412200000.0,6351428885.0,11.0,8.429,335500000.0,1.321,1.0,2018100000.0,0.353,133300000.0,5900000.0,1619300000.0,1483775000.0,934900000.0,82500000.0,82500000.0,0.0,949900000.0,566500000.0,383400000.0,6514228885.0,-32600000.0,0.0,-291900000.0,-400000.0,0.0,-285200000.0,-280600000.0,-82700000.0,533200000.0,0.0,369800000.0,369800000.0,369800000.0,0.0,0.0,0.065,1428400000.0,589700000.0,303200000.0,0.0,4.613,17.616,18.067,741400000.0,0.0,25.655,1.14,1.14,0.0,,5715700000.0,5715700000.0,0.0,0.163,0.268,0.401,0.104,21700000.0,1428400000.0,1.0,253916542.0,253916542,,22.51,2228800000.0,40000000.0,218900000.0,34300000.0,8.778,799900000.0
44,DLTR,MRT,2010-06-30,2010-07-31,2010-07-31,2021-08-26,0.0,2257300000.0,2217550000.0,1261700000.0,995600000.0,2.497,5.429,-186900000.0,429300000.0,429300000.0,3584500000.0,344800000.0,2.565,0.634,266500000.0,16500000.0,250000000.0,266500000.0,0.0,158600000.0,0.0,0.0,0.0,555900000.0,714500000.0,0.129,714500000.0,555900000.0,550000000.0,1.31,1.305,1.31,1381500000.0,1357150000.0,1381500000.0,5567953250.0,10.0,7.793,413900000.0,1.627,1.0,1953300000.0,0.353,133300000.0,5900000.0,1469300000.0,1454950000.0,751600000.0,51000000.0,51000000.0,0.0,875800000.0,491900000.0,383900000.0,5639053250.0,71100000.0,0.0,-298800000.0,-400000.0,0.0,-291500000.0,-238200000.0,-51100000.0,600800000.0,0.0,344800000.0,344800000.0,344800000.0,0.0,0.0,0.062,1396900000.0,556400000.0,288600000.0,0.0,4.082,16.355,16.916,724100000.0,0.0,22.16,1.018,1.018,0.0,,5537800000.0,5537800000.0,0.0,0.155,0.254,0.382,0.1,21700000.0,1396900000.0,1.0,254469912.0,254469912,,21.762,2124000000.0,52700000.0,205200000.0,43000000.0,8.347,769800000.0
45,DLTR,MRT,2010-03-31,2010-05-01,2010-05-01,2021-08-26,0.0,2142700000.0,2187000000.0,1144800000.0,997900000.0,2.461,4.93,-175800000.0,338600000.0,338600000.0,3491100000.0,323700000.0,2.445,0.657,267500000.0,17500000.0,250000000.0,267500000.0,0.0,158300000.0,0.0,0.0,0.0,518500000.0,676800000.0,0.126,676800000.0,518500000.0,512900000.0,1.215,1.21,1.215,1293000000.0,1339375000.0,1293000000.0,5004179384.0,10.0,7.394,386400000.0,1.473,1.0,1891600000.0,0.351,133300000.0,5600000.0,1470100000.0,1454925000.0,707700000.0,51500000.0,51500000.0,0.0,849700000.0,468200000.0,381500000.0,5308279384.0,-16600000.0,0.0,-342000000.0,-400000.0,0.0,-331800000.0,-247000000.0,-71200000.0,562200000.0,0.0,323700000.0,323700000.0,323700000.0,0.0,0.0,0.06,1373800000.0,517800000.0,258600000.0,0.0,4.105,16.399,16.658,719400000.0,0.0,20.24,0.986,0.986,0.0,,5382700000.0,5382700000.0,0.0,0.148,0.242,0.356,0.096,21700000.0,1373800000.0,1.0,262266768.0,262266768,,20.524,2009400000.0,43500000.0,189200000.0,52700000.0,7.662,676600000.0
46,DLTR,MRT,2009-12-31,2010-01-30,2010-01-30,2021-08-26,-2400000.0,2289700000.0,2169750000.0,1305600000.0,984100000.0,2.411,5.398,-164800000.0,571600000.0,571600000.0,3374400000.0,320500000.0,2.743,0.602,267500000.0,17500000.0,250000000.0,267500000.0,0.0,157800000.0,0.0,0.0,0.0,512800000.0,670600000.0,0.128,670600000.0,512800000.0,507600000.0,1.195,1.185,1.195,1429200000.0,1336500000.0,1429200000.0,4296123346.0,8.0,6.406,416200000.0,1.572,1.0,1856800000.0,0.355,133300000.0,5200000.0,1376400000.0,1447000000.0,679800000.0,27800000.0,27800000.0,0.0,860500000.0,475900000.0,384600000.0,4370723346.0,207200000.0,0.0,-164800000.0,-400000.0,0.0,-161300000.0,-212500000.0,-47700000.0,581000000.0,0.0,320500000.0,320500000.0,320500000.0,0.0,0.0,0.061,1344000000.0,512800000.0,219900000.0,0.0,3.058,13.637,13.813,714300000.0,0.0,16.507,0.836,0.836,0.0,1430700000.0,5231200000.0,5231200000.0,0.0,0.148,0.24,0.354,0.098,21700000.0,1344000000.0,1.0,264785340.0,264785340,,19.756,2156400000.0,41200000.0,187100000.0,63000000.0,8.144,829700000.0
47,DLTR,MRT,2009-09-30,2009-10-31,2009-10-31,2021-08-26,0.0,2180500000.0,2106250000.0,1220700000.0,959800000.0,2.402,4.94,-140900000.0,342100000.0,342100000.0,3287500000.0,290700000.0,2.605,0.646,267500000.0,17500000.0,250000000.0,267500000.0,0.0,158400000.0,0.0,0.0,0.0,459600000.0,618000000.0,0.122,618000000.0,459600000.0,455000000.0,1.073,1.073,1.073,1324900000.0,1292500000.0,1324900000.0,3943504773.0,9.0,6.381,398300000.0,1.485,1.0,1771600000.0,0.35,133300000.0,4600000.0,1504000000.0,1451825000.0,846200000.0,0.0,0.0,0.0,855600000.0,468600000.0,387000000.0,4034204773.0,263500000.0,0.0,-124900000.0,-1200000.0,0.0,-120600000.0,-155100000.0,-14200000.0,539200000.0,0.0,290700000.0,290700000.0,290700000.0,0.0,0.0,0.057,1312000000.0,459600000.0,261400000.0,0.0,3.045,13.878,14.02,705100000.0,0.0,15.043,0.797,0.797,0.0,,5059100000.0,5059100000.0,0.0,0.138,0.225,0.317,0.091,16700000.0,1312000000.0,1.0,268172265.0,268172265,,18.865,2047200000.0,34400000.0,164300000.0,26900000.0,7.634,752100000.0
48,DLTR,MRT,2009-06-30,2009-08-01,2009-08-01,2021-08-26,0.0,2135100000.0,2041550000.0,1167000000.0,968100000.0,2.412,4.859,-133900000.0,358200000.0,358200000.0,3214600000.0,265600000.0,2.641,0.629,267500000.0,17500000.0,250000000.0,267500000.0,0.0,158100000.0,0.0,0.0,0.0,421300000.0,579400000.0,0.118,579400000.0,421300000.0,416000000.0,0.978,0.975,0.978,1310400000.0,1246300000.0,1310400000.0,4058397340.0,10.0,7.004,312100000.0,1.157,1.0,1709800000.0,0.347,133300000.0,5300000.0,1469200000.0,1467200000.0,741200000.0,0.0,0.0,0.0,824700000.0,441900000.0,382800000.0,4145997340.0,243600000.0,0.0,-58000000.0,-1200000.0,0.0,-53900000.0,-148500000.0,-14500000.0,446000000.0,0.0,265600000.0,265600000.0,265600000.0,0.0,0.0,0.054,1288500000.0,421300000.0,273800000.0,0.0,3.164,15.61,15.719,698600000.0,0.0,15.373,0.842,0.842,0.0,,4924400000.0,4924400000.0,0.0,0.13,0.213,0.287,0.086,16700000.0,1288500000.0,1.0,269687598.0,269687598,,18.26,2001800000.0,47900000.0,150400000.0,24900000.0,7.423,725100000.0
49,DLTR,MRT,2009-03-31,2009-05-02,2009-05-02,2021-08-26,0.0,2073700000.0,1973950000.0,1109200000.0,964500000.0,2.429,4.726,-132700000.0,355200000.0,355200000.0,3143600000.0,246300000.0,2.677,0.618,267600000.0,17600000.0,250000000.0,267600000.0,0.0,158700000.0,0.0,0.0,0.0,393700000.0,552400000.0,0.115,552400000.0,393700000.0,387800000.0,0.908,0.905,0.908,1281500000.0,1190275000.0,1281500000.0,3656768032.0,9.0,6.62,290500000.0,1.071,1.0,1651100000.0,0.344,133300000.0,5900000.0,1438400000.0,1468125000.0,688200000.0,0.0,0.0,0.0,792200000.0,414400000.0,377800000.0,3753568032.0,271000000.0,0.0,-10500000.0,-1200000.0,0.0,-8600000.0,-143600000.0,-10600000.0,423200000.0,0.0,246300000.0,246300000.0,246300000.0,0.0,0.0,0.051,1257400000.0,393700000.0,208600000.0,0.0,2.929,15.24,15.246,705000000.0,0.0,13.843,0.783,0.783,0.0,,4794700000.0,4794700000.0,0.0,0.125,0.207,0.268,0.082,16700000.0,1257400000.0,1.0,271146258.0,271146258,,17.683,1940400000.0,41500000.0,141500000.0,57900000.0,7.156,694800000.0
50,DLTR,MRT,2008-12-31,2009-01-31,2009-01-31,2021-08-26,-2600000.0,2035700000.0,1898300000.0,1073200000.0,962500000.0,2.447,4.61,-131300000.0,364400000.0,364400000.0,3052700000.0,229500000.0,2.618,0.624,267600000.0,17600000.0,250000000.0,267600000.0,0.0,161700000.0,0.0,0.0,0.0,365800000.0,527500000.0,0.114,527500000.0,365800000.0,359100000.0,0.845,0.845,0.845,1253200000.0,1129250000.0,1253200000.0,4059435509.0,11.0,7.696,271800000.0,1.0,1.0,1592200000.0,0.343,133300000.0,6700000.0,1395700000.0,1471100000.0,675800000.0,0.0,0.0,0.0,782500000.0,409900000.0,372600000.0,3870435509.0,323800000.0,0.0,21600000.0,-1200000.0,0.0,22700000.0,-102000000.0,29700000.0,403100000.0,0.0,229500000.0,229500000.0,229500000.0,0.0,0.0,0.049,1226400000.0,365800000.0,192900000.0,0.0,3.088,16.865,16.848,710300000.0,0.0,14.237,0.833,0.833,0.0,1216900000.0,4644900000.0,4644900000.0,0.0,0.121,0.203,0.249,0.079,16700000.0,1226400000.0,1.0,271863885.0,271863885,,17.085,1902400000.0,40700000.0,129600000.0,61600000.0,6.998,663300000.0
51,DLTR,MRT,2008-09-30,2008-11-01,2008-11-01,2021-08-26,0.0,1921700000.0,1836300000.0,960700000.0,961000000.0,2.482,4.203,-140400000.0,78600000.0,78600000.0,2992700000.0,219000000.0,2.332,0.686,267600000.0,17600000.0,250000000.0,267600000.0,0.0,161200000.0,0.0,0.0,0.0,361700000.0,522900000.0,0.115,522900000.0,361700000.0,345600000.0,0.797,0.79,0.797,1140100000.0,1063050000.0,1140100000.0,3591405873.0,10.0,6.868,231200000.0,0.852,1.0,1564300000.0,0.343,133300000.0,16100000.0,1565500000.0,1491275000.0,836500000.0,0.0,0.0,0.0,781600000.0,411900000.0,369700000.0,3438005873.0,48600000.0,0.0,-88600000.0,-85300000.0,0.0,-174100000.0,-148900000.0,-8000000.0,371600000.0,0.0,219000000.0,219000000.0,219000000.0,0.0,0.0,0.048,1209300000.0,355000000.0,238400000.0,0.0,3.016,15.699,15.901,725800000.0,0.0,12.673,0.754,0.754,0.0,,4557000000.0,4557000000.0,0.0,0.119,0.206,0.243,0.079,11300000.0,1209300000.0,1.0,271278738.0,271278738,,16.798,1788400000.0,22900000.0,126600000.0,22700000.0,6.592,548800000.0
52,DLTR,MRT,2008-06-30,2008-08-02,2008-08-02,2021-08-26,0.0,1864700000.0,1822850000.0,895800000.0,968900000.0,2.436,4.02,-165500000.0,114600000.0,114600000.0,2912000000.0,211800000.0,2.175,0.717,268000000.0,18000000.0,250000000.0,268000000.0,0.0,162500000.0,0.0,0.0,0.0,352600000.0,515100000.0,0.116,515100000.0,352600000.0,335100000.0,0.763,0.76,0.763,1086300000.0,1024225000.0,1086300000.0,3541749203.0,10.0,6.876,197000000.0,0.729,1.0,1528800000.0,0.344,133300000.0,17500000.0,1472900000.0,1501975000.0,717100000.0,0.0,0.0,0.0,778400000.0,411900000.0,366500000.0,3357449203.0,71100000.0,0.0,-259900000.0,-200000.0,0.0,-259800000.0,-31600000.0,136000000.0,362500000.0,0.0,211800000.0,211800000.0,211800000.0,0.0,0.0,0.048,1182900000.0,345900000.0,272800000.0,0.0,3.091,15.852,16.282,726100000.0,0.0,12.423,0.756,0.756,0.0,,4440800000.0,4440800000.0,0.0,0.116,0.207,0.235,0.079,11300000.0,1182900000.0,1.0,270253491.0,270253491,,16.432,1731400000.0,26300000.0,123300000.0,20300000.0,6.407,483900000.0
53,DLTR,MRT,2008-03-31,2008-05-03,2008-05-03,2021-08-26,0.0,1771100000.0,1815925000.0,797100000.0,974000000.0,2.378,3.85,-182000000.0,84200000.0,84200000.0,2826600000.0,206800000.0,2.144,0.707,268500000.0,18500000.0,250000000.0,268500000.0,0.0,161800000.0,0.0,0.0,0.0,344400000.0,506200000.0,0.117,506200000.0,344400000.0,327200000.0,0.733,0.73,0.733,1037400000.0,1028475000.0,1037400000.0,3005665244.0,9.0,5.938,189000000.0,0.701,1.0,1492300000.0,0.346,133300000.0,17200000.0,1450300000.0,1514925000.0,652700000.0,0.0,0.0,0.0,733700000.0,371800000.0,361900000.0,2777765244.0,24400000.0,0.0,-284200000.0,-500000.0,0.0,-278400000.0,-68200000.0,120300000.0,371000000.0,0.0,206800000.0,206800000.0,206800000.0,0.0,0.0,0.048,1154600000.0,337700000.0,204400000.0,0.0,2.678,13.432,14.065,733700000.0,0.0,10.31,0.643,0.643,0.0,,4318900000.0,4318900000.0,0.0,0.114,0.201,0.227,0.08,11300000.0,1154600000.0,1.0,269424369.0,269424369,,16.03,1637800000.0,22600000.0,120400000.0,49800000.0,6.079,425300000.0
54,DLTR,MRT,2007-12-31,2008-02-02,2008-02-02,2021-08-26,100000.0,1787700000.0,1813875000.0,788800000.0,998900000.0,2.339,3.583,-189000000.0,40600000.0,40600000.0,2781500000.0,201300000.0,1.943,0.809,268500000.0,18500000.0,250000000.0,268500000.0,0.0,159300000.0,0.0,0.0,0.0,337000000.0,496300000.0,0.117,496300000.0,337000000.0,319800000.0,0.7,0.697,0.7,988400000.0,1043600000.0,988400000.0,2878936393.0,9.0,5.801,178300000.0,0.646,1.0,1461100000.0,0.344,133300000.0,17200000.0,1476400000.0,1527575000.0,641200000.0,40500000.0,40500000.0,0.0,799300000.0,405900000.0,393400000.0,2555236393.0,-44400000.0,0.0,-401400000.0,-600000.0,0.0,-389000000.0,-22700000.0,172900000.0,367300000.0,0.0,201300000.0,201300000.0,201300000.0,0.0,0.0,0.047,1130800000.0,330300000.0,200400000.0,0.0,2.585,12.694,13.233,743600000.0,0.0,9.263,0.602,0.602,0.0,987400000.0,4242600000.0,4242600000.0,0.0,0.111,0.193,0.221,0.079,11300000.0,1130800000.0,1.0,275844159.0,275844159,,15.38,1654400000.0,56000000.0,118500000.0,98400000.0,5.998,382900000.0
55,DLTR,MRT,2007-09-30,2007-11-03,2007-11-03,2021-08-26,0.0,1867900000.0,1837500000.0,894100000.0,973800000.0,2.32,3.449,-188200000.0,30000000.0,30000000.0,2796800000.0,204200000.0,2.059,0.897,353700000.0,18500000.0,335200000.0,353700000.0,0.0,163200000.0,0.0,0.0,0.0,340000000.0,503200000.0,0.118,503200000.0,340000000.0,322400000.0,0.68,0.68,0.68,984800000.0,1088425000.0,984800000.0,3699035544.0,11.0,7.351,216100000.0,0.757,1.0,1466100000.0,0.344,149100000.0,17600000.0,1608300000.0,1540275000.0,801000000.0,0.0,0.0,0.0,883100000.0,434200000.0,448900000.0,3474035544.0,-28100000.0,0.0,-388700000.0,84600000.0,0.0,-288600000.0,-143800000.0,50400000.0,404300000.0,0.0,204200000.0,204200000.0,204200000.0,0.0,0.0,0.048,1134700000.0,331400000.0,257600000.0,0.0,3.528,17.013,17.892,748700000.0,0.0,12.167,0.815,0.815,0.0,,4262900000.0,4262900000.0,0.0,0.111,0.188,0.221,0.08,6700000.0,1134700000.0,1.0,285537168.0,285537168,,14.929,1718800000.0,15500000.0,118200000.0,42100000.0,6.02,459900000.0
56,DLTR,MRT,2007-06-30,2007-08-04,2007-08-04,2021-08-26,0.0,1837000000.0,1833275000.0,892800000.0,944200000.0,2.278,3.74,-175600000.0,43500000.0,43500000.0,2745800000.0,200800000.0,2.299,0.665,268500000.0,18500000.0,250000000.0,268500000.0,0.0,163200000.0,0.0,0.0,0.0,333400000.0,496600000.0,0.119,496600000.0,333400000.0,316500000.0,0.66,0.66,0.66,1103300000.0,1131875000.0,1103300000.0,3995147711.0,12.0,8.045,227700000.0,0.772,1.0,1429700000.0,0.342,148900000.0,16900000.0,1524700000.0,1523500000.0,651700000.0,144000000.0,144000000.0,0.0,733700000.0,388400000.0,345300000.0,3786147711.0,-5500000.0,0.0,-218900000.0,-500000.0,0.0,-202700000.0,-206100000.0,-22600000.0,403300000.0,0.0,200800000.0,200800000.0,200800000.0,0.0,0.0,0.048,1104900000.0,324800000.0,230700000.0,0.0,3.432,18.855,19.444,725400000.0,0.0,12.833,0.907,0.907,0.0,,4175500000.0,4175500000.0,0.0,0.11,0.177,0.219,0.08,6700000.0,1104900000.0,1.0,295024497.0,295024497,,14.153,1688100000.0,9600000.0,115700000.0,19800000.0,5.722,504400000.0
57,DLTR,MRT,2007-03-31,2007-05-05,2007-05-05,2021-08-26,0.0,1762900000.0,1817850000.0,838200000.0,924700000.0,2.249,3.725,-172500000.0,59800000.0,59800000.0,2691500000.0,197200000.0,2.575,0.606,268800000.0,18800000.0,250000000.0,268800000.0,0.0,162000000.0,0.0,0.0,0.0,328200000.0,490200000.0,0.12,490200000.0,328200000.0,311000000.0,0.643,0.643,0.643,1097900000.0,1134500000.0,1097900000.0,4098131433.0,12.0,8.36,193600000.0,0.657,1.0,1396400000.0,0.342,145500000.0,17200000.0,1500900000.0,1519475000.0,599700000.0,128700000.0,128700000.0,0.0,665000000.0,325500000.0,339500000.0,3914331433.0,-4400000.0,-3300000.0,-285800000.0,-600000.0,0.0,-275300000.0,-95200000.0,84900000.0,366100000.0,0.0,197200000.0,197200000.0,197200000.0,0.0,0.0,0.048,1076800000.0,319600000.0,186700000.0,0.0,3.565,19.85,20.653,715300000.0,0.0,13.28,0.958,0.958,0.0,,4087900000.0,4087900000.0,0.0,0.108,0.174,0.216,0.08,6700000.0,1076800000.0,1.0,294753873.0,294753873,,13.869,1617400000.0,4700000.0,113800000.0,28800000.0,5.487,512700000.0
58,DLTR,MRT,2006-12-31,2007-02-03,2007-02-03,2021-08-26,100000.0,1882200000.0,1836575000.0,967900000.0,914300000.0,2.161,3.794,-175300000.0,85000000.0,85000000.0,2612200000.0,192000000.0,2.468,0.612,268800000.0,18800000.0,250000000.0,268800000.0,0.0,159000000.0,0.0,0.0,0.0,319400000.0,478400000.0,0.121,478400000.0,319400000.0,302900000.0,0.62,0.617,0.62,1167700000.0,1151875000.0,1167700000.0,3467361688.0,11.0,7.248,237500000.0,0.772,1.0,1357200000.0,0.342,146600000.0,16500000.0,1527200000.0,1532575000.0,605000000.0,221800000.0,221800000.0,0.0,714500000.0,392200000.0,322300000.0,3256661688.0,19200000.0,-54100000.0,-207900000.0,-600000.0,0.0,-202900000.0,-190700000.0,42900000.0,412800000.0,0.0,192000000.0,192000000.0,192000000.0,0.0,0.0,0.048,1046400000.0,310800000.0,198100000.0,0.0,2.789,16.962,17.065,715300000.0,0.0,10.58,0.82,0.82,0.0,1166600000.0,3969400000.0,3969400000.0,0.0,0.105,0.167,0.208,0.08,6700000.0,1046400000.0,1.0,307813014.0,307813014,,12.895,1735600000.0,10700000.0,110900000.0,44800000.0,5.638,575700000.0
59,DLTR,MRT,2006-09-30,2006-10-28,2006-10-28,2021-08-26,0.0,1851000000.0,1815625000.0,937300000.0,913700000.0,2.054,3.787,-164900000.0,58100000.0,58100000.0,2462200000.0,180900000.0,2.514,0.598,268800000.0,18800000.0,250000000.0,268800000.0,0.0,150400000.0,0.0,0.0,0.0,299200000.0,449600000.0,0.121,449600000.0,299200000.0,284200000.0,0.573,0.57,0.573,1158600000.0,1153025000.0,1158600000.0,3357702569.0,11.0,7.468,166900000.0,0.546,1.0,1267300000.0,0.34,147700000.0,15000000.0,1541200000.0,1544975000.0,793800000.0,60800000.0,60800000.0,0.0,692400000.0,372800000.0,319600000.0,3137902569.0,-37100000.0,-54100000.0,-112400000.0,4200000.0,0.0,-104600000.0,-264300000.0,-40900000.0,331800000.0,0.0,180900000.0,180900000.0,180900000.0,0.0,0.0,0.049,974900000.0,292400000.0,230000000.0,0.0,2.708,17.346,17.9,721500000.0,0.0,10.257,0.841,0.841,0.0,,3729500000.0,3729500000.0,0.0,0.1,0.157,0.194,0.08,3600000.0,974900000.0,1.0,305937852.0,305937852,,12.19,1703300000.0,0.0,103300000.0,11300000.0,5.567,564500000.0
60,DLTR,MRT,2006-06-30,2006-07-29,2006-07-29,2021-08-26,0.0,1775300000.0,1795175000.0,874900000.0,900400000.0,2.014,3.551,-153300000.0,49000000.0,49000000.0,2379800000.0,179500000.0,2.566,0.594,268800000.0,18800000.0,250000000.0,268800000.0,0.0,146700000.0,0.0,0.0,0.0,297800000.0,444500000.0,0.123,444500000.0,297800000.0,283600000.0,0.563,0.56,0.563,1113800000.0,1133575000.0,1113800000.0,2966122692.0,10.0,6.673,248200000.0,0.791,1.0,1236100000.0,0.342,145600000.0,14200000.0,1508600000.0,1524225000.0,671000000.0,131400000.0,131400000.0,0.0,661500000.0,340900000.0,320600000.0,2761322692.0,34500000.0,-54100000.0,-166600000.0,2400000.0,0.0,-162900000.0,-204100000.0,4800000.0,401500000.0,0.0,179500000.0,179500000.0,179500000.0,0.0,0.0,0.05,945100000.0,291000000.0,211800000.0,0.0,2.479,15.383,15.636,710500000.0,0.0,8.803,0.764,0.764,0.0,,3615900000.0,3615900000.0,0.0,0.1,0.158,0.195,0.082,3600000.0,945100000.0,1.0,313667856.0,313667856,,11.528,1629700000.0,0.0,104100000.0,5000000.0,5.196,534000000.0
61,DLTR,MRT,2006-03-31,2006-04-29,2006-04-29,2021-08-26,0.0,1837800000.0,1771300000.0,946200000.0,891600000.0,1.977,3.672,-147800000.0,64200000.0,64200000.0,2297100000.0,177800000.0,2.747,0.574,269000000.0,19000000.0,250000000.0,269000000.0,0.0,144500000.0,0.0,0.0,0.0,296100000.0,440600000.0,0.126,440600000.0,296100000.0,281000000.0,0.553,0.55,0.553,1167400000.0,1129425000.0,1167400000.0,2966554472.0,10.0,6.733,263600000.0,0.829,1.0,1204200000.0,0.344,144800000.0,15100000.0,1553300000.0,1535975000.0,633800000.0,223200000.0,223200000.0,0.0,670400000.0,344500000.0,325900000.0,2762440472.0,-1300000.0,-50800000.0,-82100000.0,1000000.0,0.0,-80000000.0,-332700000.0,-133200000.0,411400000.0,0.0,177800000.0,177800000.0,177800000.0,0.0,0.0,0.051,914900000.0,289300000.0,187300000.0,0.0,2.366,15.537,15.714,702900000.0,0.0,8.69,0.789,0.789,0.0,,3501300000.0,3501300000.0,0.0,0.1,0.157,0.193,0.085,3600000.0,914900000.0,1.0,317887281.0,317887281,,11.014,1693000000.0,0.0,103200000.0,34500000.0,5.326,601700000.0
62,DLTR,MRT,2005-12-31,2006-01-28,2006-01-28,2021-08-26,100000.0,1798400000.0,1735500000.0,943700000.0,854700000.0,1.956,3.673,-139200000.0,65800000.0,65800000.0,2221500000.0,173900000.0,3.194,0.534,269000000.0,19000000.0,250000000.0,269000000.0,0.0,140700000.0,0.0,0.0,0.0,290700000.0,431400000.0,0.127,431400000.0,290700000.0,275200000.0,0.537,0.533,0.537,1172300000.0,1104750000.0,1172300000.0,2836630238.0,10.0,6.575,225900000.0,0.708,1.0,1172400000.0,0.345,129300000.0,15500000.0,1576800000.0,1516700000.0,576600000.0,274000000.0,274000000.0,0.0,626100000.0,295500000.0,330600000.0,2662827238.0,-40700000.0,0.0,-169700000.0,-600000.0,0.0,-170300000.0,-235500000.0,-92600000.0,365100000.0,0.0,173900000.0,173900000.0,173900000.0,0.0,0.0,0.051,888500000.0,283900000.0,135600000.0,0.0,2.271,15.312,15.537,681800000.0,0.0,8.343,0.785,0.785,0.0,1159700000.0,3393900000.0,3393900000.0,0.0,0.1,0.157,0.192,0.086,3600000.0,888500000.0,1.0,319156281.0,319156281,,10.634,1669100000.0,10800000.0,101300000.0,65200000.0,5.23,648200000.0
63,DLTR,MRT,2005-09-30,2005-10-29,2005-10-29,2021-08-26,0.0,1769200000.0,1734068000.0,916400000.0,852800000.0,1.904,3.354,-148051000.0,95200000.0,95200000.0,2159677000.0,171104000.0,2.589,0.637,269000000.0,19000000.0,250000000.0,269000000.0,0.0,136720000.0,0.0,0.0,0.0,282868000.0,419588000.0,0.127,419588000.0,282868000.0,271532000.0,0.513,0.51,0.513,1080800000.0,1102728000.0,1080800000.0,2483430485.0,9.0,5.919,232892000.0,0.723,1.0,1142692000.0,0.346,130800000.0,11336000.0,1458200000.0,1508624750.0,750400000.0,34600000.0,34600000.0,0.0,688400000.0,354000000.0,334400000.0,2228963485.0,7346000.0,0.0,-169475000.0,-7401000.0,0.0,-176876000.0,-196721000.0,-39795000.0,380943000.0,0.0,171104000.0,171104000.0,171104000.0,0.0,0.0,0.052,863724000.0,278968000.0,211400000.0,0.0,2.062,13.027,13.483,694000000.0,0.0,6.917,0.675,0.675,0.0,1073212000.0,3302369000.0,3302369000.0,0.0,0.099,0.155,0.188,0.086,2100000.0,863724000.0,1.0,322259781.0,322259781,,10.248,1638400000.0,0.0,100428000.0,16000000.0,5.084,562400000.0
64,DLTR,MRT,2005-06-30,2005-07-30,2005-07-30,2021-08-26,0.0,1679800000.0,1719919000.0,829200000.0,850600000.0,1.878,3.372,-163057000.0,14500000.0,14500000.0,2104745000.0,171858000.0,3.346,0.531,269000000.0,19000000.0,250000000.0,269000000.0,0.0,134582000.0,0.0,0.0,0.0,284257000.0,418839000.0,0.13,418839000.0,284257000.0,273359000.0,0.51,0.507,0.51,1097200000.0,1101619250.0,1097200000.0,2914003526.0,10.0,6.957,152696000.0,0.469,1.0,1124791000.0,0.348,130900000.0,10898000.0,1555600000.0,1509453000.0,629800000.0,151000000.0,151000000.0,0.0,582600000.0,247800000.0,334800000.0,2710538526.0,-45023000.0,0.0,-137155000.0,-6825000.0,0.0,-143980000.0,-216796000.0,-43890000.0,315753000.0,0.0,171858000.0,171858000.0,171858000.0,0.0,0.0,0.053,844434000.0,280357000.0,120400000.0,0.0,2.47,15.772,16.333,691600000.0,0.0,8.33,0.839,0.839,0.0,1042115000.0,3229536000.0,3229536000.0,0.0,0.1,0.156,0.188,0.088,2100000.0,844434000.0,1.0,325394781.0,325394781,,9.925,1548900000.0,0.0,101501000.0,5300000.0,4.76,581400000.0
65,DLTR,MRT,2005-03-31,2005-04-30,2005-04-30,2021-08-26,0.0,1694600000.0,1712286500.0,853900000.0,840700000.0,1.848,3.265,-160512000.0,65500000.0,65500000.0,2051006000.0,174150000.0,2.938,0.586,269000000.0,19000000.0,250000000.0,269000000.0,0.0,131372000.0,0.0,0.0,0.0,286841000.0,418213000.0,0.132,418213000.0,286841000.0,277809000.0,0.513,0.51,0.513,1068700000.0,1091952250.0,1068700000.0,2845842366.0,10.0,6.805,99362000.0,0.304,1.0,1113764000.0,0.352,131300000.0,9032000.0,1476200000.0,1483906250.0,644300000.0,104700000.0,104700000.0,0.0,625900000.0,290600000.0,335300000.0,2670628366.0,-35890000.0,0.0,-142520000.0,-6198000.0,0.0,-148718000.0,-147046000.0,22915000.0,259874000.0,0.0,174150000.0,174150000.0,174150000.0,0.0,0.0,0.055,830823000.0,282941000.0,137800000.0,0.0,2.499,15.335,15.906,686300000.0,0.0,8.16,0.844,0.844,0.0,1014805000.0,3164770000.0,3164770000.0,0.0,0.102,0.159,0.193,0.091,2100000.0,830823000.0,1.0,327282888.0,327282888,,9.67,1563300000.0,0.0,103659000.0,31400000.0,4.777,563300000.0
66,DLTR,MRT,2004-12-31,2005-01-29,2005-01-29,2021-08-26,-294000.0,1792672000.0,1693794500.0,969887000.0,822785000.0,1.846,3.436,-181800000.0,106532000.0,106532000.0,2013500000.0,180300000.0,3.295,0.54,281746000.0,31212000.0,250534000.0,281746000.0,0.0,129300000.0,0.0,0.0,0.0,297400000.0,426700000.0,0.137,426700000.0,297400000.0,288200000.0,0.53,0.527,0.53,1164212000.0,1083474500.0,1164212000.0,3201228877.0,11.0,7.502,94700000.0,0.279,1.0,1112500000.0,0.356,129032000.0,9200000.0,1544499000.0,1455462000.0,615483000.0,211275000.0,211275000.0,0.0,628460000.0,294355000.0,334105000.0,3020072877.0,22300000.0,0.0,-33500000.0,94700000.0,0.0,61200000.0,-315400000.0,-126800000.0,276500000.0,0.0,180300000.0,180300000.0,180300000.0,0.0,0.0,0.058,819000000.0,293500000.0,124195000.0,0.0,2.594,16.75,16.818,685386000.0,0.0,8.913,0.966,0.966,0.0,985793000.0,3126000000.0,3126000000.0,0.0,0.106,0.166,0.204,0.095,2100000.0,819000000.0,1.0,338826426.0,338826426,,9.226,1663640000.0,8072000.0,107900000.0,75744000.0,4.91,675532000.0
67,DLTR,MRT,2004-09-30,2004-10-30,2004-10-30,2021-08-26,-502000.0,1712604000.0,1621006250.0,918412000.0,794192000.0,1.87,3.174,-206132000.0,87844000.0,87844000.0,1933869000.0,176424000.0,2.985,0.591,269000000.0,19000000.0,250000000.0,269000000.0,0.0,129575000.0,0.0,0.0,0.0,295121000.0,424696000.0,0.14,424696000.0,295121000.0,286969000.0,0.517,0.513,0.517,1076365000.0,1046052000.0,1076365000.0,3466887757.0,12.0,8.163,51447000.0,0.152,1.0,1097727000.0,0.362,124590000.0,8152000.0,1461513000.0,1370950250.0,775292000.0,10000000.0,10000000.0,0.0,636239000.0,307657000.0,328582000.0,3266658757.0,99606000.0,-963000.0,-72790000.0,54934000.0,0.0,-17856000.0,-140117000.0,68900000.0,257579000.0,0.0,176424000.0,176424000.0,176424000.0,0.0,0.0,0.058,805254000.0,292473000.0,173856000.0,0.0,3.035,18.516,18.633,661147000.0,0.0,9.633,1.078,1.078,0.0,902139000.0,3031596000.0,3031596000.0,0.0,0.109,0.169,0.215,0.097,5620000.0,805254000.0,1.0,339099525.0,339099525,,8.94,1588014000.0,0.0,110545000.0,6029000.0,4.683,610755000.0
68,DLTR,MRT,2004-06-30,2004-07-31,2004-07-31,2021-08-26,-574000.0,1649270000.0,1566186500.0,862634000.0,786636000.0,1.898,3.108,-230835000.0,84513000.0,84513000.0,1889913000.0,180731000.0,3.162,0.558,284742000.0,25668000.0,259074000.0,284742000.0,0.0,121968000.0,0.0,0.0,0.0,301897000.0,423865000.0,0.143,423865000.0,301897000.0,293941000.0,0.527,0.523,0.527,1058532000.0,1019342000.0,1058532000.0,3194304571.0,11.0,7.536,39538000.0,0.116,1.0,1082927000.0,0.364,123265000.0,7956000.0,1453413000.0,1306955500.0,648680000.0,97305000.0,97305000.0,0.0,590738000.0,272821000.0,317917000.0,3055365571.0,38065000.0,-963000.0,-46934000.0,93129000.0,0.0,46195000.0,-278503000.0,-43405000.0,270373000.0,0.0,180731000.0,180731000.0,180731000.0,0.0,0.0,0.061,783678000.0,299249000.0,158065000.0,0.0,2.886,16.906,17.021,641608000.0,0.0,8.97,1.028,1.028,0.0,870285000.0,2972840000.0,2972840000.0,0.0,0.115,0.177,0.231,0.102,3297000.0,783678000.0,1.0,340620465.0,340620465,,8.728,1526005000.0,12983000.0,113210000.0,5450000.0,4.48,589813000.0
69,DLTR,MRT,2004-03-31,2004-05-01,2004-05-01,2021-08-26,-757000.0,1620632000.0,1486618500.0,838503000.0,782129000.0,1.947,3.037,-228642000.0,146690000.0,146690000.0,1840973000.0,179938000.0,3.065,0.566,285629000.0,25020000.0,260609000.0,285629000.0,0.0,114347000.0,0.0,0.0,0.0,301792000.0,416139000.0,0.144,416139000.0,301792000.0,292617000.0,0.523,0.52,0.523,1034789000.0,984682000.0,1034789000.0,3081212236.0,10.0,7.404,117213000.0,0.344,1.0,1053661000.0,0.364,123596000.0,9175000.0,1362423000.0,1214606000.0,565219000.0,97500000.0,97500000.0,0.0,585843000.0,273552000.0,312291000.0,3064746236.0,90407000.0,-100523000.0,-33452000.0,87194000.0,0.0,53742000.0,-309190000.0,23275000.0,345855000.0,0.0,179938000.0,179938000.0,179938000.0,0.0,0.0,0.062,755896000.0,297765000.0,139059000.0,0.0,2.962,17.032,17.196,636887000.0,0.0,8.993,1.059,1.059,0.0,840693000.0,2894634000.0,2894634000.0,0.0,0.121,0.183,0.248,0.104,5371000.0,755896000.0,1.0,340779789.0,340779789,,8.494,1497036000.0,13242000.0,112679000.0,30085000.0,4.393,564951000.0
70,DLTR,MRT,2003-12-31,2004-01-31,2004-01-31,2021-08-26,-970000.0,1501519000.0,1401096250.0,722569000.0,778950000.0,1.998,2.935,-236761000.0,84190000.0,84190000.0,1781459000.0,177583000.0,2.654,0.48,185151000.0,30324000.0,154827000.0,185151000.0,0.0,107088000.0,0.0,0.0,0.0,296245000.0,403333000.0,0.144,403333000.0,296245000.0,288752000.0,0.517,0.513,0.517,1014522000.0,946062750.0,1014522000.0,3837047434.0,13.0,9.513,6969000.0,0.02,1.0,1018413000.0,0.364,123738000.0,7493000.0,1206452000.0,1157789000.0,525643000.0,84495000.0,84495000.0,0.0,486997000.0,272290000.0,214707000.0,3677293434.0,-74212000.0,-100523000.0,-15878000.0,-19661000.0,0.0,-35539000.0,-282403000.0,57930000.0,243730000.0,0.0,177583000.0,177583000.0,177583000.0,0.0,0.0,0.063,724816000.0,293597000.0,114972000.0,0.0,3.625,20.707,20.574,634427000.0,0.0,10.637,1.313,1.313,0.0,805543000.0,2799872000.0,2799872000.0,0.0,0.127,0.188,0.256,0.106,5620000.0,724816000.0,1.0,345718593.0,345718593,,8.099,1377781000.0,11716000.0,111169000.0,66752000.0,3.985,450279000.0
71,DLTR,MRT,2003-09-30,2003-11-01,2003-11-01,2021-08-26,-1029000.0,1493325000.0,,757084000.0,736241000.0,,2.808,,67138000.0,67138000.0,,,2.334,0.54,226892000.0,69937000.0,156955000.0,226892000.0,0.0,,0.0,0.0,0.0,,,,,,,,,,969525000.0,,969525000.0,4496559410.0,,,,,1.0,,,123168000.0,,1205534000.0,,663687000.0,0.0,0.0,0.0,523800000.0,324377000.0,199423000.0,4407027410.0,,,,,,,,,,,,,,,,,,,167446000.0,,4.546,,,592606000.0,,12.763,,,0.0,725716000.0,,,,,,,,,,1.0,345288123.0,345288123,,,1370157000.0,11646000.0,,3616000.0,3.968,432707000.0
72,DLTR,MRT,2003-06-30,2003-08-02,2003-08-02,2021-08-26,-1057000.0,1330998000.0,,649133000.0,681865000.0,,2.681,,100348000.0,100348000.0,,,3.075,0.447,189880000.0,31240000.0,158640000.0,189880000.0,0.0,,0.0,0.0,0.0,,,,,,,,,,919892000.0,,919892000.0,4308731314.0,,,,,1.0,,,125384000.0,,1084015000.0,,513277000.0,0.0,0.0,0.0,411106000.0,211131000.0,199975000.0,4208537314.0,,,,,,,,,,,,,,,,,,,108324000.0,,4.575,,,540134000.0,,12.267,,,0.0,689555000.0,,,,,,,,,,1.0,343087281.0,343087281,,,1205614000.0,20757000.0,,0.0,3.514,438002000.0
73,DLTR,MRT,2003-03-31,2003-05-03,2003-05-03,2021-08-26,-1335000.0,1278543000.0,,701222000.0,577321000.0,,2.569,,89873000.0,89873000.0,,,3.417,0.452,190067000.0,30728000.0,159339000.0,190067000.0,0.0,,0.0,0.0,0.0,,,,,,,,,,880312000.0,,880312000.0,2927526022.0,,,,,1.0,,,38358000.0,,1135155000.0,,496904000.0,87185000.0,87185000.0,0.0,398231000.0,205224000.0,193007000.0,2970106022.0,,,,,,,,,,,,,,,,,,,89644000.0,,3.374,,,520204000.0,,8.667,,,0.0,660756000.0,,,,,,,,,,1.0,342704541.0,342704541,,,1240185000.0,14271000.0,,14049000.0,3.619,495998000.0
74,DLTR,MRT,2002-12-31,2002-12-31,2002-12-31,2021-08-26,-1373000.0,1116377000.0,1009212500.0,716140000.0,400237000.0,2.308,2.497,-143228000.0,292192000.0,292192000.0,1477214000.0,154647000.0,3.468,0.305,54429000.0,30782000.0,23647000.0,54429000.0,0.0,75633000.0,0.0,0.0,0.0,255978000.0,331611000.0,0.142,331611000.0,255978000.0,251459000.0,0.453,0.45,0.453,855404000.0,753570000.0,855404000.0,2777204838.0,11.0,8.375,70966000.0,0.207,1.0,851974000.0,0.366,41418000.0,4519000.0,630685000.0,559535500.0,357665000.0,43780000.0,43780000.0,0.0,260973000.0,206511000.0,54462000.0,2805251838.0,73504000.0,0.0,32476000.0,-9996000.0,0.0,22480000.0,-163170000.0,-25815000.0,214194000.0,0.0,154647000.0,154647000.0,154647000.0,0.0,0.0,0.066,598053000.0,253921000.0,59451000.0,0.0,3.279,18.14,18.079,344322000.0,0.0,8.19,1.204,1.204,0.0,638485000.0,2329188000.0,2329188000.0,0.0,0.153,0.205,0.457,0.11,10696000.0,598053000.0,1.0,342521592.0,342521592,,6.8,1074959000.0,10409000.0,96812000.0,28041000.0,3.138,509629000.0
75,DLTR,MRT,2002-09-30,2002-10-31,2002-10-31,2021-08-26,,,,,,,,,,,,,,,,,,,,,,0.0,0.0,,,,,,,,,,,,,2896765526.0,,,,,1.0,,,,,,,,,,,,,,3001486526.0,,,,,,,,,,,,,,,,,,,,,,,,,,8.763,,,,,,,,,,,,,,1.0,342505119.0,342505119,,,,,,,,
76,DLTR,MRT,2002-06-30,2002-07-31,2002-07-31,2021-08-26,,,,,,,,,,,,,,,,,,,,,,0.0,0.0,,,,,,,,,,,,,3425296168.0,,,,,1.0,,,,,,,,,,,,,,3545034168.0,,,,,,,,,,,,,,,,,,,,,,,,,,10.4,,,,,,,,,,,,,,1.0,340868670.0,340868670,,,,,,,,
77,DLTR,MRT,2002-03-31,2002-04-30,2002-04-30,2021-08-26,,,,,,,,,,,,,,,,,,,,,,0.0,0.0,,,,,,,,,,,,,4125977370.0,,,,,1.0,,,,,,,,,,,,,,4300259370.0,,,,,,,,,,,,,,,,,,,,,,,,,,12.713,,,,,,,,,,,,,,1.0,338247984.0,338247984,,,,,,,,
78,DLTR,MRT,2001-12-31,2001-12-31,2001-12-31,2021-08-26,-378000.0,902048000.0,815073250.0,560779000.0,341269000.0,2.438,1.935,-121468000.0,236653000.0,236653000.0,1271314000.0,123081000.0,2.79,0.384,62371000.0,28865000.0,33506000.0,62371000.0,0.0,53763000.0,0.0,0.0,0.0,205715000.0,259478000.0,0.131,259478000.0,205715000.0,200251000.0,0.367,0.363,0.367,651736000.0,576298750.0,651736000.0,3488570269.0,17.0,13.445,57258000.0,0.17,1.0,715957000.0,0.36,38358000.0,5464000.0,488386000.0,544654000.0,296473000.0,0.0,0.0,0.0,250312000.0,201022000.0,49290000.0,3470262269.0,55487000.0,0.0,8030000.0,-9801000.0,0.0,-1771000.0,-121468000.0,0.0,178726000.0,0.0,123081000.0,123081000.0,123081000.0,0.0,0.0,0.062,512092000.0,203865000.0,58090000.0,0.0,5.325,28.195,28.074,279011000.0,0.0,10.303,1.746,1.746,0.0,483838000.0,1987271000.0,1987271000.0,0.0,0.151,0.214,0.378,0.104,2345000.0,512092000.0,1.0,336809667.0,336809667,,5.9,863690000.0,16313000.0,77170000.0,38848000.0,2.564,359757000.0
79,DLTR,MRT,2001-09-30,2001-09-30,2001-09-30,2021-08-26,-1142000.0,844910000.0,776276000.0,515752000.0,329158000.0,2.411,1.685,-121364000.0,44844000.0,44844000.0,1194674000.0,111665000.0,2.315,0.488,63152000.0,28765000.0,34387000.0,63152000.0,0.0,51865000.0,0.0,0.0,0.0,187891000.0,239756000.0,0.128,239756000.0,187891000.0,181878000.0,0.347,0.333,0.347,567916000.0,543029250.0,567916000.0,2095569509.0,11.0,8.74,44289000.0,0.131,1.0,676924000.0,0.362,38862000.0,6013000.0,601540000.0,528243000.0,438383000.0,0.0,0.0,0.0,276994000.0,222816000.0,54178000.0,2122266509.0,20890000.0,0.0,3304000.0,-26703000.0,0.0,-23399000.0,-121364000.0,0.0,165653000.0,0.0,111665000.0,111665000.0,111665000.0,0.0,0.0,0.06,490858000.0,186066000.0,135720000.0,0.0,3.737,19.006,18.146,271603000.0,0.0,6.297,1.134,1.134,0.0,407750000.0,1871598000.0,1871598000.0,0.0,0.144,0.206,0.356,0.1,2187000.0,490858000.0,1.0,337046031.0,337046031,,5.553,806048000.0,13360000.0,70213000.0,18822000.0,2.392,292936000.0
80,DLTR,MRT,2001-06-30,2001-06-30,2001-06-30,2021-08-26,211000.0,772274000.0,731595000.0,464399000.0,307875000.0,2.466,1.647,-113176000.0,90672000.0,90672000.0,1142552000.0,118963000.0,2.752,0.393,63975000.0,28676000.0,35299000.0,63975000.0,0.0,48541000.0,0.0,0.0,0.0,199981000.0,248522000.0,0.138,248522000.0,199981000.0,193730000.0,0.373,0.353,0.373,554273000.0,514025750.0,554273000.0,3127914961.0,16.0,12.586,31049000.0,0.092,1.0,661619000.0,0.367,39367000.0,6251000.0,537466000.0,509979250.0,334614000.0,0.0,0.0,0.0,218001000.0,168744000.0,49257000.0,3123033961.0,35255000.0,0.0,13932000.0,-9726000.0,0.0,4206000.0,-113176000.0,0.0,144225000.0,0.0,118963000.0,118963000.0,118963000.0,0.0,0.0,0.066,465044000.0,196575000.0,94692000.0,0.0,5.634,26.252,24.879,250001000.0,0.0,9.28,1.731,1.731,0.0,393198000.0,1804171000.0,1804171000.0,0.0,0.163,0.231,0.392,0.111,8697000.0,465044000.0,1.0,336533832.0,336533832,,5.361,732907000.0,11824000.0,74767000.0,10661000.0,2.178,295655000.0
81,DLTR,MRT,2001-03-31,2001-03-31,2001-03-31,2021-08-26,74000.0,741061000.0,689221250.0,456724000.0,284337000.0,2.537,1.579,-103075000.0,65984000.0,65984000.0,1106836000.0,118453000.0,2.95,0.395,70865000.0,28611000.0,42254000.0,70865000.0,0.0,45109000.0,0.0,0.0,0.0,200746000.0,245855000.0,0.141,245855000.0,200746000.0,193913000.0,0.377,0.353,0.377,531270000.0,478575000.0,531270000.0,2051166636.0,10.0,8.343,2110000.0,0.006,1.0,641477000.0,0.367,39872000.0,6833000.0,551224000.0,486165500.0,354911000.0,0.0,0.0,0.0,209791000.0,154846000.0,54945000.0,2160989636.0,-17727000.0,0.0,22288000.0,-42125000.0,0.0,-19837000.0,-103075000.0,0.0,105185000.0,0.0,118453000.0,118116000.0,118116000.0,0.0,0.0,0.068,443721000.0,197756000.0,81936000.0,0.0,4.068,18.295,17.038,226371000.0,337000.0,6.423,1.236,1.236,0.0,371540000.0,1748313000.0,1748313000.0,0.0,0.171,0.247,0.413,0.115,14184000.0,443721000.0,1.0,336428070.0,336428070,,5.197,701189000.0,9709000.0,75460000.0,12426000.0,2.084,301878000.0
82,DLTR,MRT,2000-12-31,2000-12-31,2000-12-31,2021-08-26,0.0,746859000.0,644564750.0,477514000.0,269345000.0,2.619,1.602,-94767000.0,181166000.0,181166000.0,1064516000.0,121622000.0,2.74,0.44,71730000.0,28547000.0,43183000.0,71730000.0,0.0,41971000.0,0.0,0.0,0.0,206915000.0,248886000.0,0.147,248886000.0,206915000.0,199098000.0,0.387,0.36,0.387,518658000.0,441334000.0,518658000.0,2709241973.0,13.0,10.885,12498000.0,0.039,1.0,623589000.0,0.369,40376000.0,7817000.0,422742000.0,447850750.0,258687000.0,0.0,0.0,0.0,228201000.0,174305000.0,53896000.0,2644033973.0,-421000.0,0.0,24563000.0,-37482000.0,0.0,-12919000.0,-94767000.0,0.0,107265000.0,0.0,121622000.0,120209000.0,120209000.0,0.0,0.0,0.071,420553000.0,203036000.0,75404000.0,0.0,5.098,21.995,21.102,211632000.0,1413000.0,8.167,1.566,1.566,0.0,360757000.0,1688105000.0,1688105000.0,0.0,0.186,0.272,0.462,0.123,16670000.0,420553000.0,1.0,323759262.0,323759262,,5.214,706483000.0,9857000.0,77476000.0,23448000.0,2.182,303209000.0
83,DLTR,MRT,2000-09-30,2000-09-30,2000-09-30,2021-08-26,0.0,666186000.0,610658250.0,407691000.0,258495000.0,2.613,1.403,-85211000.0,23954000.0,23954000.0,1009222000.0,117828000.0,2.516,0.474,89162000.0,45303000.0,43859000.0,89162000.0,0.0,37463000.0,0.0,0.0,0.0,201253000.0,238716000.0,0.15,238716000.0,201253000.0,192932000.0,0.38,0.35,0.38,451902000.0,390729000.0,451902000.0,4373813133.0,22.0,18.322,6814000.0,0.021,1.0,586423000.0,0.368,40881000.0,8321000.0,528485000.0,424071750.0,350055000.0,0.0,0.0,0.0,214284000.0,162028000.0,52256000.0,4356139133.0,1874000.0,-320000.0,25433000.0,-30053000.0,0.0,-4620000.0,-85531000.0,0.0,92025000.0,0.0,117828000.0,114472000.0,114472000.0,0.0,0.0,0.072,389457000.0,196966000.0,89463000.0,0.0,9.64,38.054,35.579,201100000.0,3356000.0,13.52,2.73,2.73,0.0,296085000.0,1595645000.0,1595645000.0,0.0,0.187,0.293,0.475,0.126,16886000.0,389457000.0,1.0,322199640.0,322199640,,4.952,625305000.0,9769000.0,75104000.0,201000.0,1.941,245663000.0
84,DLTR,MRT,2000-06-30,2000-06-30,2000-06-30,2021-08-26,0.0,602779000.0,564701250.0,361141000.0,241638000.0,2.687,1.338,-72520000.0,55417000.0,55417000.0,962440000.0,111963000.0,2.639,0.461,73091000.0,28358000.0,44733000.0,73091000.0,0.0,34704000.0,0.0,0.0,0.0,192336000.0,227040000.0,0.15,227040000.0,192336000.0,183555000.0,0.35,0.323,0.35,412470000.0,353057500.0,412470000.0,4062610162.0,21.0,17.894,20152000.0,0.065,1.0,554755000.0,0.366,41385000.0,8781000.0,442211000.0,387843500.0,284517000.0,0.0,0.0,0.0,190309000.0,136857000.0,53452000.0,4063896162.0,15345000.0,-320000.0,16983000.0,-21470000.0,0.0,-4487000.0,-72840000.0,0.0,92672000.0,0.0,111963000.0,104705000.0,104705000.0,0.0,0.0,0.069,366198000.0,188557000.0,79455000.0,0.0,9.853,38.813,37.676,184374000.0,7258000.0,13.187,2.679,2.679,0.0,274235000.0,1517195000.0,1517195000.0,0.0,0.185,0.297,0.496,0.127,14826000.0,366198000.0,1.0,308182216.0,308182216,,4.923,561394000.0,6849000.0,71592000.0,4768000.0,1.822,224284000.0
85,DLTR,MRT,2000-03-31,2000-03-31,2000-03-31,2021-08-26,0.0,562435000.0,519774250.0,352694000.0,209741000.0,2.734,1.365,-63059000.0,81166000.0,81166000.0,899714000.0,106183000.0,2.908,0.471,79880000.0,28289000.0,51591000.0,79880000.0,0.0,33282000.0,0.0,0.0,0.0,181469000.0,214751000.0,0.151,214751000.0,181469000.0,173042000.0,0.333,0.303,0.333,382306000.0,320511000.0,382306000.0,3150561537.0,17.0,14.671,26897000.0,0.096,1.0,521126000.0,0.367,41890000.0,8427000.0,397965000.0,348690750.0,255239000.0,0.0,0.0,0.0,180129000.0,121294000.0,58835000.0,3245017537.0,52644000.0,-320000.0,9358000.0,45137000.0,-60584000.0,26067000.0,-63379000.0,0.0,89956000.0,0.0,106183000.0,98520000.0,98520000.0,0.0,0.0,0.069,342762000.0,178364000.0,63880000.0,0.0,8.488,32.938,34.788,152867000.0,7663000.0,11.584,2.284,2.283,0.0,302630000.0,1420840000.0,1420840000.0,0.0,0.19,0.307,0.52,0.128,9208000.0,342762000.0,1.0,280118529.0,280066500,308650500.0,5.073,520545000.0,5056000.0,66859000.0,12058000.0,1.859,231400000.0
86,DLTR,MRT,1999-12-31,1999-12-31,1999-12-31,2021-08-26,0.0,611233000.0,474734500.0,395106000.0,216127000.0,2.848,1.136,-54841000.0,181587000.0,181587000.0,854567000.0,106577000.0,2.346,0.822,108773000.0,31260000.0,77513000.0,108773000.0,0.0,30809000.0,0.0,0.0,0.0,177339000.0,208148000.0,0.154,208148000.0,177339000.0,169910000.0,0.337,0.307,0.337,316238000.0,290269000.0,316238000.0,3068010254.0,17.0,14.74,73714000.0,0.265,1.0,497253000.0,0.368,42394000.0,7429000.0,327626000.0,321321000.0,192838000.0,0.0,0.0,0.0,259824000.0,168399000.0,91425000.0,3004472254.0,96873000.0,-320000.0,8769000.0,43488000.0,-60934000.0,23479000.0,-55161000.0,0.0,128555000.0,0.0,106577000.0,99550000.0,99550000.0,0.0,0.0,0.074,321657000.0,175596000.0,71750000.0,0.0,9.501,30.181,31.942,157368000.0,7027000.0,10.764,2.223,2.216,0.0,240548000.0,1351820000.0,1351820000.0,0.0,0.21,0.343,0.552,0.131,6278000.0,321657000.0,1.0,279110758.0,278275500,306607500.0,4.858,568839000.0,6563000.0,63333000.0,29193000.0,2.044,226707000.0
87,DLTR,MRT,1999-09-30,1999-09-30,1999-09-30,2021-08-26,0.0,482358000.0,423223000.0,283939000.0,198419000.0,3.053,1.08,-59399000.0,19173000.0,19173000.0,825491000.0,91790000.0,2.342,0.601,82711000.0,28394000.0,54317000.0,82711000.0,0.0,30219000.0,0.0,0.0,0.0,149843000.0,180062000.0,0.139,180062000.0,149843000.0,143477000.0,0.276,0.248,0.276,301216000.0,273413500.0,301216000.0,2486384396.0,17.0,13.808,38485000.0,0.138,1.0,466639000.0,0.361,41106000.0,6366000.0,383572000.0,294437000.0,252472000.0,0.0,0.0,0.0,181142000.0,121218000.0,59924000.0,2473886396.0,11451000.0,0.0,7551000.0,-868000.0,-65873000.0,-27034000.0,-59399000.0,0.0,97884000.0,0.0,91790000.0,87146000.0,87146000.0,0.0,0.0,0.067,318265000.0,148374000.0,71950000.0,0.0,8.213,28.388,32.158,139933000.0,4644000.0,8.876,1.915,1.915,0.0,231226000.0,1292130000.0,1292130000.0,0.0,0.206,0.319,0.509,0.116,5293000.0,318265000.0,1.0,278730315.0,278815500,306994500.0,4.634,441252000.0,5100000.0,51687000.0,1206000.0,1.583,162721000.0
88,DLTR,MRT,1999-06-30,1999-06-30,1999-06-30,2021-08-26,0.0,423071000.0,392248000.0,239020000.0,184051000.0,3.068,1.015,-63705000.0,36502000.0,36502000.0,765959000.0,88227000.0,2.205,0.499,49000000.0,25000000.0,24000000.0,49000000.0,0.0,27514000.0,0.0,0.0,0.0,143224000.0,170738000.0,0.142,170738000.0,143224000.0,137301000.0,0.28,0.251,0.28,282284000.0,246161500.0,282284000.0,2727126688.0,19.0,15.973,53340000.0,0.192,1.0,437311000.0,0.363,41587000.0,5923000.0,285600000.0,271716500.0,187247000.0,0.0,0.0,0.0,140787000.0,108382000.0,32405000.0,2696425688.0,29866000.0,0.0,6237000.0,4356000.0,-66223000.0,-23474000.0,-63705000.0,0.0,117045000.0,0.0,88227000.0,87485000.0,87485000.0,0.0,0.0,0.073,295349000.0,141962000.0,60322000.0,0.0,9.552,30.822,34.921,134195000.0,742000.0,9.778,2.241,2.26,0.0,215124000.0,1203270000.0,1203270000.0,0.0,0.223,0.355,0.527,0.119,0.0,295349000.0,1.0,275770809.0,278167500,306157500.0,4.326,381484000.0,10035000.0,49074000.0,4936000.0,1.371,130638000.0
89,DLTR,MRT,1999-03-31,1999-03-31,1999-03-31,2021-08-26,0.0,382276000.0,364348250.0,205437000.0,176839000.0,3.075,0.944,-56644000.0,17799000.0,17799000.0,712257000.0,84665000.0,2.493,0.463,48500000.0,18500000.0,30000000.0,48500000.0,0.0,24285000.0,0.0,0.0,0.0,136460000.0,160745000.0,0.143,160745000.0,136460000.0,131069000.0,0.272,0.246,0.272,261338000.0,220554500.0,261338000.0,1867970868.0,14.0,11.621,22806000.0,0.082,1.0,408074000.0,0.364,42069000.0,5391000.0,288486000.0,263278000.0,174100000.0,0.0,0.0,0.0,120938000.0,82422000.0,38516000.0,1892589868.0,21345000.0,0.0,5866000.0,-663000.0,-6664000.0,-1461000.0,-56644000.0,0.0,79450000.0,0.0,84665000.0,84665000.0,84665000.0,0.0,0.0,0.076,272618000.0,135456000.0,41430000.0,0.0,7.242,22.354,25.278,126442000.0,0.0,6.876,1.689,1.7,0.0,201323000.0,1120331000.0,1120331000.0,0.0,0.232,0.384,0.518,0.122,0.0,272618000.0,1.0,275263556.0,276943500,305590500.0,4.045,340207000.0,9390000.0,46404000.0,5936000.0,1.228,123015000.0
90,DLTR,MRT,1998-12-31,1998-12-31,1998-12-31,2021-08-26,0.0,405187000.0,338354250.0,231510000.0,173677000.0,3.174,0.904,-57038000.0,74644000.0,74644000.0,682688000.0,81318000.0,1.973,0.628,49426000.0,16957000.0,32469000.0,49426000.0,0.0,22463000.0,0.0,0.0,0.0,131118000.0,153581000.0,0.143,153581000.0,131118000.0,125901000.0,0.263,0.237,0.263,248816000.0,196648500.0,248816000.0,2671889778.0,20.0,17.397,28487000.0,0.103,1.0,391198000.0,0.364,42551000.0,5217000.0,220090000.0,242072500.0,142706000.0,0.0,0.0,0.0,156371000.0,117328000.0,39043000.0,2584634778.0,35802000.0,0.0,4952000.0,8677000.0,-6314000.0,7315000.0,-57038000.0,0.0,85525000.0,0.0,81318000.0,81318000.0,81318000.0,0.0,0.0,0.076,260684000.0,130514000.0,53030000.0,0.0,10.388,31.784,36.916,122503000.0,0.0,9.709,2.407,2.489,0.0,195172000.0,1073886000.0,1073886000.0,0.0,0.24,0.414,0.542,0.122,0.0,260684000.0,1.0,266213241.0,275332500,304317000.0,3.9,362636000.0,8903000.0,44583000.0,21353000.0,1.317,114182000.0
91,DLTR,MRT,1998-09-30,1998-09-30,1998-09-30,2021-08-26,0.0,358458000.0,312704500.0,203618000.0,154840000.0,3.028,0.697,-56047000.0,5325000.0,5325000.0,602450000.0,65659000.0,1.851,0.865,92580000.0,40392000.0,52188000.0,92580000.0,0.0,19578000.0,0.0,0.0,0.0,109503000.0,129081000.0,0.136,129081000.0,109503000.0,104841000.0,0.238,0.216,0.238,192208000.0,174707750.0,192208000.0,1908781846.0,17.0,14.787,-24682000.0,-0.089,1.0,344424000.0,0.364,43033000.0,4662000.0,292690000.0,224159250.0,184511000.0,0.0,0.0,0.0,166250000.0,109990000.0,56260000.0,1851302846.0,-8000.0,0.0,4811000.0,22188000.0,-2325000.0,24674000.0,-56047000.0,0.0,31365000.0,0.0,65659000.0,65659000.0,65659000.0,0.0,0.0,0.069,235066000.0,109358000.0,53057000.0,0.0,9.632,28.196,29.234,108364000.0,0.0,6.958,1.955,2.027,1014000.0,147493000.0,946874000.0,946874000.0,0.0,0.21,0.376,0.489,0.116,0.0,235066000.0,1.0,266076742.0,275832000,304875000.0,3.433,315425000.0,8456000.0,39182000.0,0.0,1.144,93628000.0
92,DLTR,MRT,1998-06-30,1998-06-30,1998-06-30,2021-08-26,0.0,311472000.0,,171754000.0,139718000.0,,0.653,-54934000.0,5459000.0,5459000.0,558986000.0,61906000.0,2.334,0.732,62938000.0,9270000.0,53668000.0,62938000.0,0.0,17731000.0,0.0,0.0,0.0,103060000.0,120791000.0,0.137,120791000.0,103060000.0,98958000.0,0.227,0.204,0.227,179856000.0,,179856000.0,2433142523.0,24.0,20.143,-15649000.0,-0.057,1.0,320266000.0,0.364,43514000.0,4102000.0,251846000.0,,156099000.0,0.0,0.0,0.0,131616000.0,73591000.0,58025000.0,2396330523.0,-1058000.0,0.0,4832000.0,11734000.0,-1975000.0,14591000.0,-54934000.0,0.0,39285000.0,0.0,61906000.0,61906000.0,61906000.0,0.0,0.0,0.07,217351000.0,102915000.0,43363000.0,0.0,13.324,38.709,39.775,92917000.0,0.0,9.029,2.725,2.827,676000.0,135978000.0,879252000.0,879252000.0,0.0,,,,0.117,0.0,217351000.0,1.0,265407023.0,275319000,304398000.0,3.194,267958000.0,7933000.0,37052000.0,2284000.0,0.973,98163000.0
93,DLTR,MRT,1998-03-31,1998-03-31,1998-03-31,2021-08-26,0.0,278300000.0,,143607000.0,134693000.0,,0.61,-60910000.0,4214000.0,4214000.0,511024000.0,56127000.0,2.129,0.679,41026000.0,294000.0,40732000.0,41026000.0,0.0,15989000.0,0.0,0.0,0.0,93921000.0,109910000.0,0.137,109910000.0,93921000.0,90082000.0,0.207,0.187,0.207,165714000.0,,165714000.0,2070903489.0,22.0,18.842,-12052000.0,-0.044,1.0,292351000.0,0.364,43996000.0,3839000.0,203664000.0,,128776000.0,0.0,0.0,0.0,112586000.0,67452000.0,45134000.0,2083477489.0,-631000.0,0.0,4266000.0,8105000.0,-950000.0,11421000.0,-60910000.0,0.0,48858000.0,0.0,56127000.0,56127000.0,56127000.0,0.0,0.0,0.07,198575000.0,93776000.0,43860000.0,0.0,12.573,37.121,38.025,87662000.0,0.0,7.871,2.593,2.664,444000.0,125308000.0,803375000.0,803375000.0,0.0,,,,0.117,0.0,198575000.0,1.0,264699286.0,271881000,300685500.0,2.955,234304000.0,7439000.0,33955000.0,3898000.0,0.862,76155000.0
94,DLTR,MRT,1997-12-31,1997-12-31,1997-12-31,2021-08-26,0.0,302588000.0,236843500.0,166849000.0,135739000.0,3.148,0.589,-59959000.0,45018000.0,45018000.0,474612000.0,51959000.0,1.594,0.879,40045000.0,9491000.0,30554000.0,40045000.0,0.0,14523000.0,0.0,0.0,0.0,86808000.0,101331000.0,0.136,101331000.0,86808000.0,83254000.0,0.191,0.173,0.191,161053000.0,131321500.0,161053000.0,,,,10515000.0,0.038,1.0,270978000.0,0.363,44478000.0,3554000.0,148437000.0,106016000.0,109483000.0,0.0,0.0,0.0,141535000.0,104700000.0,36835000.0,1622704658.0,39926000.0,0.0,2510000.0,27851000.0,-950000.0,29411000.0,-59959000.0,0.0,70474000.0,0.0,51959000.0,51959000.0,51959000.0,0.0,0.0,0.07,184315000.0,86663000.0,53991000.0,0.0,10.076,31.23,32.096,87002000.0,0.0,6.13,2.176,2.246,0.0,121715000.0,745590000.0,745590000.0,0.0,0.219,0.396,0.819,0.116,0.0,184315000.0,1.0,264699286.0,273213000,301419000.0,2.729,258110000.0,7696000.0,31295000.0,19587000.0,0.945,62149000.0
95,DLTR,MRT,1997-09-30,1997-09-30,1997-09-30,2021-08-26,,,,,,,,,,,,,,,,,,,,,,0.0,0.0,,,,,,,,,,,,,,,,,,1.0,,,,,,,,,,,,,,,,,,,,,,,,,,,,,,,,,,,,,,,,6.241,,,,,,,,,,,,,,1.0,,263772000,,,,,,,,
96,DLTR,MRT,1997-06-30,1997-06-30,1997-06-30,2021-08-26,,,,,,,,,,,,,,,,,,,,,,0.0,0.0,,,,,,,,,,,,,,,,,,1.0,,,,,,,,,,,,,,,,,,,,,,,,,,,,,,,,,,,,,,,,4.976,,,,,,,,,,,,,,1.0,,263272500,,,,,,,,
97,DLTR,MRT,1997-03-31,1997-03-31,1997-03-31,2021-08-26,,,,,,,,,,,,,,,,,,,,,,0.0,0.0,,,,,,,,,,,,,,,,,,1.0,,,,,,,,,,,,,,,,,,,,,,,,,,,,,,,,,,,,,,,,3.654,,,,,,,,,,,,,,1.0,,262602000,,,,,,,,
98,DLTR,MRT,1996-12-31,1996-12-31,1996-12-31,2021-08-26,0.0,171099000.0,,85953000.0,85146000.0,,0.383,-18809000.0,2987000.0,2987000.0,356179000.0,35348000.0,1.376,0.684,4353000.0,302000.0,4051000.0,4353000.0,0.0,11426000.0,0.0,0.0,0.0,63240000.0,74666000.0,0.134,74666000.0,63240000.0,57597000.0,0.133,0.12,0.133,101590000.0,,101590000.0,,,,21570000.0,0.081,1.0,202662000.0,0.363,46405000.0,5643000.0,63595000.0,,75081000.0,0.0,0.0,0.0,69509000.0,62465000.0,7044000.0,,-17291000.0,-52216000.0,28668000.0,-15313000.0,0.0,13355000.0,-71025000.0,0.0,40379000.0,0.0,35348000.0,35348000.0,35348000.0,0.0,0.0,0.063,139422000.0,63240000.0,35296000.0,0.0,,,28.404,36035000.0,0.0,3.778,,1.793,1855000.0,69776000.0,558841000.0,558841000.0,0.0,,,,0.113,0.0,139422000.0,1.0,,265203000,292468500.0,2.107,124694000.0,3949000.0,22249000.0,12607000.0,0.47,23488000.0
99,DLTR,MRT,1995-12-31,1995-12-31,1995-12-31,2021-08-26,,,,,,,,-11582000.0,,,187552000.0,20963000.0,,,,,,,,5467000.0,,0.0,0.0,36705000.0,42172000.0,0.14,42172000.0,36705000.0,34088000.0,0.083,0.076,0.083,,,,,,,15611000.0,0.062,1.0,112677000.0,0.375,,2617000.0,,,,,,,,,,,16399000.0,0.0,850000.0,-62000.0,0.0,788000.0,-11582000.0,0.0,27193000.0,0.0,20963000.0,20963000.0,20963000.0,0.0,0.0,0.07,75972000.0,36705000.0,,0.0,,,19.634,,0.0,1.63,,1.366,,,300229000.0,300229000.0,0.0,,,,0.122,0.0,75972000.0,1.0,,251579250,276925500.0,1.193,,,13125000.0,,,
