None,ticker,dimension,calendardate,datekey,reportperiod,lastupdated,accoci,assets,assetsavg,assetsc,assetsnc,assetturnover,bvps,capex,cashneq,cashnequsd,cor,consolinc,currentratio,de,debt,debtc,debtnc,debtusd,deferredrev,depamor,deposits,divyield,dps,ebit,ebitda,ebitdamargin,ebitdausd,ebitusd,ebt,eps,epsdil,epsusd,equity,equityavg,equityusd,ev,evebit,evebitda,fcf,fcfps,fxusd,gp,grossmargin,intangibles,intexp,invcap,invcapavg,inventory,investments,investmentsc,investmentsnc,liabilities,liabilitiesc,liabilitiesnc,marketcap,ncf,ncfbus,ncfcommon,ncfdebt,ncfdiv,ncff,ncfi,ncfinv,ncfo,ncfx,netinc,netinccmn,netinccmnusd,netincdis,netincnci,netmargin,opex,opinc,payables,payoutratio,pb,pe,pe1,ppnenet,prefdivis,price,ps,ps1,receivables,retearn,revenue,revenueusd,rnd,roa,roe,roic,ros,sbcomp,sgna,sharefactor,sharesbas,shareswa,shareswadil,sps,tangibles,taxassets,taxexp,taxliabilities,tbvps,workingcapital
0,GAS1,MRY,2010-12-31,2010-12-31,2010-12-31,2018-10-25,-13200000.0,4496500000.0,4353300000.0,953600000.0,3542900000.0,0.622,24.155,-226800000.0,31500000.0,31500000.0,2343300000.0,138400000.0,0.888,3.073,1006300000.0,507900000.0,498400000.0,1006300000.0,0.0,202700000.0,110600000.0,0.037,1.86,246200000.0,448900000.0,0.166,448900000.0,246200000.0,208100000.0,3.02,3.02,3.02,1103900000.0,1087150000.0,1103900000.0,3185571457.0,13.0,7.096,128000000.0,2.801,1.0,366500000.0,0.135,0.0,38100000.0,4397000000.0,4145450000.0,163900000.0,253900000.0,119700000.0,134200000.0,3392600000.0,1074300000.0,2318300000.0,2273071457.0,-24200000.0,0.0,0.0,-69000000.0,-85100000.0,-149800000.0,7000000.0,900000.0,354800000.0,0.0,138400000.0,138400000.0,138400000.0,0.0,0.0,0.051,130800000.0,235700000.0,335500000.0,0.616,2.059,16.424,16.53,3022800000.0,0.0,49.92,0.839,0.842,472400000.0,934100000.0,2709800000.0,2709800000.0,0.0,0.032,0.127,0.059,0.091,0.0,0.0,1.0,45534284.0,45700000,45700000.0,59.295,4496500000.0,0.0,69700000.0,423400000.0,98.392,-120700000.0
1,GAS1,MRY,2009-12-31,2009-12-31,2009-12-31,2018-10-25,-11000000.0,4435700000.0,4358100000.0,1003300000.0,3432400000.0,0.609,22.857,-220300000.0,55700000.0,55700000.0,2330600000.0,135500000.0,0.859,3.275,1064600000.0,566300000.0,498300000.0,1064600000.0,0.0,195800000.0,141700000.0,0.044,1.86,239300000.0,435100000.0,0.164,435100000.0,239300000.0,200600000.0,2.99,2.98,2.99,1037700000.0,1011500000.0,1037700000.0,2793439035.0,12.0,6.42,350500000.0,7.72,1.0,321500000.0,0.121,0.0,38700000.0,4276500000.0,4178650000.0,137200000.0,237700000.0,108900000.0,128800000.0,3398000000.0,1168100000.0,2229900000.0,1904239035.0,29700000.0,0.0,0.0,-195900000.0,-84800000.0,-329600000.0,-11400000.0,13000000.0,570800000.0,0.0,135500000.0,135500000.0,135500000.0,0.0,0.0,0.051,101200000.0,220300000.0,353900000.0,0.622,1.835,14.053,14.08,2939100000.0,0.0,42.1,0.718,0.721,492100000.0,881000000.0,2652100000.0,2652100000.0,0.0,0.031,0.134,0.057,0.09,0.0,0.0,1.0,45231331.0,45400000,45500000.0,58.416,4435700000.0,0.0,65100000.0,409900000.0,97.703,-164800000.0
2,GAS1,MRY,2008-12-31,2008-12-31,2008-12-31,2018-10-25,0.0,4784000000.0,4557850000.0,1338900000.0,3445100000.0,0.829,21.481,-249900000.0,26000000.0,26000000.0,3502700000.0,119500000.0,0.803,3.916,1405200000.0,957200000.0,448000000.0,1405200000.0,0.0,189800000.0,187300000.0,0.054,1.86,203900000.0,393700000.0,0.104,393700000.0,203900000.0,163800000.0,2.64,2.63,2.64,973100000.0,970975000.0,973100000.0,2569144616.0,13.0,6.526,-277300000.0,-6.121,1.0,273900000.0,0.073,0.0,40100000.0,4495200000.0,3842125000.0,208500000.0,256000000.0,119200000.0,136800000.0,3810900000.0,1668000000.0,2142900000.0,1569944616.0,-16800000.0,0.0,0.0,445900000.0,-84400000.0,275900000.0,-20400000.0,0.0,-27400000.0,0.0,119500000.0,119500000.0,119500000.0,0.0,0.0,0.032,88900000.0,185000000.0,411300000.0,0.705,1.613,13.138,13.159,2858600000.0,0.0,34.74,0.416,0.417,690100000.0,830300000.0,3776600000.0,3776600000.0,0.0,0.026,0.123,0.053,0.054,0.0,0.0,1.0,45191267.0,45300000,45400000.0,83.369,4784000000.0,0.0,44300000.0,400000000.0,105.607,-329100000.0
3,GAS1,MRY,2007-12-31,2007-12-31,2007-12-31,2018-10-25,0.0,4271300000.0,4076950000.0,1043100000.0,3228200000.0,0.779,20.912,-172000000.0,42800000.0,42800000.0,2912200000.0,135200000.0,0.805,3.519,895100000.0,472300000.0,422800000.0,895100000.0,0.0,184200000.0,234500000.0,0.044,1.86,222200000.0,406400000.0,0.128,406400000.0,222200000.0,184300000.0,2.99,2.99,2.99,945200000.0,920850000.0,945200000.0,2534827826.0,11.0,6.237,80200000.0,1.774,1.0,264100000.0,0.083,0.0,37900000.0,3827900000.0,3583975000.0,154000000.0,210400000.0,77500000.0,132900000.0,3326100000.0,1295700000.0,2030400000.0,1911027826.0,1700000.0,0.0,8200000.0,19000000.0,-84100000.0,-56600000.0,-32800000.0,10700000.0,252200000.0,0.0,135200000.0,135200000.0,135200000.0,0.0,0.0,0.043,57600000.0,206500000.0,428200000.0,0.622,2.022,14.135,14.164,2757300000.0,0.0,42.35,0.602,0.603,641500000.0,795500000.0,3176300000.0,3176300000.0,0.0,0.033,0.147,0.062,0.07,0.0,0.0,1.0,45124624.0,45200000,45300000.0,70.272,4271300000.0,0.0,49100000.0,400400000.0,94.498,-252600000.0
4,GAS1,MRY,2006-12-31,2006-12-31,2006-12-31,2018-10-25,0.0,4090100000.0,3901000000.0,910700000.0,3179400000.0,0.759,19.643,-183500000.0,41100000.0,41100000.0,2715300000.0,128300000.0,0.799,3.669,847500000.0,350000000.0,497500000.0,847500000.0,0.0,178100000.0,197900000.0,0.04,1.86,223200000.0,401300000.0,0.136,401300000.0,223200000.0,174100000.0,2.88,2.87,2.88,876100000.0,845325000.0,876100000.0,2724826877.0,12.0,6.79,263500000.0,5.908,1.0,244700000.0,0.083,0.0,49100000.0,3756500000.0,3387575000.0,186000000.0,161200000.0,26500000.0,134700000.0,3214000000.0,1140000000.0,2074000000.0,2092426877.0,-77800000.0,0.0,22600000.0,-186000000.0,-82900000.0,-332600000.0,-7900000.0,-4100000.0,447000000.0,0.0,128300000.0,128300000.0,128300000.0,0.0,0.0,0.043,42200000.0,202500000.0,364200000.0,0.646,2.388,16.309,16.25,2714700000.0,0.0,46.8,0.707,0.705,563500000.0,743000000.0,2960000000.0,2960000000.0,0.0,0.033,0.152,0.066,0.075,0.0,0.0,1.0,44709976.0,44600000,44700000.0,66.368,4090100000.0,39100000.0,45800000.0,483000000.0,91.706,-229300000.0
5,GAS1,MRY,2005-12-31,2005-12-31,2005-12-31,2018-10-25,0.0,4391200000.0,3953500000.0,1345700000.0,3045500000.0,0.849,18.355,-200900000.0,118900000.0,118900000.0,3119200000.0,136300000.0,0.829,4.413,1121800000.0,636000000.0,485800000.0,1121800000.0,0.0,172400000.0,0.0,0.047,1.86,217800000.0,390200000.0,0.116,390200000.0,217800000.0,171000000.0,3.08,3.07,3.08,811300000.0,789625000.0,811300000.0,2352885566.0,11.0,6.03,5300000.0,0.12,1.0,238600000.0,0.071,0.0,46800000.0,3771200000.0,3436075000.0,261300000.0,141200000.0,8000000.0,133200000.0,3579900000.0,1622900000.0,1957000000.0,1736585566.0,106000000.0,0.0,1400000.0,135900000.0,-82100000.0,54500000.0,29700000.0,13500000.0,206200000.0,0.0,136300000.0,136300000.0,136300000.0,0.0,0.0,0.041,36900000.0,201700000.0,658200000.0,0.604,2.14,12.741,12.763,2659100000.0,0.0,39.31,0.517,0.517,889100000.0,694500000.0,3357800000.0,3357800000.0,0.0,0.034,0.173,0.063,0.065,0.0,0.0,1.0,44176687.0,44200000,44400000.0,75.968,4391200000.0,3000000.0,34700000.0,502000000.0,99.348,-277200000.0
6,GAS1,MRY,2004-12-31,2004-12-31,2004-12-31,2018-10-25,0.0,3975200000.0,3734000000.0,1020900000.0,2954300000.0,0.734,16.986,-182400000.0,12900000.0,12900000.0,2503500000.0,75100000.0,0.872,4.307,985500000.0,490200000.0,495300000.0,985500000.0,0.0,166600000.0,0.0,0.05,1.86,146500000.0,313100000.0,0.114,313100000.0,146500000.0,105300000.0,1.71,1.7,1.71,749100000.0,746075000.0,749100000.0,2462463773.0,17.0,7.865,135300000.0,3.068,1.0,236200000.0,0.086,0.0,41200000.0,3776400000.0,3511450000.0,220700000.0,207900000.0,70300000.0,137600000.0,3226100000.0,1171400000.0,2054700000.0,1628463773.0,-37400000.0,0.0,600000.0,-70600000.0,-82000000.0,-150400000.0,-4700000.0,-17600000.0,317700000.0,0.0,75100000.0,75100000.0,75100000.0,0.0,0.0,0.027,98500000.0,137700000.0,502900000.0,1.088,2.174,21.684,21.602,2549800000.0,0.0,36.94,0.594,0.595,583200000.0,640300000.0,2739700000.0,2739700000.0,0.0,0.02,0.101,0.042,0.053,0.0,0.0,1.0,44084022.0,44100000,44300000.0,62.125,3975200000.0,72300000.0,30200000.0,672000000.0,90.141,-150500000.0
7,GAS1,MRY,2003-12-31,2003-12-31,2003-12-31,2018-10-25,0.0,3797200000.0,3639600000.0,915900000.0,2881300000.0,0.732,17.15,-177800000.0,50300000.0,50300000.0,2398200000.0,105300000.0,0.857,4.032,1070100000.0,575000000.0,495100000.0,1070100000.0,0.0,161700000.0,0.0,0.055,1.86,202200000.0,363900000.0,0.137,363900000.0,202200000.0,164900000.0,2.39,2.38,2.39,754600000.0,751125000.0,754600000.0,2566420287.0,13.0,7.053,-190400000.0,-4.327,1.0,264500000.0,0.099,0.0,37300000.0,3748300000.0,3423200000.0,236000000.0,169600000.0,32900000.0,136700000.0,3042600000.0,1068700000.0,1973900000.0,1498920287.0,-24900000.0,8300000.0,0.0,407800000.0,-81800000.0,173700000.0,-6600000.0,-13300000.0,-12600000.0,0.0,105300000.0,105200000.0,105200000.0,0.0,0.0,0.04,75100000.0,189400000.0,378800000.0,0.778,1.986,14.248,14.243,2484200000.0,100000.0,34.04,0.563,0.562,461700000.0,647100000.0,2662700000.0,2662700000.0,0.0,0.029,0.14,0.059,0.076,0.0,0.0,1.0,44034086.0,44000000,44200000.0,60.516,3797200000.0,66800000.0,59600000.0,645400000.0,86.3,-152800000.0
8,GAS1,MRY,2002-12-31,2002-12-31,2002-12-31,2018-10-25,0.0,3524400000.0,2777250000.0,707700000.0,2816700000.0,0.683,16.517,-183700000.0,75200000.0,75200000.0,1574500000.0,128000000.0,0.644,3.839,811200000.0,415000000.0,396200000.0,811200000.0,0.0,155000000.0,0.0,0.054,1.84,224100000.0,379100000.0,0.2,379100000.0,224100000.0,185600000.0,2.9,2.88,2.9,728400000.0,713125000.0,728400000.0,2156620139.0,10.0,5.689,84600000.0,1.918,1.0,322900000.0,0.17,0.0,38500000.0,3161800000.0,2546600000.0,52300000.0,25700000.0,25700000.0,0.0,2796000000.0,1098600000.0,1697400000.0,1497820139.0,61200000.0,-3700000.0,-26500000.0,87900000.0,-80700000.0,-17900000.0,8800000.0,-13000000.0,268300000.0,0.0,128000000.0,127800000.0,127800000.0,0.0,0.0,0.067,96400000.0,226500000.0,576600000.0,0.634,2.056,11.72,11.734,5323800000.0,200000.0,34.03,0.789,0.791,467400000.0,623800000.0,1897400000.0,1897400000.0,0.0,0.046,0.179,0.088,0.118,0.0,0.0,1.0,44014697.0,44100000,44300000.0,43.025,3524400000.0,34900000.0,57600000.0,485800000.0,79.918,-390900000.0
9,GAS1,MRY,2001-12-31,2001-12-31,2001-12-31,2018-10-25,0.0,2607200000.0,2595850000.0,555500000.0,2051700000.0,0.912,15.614,-179300000.0,14000000.0,14000000.0,2028200000.0,122100000.0,0.622,2.702,723400000.0,277000000.0,446400000.0,723400000.0,0.0,148800000.0,0.0,0.042,1.76,227200000.0,376000000.0,0.159,376000000.0,227200000.0,181200000.0,2.7,2.69,2.7,704200000.0,698950000.0,704200000.0,2547435971.0,11.0,6.775,312000000.0,6.918,1.0,338100000.0,0.143,0.0,46000000.0,2423600000.0,2366425000.0,43400000.0,65400000.0,65400000.0,0.0,1903000000.0,893000000.0,1010000000.0,1864735971.0,-48700000.0,-35000000.0,-46300000.0,-197300000.0,-78800000.0,-319600000.0,-220400000.0,-6300000.0,491300000.0,0.0,122100000.0,121800000.0,121800000.0,0.0,0.0,0.051,116300000.0,221800000.0,474700000.0,0.652,2.648,15.31,15.422,1768600000.0,300000.0,41.64,0.788,0.794,351000000.0,593500000.0,2366300000.0,2366300000.0,0.0,0.047,0.174,0.096,0.096,0.0,0.0,1.0,44782324.0,45100000,45200000.0,52.468,2607200000.0,45500000.0,59100000.0,429400000.0,57.809,-337500000.0
10,GAS1,MRY,2000-12-31,2000-12-31,2000-12-31,2018-10-25,0.0,2930600000.0,2529800000.0,959500000.0,1971100000.0,0.854,15.264,-137600000.0,62700000.0,62700000.0,1776000000.0,35800000.0,0.702,3.156,914100000.0,567000000.0,347100000.0,914100000.0,0.0,145100000.0,0.0,0.038,1.66,91500000.0,236600000.0,0.11,236600000.0,91500000.0,43100000.0,0.77,0.77,0.77,705200000.0,746225000.0,705200000.0,2753584651.0,30.0,11.638,95400000.0,2.065,1.0,383300000.0,0.178,0.0,48400000.0,2415600000.0,2330600000.0,34100000.0,44100000.0,44100000.0,0.0,2225400000.0,1366400000.0,859000000.0,1971584651.0,15900000.0,-2600000.0,-51900000.0,75200000.0,-75900000.0,-50600000.0,-166500000.0,-25900000.0,233000000.0,0.0,35800000.0,35500000.0,35500000.0,0.0,0.0,0.016,297700000.0,85600000.0,680600000.0,2.156,2.796,55.538,56.088,1740900000.0,300000.0,43.188,0.913,0.924,659500000.0,594200000.0,2159300000.0,2159300000.0,0.0,0.014,0.048,0.039,0.042,0.0,0.0,1.0,45651743.0,46200000,46300000.0,46.738,2930600000.0,40100000.0,7300000.0,404300000.0,63.433,-406900000.0
11,GAS1,MRY,1999-12-31,1999-12-31,1999-12-31,2018-10-25,0.0,2451800000.0,2291350000.0,508000000.0,1943800000.0,0.685,16.653,-148200000.0,42500000.0,42500000.0,1221300000.0,116300000.0,0.681,2.113,854500000.0,418400000.0,436100000.0,854500000.0,0.0,141600000.0,0.0,0.048,1.56,221000000.0,362600000.0,0.231,362600000.0,221000000.0,176800000.0,2.46,2.45,2.46,787700000.0,779575000.0,787700000.0,2145830653.0,10.0,5.918,65200000.0,1.378,1.0,349200000.0,0.222,0.0,44200000.0,2518100000.0,2358750000.0,31000000.0,29700000.0,29700000.0,0.0,1664100000.0,745700000.0,918400000.0,1529030653.0,33800000.0,0.0,-23100000.0,52600000.0,-73200000.0,-43200000.0,-136400000.0,12100000.0,213400000.0,0.0,116300000.0,116100000.0,116100000.0,0.0,0.0,0.074,136600000.0,212600000.0,282400000.0,0.634,1.941,13.17,13.211,1735200000.0,200000.0,32.5,0.974,0.979,359800000.0,670500000.0,1570500000.0,1570500000.0,0.0,0.051,0.149,0.094,0.141,0.0,0.0,1.0,47047097.0,47300000,47400000.0,33.203,2451800000.0,10100000.0,60500000.0,384100000.0,51.835,-237700000.0
12,GAS1,MRY,1998-12-31,1998-12-31,1998-12-31,2018-10-25,0.0,2364600000.0,2226050000.0,464700000.0,1899900000.0,0.658,15.846,-136200000.0,13000000.0,13000000.0,1120000000.0,116400000.0,0.803,2.115,793000000.0,235700000.0,557300000.0,793000000.0,0.0,136500000.0,0.0,0.035,1.48,224100000.0,360600000.0,0.246,360600000.0,224100000.0,177500000.0,2.43,2.42,2.43,759000000.0,1161150000.0,759000000.0,2668473367.0,12.0,7.4,232200000.0,4.848,1.0,345100000.0,0.236,0.0,46600000.0,2565700000.0,2416150000.0,105500000.0,55800000.0,55800000.0,0.0,1605600000.0,578900000.0,1026700000.0,2012273367.0,7800000.0,0.0,-33400000.0,-67000000.0,-70300000.0,-168900000.0,-191700000.0,-35600000.0,368400000.0,0.0,116400000.0,116100000.0,116100000.0,0.0,0.0,0.079,136500000.0,208600000.0,270300000.0,0.609,2.651,17.332,17.387,1731800000.0,300000.0,42.25,1.373,1.381,264000000.0,640200000.0,1465100000.0,1465100000.0,0.0,0.052,0.1,0.093,0.153,0.0,0.0,1.0,47627772.0,47900000,48100000.0,30.587,2364600000.0,0.0,61100000.0,361600000.0,49.365,-114200000.0
13,GAS1,MRY,1997-12-31,1997-12-31,1997-12-31,2018-10-25,0.0,2394600000.0,2268800000.0,534800000.0,1859800000.0,0.878,26.652,-113000000.0,5200000.0,5200000.0,1631600000.0,127900000.0,0.86,0.841,854500000.0,304300000.0,550200000.0,854500000.0,0.0,131200000.0,0.0,0.033,1.4,246000000.0,377200000.0,0.189,377200000.0,246000000.0,196900000.0,2.62,2.61,2.62,1300600000.0,1277550000.0,1300600000.0,,,,98100000.0,2.01,1.0,361000000.0,0.181,0.0,49100000.0,2622300000.0,2415000000.0,127800000.0,20200000.0,20200000.0,0.0,1094000000.0,621600000.0,472400000.0,2029091892.0,-15300000.0,0.0,-49400000.0,15600000.0,-67800000.0,-100200000.0,-126200000.0,-7500000.0,211100000.0,0.0,127900000.0,127500000.0,127500000.0,0.0,0.0,0.064,131200000.0,229800000.0,241900000.0,0.534,1.56,15.914,16.102,1735800000.0,400000.0,42.188,1.018,1.033,354600000.0,623500000.0,1992600000.0,1992600000.0,0.0,0.056,0.1,0.102,0.123,0.0,0.0,1.0,48096993.0,48800000,48900000.0,40.832,2394600000.0,0.0,69000000.0,342800000.0,49.07,-86800000.0
14,GAS1,MRY,1996-12-31,1996-12-31,1996-12-31,2018-10-25,0.0,2438600000.0,,573400000.0,1865200000.0,,25.102,-119900000.0,20500000.0,20500000.0,1492300000.0,136200000.0,0.819,0.943,835000000.0,317000000.0,518000000.0,835000000.0,0.0,125300000.0,0.0,0.037,1.32,251700000.0,377000000.0,0.204,377000000.0,251700000.0,203900000.0,2.72,2.71,2.72,1255100000.0,,1255100000.0,,,,-15300000.0,-0.306,1.0,358400000.0,0.194,0.0,47800000.0,2553300000.0,,118200000.0,12700000.0,12700000.0,0.0,1183500000.0,699800000.0,483700000.0,,13700000.0,0.0,-35700000.0,117400000.0,-66000000.0,21600000.0,-112500000.0,6900000.0,104600000.0,0.0,136200000.0,135800000.0,135800000.0,-15000000.0,0.0,0.073,125300000.0,233100000.0,333900000.0,0.485,,,13.143,1771900000.0,400000.0,35.75,,0.966,340000000.0,,1850700000.0,1850700000.0,0.0,,,,0.136,0.0,0.0,1.0,,50000000,50100000.0,37.014,2438600000.0,0.0,67700000.0,343800000.0,48.772,-126400000.0
15,GAS1,MRY,1995-12-31,1995-12-31,1995-12-31,2018-10-25,,,,,,,,-156900000.0,,,1178500000.0,99800000.0,,,,,,,,111800000.0,,0.047,1.28,196000000.0,307800000.0,0.208,307800000.0,196000000.0,154200000.0,1.96,1.96,1.96,,,,,,,116700000.0,2.302,1.0,301600000.0,0.204,,41800000.0,,,,,,,,,,,-7700000.0,0.0,-33600000.0,-38100000.0,-65200000.0,-134700000.0,-146600000.0,8200000.0,273600000.0,0.0,99800000.0,99400000.0,99400000.0,0.0,0.0,0.067,111800000.0,189800000.0,,0.653,,,14.031,,400000.0,27.5,,0.942,,,1480100000.0,1480100000.0,0.0,,,,0.132,0.0,0.0,,,50700000,50700000.0,29.193,,,54400000.0,,,
0,GAS1,MRQ,2011-09-30,2011-09-30,2011-09-30,2018-10-25,-19600000.0,4410200000.0,,788000000.0,3622200000.0,,24.002,-72600000.0,41600000.0,41600000.0,287700000.0,5700000.0,0.853,3.003,891400000.0,392900000.0,498500000.0,891400000.0,0.0,51800000.0,109300000.0,0.034,0.465,23100000.0,74900000.0,0.215,74900000.0,23100000.0,14600000.0,0.12,0.12,0.12,1101700000.0,,1101700000.0,3084338922.0,15.0,7.556,-226700000.0,-4.939,1.0,60700000.0,0.174,0.0,8500000.0,4335700000.0,,240200000.0,237000000.0,102400000.0,134600000.0,3308500000.0,924300000.0,2384200000.0,2505438922.0,-1300000.0,0.0,-1300000.0,246600000.0,-21300000.0,224000000.0,0.0,0.0,-154100000.0,0.0,5700000.0,5700000.0,5700000.0,0.0,0.0,0.016,42400000.0,18300000.0,305800000.0,3.875,2.274,22.735,23.113,3105700000.0,0.0,55.01,0.963,0.971,231500000.0,939900000.0,348400000.0,348400000.0,0.0,,,,,0.0,0.0,1.0,45545154.0,45900000,46000000.0,7.59,4410200000.0,0.0,8900000.0,437100000.0,96.083,-136300000.0
1,GAS1,MRQ,2011-06-30,2011-06-30,2011-06-30,2018-10-25,-13600000.0,4208100000.0,,626500000.0,3581600000.0,,24.481,-60200000.0,42900000.0,42900000.0,403200000.0,19200000.0,0.869,2.745,621800000.0,123300000.0,498500000.0,621800000.0,0.0,51700000.0,83700000.0,0.034,0.465,38900000.0,90600000.0,0.19,90600000.0,38900000.0,30200000.0,0.42,0.42,0.42,1123700000.0,,1123700000.0,3182041730.0,15.0,7.642,108200000.0,2.357,1.0,73800000.0,0.155,0.0,8700000.0,4066400000.0,,59200000.0,223200000.0,89300000.0,133900000.0,3084400000.0,720600000.0,2363800000.0,2493141730.0,6900000.0,0.0,-3900000.0,-89200000.0,-21300000.0,-111800000.0,10000000.0,0.0,168400000.0,0.0,19200000.0,19200000.0,19200000.0,0.0,0.0,0.04,38600000.0,35200000.0,313500000.0,1.107,2.219,21.11,21.383,3059900000.0,0.0,54.74,0.957,0.964,289400000.0,955600000.0,477000000.0,477000000.0,0.0,,,,,0.0,0.0,1.0,45545154.0,45900000,45900000.0,10.392,4208100000.0,0.0,11000000.0,433900000.0,91.68,-94100000.0
2,GAS1,MRQ,2011-03-31,2011-03-31,2011-03-31,2018-10-25,-11800000.0,4388700000.0,,849100000.0,3539600000.0,,24.597,-57700000.0,36000000.0,36000000.0,943300000.0,45200000.0,0.91,2.887,724900000.0,226400000.0,498500000.0,724900000.0,0.0,51900000.0,76400000.0,0.035,0.465,70600000.0,122500000.0,0.118,122500000.0,70600000.0,63700000.0,0.98,0.98,0.98,1129000000.0,,1129000000.0,3420817977.0,16.0,8.089,293100000.0,6.386,1.0,93700000.0,0.09,0.0,6900000.0,4145000000.0,,44600000.0,231900000.0,96100000.0,135800000.0,3259700000.0,932600000.0,2327100000.0,2446017977.0,4500000.0,0.0,0.0,-271300000.0,-21400000.0,-295200000.0,10000000.0,0.0,350800000.0,0.0,45200000.0,45200000.0,45200000.0,0.0,0.0,0.044,27900000.0,65800000.0,258400000.0,0.474,2.167,19.87,20.112,3030700000.0,0.0,53.7,0.958,0.965,526900000.0,957900000.0,1037000000.0,1037000000.0,0.0,,,,,0.0,0.0,1.0,45549683.0,45900000,45900000.0,22.593,4388700000.0,0.0,18500000.0,430600000.0,95.614,-83500000.0
3,GAS1,MRQ,2010-12-31,2010-12-31,2010-12-31,2018-10-25,-13200000.0,4496500000.0,,953600000.0,3542900000.0,,23.998,-78100000.0,31500000.0,31500000.0,639100000.0,40100000.0,0.888,3.073,1006300000.0,507900000.0,498400000.0,1006300000.0,0.0,50800000.0,110600000.0,0.037,0.465,69400000.0,120200000.0,0.163,120200000.0,69400000.0,59700000.0,0.86,0.87,0.86,1103900000.0,,1103900000.0,3185571457.0,13.0,7.096,-71100000.0,-1.546,1.0,99700000.0,0.135,0.0,9700000.0,4397000000.0,,163900000.0,253900000.0,119700000.0,134200000.0,3392600000.0,1074300000.0,2318300000.0,2273071457.0,-43600000.0,2800000.0,-9000000.0,57500000.0,-21300000.0,31100000.0,-3800000.0,7100000.0,7000000.0,0.0,40100000.0,40100000.0,40100000.0,0.0,0.0,0.054,33800000.0,65900000.0,335500000.0,0.541,2.059,16.424,16.53,3022800000.0,0.0,49.92,0.839,0.842,472400000.0,934100000.0,738800000.0,738800000.0,0.0,,,,,0.0,0.0,1.0,45534284.0,46000000,45400000.0,16.061,4496500000.0,0.0,19600000.0,423400000.0,97.75,-120700000.0
4,GAS1,MRQ,2010-09-30,2010-09-30,2010-09-30,2018-10-25,-17400000.0,4370400000.0,,883400000.0,3487000000.0,,23.606,-51400000.0,75100000.0,75100000.0,282400000.0,13600000.0,0.82,3.051,987600000.0,564200000.0,423400000.0,987600000.0,0.0,50700000.0,131200000.0,0.041,0.465,32400000.0,83100000.0,0.236,83100000.0,32400000.0,22700000.0,0.3,0.3,0.3,1078800000.0,,1078800000.0,2718707097.0,10.0,5.777,-229400000.0,-5.02,1.0,70100000.0,0.199,0.0,9700000.0,4205400000.0,,227800000.0,271100000.0,137200000.0,133900000.0,3291600000.0,1077500000.0,2214100000.0,2085107097.0,15300000.0,0.0,400000.0,266300000.0,-21400000.0,245400000.0,-200000.0,0.0,-178000000.0,0.0,13600000.0,13600000.0,13600000.0,0.0,0.0,0.039,39700000.0,30400000.0,285800000.0,1.55,1.933,13.584,13.556,2979500000.0,0.0,45.82,0.761,0.764,235700000.0,915400000.0,352500000.0,352500000.0,0.0,,,,,0.0,0.0,1.0,45506484.0,45700000,45900000.0,7.713,4370400000.0,0.0,9100000.0,416200000.0,95.632,-194100000.0
5,GAS1,MRQ,2010-06-30,2010-06-30,2010-06-30,2018-10-25,-14400000.0,4127500000.0,,656800000.0,3470700000.0,,23.862,-54900000.0,59800000.0,59800000.0,346900000.0,24200000.0,0.763,2.793,693500000.0,270100000.0,423400000.0,693500000.0,0.0,50600000.0,101500000.0,0.046,0.465,46500000.0,97100000.0,0.228,97100000.0,46500000.0,36800000.0,0.53,0.53,0.53,1088100000.0,,1088100000.0,2653095305.0,10.0,5.665,146600000.0,3.215,1.0,78700000.0,0.185,0.0,9700000.0,3900200000.0,,53400000.0,248000000.0,111000000.0,137000000.0,3039400000.0,861000000.0,2178400000.0,1833495305.0,1900000.0,0.0,8300000.0,-126800000.0,-21200000.0,-139500000.0,4400000.0,-8000000.0,201500000.0,0.0,24200000.0,24200000.0,24200000.0,0.0,0.0,0.057,35300000.0,43400000.0,293900000.0,0.877,1.685,11.945,11.982,2960000000.0,0.0,40.5,0.676,0.681,268100000.0,923100000.0,425600000.0,425600000.0,0.0,,,,,0.0,0.0,1.0,45271489.0,45600000,45800000.0,9.333,4127500000.0,0.0,12600000.0,405300000.0,90.515,-204200000.0
6,GAS1,MRQ,2010-03-31,2010-03-31,2010-03-31,2018-10-25,-12400000.0,4418800000.0,,946700000.0,3472100000.0,,23.74,-42400000.0,57900000.0,57900000.0,1074900000.0,60500000.0,0.817,3.1,877600000.0,454200000.0,423400000.0,877600000.0,0.0,50600000.0,83900000.0,0.044,0.465,97900000.0,148500000.0,0.124,148500000.0,97900000.0,88900000.0,1.33,1.33,1.33,1077800000.0,,1077800000.0,2905478281.0,11.0,6.286,281900000.0,6.209,1.0,118000000.0,0.099,0.0,9000000.0,4079200000.0,,23700000.0,255700000.0,125200000.0,130500000.0,3341000000.0,1159300000.0,2181700000.0,1896678281.0,2200000.0,0.0,0.0,-266000000.0,-21200000.0,-286800000.0,6600000.0,0.0,324300000.0,0.0,60500000.0,60500000.0,60500000.0,0.0,0.0,0.051,22000000.0,96000000.0,236600000.0,0.35,1.76,12.462,12.513,2942400000.0,0.0,41.92,0.694,0.696,536200000.0,920300000.0,1192900000.0,1192900000.0,0.0,,,,,0.0,0.0,1.0,45245188.0,45400000,45600000.0,26.275,4418800000.0,0.0,28400000.0,415900000.0,97.33,-212600000.0
7,GAS1,MRQ,2009-12-31,2009-12-31,2009-12-31,2018-10-25,-11000000.0,4435700000.0,,1003300000.0,3432400000.0,,22.857,-55300000.0,55700000.0,55700000.0,652300000.0,55200000.0,0.859,3.275,1064600000.0,566300000.0,498300000.0,1064600000.0,0.0,48800000.0,141700000.0,0.044,0.465,93100000.0,141900000.0,0.185,141900000.0,93100000.0,81800000.0,1.22,1.21,1.22,1037700000.0,,1037700000.0,2793439035.0,12.0,6.42,-103100000.0,-2.271,1.0,115800000.0,0.151,0.0,11300000.0,4276500000.0,,137200000.0,237700000.0,108900000.0,128800000.0,3398000000.0,1168100000.0,2229900000.0,1904239035.0,3000000.0,400000.0,0.0,178100000.0,-21300000.0,107700000.0,-2100000.0,-2000000.0,-47800000.0,0.0,55200000.0,55200000.0,55200000.0,0.0,0.0,0.072,24700000.0,91100000.0,353900000.0,0.381,1.835,14.053,14.08,2939100000.0,0.0,42.1,0.718,0.721,492100000.0,881000000.0,768100000.0,768100000.0,0.0,,,,,0.0,0.0,1.0,45231331.0,45400000,45500000.0,16.919,4435700000.0,0.0,26600000.0,409900000.0,97.703,-164800000.0
8,GAS1,MRQ,2009-09-30,2009-09-30,2009-09-30,2018-10-25,-12400000.0,4232100000.0,,823700000.0,3408400000.0,,22.044,-53800000.0,52700000.0,52700000.0,258800000.0,13600000.0,0.811,3.229,941900000.0,443700000.0,498200000.0,941900000.0,0.0,48900000.0,167700000.0,0.051,0.465,31900000.0,80800000.0,0.248,80800000.0,31900000.0,22600000.0,0.3,0.3,0.3,1000800000.0,,1000800000.0,2488258088.0,11.0,5.97,-105400000.0,-2.322,1.0,66800000.0,0.205,0.0,9300000.0,4105800000.0,,193900000.0,257200000.0,129400000.0,127800000.0,3231300000.0,1015500000.0,2215800000.0,1654658088.0,8800000.0,-400000.0,0.0,137400000.0,-21200000.0,116300000.0,-5600000.0,700000.0,-51600000.0,0.0,13600000.0,13600000.0,13600000.0,0.0,0.0,0.042,37000000.0,29800000.0,263400000.0,1.55,1.653,12.907,12.929,2920700000.0,0.0,36.59,0.566,0.568,245700000.0,847000000.0,325600000.0,325600000.0,0.0,,,,,0.0,0.0,1.0,45221593.0,45400000,45500000.0,7.172,4232100000.0,0.0,9000000.0,398700000.0,93.218,-191800000.0
9,GAS1,MRQ,2009-06-30,2009-06-30,2009-06-30,2018-10-25,-13900000.0,4187600000.0,,743300000.0,3444300000.0,,22.156,-60000000.0,43900000.0,43900000.0,376400000.0,22900000.0,0.762,3.163,877500000.0,379400000.0,498100000.0,877500000.0,0.0,49100000.0,143100000.0,0.054,0.465,41900000.0,91000000.0,0.203,91000000.0,41900000.0,33100000.0,0.5,0.5,0.5,1005900000.0,,1005900000.0,2677927029.0,13.0,6.742,238100000.0,5.244,1.0,71200000.0,0.159,0.0,8800000.0,4045200000.0,,28600000.0,254100000.0,125700000.0,128400000.0,3181700000.0,976000000.0,2205700000.0,1565327029.0,5300000.0,0.0,0.0,-208900000.0,-21200000.0,-230000000.0,-5400000.0,700000.0,298100000.0,0.0,22900000.0,22900000.0,22900000.0,0.0,0.0,0.051,31700000.0,39500000.0,266100000.0,0.93,1.556,13.506,13.523,2899200000.0,0.0,34.62,0.515,0.517,310900000.0,854600000.0,447600000.0,447600000.0,0.0,,,,,0.0,0.0,1.0,45214530.0,45400000,45500000.0,9.859,4187600000.0,0.0,10200000.0,399000000.0,92.238,-232700000.0
10,GAS1,MRQ,2009-03-31,2009-03-31,2009-03-31,2018-10-25,-15700000.0,4577000000.0,,1098300000.0,3478700000.0,,22.062,-51200000.0,38600000.0,38600000.0,1043100000.0,43800000.0,0.783,3.57,1151200000.0,703100000.0,448100000.0,1151200000.0,0.0,49000000.0,128500000.0,0.07,0.465,72400000.0,121400000.0,0.109,121400000.0,72400000.0,63100000.0,0.97,0.96,0.97,1001600000.0,,1001600000.0,2881139875.0,14.0,7.172,320900000.0,7.068,1.0,67700000.0,0.061,0.0,9300000.0,4287100000.0,,20400000.0,259200000.0,129000000.0,130200000.0,3575400000.0,1402500000.0,2172900000.0,1501939875.0,12600000.0,0.0,0.0,-302500000.0,-21100000.0,-323600000.0,1700000.0,13600000.0,372100000.0,0.0,43800000.0,43800000.0,43800000.0,0.0,0.0,0.039,7800000.0,59900000.0,259400000.0,0.479,1.5,12.321,12.307,2869500000.0,0.0,33.23,0.456,0.458,590800000.0,852900000.0,1110800000.0,1110800000.0,0.0,,,,,0.0,0.0,1.0,45198311.0,45400000,45400000.0,24.467,4577000000.0,0.0,19300000.0,399800000.0,100.815,-304200000.0
11,GAS1,MRQ,2008-12-31,2008-12-31,2008-12-31,2018-10-25,0.0,4784000000.0,,1338900000.0,3445100000.0,,21.481,-77900000.0,26000000.0,26000000.0,949100000.0,47900000.0,0.803,3.916,1405200000.0,957200000.0,448000000.0,1405200000.0,0.0,47000000.0,187300000.0,0.054,0.465,76600000.0,123600000.0,0.119,123600000.0,76600000.0,66100000.0,1.06,1.05,1.06,973100000.0,,973100000.0,2569144616.0,13.0,6.526,-261400000.0,-5.77,1.0,91700000.0,0.088,0.0,10500000.0,4495200000.0,,208500000.0,256000000.0,119200000.0,136800000.0,3810900000.0,1668000000.0,2142900000.0,1569944616.0,-5600000.0,5900000.0,-1600000.0,387100000.0,-21100000.0,279800000.0,-25800000.0,-2000000.0,-183500000.0,0.0,47900000.0,47900000.0,47900000.0,0.0,0.0,0.046,19800000.0,71900000.0,411300000.0,0.439,1.613,13.138,13.159,2858600000.0,0.0,34.74,0.416,0.417,690100000.0,830300000.0,1040800000.0,1040800000.0,0.0,,,,,0.0,0.0,1.0,45191267.0,45300000,45400000.0,22.976,4784000000.0,0.0,18200000.0,400000000.0,105.607,-329100000.0
12,GAS1,MRQ,2008-09-30,2008-09-30,2008-09-30,2018-10-25,-10800000.0,4369800000.0,,1008900000.0,3360900000.0,,21.075,-74900000.0,31600000.0,31600000.0,396400000.0,1300000.0,0.765,3.577,1030800000.0,582800000.0,448000000.0,1030800000.0,0.0,47700000.0,211000000.0,0.042,0.465,13500000.0,61200000.0,0.139,61200000.0,13500000.0,3600000.0,0.03,0.03,0.03,954700000.0,,954700000.0,2267659037.0,11.0,5.711,-632800000.0,-13.969,1.0,43900000.0,0.1,0.0,9900000.0,4049700000.0,,274900000.0,227500000.0,88400000.0,139100000.0,3415100000.0,1319300000.0,2095800000.0,2002359037.0,-219000000.0,-300000.0,1600000.0,421000000.0,-21100000.0,400600000.0,10900000.0,1700000.0,-557900000.0,0.0,1300000.0,1300000.0,1300000.0,0.0,0.0,0.003,34600000.0,9300000.0,435400000.0,15.5,2.097,15.754,15.783,2823500000.0,0.0,44.35,0.548,0.55,365400000.0,803700000.0,440300000.0,440300000.0,0.0,,,,,0.0,0.0,1.0,45149020.0,45300000,45400000.0,9.72,4369800000.0,0.0,2300000.0,400800000.0,96.464,-310400000.0
13,GAS1,MRQ,2008-06-30,2008-06-30,2008-06-30,2018-10-25,1300000.0,4555700000.0,,1243900000.0,3311800000.0,,21.728,-50600000.0,250600000.0,250600000.0,635100000.0,28900000.0,0.797,3.628,582300000.0,209400000.0,372900000.0,582300000.0,0.0,47700000.0,138500000.0,0.044,0.93,47800000.0,95500000.0,0.136,95500000.0,47800000.0,38700000.0,0.64,0.64,0.64,984300000.0,,984300000.0,2423886450.0,11.0,5.919,265100000.0,5.852,1.0,64700000.0,0.092,0.0,9100000.0,3326000000.0,,75700000.0,421400000.0,279600000.0,141800000.0,3571400000.0,1561400000.0,2010000000.0,1922486450.0,226200000.0,-5600000.0,0.0,-10000000.0,-21100000.0,-31100000.0,-6100000.0,300000.0,315700000.0,0.0,28900000.0,28900000.0,28900000.0,0.0,0.0,0.041,24100000.0,40600000.0,555100000.0,1.453,1.953,13.703,13.739,2780200000.0,0.0,42.59,0.537,0.539,514600000.0,823500000.0,699800000.0,699800000.0,0.0,,,,,0.0,0.0,1.0,45139386.0,45300000,45300000.0,15.448,4555700000.0,0.0,9800000.0,399400000.0,100.567,-317500000.0
14,GAS1,MRQ,2008-03-31,2008-03-31,2008-03-31,2018-10-25,-2700000.0,4521900000.0,,1247500000.0,3274400000.0,,21.453,-46500000.0,24400000.0,24400000.0,1522100000.0,41400000.0,0.802,3.653,555800000.0,183000000.0,372800000.0,555800000.0,0.0,47400000.0,133200000.0,0.042,0.0,66000000.0,113400000.0,0.071,113400000.0,66000000.0,55400000.0,0.92,0.91,0.92,971800000.0,,971800000.0,2336476497.0,11.0,5.923,351800000.0,7.766,1.0,73600000.0,0.046,0.0,10600000.0,3497600000.0,,40400000.0,316100000.0,173500000.0,142600000.0,3550100000.0,1555700000.0,1994400000.0,1512476497.0,-18400000.0,0.0,0.0,-352200000.0,-21100000.0,-373400000.0,600000.0,0.0,398300000.0,0.0,41400000.0,41400000.0,41400000.0,0.0,0.0,0.026,10400000.0,63200000.0,441200000.0,0.0,1.556,11.688,11.717,2759600000.0,0.0,33.51,0.44,0.442,906500000.0,815800000.0,1595700000.0,1595700000.0,0.0,,,,,0.0,0.0,1.0,45135079.0,45300000,45300000.0,35.225,4521900000.0,0.0,14000000.0,402800000.0,99.821,-308200000.0
15,GAS1,MRQ,2007-12-31,2007-12-31,2007-12-31,2018-10-25,0.0,4271300000.0,,1043100000.0,3228200000.0,,20.774,-54700000.0,42800000.0,42800000.0,826300000.0,55500000.0,0.805,3.519,895100000.0,472300000.0,422800000.0,895100000.0,0.0,45800000.0,234500000.0,0.044,0.465,81200000.0,127000000.0,0.138,127000000.0,81200000.0,77600000.0,1.22,1.23,1.22,945200000.0,,945200000.0,2534827826.0,11.0,6.237,-171900000.0,-3.778,1.0,93200000.0,0.101,0.0,3600000.0,3827900000.0,,154000000.0,210400000.0,77500000.0,132900000.0,3326100000.0,1295700000.0,2030400000.0,1911027826.0,6900000.0,0.0,100000.0,207000000.0,-21100000.0,185900000.0,-8900000.0,-100000.0,-117200000.0,0.0,55500000.0,55500000.0,55500000.0,0.0,0.0,0.06,16000000.0,77200000.0,428200000.0,0.381,2.022,14.135,14.164,2757300000.0,0.0,42.35,0.602,0.603,641500000.0,795500000.0,919500000.0,919500000.0,0.0,,,,,0.0,0.0,1.0,45124624.0,45500000,45600000.0,20.209,4271300000.0,0.0,22100000.0,400400000.0,93.875,-252600000.0
16,GAS1,MRQ,2007-09-30,2007-09-30,2007-09-30,2018-10-25,-9500000.0,3959800000.0,,764000000.0,3195800000.0,,20.106,-38900000.0,35900000.0,35900000.0,310700000.0,14500000.0,0.736,3.357,712400000.0,289700000.0,422700000.0,712400000.0,0.0,46100000.0,234000000.0,0.043,0.465,27500000.0,73600000.0,0.202,73600000.0,27500000.0,17100000.0,0.32,0.32,0.32,908800000.0,,908800000.0,2276383993.0,10.0,5.446,-256400000.0,-5.673,1.0,54500000.0,0.149,0.0,10400000.0,3598700000.0,,245100000.0,201200000.0,67600000.0,133600000.0,3051000000.0,1037600000.0,2013400000.0,1935383993.0,-120700000.0,0.0,0.0,162000000.0,-21100000.0,140900000.0,-6400000.0,200000.0,-217500000.0,0.0,14500000.0,14500000.0,14500000.0,0.0,0.0,0.04,31700000.0,22800000.0,345200000.0,1.453,2.13,14.025,13.929,2730200000.0,0.0,42.9,0.625,0.627,280200000.0,761100000.0,365200000.0,365200000.0,0.0,,,,,0.0,0.0,1.0,45113846.0,45200000,45300000.0,8.08,3959800000.0,34600000.0,2600000.0,475900000.0,87.606,-273600000.0
17,GAS1,MRQ,2007-06-30,2007-06-30,2007-06-30,2018-10-25,-7900000.0,3953900000.0,,763100000.0,3190800000.0,,20.272,-38800000.0,156600000.0,156600000.0,502700000.0,18000000.0,0.796,3.315,497600000.0,0.0,497600000.0,497600000.0,0.0,46200000.0,156500000.0,0.043,0.465,34300000.0,80500000.0,0.145,80500000.0,34300000.0,24200000.0,0.4,0.4,0.4,916300000.0,,916300000.0,2516966605.0,10.0,5.914,256000000.0,5.664,1.0,54200000.0,0.097,0.0,10100000.0,3336500000.0,,43600000.0,192000000.0,57300000.0,134700000.0,3037600000.0,958400000.0,2079200000.0,1932466605.0,146600000.0,0.0,6600000.0,-97000000.0,-21000000.0,-110900000.0,-9200000.0,11100000.0,294800000.0,0.0,18000000.0,18000000.0,18000000.0,0.0,0.0,0.032,24300000.0,29900000.0,368800000.0,1.163,2.109,13.696,13.625,2720700000.0,0.0,42.92,0.627,0.63,359400000.0,767600000.0,556900000.0,556900000.0,0.0,,,,,0.0,0.0,1.0,45024851.0,45200000,45300000.0,12.321,3953900000.0,34100000.0,6200000.0,472500000.0,87.476,-195300000.0
18,GAS1,MRQ,2007-03-31,2007-03-31,2007-03-31,2018-10-25,-6600000.0,4122800000.0,,940000000.0,3182800000.0,,20.291,-39600000.0,10000000.0,10000000.0,1272500000.0,47200000.0,0.829,3.515,594500000.0,97000000.0,497500000.0,594500000.0,0.0,46100000.0,118600000.0,0.038,0.465,79200000.0,125300000.0,0.094,125300000.0,79200000.0,65400000.0,1.05,1.04,1.05,913100000.0,,913100000.0,2981035796.0,13.0,7.232,252500000.0,5.611,1.0,62200000.0,0.047,0.0,13800000.0,3572800000.0,,35700000.0,196700000.0,61300000.0,135400000.0,3209700000.0,1134500000.0,2075200000.0,2174635796.0,-31100000.0,0.0,1500000.0,-253000000.0,-20900000.0,-272500000.0,-8300000.0,-500000.0,292100000.0,0.0,47200000.0,47200000.0,47200000.0,0.0,0.0,0.035,-14400000.0,76600000.0,328100000.0,0.443,2.382,16.525,16.469,2714100000.0,0.0,48.42,0.731,0.732,736500000.0,770700000.0,1334700000.0,1334700000.0,0.0,,,,,0.0,0.0,1.0,44911933.0,45000000,45200000.0,29.66,4122800000.0,30200000.0,18200000.0,477400000.0,91.618,-194500000.0
19,GAS1,MRQ,2006-12-31,2006-12-31,2006-12-31,2018-10-25,0.0,4090100000.0,,910700000.0,3179400000.0,,19.512,-58600000.0,41100000.0,41100000.0,740400000.0,58300000.0,0.799,3.669,847500000.0,350000000.0,497500000.0,847500000.0,0.0,44400000.0,197900000.0,0.04,0.465,94200000.0,138600000.0,0.165,138600000.0,94200000.0,80600000.0,1.31,1.3,1.31,876100000.0,,876100000.0,2724826877.0,12.0,6.79,-160100000.0,-3.566,1.0,97800000.0,0.117,0.0,13600000.0,3756500000.0,,186000000.0,161200000.0,26500000.0,134700000.0,3214000000.0,1140000000.0,2074000000.0,2092426877.0,13100000.0,0.0,8500000.0,277000000.0,-20800000.0,174700000.0,400000.0,-1100000.0,-101500000.0,0.0,58300000.0,58300000.0,58300000.0,0.0,0.0,0.07,6800000.0,91000000.0,364200000.0,0.355,2.388,16.309,16.25,2714700000.0,0.0,46.8,0.707,0.705,563500000.0,743000000.0,838200000.0,838200000.0,0.0,,,,,0.0,0.0,1.0,44709976.0,44900000,45000000.0,18.668,4090100000.0,39100000.0,22300000.0,483000000.0,91.094,-229300000.0
20,GAS1,MRQ,2006-09-30,2006-09-30,2006-09-30,2018-10-25,-9900000.0,3765100000.0,,682600000.0,3082500000.0,,18.611,-43700000.0,28000000.0,28000000.0,296500000.0,17600000.0,0.696,3.526,660400000.0,201000000.0,459400000.0,660400000.0,0.0,44800000.0,0.0,0.043,0.465,36400000.0,81200000.0,0.231,81200000.0,36400000.0,25300000.0,0.39,0.39,0.39,831900000.0,,831900000.0,2214785144.0,11.0,5.772,-307400000.0,-6.877,1.0,54600000.0,0.156,0.0,11100000.0,3416500000.0,,203300000.0,158500000.0,26400000.0,132100000.0,2933200000.0,981000000.0,1952200000.0,1904385144.0,-181800000.0,0.0,7600000.0,140000000.0,-20700000.0,128000000.0,-800000.0,-3000000.0,-263700000.0,0.0,17600000.0,17600000.0,17600000.0,0.0,0.0,0.05,26100000.0,28500000.0,517000000.0,1.192,2.289,14.438,14.446,2690500000.0,0.0,42.76,0.547,0.549,334200000.0,705700000.0,351100000.0,351100000.0,0.0,,,,,0.0,0.0,1.0,44536603.0,44700000,44800000.0,7.855,3765100000.0,36300000.0,7700000.0,484200000.0,84.23,-298400000.0
21,GAS1,MRQ,2006-06-30,2006-06-30,2006-06-30,2018-10-25,-5300000.0,3773700000.0,,704000000.0,3069700000.0,,18.683,-37800000.0,209800000.0,209800000.0,405500000.0,8500000.0,0.709,3.539,520200000.0,50000000.0,470200000.0,520200000.0,0.0,44500000.0,0.0,0.045,0.465,22600000.0,67100000.0,0.149,67100000.0,22600000.0,13500000.0,0.19,0.19,0.19,831400000.0,,831400000.0,2340709659.0,13.0,6.676,201200000.0,4.521,1.0,45800000.0,0.101,0.0,9100000.0,3091200000.0,,38100000.0,151200000.0,16800000.0,134400000.0,2942300000.0,992900000.0,1949400000.0,1841709659.0,90600000.0,0.0,1300000.0,-98000000.0,-20700000.0,-116200000.0,2200000.0,0.0,239000000.0,0.0,8500000.0,8500000.0,8500000.0,0.0,0.0,0.019,28900000.0,16900000.0,421500000.0,2.447,2.215,16.503,16.534,2680500000.0,0.0,41.5,0.532,0.533,374400000.0,708900000.0,451300000.0,451300000.0,0.0,,,,,0.0,0.0,1.0,44378546.0,44500000,44600000.0,10.142,3773700000.0,22700000.0,5000000.0,480300000.0,84.802,-288900000.0
22,GAS1,MRQ,2006-03-31,2006-03-31,2006-03-31,2018-10-25,-4700000.0,3975100000.0,,920000000.0,3055100000.0,,19.005,-43400000.0,119200000.0,119200000.0,1272900000.0,43900000.0,0.774,3.722,618200000.0,138000000.0,480200000.0,618200000.0,0.0,44400000.0,0.0,0.047,0.465,70000000.0,114400000.0,0.087,114400000.0,70000000.0,54700000.0,0.99,0.99,0.99,841900000.0,,841900000.0,2751145766.0,13.0,7.078,529800000.0,11.959,1.0,46500000.0,0.035,0.0,15300000.0,3286100000.0,,30300000.0,152700000.0,18500000.0,134200000.0,3133200000.0,1188000000.0,1945200000.0,1748245766.0,300000.0,0.0,5200000.0,-505000000.0,-20700000.0,-519100000.0,-9700000.0,0.0,573200000.0,0.0,43900000.0,43900000.0,43900000.0,0.0,0.0,0.033,-19600000.0,66100000.0,360400000.0,0.47,2.077,12.808,12.844,2670100000.0,0.0,39.56,0.5,0.501,706500000.0,721100000.0,1319400000.0,1319400000.0,0.0,,,,,0.0,0.0,1.0,44192259.0,44300000,44500000.0,29.783,3975100000.0,10300000.0,10800000.0,485800000.0,89.731,-268000000.0
23,GAS1,MRQ,2005-12-31,2005-12-31,2005-12-31,2018-10-25,0.0,4391200000.0,,1345700000.0,3045500000.0,,18.231,-55900000.0,118900000.0,118900000.0,1273400000.0,61900000.0,0.829,4.413,1121800000.0,636000000.0,485800000.0,1121800000.0,0.0,43100000.0,0.0,0.047,0.465,77900000.0,121000000.0,0.089,121000000.0,77900000.0,63900000.0,1.39,1.4,1.39,811300000.0,,811300000.0,2352885566.0,11.0,6.03,-447100000.0,-10.047,1.0,84200000.0,0.062,0.0,14000000.0,3771200000.0,,261300000.0,141200000.0,8000000.0,133200000.0,3579900000.0,1622900000.0,1957000000.0,1736585566.0,95500000.0,0.0,0.0,481900000.0,-20500000.0,460400000.0,64600000.0,13500000.0,-391200000.0,0.0,61900000.0,61900000.0,61900000.0,0.0,0.0,0.046,10900000.0,73300000.0,658200000.0,0.335,2.14,12.741,12.763,2659100000.0,0.0,39.31,0.517,0.517,889100000.0,694500000.0,1357600000.0,1357600000.0,0.0,,,,,0.0,0.0,1.0,44176687.0,44500000,44400000.0,30.508,4391200000.0,3000000.0,2000000.0,502000000.0,98.679,-277200000.0
24,GAS1,MRQ,2005-09-30,2005-09-30,2005-09-30,2018-10-25,9600000.0,3918300000.0,,928500000.0,2989800000.0,,17.667,-48500000.0,23400000.0,23400000.0,305900000.0,-2700000.0,0.799,4.018,640700000.0,145000000.0,495700000.0,640700000.0,0.0,43100000.0,0.0,0.044,0.465,5000000.0,48100000.0,0.143,48100000.0,5000000.0,-5600000.0,-0.06,-0.06,-0.06,780900000.0,,780900000.0,2225241575.0,10.0,5.658,-212400000.0,-4.805,1.0,30100000.0,0.09,0.0,10600000.0,3374000000.0,,357300000.0,219400000.0,87300000.0,132100000.0,3137400000.0,1161600000.0,1975800000.0,1855541575.0,-102400000.0,0.0,1400000.0,144000000.0,-20600000.0,123300000.0,-12500000.0,0.0,-163900000.0,0.0,-2700000.0,-2700000.0,-2700000.0,0.0,0.0,-0.008,29500000.0,600000.0,633000000.0,-7.75,2.376,15.209,15.119,2599200000.0,0.0,42.03,0.641,0.642,292200000.0,653000000.0,336000000.0,336000000.0,0.0,,,,,0.0,0.0,1.0,44148027.0,44200000,44500000.0,7.602,3918300000.0,4600000.0,-2900000.0,566800000.0,88.649,-233100000.0
25,GAS1,MRQ,2005-06-30,2005-06-30,2005-06-30,2018-10-25,-4200000.0,3671500000.0,,695000000.0,2976500000.0,,17.912,-56900000.0,125800000.0,125800000.0,431700000.0,33400000.0,0.868,3.648,495700000.0,200000.0,495500000.0,495700000.0,0.0,43200000.0,0.0,0.045,0.465,62000000.0,105200000.0,0.217,105200000.0,62000000.0,52100000.0,0.76,0.75,0.76,789900000.0,,789900000.0,2331786160.0,11.0,6.152,180300000.0,4.088,1.0,52700000.0,0.109,0.0,9900000.0,3240800000.0,,47800000.0,204000000.0,65400000.0,138600000.0,2881600000.0,800600000.0,2081000000.0,1817086160.0,110500000.0,0.0,0.0,-34600000.0,-20500000.0,-54800000.0,-15700000.0,500000.0,237200000.0,0.0,33400000.0,33400000.0,33400000.0,0.0,0.0,0.069,-5300000.0,58000000.0,471500000.0,0.612,2.3,16.066,15.957,2582500000.0,0.0,41.17,0.636,0.635,317600000.0,676300000.0,484400000.0,484400000.0,0.0,,,,,0.0,0.0,1.0,44136171.0,44100000,44400000.0,10.984,3671500000.0,69900000.0,18700000.0,683700000.0,83.254,-105600000.0
26,GAS1,MRQ,2005-03-31,2005-03-31,2005-03-31,2018-10-25,-4400000.0,3833000000.0,,877900000.0,2955100000.0,,17.605,-39600000.0,15300000.0,15300000.0,1108200000.0,43700000.0,0.887,3.937,530000000.0,34600000.0,495400000.0,530000000.0,0.0,43000000.0,0.0,0.05,0.465,72900000.0,115900000.0,0.098,115900000.0,72900000.0,60700000.0,0.99,0.99,0.99,776400000.0,,776400000.0,2608768973.0,14.0,7.426,484500000.0,10.986,1.0,71600000.0,0.061,0.0,12200000.0,3358300000.0,,32900000.0,217500000.0,78200000.0,139300000.0,3056600000.0,989400000.0,2067200000.0,1636168973.0,2400000.0,0.0,0.0,-455400000.0,-20500000.0,-474400000.0,-6700000.0,-500000.0,524100000.0,0.0,43700000.0,43700000.0,43700000.0,0.0,0.0,0.037,1800000.0,69800000.0,369500000.0,0.47,2.107,16.494,16.412,2557400000.0,0.0,37.09,0.584,0.583,620700000.0,663500000.0,1179800000.0,1179800000.0,0.0,,,,,0.0,0.0,1.0,44113480.0,44100000,44300000.0,26.753,3833000000.0,71000000.0,17000000.0,671100000.0,86.916,-111500000.0
27,GAS1,MRQ,2004-12-31,2004-12-31,2004-12-31,2018-10-25,0.0,3975200000.0,,1020900000.0,2954300000.0,,16.872,-56700000.0,12900000.0,12900000.0,804500000.0,47600000.0,0.872,4.307,985500000.0,490200000.0,495300000.0,985500000.0,0.0,41400000.0,0.0,0.05,0.465,82700000.0,124100000.0,0.139,124100000.0,82700000.0,71800000.0,1.09,1.08,1.09,749100000.0,,749100000.0,2462463773.0,17.0,7.865,-107200000.0,-2.414,1.0,90100000.0,0.101,0.0,10900000.0,3776400000.0,,220700000.0,207900000.0,70300000.0,137600000.0,3226100000.0,1171400000.0,2054700000.0,1628463773.0,-38400000.0,0.0,600000.0,100000000.0,-20500000.0,80200000.0,-10200000.0,-2600000.0,-50500000.0,0.0,47600000.0,47600000.0,47600000.0,0.0,0.0,0.053,10200000.0,79900000.0,502900000.0,0.427,2.174,21.684,21.602,2549800000.0,0.0,36.94,0.594,0.595,583200000.0,640300000.0,894600000.0,894600000.0,0.0,,,,,0.0,0.0,1.0,44084022.0,44400000,44300000.0,20.149,3975200000.0,72300000.0,24200000.0,672000000.0,89.532,-150500000.0
28,GAS1,MRQ,2004-09-30,2004-09-30,2004-09-30,2018-10-25,-1900000.0,3795800000.0,,864400000.0,2931400000.0,,16.469,-53000000.0,51300000.0,51300000.0,278100000.0,-11600000.0,0.827,4.226,885100000.0,390000000.0,495100000.0,885100000.0,0.0,41600000.0,0.0,0.051,0.465,-7800000.0,33800000.0,0.113,33800000.0,-7800000.0,-18600000.0,-0.26,-0.26,-0.26,726300000.0,,726300000.0,2148471407.0,16.0,7.217,-319900000.0,-7.254,1.0,21800000.0,0.073,0.0,10800000.0,3583900000.0,,347500000.0,196700000.0,58400000.0,138300000.0,3069500000.0,1045700000.0,2023800000.0,1617171407.0,-41600000.0,0.0,0.0,261000000.0,-20500000.0,240800000.0,-200000.0,38500000.0,-266900000.0,0.0,-11600000.0,-11600000.0,-11600000.0,0.0,0.0,-0.039,31400000.0,-9600000.0,457600000.0,-1.788,2.227,25.875,25.845,2526400000.0,0.0,36.7,0.625,0.625,220300000.0,613100000.0,299900000.0,299900000.0,0.0,,,,,0.0,0.0,1.0,44064616.0,44100000,44100000.0,6.8,3795800000.0,76800000.0,-7000000.0,665200000.0,86.073,-181300000.0
29,GAS1,MRQ,2004-06-30,2004-06-30,2004-06-30,2018-10-25,-5500000.0,3556500000.0,,656500000.0,2900000000.0,,17.104,-39100000.0,92900000.0,92900000.0,377800000.0,19500000.0,0.826,3.715,624000000.0,129000000.0,495000000.0,624000000.0,0.0,41800000.0,0.0,0.055,0.465,35700000.0,77500000.0,0.18,77500000.0,35700000.0,27400000.0,0.44,0.44,0.44,754300000.0,,754300000.0,2146947882.0,14.0,6.851,157200000.0,3.565,1.0,51700000.0,0.12,0.0,8300000.0,3292500000.0,,43300000.0,232100000.0,97400000.0,134700000.0,2802200000.0,795100000.0,2007100000.0,1496647882.0,61300000.0,0.0,0.0,-31900000.0,-20500000.0,-52100000.0,9800000.0,-53300000.0,196300000.0,0.0,19500000.0,19500000.0,19500000.0,0.0,0.0,0.045,18600000.0,33100000.0,428700000.0,1.057,1.984,20.062,20.101,2504600000.0,0.0,33.97,0.579,0.58,281100000.0,645200000.0,429500000.0,429500000.0,0.0,,,,,0.0,0.0,1.0,44057930.0,44100000,44300000.0,9.739,3556500000.0,71800000.0,7900000.0,648600000.0,80.646,-138600000.0
30,GAS1,MRQ,2004-03-31,2004-03-31,2004-03-31,2018-10-25,-5900000.0,3608500000.0,,716600000.0,2891900000.0,,17.15,-33600000.0,31600000.0,31600000.0,1042900000.0,19600000.0,0.828,3.782,681900000.0,187000000.0,494900000.0,681900000.0,0.0,41800000.0,0.0,0.053,0.465,36000000.0,77800000.0,0.07,77800000.0,36000000.0,24700000.0,0.44,0.44,0.44,754600000.0,,754600000.0,2571309189.0,16.0,7.971,405200000.0,9.209,1.0,72800000.0,0.065,0.0,11300000.0,3393000000.0,,30400000.0,187700000.0,37200000.0,150500000.0,2853900000.0,865800000.0,1988100000.0,1551509189.0,-18700000.0,0.0,0.0,-399700000.0,-20500000.0,-419300000.0,-4100000.0,-200000.0,438800000.0,0.0,19600000.0,19600000.0,19600000.0,0.0,0.0,0.018,38500000.0,34300000.0,297700000.0,1.057,2.056,19.664,19.682,2486700000.0,0.0,35.23,0.595,0.595,496600000.0,646200000.0,1115700000.0,1115700000.0,0.0,,,,,0.0,0.0,1.0,44039432.0,44000000,44200000.0,25.357,3608500000.0,66200000.0,5100000.0,650200000.0,82.011,-149200000.0
31,GAS1,MRQ,2003-12-31,2003-12-31,2003-12-31,2018-10-25,0.0,3797200000.0,,915900000.0,2881300000.0,,17.15,-46600000.0,50300000.0,50300000.0,668600000.0,35100000.0,0.857,4.032,1070100000.0,575000000.0,495100000.0,1070100000.0,0.0,40700000.0,0.0,0.055,0.465,67900000.0,108600000.0,0.146,108600000.0,67900000.0,58400000.0,0.8,0.79,0.8,754600000.0,,754600000.0,2566420287.0,13.0,7.053,73600000.0,1.673,1.0,75200000.0,0.101,0.0,9500000.0,3748300000.0,,236000000.0,169600000.0,32900000.0,136700000.0,3042600000.0,1068700000.0,1973900000.0,1498920287.0,29400000.0,-600000.0,2200000.0,132900000.0,-20500000.0,-38800000.0,-2000000.0,-5500000.0,120200000.0,0.0,35100000.0,35000000.0,35000000.0,0.0,0.0,0.047,10200000.0,65000000.0,378800000.0,0.581,1.986,14.248,14.243,2484200000.0,100000.0,34.04,0.563,0.562,461700000.0,647100000.0,743800000.0,743800000.0,0.0,,,,,0.0,0.0,1.0,44034086.0,44000000,44200000.0,16.905,3797200000.0,66800000.0,23300000.0,645400000.0,86.3,-152800000.0
32,GAS1,MRQ,2003-09-30,2003-09-30,2003-09-30,2018-10-25,-8600000.0,3738900000.0,,878100000.0,2860800000.0,,16.732,-48500000.0,20900000.0,20900000.0,260000000.0,500000.0,0.752,4.079,1086700000.0,690000000.0,396700000.0,1086700000.0,0.0,40100000.0,0.0,0.053,0.465,9400000.0,49500000.0,0.168,49500000.0,9400000.0,600000.0,0.01,0.01,0.01,736200000.0,,736200000.0,2271162220.0,11.0,6.175,-319700000.0,-7.266,1.0,34800000.0,0.118,0.0,8800000.0,3636600000.0,,348200000.0,30300000.0,30300000.0,0.0,3002700000.0,1168100000.0,1834600000.0,1547062220.0,13600000.0,3300000.0,100000.0,354900000.0,-20500000.0,334800000.0,1900000.0,-7800000.0,-271200000.0,0.0,500000.0,500000.0,500000.0,0.0,0.0,0.002,30600000.0,4200000.0,383900000.0,46.5,2.101,14.128,14.169,2469600000.0,0.0,35.14,0.59,0.589,252500000.0,632500000.0,294800000.0,294800000.0,0.0,,,,,0.0,0.0,1.0,44025675.0,44000000,44200000.0,6.7,3738900000.0,47800000.0,100000.0,626600000.0,84.975,-290000000.0
33,GAS1,MRQ,2003-06-30,2003-06-30,2003-06-30,2018-10-25,-6000000.0,3328900000.0,,506400000.0,2822500000.0,,17.232,-47600000.0,7300000.0,7300000.0,404000000.0,23800000.0,0.601,3.391,731400000.0,335000000.0,396400000.0,731400000.0,0.0,40500000.0,0.0,0.05,0.465,46200000.0,86700000.0,0.191,86700000.0,46200000.0,37000000.0,0.54,0.54,0.54,758200000.0,,758200000.0,2267034451.0,9.0,5.792,-69600000.0,-1.582,1.0,48800000.0,0.108,0.0,9200000.0,3209900000.0,,35400000.0,32200000.0,32200000.0,0.0,2570700000.0,843100000.0,1727600000.0,1633634451.0,-45600000.0,5600000.0,-300000.0,45000000.0,-20500000.0,24200000.0,29700000.0,1000000.0,-22000000.0,0.0,23800000.0,23800000.0,23800000.0,0.0,0.0,0.053,9900000.0,38900000.0,445200000.0,0.861,2.155,11.778,11.781,2447200000.0,0.0,37.11,0.633,0.633,343300000.0,652500000.0,452800000.0,452800000.0,0.0,,,,,0.0,0.0,1.0,44021408.0,44000000,44200000.0,10.291,3328900000.0,42900000.0,13200000.0,504700000.0,75.657,-336700000.0
34,GAS1,MRQ,2003-03-31,2003-03-31,2003-03-31,2018-10-25,-5400000.0,3693400000.0,,881800000.0,2811600000.0,,17.17,-35100000.0,52900000.0,52900000.0,1065500000.0,45900000.0,0.718,3.889,686300000.0,290000000.0,396300000.0,686300000.0,0.0,40400000.0,0.0,0.068,0.465,78600000.0,119000000.0,0.102,119000000.0,78600000.0,69000000.0,1.04,1.04,1.04,755500000.0,,755500000.0,1938481522.0,8.0,5.19,125300000.0,2.848,1.0,105800000.0,0.09,0.0,9600000.0,3098000000.0,,8700000.0,26700000.0,26700000.0,0.0,2937900000.0,1228800000.0,1709100000.0,1202481522.0,-22300000.0,0.0,-2000000.0,-125000000.0,-20300000.0,-146500000.0,-36200000.0,-1000000.0,160400000.0,0.0,45900000.0,45900000.0,45900000.0,0.0,0.0,0.039,24500000.0,81300000.0,613700000.0,0.447,1.592,8.764,8.756,2430400000.0,0.0,27.32,0.485,0.485,699500000.0,649200000.0,1171300000.0,1171300000.0,0.0,,,,,0.0,0.0,1.0,44014697.0,44000000,44100000.0,26.62,3693400000.0,34000000.0,23100000.0,494200000.0,83.941,-347000000.0
35,GAS1,MRQ,2002-12-31,2002-12-31,2002-12-31,2018-10-25,0.0,3524400000.0,,707700000.0,2816700000.0,,16.63,-53900000.0,75200000.0,75200000.0,647500000.0,39200000.0,0.644,3.839,811200000.0,415000000.0,396200000.0,811200000.0,0.0,45800000.0,0.0,0.054,0.46,66800000.0,112600000.0,0.16,112600000.0,66800000.0,56700000.0,0.89,0.88,0.89,728400000.0,,728400000.0,2156620139.0,10.0,5.689,-52000000.0,-1.187,1.0,57300000.0,0.081,0.0,10100000.0,3161800000.0,,52300000.0,25700000.0,25700000.0,0.0,2796000000.0,1098600000.0,1697400000.0,1497820139.0,47000000.0,0.0,0.0,125000000.0,-20300000.0,104000000.0,139100000.0,-15100000.0,1900000.0,0.0,39200000.0,39300000.0,39300000.0,0.0,0.0,0.056,-6900000.0,64200000.0,576600000.0,0.517,2.056,11.72,11.734,5323800000.0,-100000.0,34.03,0.789,0.791,467400000.0,623800000.0,704800000.0,704800000.0,0.0,,,,,0.0,0.0,1.0,44014697.0,43800000,44000000.0,16.091,3524400000.0,34900000.0,17500000.0,485800000.0,80.466,-390900000.0
36,GAS1,MRQ,2002-09-30,2002-09-30,2002-09-30,2018-10-25,-5900000.0,2556700000.0,,431100000.0,2125600000.0,,16.105,-45700000.0,28200000.0,28200000.0,189200000.0,29800000.0,0.506,2.608,686000000.0,290000000.0,396000000.0,686000000.0,0.0,21400000.0,0.0,0.065,0.46,51700000.0,73100000.0,0.29,73100000.0,51700000.0,42000000.0,0.68,0.67,0.68,708600000.0,,708600000.0,1814888413.0,8.0,4.652,-43900000.0,-0.998,1.0,63200000.0,0.25,0.0,9700000.0,2362200000.0,,105000000.0,22100000.0,22100000.0,0.0,1848100000.0,852300000.0,995800000.0,1240688413.0,11600000.0,-6900000.0,-1400000.0,97000000.0,-20400000.0,73700000.0,-63900000.0,-11300000.0,1800000.0,0.0,29800000.0,29700000.0,29700000.0,0.0,0.0,0.118,9600000.0,53600000.0,520800000.0,0.676,1.751,9.123,9.186,1789600000.0,100000.0,28.2,0.764,0.764,197400000.0,601800000.0,252400000.0,252400000.0,0.0,,,,,0.0,0.0,1.0,43996043.0,44000000,44100000.0,5.736,2556700000.0,42000000.0,12200000.0,458100000.0,58.107,-421200000.0
37,GAS1,MRQ,2002-06-30,2002-06-30,2002-06-30,2018-10-25,-1800000.0,2451200000.0,,369000000.0,2082200000.0,,15.907,-41000000.0,16600000.0,16600000.0,277400000.0,22400000.0,0.488,2.494,588900000.0,193000000.0,395900000.0,588900000.0,0.0,27000000.0,0.0,0.039,0.46,41800000.0,68800000.0,0.195,68800000.0,41800000.0,32900000.0,0.51,0.5,0.51,701500000.0,,701500000.0,2675174073.0,11.0,6.785,89500000.0,2.029,1.0,74800000.0,0.212,0.0,8900000.0,2266700000.0,,40600000.0,22100000.0,22100000.0,0.0,1749700000.0,756800000.0,992900000.0,2024674073.0,2600000.0,13600000.0,-13700000.0,-74100000.0,-20400000.0,-108200000.0,-19700000.0,7900000.0,130500000.0,0.0,22400000.0,22300000.0,22300000.0,0.0,0.0,0.063,31100000.0,43700000.0,407800000.0,0.902,2.886,14.8,14.902,1765700000.0,100000.0,45.75,1.275,1.27,218800000.0,593600000.0,352200000.0,352200000.0,0.0,,,,,0.0,0.0,1.0,44255171.0,44100000,44400000.0,7.986,2451200000.0,39700000.0,10500000.0,447200000.0,55.583,-387800000.0
38,GAS1,MRQ,2002-03-31,2002-03-31,2002-03-31,2018-10-25,1500000.0,2576700000.0,,540100000.0,2036600000.0,,16.117,-43100000.0,14000000.0,14000000.0,460400000.0,36500000.0,0.651,2.609,662800000.0,217000000.0,445800000.0,662800000.0,0.0,60800000.0,0.0,0.039,0.46,63800000.0,124600000.0,0.212,124600000.0,63800000.0,54100000.0,0.82,0.82,0.82,714000000.0,,714000000.0,2730127811.0,11.0,6.924,91000000.0,2.054,1.0,127600000.0,0.217,0.0,9700000.0,2395700000.0,,28100000.0,70300000.0,70300000.0,0.0,1862700000.0,829800000.0,1032900000.0,2017427811.0,0.0,-10400000.0,-11400000.0,-60000000.0,-19600000.0,-87400000.0,-46700000.0,5500000.0,134100000.0,0.0,36500000.0,36500000.0,36500000.0,0.0,0.0,0.062,62600000.0,65000000.0,405000000.0,0.561,2.826,14.933,15.133,1752100000.0,0.0,45.55,1.29,1.29,356600000.0,602300000.0,588000000.0,588000000.0,0.0,,,,,0.0,0.0,1.0,44290402.0,44300000,44500000.0,13.273,2576700000.0,45300000.0,17600000.0,440900000.0,58.165,-289700000.0
39,GAS1,MRQ,2001-12-31,2001-12-31,2001-12-31,2018-10-25,0.0,2607200000.0,,555500000.0,2051700000.0,,15.719,-64500000.0,14000000.0,14000000.0,338600000.0,47600000.0,0.622,2.702,723400000.0,277000000.0,446400000.0,723400000.0,0.0,43800000.0,0.0,0.042,0.44,79800000.0,123600000.0,0.287,123600000.0,79800000.0,71100000.0,1.06,1.05,1.06,704200000.0,,704200000.0,2547435971.0,11.0,6.775,24000000.0,0.536,1.0,92600000.0,0.215,0.0,8700000.0,2423600000.0,,43400000.0,65400000.0,65400000.0,0.0,1903000000.0,893000000.0,1010000000.0,1864735971.0,-25500000.0,-13700000.0,-17900000.0,-1800000.0,-19800000.0,-35600000.0,-78400000.0,-400000.0,88500000.0,0.0,47600000.0,47500000.0,47500000.0,0.0,0.0,0.11,15400000.0,77200000.0,474700000.0,0.415,2.648,15.31,15.422,1768600000.0,100000.0,41.64,0.788,0.794,351000000.0,593500000.0,431200000.0,431200000.0,0.0,,,,,0.0,0.0,1.0,44782324.0,44800000,44600000.0,9.625,2607200000.0,45500000.0,23500000.0,429400000.0,58.196,-337500000.0
40,GAS1,MRQ,2001-09-30,2001-09-30,2001-09-30,2018-10-25,-2200000.0,2482400000.0,,475100000.0,2007300000.0,,15.344,-42800000.0,39500000.0,39500000.0,150100000.0,30600000.0,0.581,2.595,722000000.0,276000000.0,446000000.0,722000000.0,0.0,19600000.0,0.0,0.045,0.44,57700000.0,77300000.0,0.356,77300000.0,57700000.0,46900000.0,0.68,0.68,0.68,690500000.0,,690500000.0,2439602066.0,12.0,6.913,60000000.0,1.333,1.0,67000000.0,0.309,0.0,10800000.0,2347000000.0,,43100000.0,71300000.0,71300000.0,0.0,1791900000.0,817900000.0,974000000.0,1753002066.0,26500000.0,-12900000.0,-17700000.0,20800000.0,-20000000.0,-17800000.0,-58500000.0,-2800000.0,102800000.0,0.0,30600000.0,30500000.0,30500000.0,0.0,0.0,0.14,12700000.0,54300000.0,343800000.0,0.647,2.539,16.97,17.07,1748700000.0,100000.0,38.75,0.629,0.626,245100000.0,580700000.0,217100000.0,217100000.0,0.0,,,,,0.0,0.0,1.0,45238763.0,45000000,45100000.0,4.824,2482400000.0,34200000.0,16300000.0,417800000.0,55.164,-342800000.0
41,GAS1,MRQ,2001-06-30,2001-06-30,2001-06-30,2018-10-25,-900000.0,2496100000.0,,530100000.0,1966000000.0,,15.388,-44500000.0,13000000.0,13000000.0,256500000.0,20600000.0,0.621,2.573,698100000.0,277000000.0,421100000.0,698100000.0,0.0,26100000.0,0.0,0.044,0.44,42700000.0,68800000.0,0.21,68800000.0,42700000.0,30600000.0,0.45,0.45,0.45,698600000.0,,698600000.0,2508100732.0,48.0,12.497,82100000.0,1.808,1.0,71300000.0,0.218,0.0,12100000.0,2327300000.0,,28400000.0,55600000.0,55600000.0,0.0,1797500000.0,853900000.0,943600000.0,1769700732.0,-38800000.0,-8400000.0,-5800000.0,-89400000.0,-20000000.0,-115300000.0,-50100000.0,2800000.0,126600000.0,0.0,20600000.0,20600000.0,20600000.0,0.0,0.0,0.063,27600000.0,43700000.0,323700000.0,0.978,2.533,176.97,177.182,1723400000.0,0.0,38.98,0.617,0.617,351800000.0,586400000.0,327800000.0,327800000.0,0.0,,,,,0.0,0.0,1.0,45400224.0,45400000,45500000.0,7.22,2496100000.0,36600000.0,10000000.0,416800000.0,54.98,-323800000.0
42,GAS1,MRQ,2001-03-31,2001-03-31,2001-03-31,2018-10-25,-1900000.0,2797700000.0,,863100000.0,1934600000.0,,15.474,-27500000.0,51800000.0,51800000.0,1282800000.0,23300000.0,0.741,2.982,787400000.0,366000000.0,421400000.0,787400000.0,0.0,59300000.0,0.0,0.045,0.44,47000000.0,106300000.0,0.076,106300000.0,47000000.0,32600000.0,0.51,0.51,0.51,702500000.0,,702500000.0,2549268822.0,39.0,11.94,145900000.0,3.214,1.0,107300000.0,0.077,0.0,14400000.0,2367800000.0,,12200000.0,50000000.0,50000000.0,0.0,2095200000.0,1165500000.0,929700000.0,1690968822.0,-10900000.0,0.0,-4900000.0,-126900000.0,-19000000.0,-150900000.0,-33400000.0,-5900000.0,173400000.0,0.0,23300000.0,23200000.0,23200000.0,0.0,0.0,0.017,60700000.0,46600000.0,437000000.0,0.863,2.407,84.973,86.674,1709400000.0,100000.0,37.27,0.585,0.585,684900000.0,591000000.0,1390100000.0,1390100000.0,0.0,,,,,0.0,0.0,1.0,45370776.0,45400000,45600000.0,30.619,2797700000.0,48600000.0,9300000.0,405000000.0,61.623,-302400000.0
43,GAS1,MRQ,2000-12-31,2000-12-31,2000-12-31,2018-10-25,0.0,2930600000.0,,959500000.0,1971100000.0,,15.364,-21800000.0,62700000.0,62700000.0,741500000.0,29100000.0,0.702,3.156,914100000.0,567000000.0,347100000.0,914100000.0,0.0,43500000.0,0.0,0.038,0.415,57000000.0,100500000.0,0.118,100500000.0,57000000.0,42500000.0,0.63,0.63,0.63,705200000.0,,705200000.0,2753584651.0,30.0,11.638,-40200000.0,-0.876,1.0,109100000.0,0.128,0.0,14500000.0,2415600000.0,,34100000.0,44100000.0,44100000.0,0.0,2225400000.0,1366400000.0,859000000.0,1971584651.0,9900000.0,-2600000.0,-7500000.0,99600000.0,-19000000.0,73800000.0,-45500000.0,-20200000.0,-18400000.0,0.0,29100000.0,29000000.0,29000000.0,0.0,0.0,0.034,48100000.0,61000000.0,680600000.0,0.659,2.796,55.538,56.088,1740900000.0,100000.0,43.188,0.913,0.924,659500000.0,594200000.0,850600000.0,850600000.0,0.0,,,,,0.0,0.0,1.0,45651743.0,45900000,46000000.0,18.532,2930600000.0,40100000.0,13400000.0,404300000.0,63.847,-406900000.0
44,GAS1,MRQ,2000-09-30,2000-09-30,2000-09-30,2018-10-25,0.0,2555800000.0,,577600000.0,1978200000.0,,15.146,-44800000.0,48500000.0,48500000.0,234300000.0,-62700000.0,0.57,2.684,830500000.0,470300000.0,360200000.0,830500000.0,0.0,19700000.0,0.0,0.045,0.415,-94600000.0,-74900000.0,-0.249,-74900000.0,-94600000.0,-106500000.0,-1.37,-1.37,-1.37,693700000.0,,693700000.0,2218292688.0,24.0,9.368,-196100000.0,-4.282,1.0,66700000.0,0.222,0.0,11900000.0,2323700000.0,,62300000.0,35400000.0,35400000.0,0.0,1862100000.0,1014100000.0,848000000.0,1661192688.0,39500000.0,0.0,-12600000.0,264100000.0,-19100000.0,232800000.0,-42000000.0,-2500000.0,-151300000.0,0.0,-62700000.0,-62800000.0,-62800000.0,0.0,0.0,-0.209,167700000.0,-101000000.0,356200000.0,-0.303,2.395,44.298,46.394,1742800000.0,100000.0,36.188,0.921,0.919,268200000.0,579600000.0,301000000.0,301000000.0,0.0,,,,,0.0,0.0,1.0,45905152.0,45800000,45800000.0,6.572,2555800000.0,40700000.0,-43800000.0,398100000.0,55.803,-436500000.0
45,GAS1,MRQ,2000-06-30,2000-06-30,2000-06-30,2018-10-25,0.0,2326900000.0,,377600000.0,1949300000.0,,17.013,-36700000.0,9000000.0,9000000.0,267900000.0,30600000.0,0.627,1.954,566100000.0,130200000.0,435900000.0,566100000.0,0.0,25000000.0,0.0,0.049,0.415,56600000.0,81600000.0,0.234,81600000.0,56600000.0,46800000.0,0.66,0.66,0.66,787700000.0,,787700000.0,2092359736.0,9.0,5.638,65000000.0,1.404,1.0,80500000.0,0.231,0.0,9800000.0,2282200000.0,,29000000.0,32900000.0,32900000.0,0.0,1539200000.0,601800000.0,937400000.0,1515359736.0,-21900000.0,0.0,-21800000.0,-41900000.0,-19400000.0,-83500000.0,-40100000.0,-100000.0,101700000.0,0.0,30600000.0,30500000.0,30500000.0,0.0,0.0,0.088,25100000.0,55400000.0,314500000.0,0.629,1.924,12.628,12.695,1720400000.0,100000.0,32.625,0.876,0.873,230900000.0,672700000.0,348400000.0,348400000.0,0.0,,,,,0.0,0.0,1.0,46447808.0,46300000,46400000.0,7.525,2326900000.0,20900000.0,16200000.0,393100000.0,50.257,-224200000.0
46,GAS1,MRQ,2000-03-31,2000-03-31,2000-03-31,2018-10-25,0.0,2305900000.0,,392800000.0,1913100000.0,,17.094,-34300000.0,30900000.0,30900000.0,532200000.0,38800000.0,0.675,1.889,607900000.0,172100000.0,435800000.0,607900000.0,0.0,56900000.0,0.0,0.048,0.415,72600000.0,129500000.0,0.196,129500000.0,72600000.0,60300000.0,0.83,0.83,0.83,798300000.0,,798300000.0,2350415073.0,11.0,6.439,266700000.0,5.711,1.0,127100000.0,0.193,0.0,12300000.0,2300900000.0,,20400000.0,32800000.0,32800000.0,0.0,1507600000.0,582000000.0,925600000.0,1538415073.0,-11600000.0,0.0,-10000000.0,-246600000.0,-18400000.0,-273700000.0,-38900000.0,-3100000.0,301000000.0,0.0,38800000.0,38700000.0,38700000.0,0.0,0.0,0.059,56900000.0,70200000.0,224800000.0,0.5,1.927,13.274,13.335,1711700000.0,100000.0,32.938,0.93,0.93,276700000.0,681800000.0,659300000.0,659300000.0,0.0,,,,,0.0,0.0,1.0,46707099.0,46700000,46800000.0,14.118,2305900000.0,16500000.0,21500000.0,389200000.0,49.377,-189200000.0
47,GAS1,MRQ,1999-12-31,1999-12-31,1999-12-31,2018-10-25,0.0,2451800000.0,,508000000.0,1943800000.0,,16.653,-47100000.0,42500000.0,42500000.0,392600000.0,31000000.0,0.681,2.113,854500000.0,418400000.0,436100000.0,854500000.0,0.0,42700000.0,0.0,0.048,0.39,57900000.0,100600000.0,0.203,100600000.0,57900000.0,46000000.0,0.66,0.66,0.66,787700000.0,,787700000.0,2145830653.0,10.0,5.918,-159100000.0,-3.364,1.0,102400000.0,0.207,0.0,11900000.0,2518100000.0,,31000000.0,29700000.0,29700000.0,0.0,1664100000.0,745700000.0,918400000.0,1529030653.0,26600000.0,0.0,-8500000.0,215700000.0,-18400000.0,189400000.0,-50800000.0,-12300000.0,-112000000.0,0.0,31000000.0,31100000.0,31100000.0,0.0,0.0,0.063,37700000.0,64700000.0,282400000.0,0.591,1.941,13.17,13.211,1735200000.0,-100000.0,32.5,0.974,0.979,359800000.0,670500000.0,495000000.0,495000000.0,0.0,,,,,0.0,0.0,1.0,47047097.0,47300000,47100000.0,10.465,2451800000.0,10100000.0,15000000.0,384100000.0,51.835,-237700000.0
48,GAS1,MRQ,1999-09-30,1999-09-30,1999-09-30,2018-10-25,0.0,2276800000.0,,342500000.0,1934300000.0,,16.403,-38000000.0,20200000.0,20200000.0,170000000.0,19800000.0,0.593,1.941,637000000.0,200300000.0,436700000.0,637000000.0,0.0,19300000.0,0.0,0.041,0.39,40100000.0,59400000.0,0.261,59400000.0,40100000.0,30200000.0,0.42,0.42,0.42,774200000.0,,774200000.0,2245535364.0,10.0,6.201,-90000000.0,-1.907,1.0,57300000.0,0.252,0.0,9900000.0,2315700000.0,,67600000.0,31400000.0,31400000.0,0.0,1502600000.0,577900000.0,924700000.0,1753335364.0,-65000000.0,0.0,-6500000.0,56000000.0,-18600000.0,31000000.0,-44000000.0,-900000.0,-52000000.0,0.0,19800000.0,19700000.0,19700000.0,0.0,0.0,0.087,19200000.0,38100000.0,341300000.0,0.929,2.265,15.115,15.179,1731200000.0,100000.0,37.188,1.166,1.167,145600000.0,656400000.0,227300000.0,227300000.0,0.0,,,,,0.0,0.0,1.0,47148514.0,47200000,47300000.0,4.816,2276800000.0,0.0,10400000.0,379900000.0,48.237,-235400000.0
49,GAS1,MRQ,1999-06-30,1999-06-30,1999-06-30,2018-10-25,0.0,2191600000.0,,292900000.0,1898700000.0,,16.441,-34700000.0,85200000.0,85200000.0,202700000.0,26500000.0,0.688,1.812,577400000.0,68700000.0,508700000.0,577400000.0,0.0,24500000.0,0.0,0.04,0.39,51000000.0,75500000.0,0.278,75500000.0,51000000.0,40600000.0,0.56,0.56,0.56,779300000.0,,779300000.0,2385270049.0,11.0,6.555,123800000.0,2.612,1.0,69100000.0,0.254,0.0,10400000.0,2258300000.0,,10800000.0,30500000.0,30500000.0,0.0,1412300000.0,425500000.0,986800000.0,1803270049.0,46800000.0,0.0,-5700000.0,-43200000.0,-18500000.0,-67500000.0,-44200000.0,-1400000.0,158500000.0,0.0,26500000.0,26400000.0,26400000.0,0.0,0.0,0.097,24600000.0,44500000.0,258400000.0,0.696,2.314,15.439,15.473,1713500000.0,100000.0,38.063,1.219,1.219,139900000.0,661000000.0,271800000.0,271800000.0,0.0,,,,,0.0,0.0,1.0,47376553.0,47400000,47500000.0,5.734,2191600000.0,0.0,14100000.0,372900000.0,46.236,-132600000.0
50,GAS1,MRQ,1999-03-31,1999-03-31,1999-03-31,2018-10-25,0.0,2245200000.0,,366200000.0,1879000000.0,,16.36,-28400000.0,38400000.0,38400000.0,455900000.0,39000000.0,0.756,1.889,620400000.0,111800000.0,508600000.0,620400000.0,0.0,55100000.0,0.0,0.042,0.39,72100000.0,127200000.0,0.221,127200000.0,72100000.0,60100000.0,0.82,0.82,0.82,777100000.0,,777100000.0,2486088825.0,11.0,6.794,190500000.0,4.011,1.0,120500000.0,0.209,0.0,12000000.0,2342900000.0,,7900000.0,29100000.0,29100000.0,0.0,1468100000.0,484300000.0,983800000.0,1706088825.0,25400000.0,0.0,-2400000.0,-175900000.0,-17700000.0,-196100000.0,2600000.0,26700000.0,218900000.0,0.0,39000000.0,38900000.0,38900000.0,0.0,0.0,0.067,55100000.0,65400000.0,203000000.0,0.476,2.195,14.361,14.433,1704400000.0,100000.0,35.938,1.153,1.154,263000000.0,658500000.0,576400000.0,576400000.0,0.0,,,,,0.0,0.0,1.0,47473776.0,47500000,47600000.0,12.135,2245200000.0,0.0,21100000.0,366000000.0,47.267,-118100000.0
51,GAS1,MRQ,1998-12-31,1998-12-31,1998-12-31,2018-10-25,0.0,2364600000.0,,464700000.0,1899900000.0,,15.846,-41500000.0,13000000.0,13000000.0,331600000.0,31100000.0,0.803,2.115,793000000.0,235700000.0,557300000.0,793000000.0,0.0,40800000.0,0.0,0.035,0.37,59200000.0,100000000.0,0.234,100000000.0,59200000.0,47000000.0,0.65,0.65,0.65,759000000.0,,759000000.0,2668473367.0,12.0,7.4,-61600000.0,-1.286,1.0,96600000.0,0.226,0.0,12200000.0,2565700000.0,,105500000.0,55800000.0,55800000.0,0.0,1605600000.0,578900000.0,1026700000.0,2012273367.0,4100000.0,0.0,-8000000.0,128800000.0,-17700000.0,104500000.0,-80300000.0,-33200000.0,-20100000.0,0.0,31100000.0,31000000.0,31000000.0,0.0,0.0,0.072,40800000.0,55800000.0,270300000.0,0.569,2.651,17.332,17.387,1731800000.0,100000.0,42.25,1.373,1.381,264000000.0,640200000.0,428200000.0,428200000.0,0.0,,,,,0.0,0.0,1.0,47627772.0,47900000,48100000.0,8.939,2364600000.0,0.0,15900000.0,361600000.0,49.365,-114200000.0
52,GAS1,MRQ,1998-09-30,1998-09-30,1998-09-30,2018-10-25,0.0,2219600000.0,,329800000.0,1889800000.0,,27.432,-42000000.0,8900000.0,8900000.0,145600000.0,20600000.0,0.736,0.696,665100000.0,114900000.0,550200000.0,665100000.0,0.0,18700000.0,0.0,0.035,0.37,42500000.0,61200000.0,0.301,61200000.0,42500000.0,31500000.0,0.43,0.43,0.43,1308500000.0,,1308500000.0,2533191054.0,11.0,6.773,-72700000.0,-1.524,1.0,57600000.0,0.283,0.0,11000000.0,2427600000.0,,119600000.0,22600000.0,22600000.0,0.0,911100000.0,448200000.0,462900000.0,1978691054.0,-13300000.0,0.0,-8400000.0,88500000.0,-17800000.0,62800000.0,-45400000.0,3300000.0,-30700000.0,0.0,20600000.0,20500000.0,20500000.0,0.0,0.0,0.101,18700000.0,38900000.0,274700000.0,0.86,1.512,15.944,16.061,1732000000.0,100000.0,41.438,1.224,1.223,145600000.0,632900000.0,203200000.0,203200000.0,0.0,,,,,0.0,0.0,1.0,47751217.0,47700000,47900000.0,4.26,2219600000.0,0.0,10900000.0,357100000.0,46.532,-118400000.0
53,GAS1,MRQ,1998-06-30,1998-06-30,1998-06-30,2018-10-25,0.0,2116200000.0,,255000000.0,1861200000.0,,27.461,-31400000.0,22200000.0,22200000.0,198800000.0,28500000.0,0.749,0.609,576700000.0,25500000.0,551200000.0,576700000.0,0.0,23700000.0,0.0,0.036,0.37,53800000.0,77500000.0,0.286,77500000.0,53800000.0,43400000.0,0.59,0.59,0.59,1315400000.0,,1315400000.0,2542106826.0,11.0,6.85,98800000.0,2.063,1.0,72500000.0,0.267,0.0,10400000.0,2330200000.0,,16200000.0,25900000.0,25900000.0,0.0,800800000.0,340500000.0,460300000.0,1925006826.0,9400000.0,0.0,-9100000.0,-54300000.0,-17800000.0,-80800000.0,-40000000.0,-800000.0,130200000.0,0.0,28500000.0,28400000.0,28400000.0,0.0,0.0,0.105,23600000.0,48900000.0,232600000.0,0.627,1.463,15.65,15.735,1709800000.0,100000.0,40.125,1.186,1.185,161500000.0,638300000.0,271300000.0,271300000.0,0.0,,,,,0.0,0.0,1.0,47975248.0,47900000,48200000.0,5.664,2116200000.0,0.0,14900000.0,353600000.0,44.18,-85500000.0
54,GAS1,MRQ,1998-03-31,1998-03-31,1998-03-31,2018-10-25,0.0,2203800000.0,,366900000.0,1836900000.0,,26.231,-21300000.0,12800000.0,12800000.0,444100000.0,36200000.0,0.765,0.747,629900000.0,129400000.0,500500000.0,629900000.0,0.0,53300000.0,0.0,0.034,0.37,68600000.0,121900000.0,0.217,121900000.0,68600000.0,55500000.0,0.75,0.75,0.75,1261700000.0,,1261700000.0,2881397954.0,12.0,7.754,267700000.0,5.565,1.0,118200000.0,0.21,0.0,13100000.0,2341100000.0,,11800000.0,25100000.0,25100000.0,0.0,942100000.0,479800000.0,462300000.0,2032097954.0,7600000.0,0.0,-7900000.0,-230000000.0,-17000000.0,-255400000.0,-26000000.0,-4900000.0,289000000.0,0.0,36200000.0,36100000.0,36100000.0,0.0,0.0,0.064,53300000.0,64900000.0,209700000.0,0.493,1.611,16.481,16.569,1703000000.0,100000.0,42.25,1.228,1.228,289300000.0,634700000.0,562300000.0,562300000.0,0.0,,,,,0.0,0.0,1.0,48096993.0,48100000,48300000.0,11.69,2203800000.0,0.0,19300000.0,347800000.0,45.817,-112900000.0
55,GAS1,MRQ,1997-12-31,1997-12-31,1997-12-31,2018-10-25,0.0,2394600000.0,,534800000.0,1859800000.0,,26.816,-39300000.0,5200000.0,5200000.0,475300000.0,39300000.0,0.86,0.841,854500000.0,304300000.0,550200000.0,854500000.0,0.0,39100000.0,0.0,0.033,0.35,74300000.0,113400000.0,0.196,113400000.0,74300000.0,60400000.0,0.81,0.81,0.81,1300600000.0,,1300600000.0,,,,-134100000.0,-2.765,1.0,104400000.0,0.18,0.0,13900000.0,2622300000.0,,127800000.0,20200000.0,20200000.0,0.0,1094000000.0,621600000.0,472400000.0,2029091892.0,-5800000.0,0.0,-8800000.0,160200000.0,-17000000.0,134700000.0,-45700000.0,-7500000.0,-94800000.0,0.0,39300000.0,39100000.0,39100000.0,0.0,0.0,0.067,39100000.0,65300000.0,241900000.0,0.432,1.56,15.914,16.102,1735800000.0,200000.0,42.188,1.018,1.033,354600000.0,623500000.0,579700000.0,579700000.0,0.0,,,,,0.0,0.0,1.0,48096993.0,48500000,48300000.0,11.953,2394600000.0,0.0,21100000.0,342800000.0,49.373,-86800000.0
56,GAS1,MRQ,1997-09-30,1997-09-30,1997-09-30,2018-10-25,0.0,2217000000.0,,348900000.0,1868100000.0,,26.505,-26900000.0,11000000.0,11000000.0,153700000.0,19500000.0,0.77,0.725,698200000.0,148100000.0,550100000.0,698200000.0,0.0,16900000.0,0.0,0.037,0.35,41400000.0,58300000.0,0.279,58300000.0,41400000.0,29900000.0,0.4,0.4,0.4,1285500000.0,,1285500000.0,,,,-184800000.0,-3.81,1.0,55500000.0,0.265,0.0,11500000.0,2451100000.0,,145200000.0,12700000.0,12700000.0,0.0,931500000.0,453100000.0,478400000.0,,-77700000.0,0.0,-10000000.0,122700000.0,-17100000.0,96700000.0,-16500000.0,12300000.0,-157900000.0,0.0,19500000.0,19400000.0,19400000.0,0.0,0.0,0.093,16900000.0,38600000.0,263400000.0,0.875,,,,1751200000.0,100000.0,37.5,,,154500000.0,607900000.0,209200000.0,209200000.0,0.0,,,,,0.0,0.0,1.0,,48500000,48700000.0,4.313,2217000000.0,0.0,10400000.0,343100000.0,45.711,-104200000.0
57,GAS1,MRQ,1997-06-30,1997-06-30,1997-06-30,2018-10-25,0.0,2169900000.0,,325600000.0,1844300000.0,,26.33,-26800000.0,88700000.0,88700000.0,228100000.0,28700000.0,0.807,0.689,568300000.0,25000000.0,543300000.0,568300000.0,0.0,23000000.0,0.0,0.038,0.35,55000000.0,78000000.0,0.257,78000000.0,55000000.0,44500000.0,0.59,0.58,0.59,1284900000.0,,1284900000.0,,,,181800000.0,3.725,1.0,75600000.0,0.249,0.0,10500000.0,2245800000.0,,14200000.0,25000000.0,25000000.0,0.0,885000000.0,403700000.0,481300000.0,,68200000.0,0.0,-16200000.0,-71000000.0,-17300000.0,-104300000.0,-36100000.0,-4900000.0,208600000.0,0.0,28700000.0,28700000.0,28700000.0,0.0,0.0,0.095,23000000.0,52600000.0,250200000.0,0.593,,,,1741500000.0,0.0,35.875,,,177300000.0,613700000.0,303700000.0,303700000.0,0.0,,,,,0.0,0.0,1.0,,48800000,49000000.0,6.223,2169900000.0,0.0,15800000.0,345100000.0,44.465,-78100000.0
58,GAS1,MRQ,1997-03-31,1997-03-31,1997-03-31,2018-10-25,0.0,2293700000.0,,459600000.0,1834100000.0,,25.136,-20000000.0,20500000.0,20500000.0,774600000.0,40400000.0,0.804,0.851,639000000.0,145700000.0,493300000.0,639000000.0,0.0,52200000.0,0.0,0.042,0.35,75300000.0,127500000.0,0.142,127500000.0,75300000.0,62100000.0,0.82,0.82,0.82,1239200000.0,,1239200000.0,,,,235200000.0,4.771,1.0,125400000.0,0.139,0.0,13200000.0,2340800000.0,,8600000.0,20100000.0,20100000.0,0.0,1054500000.0,571400000.0,483100000.0,,0.0,0.0,-14400000.0,-196300000.0,-16400000.0,-227300000.0,-27900000.0,-7400000.0,255200000.0,0.0,40400000.0,40400000.0,40400000.0,0.0,0.0,0.045,52200000.0,73200000.0,197500000.0,0.427,,,,1739100000.0,0.0,32.0,,,392100000.0,605300000.0,900000000.0,900000000.0,0.0,,,,,0.0,0.0,1.0,,49300000,49300000.0,18.256,2293700000.0,0.0,21700000.0,345000000.0,46.525,-111800000.0
59,GAS1,MRQ,1996-12-31,1996-12-31,1996-12-31,2018-10-25,0.0,2438600000.0,,573400000.0,1865200000.0,,25.102,,20500000.0,20500000.0,,,0.819,0.943,835000000.0,317000000.0,518000000.0,835000000.0,0.0,,0.0,0.037,0.33,,,,,,,,,,1255100000.0,,1255100000.0,,,,,,1.0,,,0.0,,2553300000.0,,118200000.0,12700000.0,12700000.0,0.0,1183500000.0,699800000.0,483700000.0,,,,,,,,,,,,,,,,,,,,333900000.0,,,,13.143,1771900000.0,,35.75,,0.966,340000000.0,,,,,,,,,,,1.0,,50000000,,,2438600000.0,0.0,,343800000.0,48.772,-126400000.0
0,GAS1,MRT,2011-09-30,2011-09-30,2011-09-30,2018-10-25,-19600000.0,4410200000.0,4375875000.0,788000000.0,3622200000.0,0.594,24.002,-268600000.0,41600000.0,41600000.0,2273300000.0,110200000.0,0.853,3.003,891400000.0,392900000.0,498500000.0,891400000.0,0.0,206200000.0,109300000.0,0.034,1.86,202000000.0,408200000.0,0.157,408200000.0,202000000.0,168200000.0,2.38,2.39,2.38,1101700000.0,1114575000.0,1101700000.0,3084338922.0,15.0,7.556,103500000.0,2.255,1.0,327900000.0,0.126,0.0,33800000.0,4335700000.0,4236025000.0,240200000.0,237000000.0,102400000.0,134600000.0,3308500000.0,924300000.0,2384200000.0,2505438922.0,-33500000.0,2800000.0,-14200000.0,-56400000.0,-85300000.0,-151900000.0,16200000.0,7100000.0,372100000.0,0.0,110200000.0,110200000.0,110200000.0,0.0,0.0,0.042,142700000.0,185200000.0,305800000.0,0.782,2.274,22.735,23.113,3105700000.0,0.0,55.01,0.963,0.971,231500000.0,939900000.0,2601200000.0,2601200000.0,0.0,0.025,0.099,0.048,0.078,0.0,0.0,1.0,45545154.0,45900000,46000000.0,56.671,4410200000.0,0.0,58000000.0,437100000.0,96.083,-136300000.0
1,GAS1,MRT,2011-06-30,2011-06-30,2011-06-30,2018-10-25,-13600000.0,4208100000.0,4365925000.0,626500000.0,3581600000.0,0.597,24.481,-247400000.0,42900000.0,42900000.0,2268000000.0,118100000.0,0.869,2.745,621800000.0,123300000.0,498500000.0,621800000.0,0.0,205100000.0,83700000.0,0.034,1.86,211300000.0,416400000.0,0.16,416400000.0,211300000.0,176300000.0,2.56,2.57,2.56,1123700000.0,1108850000.0,1123700000.0,3182041730.0,15.0,7.642,100800000.0,2.196,1.0,337300000.0,0.129,0.0,35000000.0,4066400000.0,4203450000.0,59200000.0,223200000.0,89300000.0,133900000.0,3084400000.0,720600000.0,2363800000.0,2493141730.0,-16900000.0,2800000.0,-12500000.0,-36700000.0,-85400000.0,-130500000.0,16000000.0,7100000.0,348200000.0,0.0,118100000.0,118100000.0,118100000.0,0.0,0.0,0.045,140000000.0,197300000.0,313500000.0,0.727,2.219,21.11,21.383,3059900000.0,0.0,54.74,0.957,0.964,289400000.0,955600000.0,2605300000.0,2605300000.0,0.0,0.027,0.107,0.05,0.081,0.0,0.0,1.0,45545154.0,45900000,45900000.0,56.76,4208100000.0,0.0,58200000.0,433900000.0,91.68,-94100000.0
2,GAS1,MRT,2011-03-31,2011-03-31,2011-03-31,2018-10-25,-11800000.0,4388700000.0,4345775000.0,849100000.0,3539600000.0,0.588,24.597,-242100000.0,36000000.0,36000000.0,2211700000.0,123100000.0,0.91,2.887,724900000.0,226400000.0,498500000.0,724900000.0,0.0,204000000.0,76400000.0,0.035,1.86,218900000.0,422900000.0,0.166,422900000.0,218900000.0,182900000.0,2.67,2.68,2.67,1129000000.0,1099950000.0,1129000000.0,3420817977.0,16.0,8.089,139200000.0,3.033,1.0,342200000.0,0.134,0.0,36000000.0,4145000000.0,4161900000.0,44600000.0,231900000.0,96100000.0,135800000.0,3259700000.0,932600000.0,2327100000.0,2446017977.0,-21900000.0,2800000.0,-300000.0,-74300000.0,-85300000.0,-158200000.0,10400000.0,-900000.0,381300000.0,0.0,123100000.0,123100000.0,123100000.0,0.0,0.0,0.048,136700000.0,205500000.0,258400000.0,0.697,2.167,19.87,20.112,3030700000.0,0.0,53.7,0.958,0.965,526900000.0,957900000.0,2553900000.0,2553900000.0,0.0,0.028,0.112,0.053,0.086,0.0,0.0,1.0,45549683.0,45900000,45900000.0,55.641,4388700000.0,0.0,59800000.0,430600000.0,95.614,-83500000.0
3,GAS1,MRT,2010-12-31,2010-12-31,2010-12-31,2018-10-25,-13200000.0,4496500000.0,4353300000.0,953600000.0,3542900000.0,0.622,24.155,-226800000.0,31500000.0,31500000.0,2343300000.0,138400000.0,0.888,3.073,1006300000.0,507900000.0,498400000.0,1006300000.0,0.0,202700000.0,110600000.0,0.037,1.86,246200000.0,448900000.0,0.166,448900000.0,246200000.0,208100000.0,3.02,3.02,3.02,1103900000.0,1087150000.0,1103900000.0,3185571457.0,13.0,7.096,128000000.0,2.801,1.0,366500000.0,0.135,0.0,38100000.0,4397000000.0,4145450000.0,163900000.0,253900000.0,119700000.0,134200000.0,3392600000.0,1074300000.0,2318300000.0,2273071457.0,-24200000.0,0.0,0.0,-69000000.0,-85100000.0,-149800000.0,7000000.0,900000.0,354800000.0,0.0,138400000.0,138400000.0,138400000.0,0.0,0.0,0.051,130800000.0,235700000.0,335500000.0,0.616,2.059,16.424,16.53,3022800000.0,0.0,49.92,0.839,0.842,472400000.0,934100000.0,2709800000.0,2709800000.0,0.0,0.032,0.127,0.059,0.091,0.0,0.0,1.0,45534284.0,45700000,45700000.0,59.295,4496500000.0,0.0,69700000.0,423400000.0,98.392,-120700000.0
4,GAS1,MRT,2010-09-30,2010-09-30,2010-09-30,2018-10-25,-17400000.0,4370400000.0,4338100000.0,883400000.0,3487000000.0,0.631,23.606,-204000000.0,75100000.0,75100000.0,2356500000.0,153500000.0,0.82,3.051,987600000.0,564200000.0,423400000.0,987600000.0,0.0,200700000.0,131200000.0,0.041,1.86,269900000.0,470600000.0,0.172,470600000.0,269900000.0,230200000.0,3.38,3.37,3.38,1078800000.0,1070600000.0,1078800000.0,2718707097.0,10.0,5.777,96000000.0,2.101,1.0,382600000.0,0.14,0.0,39700000.0,4205400000.0,4115325000.0,227800000.0,271100000.0,137200000.0,133900000.0,3291600000.0,1077500000.0,2214100000.0,2085107097.0,22400000.0,400000.0,8700000.0,51600000.0,-85100000.0,-73200000.0,8700000.0,-10000000.0,300000000.0,0.0,153500000.0,153500000.0,153500000.0,0.0,0.0,0.056,121700000.0,260900000.0,285800000.0,0.55,1.933,13.584,13.556,2979500000.0,0.0,45.82,0.761,0.764,235700000.0,915400000.0,2739100000.0,2739100000.0,0.0,0.035,0.143,0.066,0.099,0.0,0.0,1.0,45506484.0,45700000,45900000.0,59.937,4370400000.0,0.0,76700000.0,416200000.0,95.632,-194100000.0
5,GAS1,MRT,2010-06-30,2010-06-30,2010-06-30,2018-10-25,-14400000.0,4127500000.0,4303525000.0,656800000.0,3470700000.0,0.63,23.862,-206400000.0,59800000.0,59800000.0,2332900000.0,153500000.0,0.763,2.793,693500000.0,270100000.0,423400000.0,693500000.0,0.0,198900000.0,101500000.0,0.046,1.86,269400000.0,468300000.0,0.173,468300000.0,269400000.0,230100000.0,3.38,3.37,3.38,1088100000.0,1051100000.0,1088100000.0,2653095305.0,10.0,5.665,220000000.0,4.825,1.0,379300000.0,0.14,0.0,39300000.0,3900200000.0,4090425000.0,53400000.0,248000000.0,111000000.0,137000000.0,3039400000.0,861000000.0,2178400000.0,1833495305.0,15900000.0,0.0,8300000.0,-77300000.0,-84900000.0,-202300000.0,3300000.0,-9300000.0,426400000.0,0.0,153500000.0,153500000.0,153500000.0,0.0,0.0,0.057,119000000.0,260300000.0,293900000.0,0.55,1.685,11.945,11.982,2960000000.0,0.0,40.5,0.676,0.681,268100000.0,923100000.0,2712200000.0,2712200000.0,0.0,0.036,0.146,0.066,0.099,0.0,0.0,1.0,45271489.0,45600000,45800000.0,59.478,4127500000.0,0.0,76600000.0,405300000.0,90.515,-204200000.0
6,GAS1,MRT,2010-03-31,2010-03-31,2010-03-31,2018-10-25,-12400000.0,4418800000.0,4318550000.0,946700000.0,3472100000.0,0.633,23.74,-211500000.0,57900000.0,57900000.0,2362400000.0,152200000.0,0.817,3.1,877600000.0,454200000.0,423400000.0,877600000.0,0.0,197400000.0,83900000.0,0.044,1.86,264800000.0,462200000.0,0.169,462200000.0,264800000.0,226400000.0,3.35,3.34,3.35,1077800000.0,1030550000.0,1077800000.0,2905478281.0,11.0,6.286,311500000.0,6.861,1.0,371800000.0,0.136,0.0,38400000.0,4079200000.0,4126675000.0,23700000.0,255700000.0,125200000.0,130500000.0,3341000000.0,1159300000.0,2181700000.0,1896678281.0,19300000.0,0.0,0.0,-159400000.0,-84900000.0,-292800000.0,-6500000.0,-600000.0,523000000.0,0.0,152200000.0,152200000.0,152200000.0,0.0,0.0,0.056,115400000.0,256400000.0,236600000.0,0.555,1.76,12.462,12.513,2942400000.0,0.0,41.92,0.694,0.696,536200000.0,920300000.0,2734200000.0,2734200000.0,0.0,0.035,0.148,0.064,0.097,0.0,0.0,1.0,45245188.0,45400000,45600000.0,60.225,4418800000.0,0.0,74200000.0,415900000.0,97.33,-212600000.0
7,GAS1,MRT,2009-12-31,2009-12-31,2009-12-31,2018-10-25,-11000000.0,4435700000.0,4358100000.0,1003300000.0,3432400000.0,0.609,22.857,-220300000.0,55700000.0,55700000.0,2330600000.0,135500000.0,0.859,3.275,1064600000.0,566300000.0,498300000.0,1064600000.0,0.0,195800000.0,141700000.0,0.044,1.86,239300000.0,435100000.0,0.164,435100000.0,239300000.0,200600000.0,2.99,2.98,2.99,1037700000.0,1011500000.0,1037700000.0,2793439035.0,12.0,6.42,350500000.0,7.72,1.0,321500000.0,0.121,0.0,38700000.0,4276500000.0,4178650000.0,137200000.0,237700000.0,108900000.0,128800000.0,3398000000.0,1168100000.0,2229900000.0,1904239035.0,29700000.0,0.0,0.0,-195900000.0,-84800000.0,-329600000.0,-11400000.0,13000000.0,570800000.0,0.0,135500000.0,135500000.0,135500000.0,0.0,0.0,0.051,101200000.0,220300000.0,353900000.0,0.622,1.835,14.053,14.08,2939100000.0,0.0,42.1,0.718,0.721,492100000.0,881000000.0,2652100000.0,2652100000.0,0.0,0.031,0.134,0.057,0.09,0.0,0.0,1.0,45231331.0,45400000,45500000.0,58.416,4435700000.0,0.0,65100000.0,409900000.0,97.703,-164800000.0
8,GAS1,MRT,2009-09-30,2009-09-30,2009-09-30,2018-10-25,-12400000.0,4232100000.0,4445175000.0,823700000.0,3408400000.0,0.658,22.044,-242900000.0,52700000.0,52700000.0,2627400000.0,128200000.0,0.811,3.229,941900000.0,443700000.0,498200000.0,941900000.0,0.0,194000000.0,167700000.0,0.051,1.86,222800000.0,416800000.0,0.143,416800000.0,222800000.0,184900000.0,2.83,2.81,2.83,1000800000.0,995350000.0,1000800000.0,2488258088.0,11.0,5.97,192200000.0,4.233,1.0,297400000.0,0.102,0.0,37900000.0,4105800000.0,4233325000.0,193900000.0,257200000.0,129400000.0,127800000.0,3231300000.0,1015500000.0,2215800000.0,1654658088.0,21100000.0,5500000.0,-1600000.0,13100000.0,-84600000.0,-157500000.0,-35100000.0,13000000.0,435100000.0,0.0,128200000.0,128200000.0,128200000.0,0.0,0.0,0.044,96300000.0,201100000.0,263400000.0,0.657,1.653,12.907,12.929,2920700000.0,0.0,36.59,0.566,0.568,245700000.0,847000000.0,2924800000.0,2924800000.0,0.0,0.029,0.129,0.053,0.076,0.0,0.0,1.0,45221593.0,45400000,45500000.0,64.423,4232100000.0,0.0,56700000.0,398700000.0,93.218,-191800000.0
9,GAS1,MRT,2009-06-30,2009-06-30,2009-06-30,2018-10-25,-13900000.0,4187600000.0,4479600000.0,743300000.0,3444300000.0,0.679,22.156,-264000000.0,43900000.0,43900000.0,2765000000.0,115900000.0,0.762,3.163,877500000.0,379400000.0,498100000.0,877500000.0,0.0,192800000.0,143100000.0,0.054,1.86,204400000.0,397200000.0,0.131,397200000.0,204400000.0,165900000.0,2.56,2.54,2.56,1005900000.0,983825000.0,1005900000.0,2677927029.0,13.0,6.742,-335200000.0,-7.383,1.0,274500000.0,0.09,0.0,38500000.0,4045200000.0,4219300000.0,28600000.0,254100000.0,125700000.0,128400000.0,3181700000.0,976000000.0,2205700000.0,1565327029.0,-206700000.0,5600000.0,0.0,296700000.0,-84500000.0,126800000.0,-18600000.0,14000000.0,-71200000.0,0.0,115900000.0,115900000.0,115900000.0,0.0,0.0,0.038,93900000.0,180600000.0,266100000.0,0.727,1.556,13.506,13.523,2899200000.0,0.0,34.62,0.515,0.517,310900000.0,854600000.0,3039500000.0,3039500000.0,0.0,0.026,0.118,0.048,0.067,0.0,0.0,1.0,45214530.0,45400000,45500000.0,66.949,4187600000.0,0.0,50000000.0,399000000.0,92.238,-232700000.0
10,GAS1,MRT,2009-03-31,2009-03-31,2009-03-31,2018-10-25,-15700000.0,4577000000.0,4571625000.0,1098300000.0,3478700000.0,0.72,22.062,-254600000.0,38600000.0,38600000.0,3023700000.0,121900000.0,0.783,3.57,1151200000.0,703100000.0,448100000.0,1151200000.0,0.0,191400000.0,128500000.0,0.07,2.325,210300000.0,401700000.0,0.122,401700000.0,210300000.0,171500000.0,2.7,2.68,2.7,1001600000.0,978425000.0,1001600000.0,2881139875.0,14.0,7.172,-308200000.0,-6.789,1.0,268000000.0,0.081,0.0,38800000.0,4287100000.0,4039500000.0,20400000.0,259200000.0,129000000.0,130200000.0,3575400000.0,1402500000.0,2172900000.0,1501939875.0,14200000.0,0.0,0.0,495600000.0,-84400000.0,325700000.0,-19300000.0,13600000.0,-53600000.0,0.0,121900000.0,121900000.0,121900000.0,0.0,0.0,0.037,86300000.0,181700000.0,259400000.0,0.861,1.5,12.321,12.307,2869500000.0,0.0,33.23,0.456,0.458,590800000.0,852900000.0,3291700000.0,3291700000.0,0.0,0.027,0.125,0.052,0.064,0.0,0.0,1.0,45198311.0,45400000,45400000.0,72.504,4577000000.0,0.0,49600000.0,399800000.0,100.815,-304200000.0
11,GAS1,MRT,2008-12-31,2008-12-31,2008-12-31,2018-10-25,0.0,4784000000.0,4557850000.0,1338900000.0,3445100000.0,0.829,21.481,-249900000.0,26000000.0,26000000.0,3502700000.0,119500000.0,0.803,3.916,1405200000.0,957200000.0,448000000.0,1405200000.0,0.0,189800000.0,187300000.0,0.054,1.86,203900000.0,393700000.0,0.104,393700000.0,203900000.0,163800000.0,2.64,2.63,2.64,973100000.0,970975000.0,973100000.0,2569144616.0,13.0,6.526,-277300000.0,-6.121,1.0,273900000.0,0.073,0.0,40100000.0,4495200000.0,3842125000.0,208500000.0,256000000.0,119200000.0,136800000.0,3810900000.0,1668000000.0,2142900000.0,1569944616.0,-16800000.0,0.0,0.0,445900000.0,-84400000.0,275900000.0,-20400000.0,0.0,-27400000.0,0.0,119500000.0,119500000.0,119500000.0,0.0,0.0,0.032,88900000.0,185000000.0,411300000.0,0.705,1.613,13.138,13.159,2858600000.0,0.0,34.74,0.416,0.417,690100000.0,830300000.0,3776600000.0,3776600000.0,0.0,0.026,0.123,0.053,0.054,0.0,0.0,1.0,45191267.0,45300000,45400000.0,83.369,4784000000.0,0.0,44300000.0,400000000.0,105.607,-329100000.0
12,GAS1,MRT,2008-09-30,2008-09-30,2008-09-30,2018-10-25,-10800000.0,4369800000.0,4429675000.0,1008900000.0,3360900000.0,0.825,21.075,-226700000.0,31600000.0,31600000.0,3379900000.0,127100000.0,0.765,3.577,1030800000.0,582800000.0,448000000.0,1030800000.0,0.0,188600000.0,211000000.0,0.042,1.86,208500000.0,397100000.0,0.109,397100000.0,208500000.0,175300000.0,2.81,2.81,2.81,954700000.0,964000000.0,954700000.0,2267659037.0,11.0,5.711,-187800000.0,-4.146,1.0,275400000.0,0.075,0.0,33200000.0,4049700000.0,3675300000.0,274900000.0,227500000.0,88400000.0,139100000.0,3415100000.0,1319300000.0,2095800000.0,2002359037.0,-4300000.0,-5900000.0,1700000.0,265800000.0,-84400000.0,182000000.0,-3500000.0,1900000.0,38900000.0,0.0,127100000.0,127100000.0,127100000.0,0.0,0.0,0.035,85100000.0,190300000.0,435400000.0,0.662,2.097,15.754,15.783,2823500000.0,0.0,44.35,0.548,0.55,365400000.0,803700000.0,3655300000.0,3655300000.0,0.0,0.029,0.132,0.057,0.057,0.0,0.0,1.0,45149020.0,45300000,45400000.0,80.691,4369800000.0,0.0,48200000.0,400800000.0,96.464,-310400000.0
13,GAS1,MRT,2008-06-30,2008-06-30,2008-06-30,2018-10-25,1300000.0,4555700000.0,4327175000.0,1243900000.0,3311800000.0,0.827,21.728,-190700000.0,250600000.0,250600000.0,3294200000.0,140300000.0,0.797,3.628,582300000.0,209400000.0,372900000.0,582300000.0,0.0,187000000.0,138500000.0,0.044,1.86,222500000.0,409500000.0,0.114,409500000.0,222500000.0,188800000.0,3.1,3.1,3.1,984300000.0,952525000.0,984300000.0,2423886450.0,11.0,5.919,188600000.0,4.163,1.0,286000000.0,0.08,0.0,33700000.0,3326000000.0,3562550000.0,75700000.0,421400000.0,279600000.0,141800000.0,3571400000.0,1561400000.0,2010000000.0,1922486450.0,94000000.0,-5600000.0,100000.0,6800000.0,-84400000.0,-77700000.0,-20800000.0,400000.0,379300000.0,0.0,140300000.0,140300000.0,140300000.0,0.0,0.0,0.039,82200000.0,203800000.0,555100000.0,0.6,1.953,13.703,13.739,2780200000.0,0.0,42.59,0.537,0.539,514600000.0,823500000.0,3580200000.0,3580200000.0,0.0,0.032,0.147,0.062,0.062,0.0,0.0,1.0,45139386.0,45300000,45300000.0,79.033,4555700000.0,0.0,48500000.0,399400000.0,100.567,-317500000.0
14,GAS1,MRT,2008-03-31,2008-03-31,2008-03-31,2018-10-25,-2700000.0,4521900000.0,4176725000.0,1247500000.0,3274400000.0,0.823,21.453,-178900000.0,24400000.0,24400000.0,3161800000.0,129400000.0,0.802,3.653,555800000.0,183000000.0,372800000.0,555800000.0,0.0,185500000.0,133200000.0,0.042,1.395,209000000.0,394500000.0,0.115,394500000.0,209000000.0,174300000.0,2.86,2.86,2.86,971800000.0,935525000.0,971800000.0,2336476497.0,11.0,5.923,179500000.0,3.962,1.0,275500000.0,0.08,0.0,34700000.0,3497600000.0,3565175000.0,40400000.0,316100000.0,173500000.0,142600000.0,3550100000.0,1555700000.0,1994400000.0,1512476497.0,14400000.0,0.0,6700000.0,-80200000.0,-84300000.0,-157500000.0,-23900000.0,11200000.0,358400000.0,0.0,129400000.0,129400000.0,129400000.0,0.0,0.0,0.038,82400000.0,193100000.0,441200000.0,0.488,1.556,11.688,11.717,2759600000.0,0.0,33.51,0.44,0.442,906500000.0,815800000.0,3437300000.0,3437300000.0,0.0,0.031,0.138,0.059,0.061,0.0,0.0,1.0,45135079.0,45300000,45300000.0,75.879,4521900000.0,0.0,44900000.0,402800000.0,99.821,-308200000.0
15,GAS1,MRT,2007-12-31,2007-12-31,2007-12-31,2018-10-25,0.0,4271300000.0,4076950000.0,1043100000.0,3228200000.0,0.779,20.912,-172000000.0,42800000.0,42800000.0,2912200000.0,135200000.0,0.805,3.519,895100000.0,472300000.0,422800000.0,895100000.0,0.0,184200000.0,234500000.0,0.044,1.86,222200000.0,406400000.0,0.128,406400000.0,222200000.0,184300000.0,2.99,2.99,2.99,945200000.0,920850000.0,945200000.0,2534827826.0,11.0,6.237,80200000.0,1.774,1.0,264100000.0,0.083,0.0,37900000.0,3827900000.0,3583975000.0,154000000.0,210400000.0,77500000.0,132900000.0,3326100000.0,1295700000.0,2030400000.0,1911027826.0,1700000.0,0.0,8200000.0,19000000.0,-84100000.0,-56600000.0,-32800000.0,10700000.0,252200000.0,0.0,135200000.0,135200000.0,135200000.0,0.0,0.0,0.043,57600000.0,206500000.0,428200000.0,0.622,2.022,14.135,14.164,2757300000.0,0.0,42.35,0.602,0.603,641500000.0,795500000.0,3176300000.0,3176300000.0,0.0,0.033,0.147,0.062,0.07,0.0,0.0,1.0,45124624.0,45200000,45300000.0,70.272,4271300000.0,0.0,49100000.0,400400000.0,94.498,-252600000.0
16,GAS1,MRT,2007-09-30,2007-09-30,2007-09-30,2018-10-25,-9500000.0,3959800000.0,4031650000.0,764000000.0,3195800000.0,0.768,20.106,-175900000.0,35900000.0,35900000.0,2826300000.0,138000000.0,0.736,3.357,712400000.0,289700000.0,422700000.0,712400000.0,0.0,182800000.0,234000000.0,0.043,1.86,235200000.0,418000000.0,0.135,418000000.0,235200000.0,187300000.0,3.08,3.06,3.08,908800000.0,903575000.0,908800000.0,2276383993.0,10.0,5.446,92000000.0,2.035,1.0,268700000.0,0.087,0.0,47900000.0,3598700000.0,3566125000.0,245100000.0,201200000.0,67600000.0,133600000.0,3051000000.0,1037600000.0,2013400000.0,1935383993.0,7900000.0,0.0,16600000.0,89000000.0,-83800000.0,-67800000.0,-23500000.0,9700000.0,267900000.0,0.0,138000000.0,138000000.0,138000000.0,0.0,0.0,0.045,48400000.0,220300000.0,345200000.0,0.604,2.13,14.025,13.929,2730200000.0,0.0,42.9,0.625,0.627,280200000.0,761100000.0,3095000000.0,3095000000.0,0.0,0.034,0.153,0.066,0.076,0.0,0.0,1.0,45113846.0,45200000,45300000.0,68.473,3959800000.0,34600000.0,49300000.0,475900000.0,87.606,-273600000.0
17,GAS1,MRT,2007-06-30,2007-06-30,2007-06-30,2018-10-25,-7900000.0,3953900000.0,3982975000.0,763100000.0,3190800000.0,0.774,20.272,-180700000.0,156600000.0,156600000.0,2812100000.0,141100000.0,0.796,3.315,497600000.0,0.0,497600000.0,497600000.0,0.0,181500000.0,156500000.0,0.043,1.86,244100000.0,425600000.0,0.138,425600000.0,244100000.0,195500000.0,3.15,3.13,3.15,916300000.0,884350000.0,916300000.0,2516966605.0,10.0,5.914,41000000.0,0.907,1.0,268800000.0,0.087,0.0,48600000.0,3336500000.0,3520575000.0,43600000.0,192000000.0,57300000.0,134700000.0,3037600000.0,958400000.0,2079200000.0,1932466605.0,-53200000.0,0.0,24200000.0,67000000.0,-83400000.0,-80700000.0,-17900000.0,6500000.0,221700000.0,0.0,141100000.0,141100000.0,141100000.0,0.0,0.0,0.046,42800000.0,226000000.0,368800000.0,0.59,2.109,13.696,13.625,2720700000.0,0.0,42.92,0.627,0.63,359400000.0,767600000.0,3080900000.0,3080900000.0,0.0,0.035,0.16,0.069,0.079,0.0,0.0,1.0,45024851.0,45200000,45300000.0,68.162,3953900000.0,34100000.0,54400000.0,472500000.0,87.476,-195300000.0
18,GAS1,MRT,2007-03-31,2007-03-31,2007-03-31,2018-10-25,-6600000.0,4122800000.0,3937925000.0,940000000.0,3182800000.0,0.756,20.291,-179700000.0,10000000.0,10000000.0,2714900000.0,131600000.0,0.829,3.515,594500000.0,97000000.0,497500000.0,594500000.0,0.0,179800000.0,118600000.0,0.038,1.86,232400000.0,412200000.0,0.139,412200000.0,232400000.0,184800000.0,2.94,2.92,2.94,913100000.0,863125000.0,913100000.0,2981035796.0,13.0,7.232,-13800000.0,-0.307,1.0,260400000.0,0.088,0.0,47600000.0,3572800000.0,3459250000.0,35700000.0,196700000.0,61300000.0,135400000.0,3209700000.0,1134500000.0,2075200000.0,2174635796.0,-109200000.0,0.0,18900000.0,66000000.0,-83100000.0,-86000000.0,-6500000.0,-4600000.0,165900000.0,0.0,131600000.0,131600000.0,131600000.0,0.0,0.0,0.044,47400000.0,213000000.0,328100000.0,0.633,2.382,16.525,16.469,2714100000.0,0.0,48.42,0.731,0.732,736500000.0,770700000.0,2975300000.0,2975300000.0,0.0,0.033,0.152,0.067,0.078,0.0,0.0,1.0,44911933.0,45000000,45200000.0,66.118,4122800000.0,30200000.0,53200000.0,477400000.0,91.618,-194500000.0
19,GAS1,MRT,2006-12-31,2006-12-31,2006-12-31,2018-10-25,0.0,4090100000.0,3901000000.0,910700000.0,3179400000.0,0.759,19.643,-183500000.0,41100000.0,41100000.0,2715300000.0,128300000.0,0.799,3.669,847500000.0,350000000.0,497500000.0,847500000.0,0.0,178100000.0,197900000.0,0.04,1.86,223200000.0,401300000.0,0.136,401300000.0,223200000.0,174100000.0,2.88,2.87,2.88,876100000.0,845325000.0,876100000.0,2724826877.0,12.0,6.79,263500000.0,5.908,1.0,244700000.0,0.083,0.0,49100000.0,3756500000.0,3387575000.0,186000000.0,161200000.0,26500000.0,134700000.0,3214000000.0,1140000000.0,2074000000.0,2092426877.0,-77800000.0,0.0,22600000.0,-186000000.0,-82900000.0,-332600000.0,-7900000.0,-4100000.0,447000000.0,0.0,128300000.0,128300000.0,128300000.0,0.0,0.0,0.043,42200000.0,202500000.0,364200000.0,0.646,2.388,16.309,16.25,2714700000.0,0.0,46.8,0.707,0.705,563500000.0,743000000.0,2960000000.0,2960000000.0,0.0,0.033,0.152,0.066,0.075,0.0,0.0,1.0,44709976.0,44600000,44700000.0,66.368,4090100000.0,39100000.0,45800000.0,483000000.0,91.706,-229300000.0
20,GAS1,MRT,2006-09-30,2006-09-30,2006-09-30,2018-10-25,-9900000.0,3765100000.0,3976275000.0,682600000.0,3082500000.0,0.875,18.611,-180800000.0,28000000.0,28000000.0,3248300000.0,131900000.0,0.696,3.526,660400000.0,201000000.0,459400000.0,660400000.0,0.0,176800000.0,0.0,0.043,1.86,206900000.0,383700000.0,0.11,383700000.0,206900000.0,157400000.0,2.96,2.97,2.96,831900000.0,829125000.0,831900000.0,2214785144.0,11.0,5.772,-23500000.0,-0.526,1.0,231100000.0,0.066,0.0,49500000.0,3416500000.0,3391250000.0,203300000.0,158500000.0,26400000.0,132100000.0,2933200000.0,981000000.0,1952200000.0,1904385144.0,4600000.0,0.0,14100000.0,18900000.0,-82600000.0,-46900000.0,56300000.0,10500000.0,157300000.0,0.0,131900000.0,131900000.0,131900000.0,0.0,0.0,0.038,46300000.0,184800000.0,517000000.0,0.628,2.289,14.438,14.446,2690500000.0,0.0,42.76,0.547,0.549,334200000.0,705700000.0,3479400000.0,3479400000.0,0.0,0.033,0.159,0.061,0.059,0.0,0.0,1.0,44536603.0,44700000,44800000.0,77.839,3765100000.0,36300000.0,25500000.0,484200000.0,84.23,-298400000.0
21,GAS1,MRT,2006-06-30,2006-06-30,2006-06-30,2018-10-25,-5300000.0,3773700000.0,4014575000.0,704000000.0,3069700000.0,0.863,18.683,-185600000.0,209800000.0,209800000.0,3257700000.0,111600000.0,0.709,3.539,520200000.0,50000000.0,470200000.0,520200000.0,0.0,175100000.0,0.0,0.045,1.86,175500000.0,350600000.0,0.101,350600000.0,175500000.0,126500000.0,2.51,2.52,2.51,831400000.0,816375000.0,831400000.0,2340709659.0,13.0,6.676,71500000.0,1.607,1.0,206600000.0,0.06,0.0,49000000.0,3091200000.0,3380625000.0,38100000.0,151200000.0,16800000.0,134400000.0,2942300000.0,992900000.0,1949400000.0,1841709659.0,84000000.0,0.0,7900000.0,22900000.0,-82500000.0,-51600000.0,44600000.0,13500000.0,257100000.0,0.0,111600000.0,111600000.0,111600000.0,0.0,0.0,0.032,49700000.0,156900000.0,421500000.0,0.741,2.215,16.503,16.534,2680500000.0,0.0,41.5,0.532,0.533,374400000.0,708900000.0,3464300000.0,3464300000.0,0.0,0.028,0.137,0.052,0.051,0.0,0.0,1.0,44378546.0,44500000,44600000.0,77.849,3773700000.0,22700000.0,14900000.0,480300000.0,84.802,-288900000.0
22,GAS1,MRT,2006-03-31,2006-03-31,2006-03-31,2018-10-25,-4700000.0,3975100000.0,3989025000.0,920000000.0,3055100000.0,0.877,19.005,-204700000.0,119200000.0,119200000.0,3283900000.0,136500000.0,0.774,3.722,618200000.0,138000000.0,480200000.0,618200000.0,0.0,173800000.0,0.0,0.047,1.86,214900000.0,388700000.0,0.111,388700000.0,214900000.0,165100000.0,3.08,3.08,3.08,841900000.0,806000000.0,841900000.0,2751145766.0,13.0,7.078,50600000.0,1.142,1.0,213500000.0,0.061,0.0,49800000.0,3286100000.0,3418025000.0,30300000.0,152700000.0,18500000.0,134200000.0,3133200000.0,1188000000.0,1945200000.0,1748245766.0,103900000.0,0.0,6600000.0,86300000.0,-82300000.0,9800000.0,26700000.0,14000000.0,255300000.0,0.0,136500000.0,136500000.0,136500000.0,0.0,0.0,0.039,15500000.0,198000000.0,360400000.0,0.604,2.077,12.808,12.844,2670100000.0,0.0,39.56,0.5,0.501,706500000.0,721100000.0,3497400000.0,3497400000.0,0.0,0.034,0.169,0.063,0.061,0.0,0.0,1.0,44192259.0,44300000,44500000.0,78.948,3975100000.0,10300000.0,28600000.0,485800000.0,89.731,-268000000.0
23,GAS1,MRT,2005-12-31,2005-12-31,2005-12-31,2018-10-25,0.0,4391200000.0,3953500000.0,1345700000.0,3045500000.0,0.849,18.355,-200900000.0,118900000.0,118900000.0,3119200000.0,136300000.0,0.829,4.413,1121800000.0,636000000.0,485800000.0,1121800000.0,0.0,172400000.0,0.0,0.047,1.86,217800000.0,390200000.0,0.116,390200000.0,217800000.0,171000000.0,3.08,3.07,3.08,811300000.0,789625000.0,811300000.0,2352885566.0,11.0,6.03,5300000.0,0.12,1.0,238600000.0,0.071,0.0,46800000.0,3771200000.0,3436075000.0,261300000.0,141200000.0,8000000.0,133200000.0,3579900000.0,1622900000.0,1957000000.0,1736585566.0,106000000.0,0.0,1400000.0,135900000.0,-82100000.0,54500000.0,29700000.0,13500000.0,206200000.0,0.0,136300000.0,136300000.0,136300000.0,0.0,0.0,0.041,36900000.0,201700000.0,658200000.0,0.604,2.14,12.741,12.763,2659100000.0,0.0,39.31,0.517,0.517,889100000.0,694500000.0,3357800000.0,3357800000.0,0.0,0.034,0.173,0.063,0.065,0.0,0.0,1.0,44176687.0,44200000,44400000.0,75.968,4391200000.0,3000000.0,34700000.0,502000000.0,99.348,-277200000.0
24,GAS1,MRT,2005-09-30,2005-09-30,2005-09-30,2018-10-25,9600000.0,3918300000.0,3849500000.0,928500000.0,2989800000.0,0.752,17.667,-201700000.0,23400000.0,23400000.0,2650300000.0,122000000.0,0.799,4.018,640700000.0,145000000.0,495700000.0,640700000.0,0.0,170700000.0,0.0,0.044,1.86,222600000.0,393300000.0,0.136,393300000.0,222600000.0,179000000.0,2.78,2.76,2.78,780900000.0,774075000.0,780900000.0,2225241575.0,10.0,5.658,345200000.0,7.81,1.0,244500000.0,0.084,0.0,43600000.0,3374000000.0,3437375000.0,357300000.0,219400000.0,87300000.0,132100000.0,3137400000.0,1161600000.0,1975800000.0,1855541575.0,-27900000.0,0.0,2000000.0,-246000000.0,-82100000.0,-325700000.0,-45100000.0,-2600000.0,546900000.0,0.0,122000000.0,122000000.0,122000000.0,0.0,0.0,0.042,36200000.0,208300000.0,633000000.0,0.669,2.376,15.209,15.119,2599200000.0,0.0,42.03,0.641,0.642,292200000.0,653000000.0,2894800000.0,2894800000.0,0.0,0.032,0.158,0.065,0.077,0.0,0.0,1.0,44148027.0,44200000,44500000.0,65.493,3918300000.0,4600000.0,57000000.0,566800000.0,88.649,-233100000.0
25,GAS1,MRT,2005-06-30,2005-06-30,2005-06-30,2018-10-25,-4200000.0,3671500000.0,3818875000.0,695000000.0,2976500000.0,0.749,17.912,-206200000.0,125800000.0,125800000.0,2622500000.0,113100000.0,0.868,3.648,495700000.0,200000.0,495500000.0,495700000.0,0.0,169200000.0,0.0,0.045,1.86,209800000.0,379000000.0,0.133,379000000.0,209800000.0,166000000.0,2.58,2.56,2.58,789900000.0,760425000.0,789900000.0,2331786160.0,11.0,6.152,237700000.0,5.39,1.0,236200000.0,0.083,0.0,43800000.0,3240800000.0,3489850000.0,47800000.0,204000000.0,65400000.0,138600000.0,2881600000.0,800600000.0,2081000000.0,1817086160.0,32900000.0,0.0,600000.0,-129000000.0,-82000000.0,-208200000.0,-32800000.0,35900000.0,443900000.0,0.0,113100000.0,113100000.0,113100000.0,0.0,0.0,0.04,38100000.0,198100000.0,471500000.0,0.721,2.3,16.066,15.957,2582500000.0,0.0,41.17,0.636,0.635,317600000.0,676300000.0,2858700000.0,2858700000.0,0.0,0.03,0.149,0.06,0.073,0.0,0.0,1.0,44136171.0,44100000,44400000.0,64.823,3671500000.0,69900000.0,52900000.0,683700000.0,83.254,-105600000.0
26,GAS1,MRT,2005-03-31,2005-03-31,2005-03-31,2018-10-25,-4400000.0,3833000000.0,3790125000.0,877900000.0,2955100000.0,0.74,17.605,-188400000.0,15300000.0,15300000.0,2568600000.0,99200000.0,0.887,3.937,530000000.0,34600000.0,495400000.0,530000000.0,0.0,167800000.0,0.0,0.05,1.86,183500000.0,351300000.0,0.125,351300000.0,183500000.0,141300000.0,2.26,2.25,2.26,776400000.0,751525000.0,776400000.0,2608768973.0,14.0,7.426,214600000.0,4.866,1.0,235200000.0,0.084,0.0,42200000.0,3358300000.0,3502775000.0,32900000.0,217500000.0,78200000.0,139300000.0,3056600000.0,989400000.0,2067200000.0,1636168973.0,-16300000.0,0.0,600000.0,-126300000.0,-82000000.0,-205500000.0,-7300000.0,-17900000.0,403000000.0,0.0,99200000.0,99200000.0,99200000.0,0.0,0.0,0.035,62000000.0,173200000.0,369500000.0,0.823,2.107,16.494,16.412,2557400000.0,0.0,37.09,0.584,0.583,620700000.0,663500000.0,2803800000.0,2803800000.0,0.0,0.026,0.132,0.052,0.065,0.0,0.0,1.0,44113480.0,44100000,44300000.0,63.578,3833000000.0,71000000.0,42100000.0,671100000.0,86.916,-111500000.0
27,GAS1,MRT,2004-12-31,2004-12-31,2004-12-31,2018-10-25,0.0,3975200000.0,3734000000.0,1020900000.0,2954300000.0,0.734,16.986,-182400000.0,12900000.0,12900000.0,2503500000.0,75100000.0,0.872,4.307,985500000.0,490200000.0,495300000.0,985500000.0,0.0,166600000.0,0.0,0.05,1.86,146500000.0,313100000.0,0.114,313100000.0,146500000.0,105300000.0,1.71,1.7,1.71,749100000.0,746075000.0,749100000.0,2462463773.0,17.0,7.865,135300000.0,3.068,1.0,236200000.0,0.086,0.0,41200000.0,3776400000.0,3511450000.0,220700000.0,207900000.0,70300000.0,137600000.0,3226100000.0,1171400000.0,2054700000.0,1628463773.0,-37400000.0,0.0,600000.0,-70600000.0,-82000000.0,-150400000.0,-4700000.0,-17600000.0,317700000.0,0.0,75100000.0,75100000.0,75100000.0,0.0,0.0,0.027,98500000.0,137700000.0,502900000.0,1.088,2.174,21.684,21.602,2549800000.0,0.0,36.94,0.594,0.595,583200000.0,640300000.0,2739700000.0,2739700000.0,0.0,0.02,0.101,0.042,0.053,0.0,0.0,1.0,44084022.0,44100000,44300000.0,62.125,3975200000.0,72300000.0,30200000.0,672000000.0,90.141,-150500000.0
28,GAS1,MRT,2004-09-30,2004-09-30,2004-09-30,2018-10-25,-1900000.0,3795800000.0,3689500000.0,864400000.0,2931400000.0,0.702,16.469,-172300000.0,51300000.0,51300000.0,2367400000.0,62600000.0,0.827,4.226,885100000.0,390000000.0,495100000.0,885100000.0,0.0,165900000.0,0.0,0.051,1.86,131800000.0,297700000.0,0.115,297700000.0,131800000.0,91900000.0,1.42,1.41,1.42,726300000.0,747450000.0,726300000.0,2148471407.0,16.0,7.217,316100000.0,7.168,1.0,221500000.0,0.086,0.0,39900000.0,3583900000.0,3504425000.0,347500000.0,196700000.0,58400000.0,138300000.0,3069500000.0,1045700000.0,2023800000.0,1617171407.0,30400000.0,-600000.0,2200000.0,-37700000.0,-82000000.0,-269400000.0,3500000.0,-20500000.0,488400000.0,0.0,62600000.0,62500000.0,62500000.0,0.0,0.0,0.024,98700000.0,122800000.0,457600000.0,1.31,2.227,25.875,25.845,2526400000.0,100000.0,36.7,0.625,0.625,220300000.0,613100000.0,2588900000.0,2588900000.0,0.0,0.017,0.084,0.038,0.051,0.0,0.0,1.0,44064616.0,44100000,44100000.0,58.705,3795800000.0,76800000.0,29300000.0,665200000.0,86.073,-181300000.0
29,GAS1,MRT,2004-06-30,2004-06-30,2004-06-30,2018-10-25,-5500000.0,3556500000.0,3675275000.0,656500000.0,2900000000.0,0.703,17.104,-167800000.0,92900000.0,92900000.0,2349300000.0,74700000.0,0.826,3.715,624000000.0,129000000.0,495000000.0,624000000.0,0.0,164400000.0,0.0,0.055,1.86,149000000.0,313400000.0,0.121,313400000.0,149000000.0,111100000.0,1.69,1.68,1.69,754300000.0,749925000.0,754300000.0,2146947882.0,14.0,6.851,316300000.0,7.172,1.0,234500000.0,0.091,0.0,37900000.0,3292500000.0,3517600000.0,43300000.0,232100000.0,97400000.0,134700000.0,2802200000.0,795100000.0,2007100000.0,1496647882.0,85600000.0,2700000.0,2300000.0,56200000.0,-82000000.0,-175400000.0,5600000.0,-66800000.0,484100000.0,0.0,74700000.0,74600000.0,74600000.0,0.0,0.0,0.029,97900000.0,136600000.0,428700000.0,1.101,1.984,20.062,20.101,2504600000.0,100000.0,33.97,0.579,0.58,281100000.0,645200000.0,2583800000.0,2583800000.0,0.0,0.02,0.099,0.042,0.058,0.0,0.0,1.0,44057930.0,44100000,44300000.0,58.59,3556500000.0,71800000.0,36400000.0,648600000.0,80.646,-138600000.0
30,GAS1,MRT,2004-03-31,2004-03-31,2004-03-31,2018-10-25,-5900000.0,3608500000.0,3618375000.0,716600000.0,2891900000.0,0.721,17.15,-176300000.0,31600000.0,31600000.0,2375500000.0,79000000.0,0.828,3.782,681900000.0,187000000.0,494900000.0,681900000.0,0.0,163100000.0,0.0,0.053,1.86,159500000.0,322600000.0,0.124,322600000.0,159500000.0,120700000.0,1.79,1.78,1.79,754600000.0,750900000.0,754600000.0,2571309189.0,16.0,7.971,89500000.0,2.034,1.0,231600000.0,0.089,0.0,38800000.0,3393000000.0,3496950000.0,30400000.0,187700000.0,37200000.0,150500000.0,2853900000.0,865800000.0,1988100000.0,1551509189.0,-21300000.0,8300000.0,2000000.0,133100000.0,-82000000.0,-99100000.0,25500000.0,-12500000.0,265800000.0,0.0,79000000.0,78900000.0,78900000.0,0.0,0.0,0.03,89200000.0,142400000.0,297700000.0,1.039,2.056,19.664,19.682,2486700000.0,100000.0,35.23,0.595,0.595,496600000.0,646200000.0,2607100000.0,2607100000.0,0.0,0.022,0.105,0.046,0.061,0.0,0.0,1.0,44039432.0,44000000,44200000.0,59.252,3608500000.0,66200000.0,41700000.0,650200000.0,82.011,-149200000.0
31,GAS1,MRT,2003-12-31,2003-12-31,2003-12-31,2018-10-25,0.0,3797200000.0,3639600000.0,915900000.0,2881300000.0,0.732,17.15,-177800000.0,50300000.0,50300000.0,2398200000.0,105300000.0,0.857,4.032,1070100000.0,575000000.0,495100000.0,1070100000.0,0.0,161700000.0,0.0,0.055,1.86,202200000.0,363900000.0,0.137,363900000.0,202200000.0,164900000.0,2.39,2.38,2.39,754600000.0,751125000.0,754600000.0,2566420287.0,13.0,7.053,-190400000.0,-4.327,1.0,264500000.0,0.099,0.0,37300000.0,3748300000.0,3423200000.0,236000000.0,169600000.0,32900000.0,136700000.0,3042600000.0,1068700000.0,1973900000.0,1498920287.0,-24900000.0,8300000.0,0.0,407800000.0,-81800000.0,173700000.0,-6600000.0,-13300000.0,-12600000.0,0.0,105300000.0,105200000.0,105200000.0,0.0,0.0,0.04,75100000.0,189400000.0,378800000.0,0.778,1.986,14.248,14.243,2484200000.0,100000.0,34.04,0.563,0.562,461700000.0,647100000.0,2662700000.0,2662700000.0,0.0,0.029,0.14,0.059,0.076,0.0,0.0,1.0,44034086.0,44000000,44200000.0,60.516,3797200000.0,66800000.0,59600000.0,645400000.0,86.3,-152800000.0
32,GAS1,MRT,2003-09-30,2003-09-30,2003-09-30,2018-10-25,-8600000.0,3738900000.0,3571400000.0,878100000.0,2860800000.0,0.735,16.732,-185100000.0,20900000.0,20900000.0,2377000000.0,109400000.0,0.752,4.079,1086700000.0,690000000.0,396700000.0,1086700000.0,0.0,166800000.0,0.0,0.053,1.855,201000000.0,367800000.0,0.14,367800000.0,201000000.0,163300000.0,2.48,2.47,2.48,736200000.0,744575000.0,736200000.0,2271162220.0,11.0,6.175,-316000000.0,-7.182,1.0,246700000.0,0.094,0.0,37700000.0,3636600000.0,3276575000.0,348200000.0,30300000.0,30300000.0,0.0,3002700000.0,1168100000.0,1834600000.0,1547062220.0,-7300000.0,8900000.0,-2200000.0,399900000.0,-81600000.0,316500000.0,134500000.0,-22900000.0,-130900000.0,0.0,109400000.0,109500000.0,109500000.0,0.0,0.0,0.042,58100000.0,188600000.0,383900000.0,0.748,2.101,14.128,14.169,2469600000.0,-100000.0,35.14,0.59,0.589,252500000.0,632500000.0,2623700000.0,2623700000.0,0.0,0.031,0.147,0.061,0.077,0.0,0.0,1.0,44025675.0,44000000,44200000.0,59.63,3738900000.0,47800000.0,53900000.0,626600000.0,84.975,-290000000.0
33,GAS1,MRT,2003-06-30,2003-06-30,2003-06-30,2018-10-25,-6000000.0,3328900000.0,3275850000.0,506400000.0,2822500000.0,0.788,17.232,-182300000.0,7300000.0,7300000.0,2306200000.0,138700000.0,0.601,3.391,731400000.0,335000000.0,396400000.0,731400000.0,0.0,148100000.0,0.0,0.05,1.85,243300000.0,391400000.0,0.152,391400000.0,243300000.0,204700000.0,3.15,3.13,3.15,758200000.0,737675000.0,758200000.0,2267034451.0,9.0,5.792,-40200000.0,-0.914,1.0,275100000.0,0.107,0.0,38600000.0,3209900000.0,2957975000.0,35400000.0,32200000.0,32200000.0,0.0,2570700000.0,843100000.0,1727600000.0,1633634451.0,-9300000.0,-1300000.0,-3700000.0,142000000.0,-81500000.0,55400000.0,68700000.0,-26400000.0,142100000.0,0.0,138700000.0,138700000.0,138700000.0,0.0,0.0,0.054,37100000.0,238000000.0,445200000.0,0.587,2.155,11.778,11.781,2447200000.0,0.0,37.11,0.633,0.633,343300000.0,652500000.0,2581300000.0,2581300000.0,0.0,0.042,0.188,0.082,0.094,0.0,0.0,1.0,44021408.0,44000000,44200000.0,58.666,3328900000.0,42900000.0,66000000.0,504700000.0,75.657,-336700000.0
34,GAS1,MRT,2003-03-31,2003-03-31,2003-03-31,2018-10-25,-5400000.0,3693400000.0,3056425000.0,881800000.0,2811600000.0,0.812,17.17,-175700000.0,52900000.0,52900000.0,2179600000.0,137300000.0,0.718,3.889,686300000.0,290000000.0,396300000.0,686300000.0,0.0,134600000.0,0.0,0.068,1.845,238900000.0,373500000.0,0.151,373500000.0,238900000.0,200600000.0,3.12,3.09,3.12,755500000.0,723500000.0,755500000.0,1938481522.0,8.0,5.19,118900000.0,2.702,1.0,301100000.0,0.121,0.0,38300000.0,3098000000.0,2722175000.0,8700000.0,26700000.0,26700000.0,0.0,2937900000.0,1228800000.0,1709100000.0,1202481522.0,38900000.0,6700000.0,-17100000.0,22900000.0,-81400000.0,-77000000.0,19300000.0,-19500000.0,294600000.0,0.0,137300000.0,137200000.0,137200000.0,0.0,0.0,0.055,58300000.0,242800000.0,613700000.0,0.591,1.592,8.764,8.756,2430400000.0,100000.0,27.32,0.485,0.485,699500000.0,649200000.0,2480700000.0,2480700000.0,0.0,0.045,0.19,0.088,0.096,0.0,0.0,1.0,44014697.0,44000000,44100000.0,56.38,3693400000.0,34000000.0,63300000.0,494200000.0,83.941,-347000000.0
35,GAS1,MRT,2002-12-31,2002-12-31,2002-12-31,2018-10-25,0.0,3524400000.0,2777250000.0,707700000.0,2816700000.0,0.683,16.517,-183700000.0,75200000.0,75200000.0,1574500000.0,128000000.0,0.644,3.839,811200000.0,415000000.0,396200000.0,811200000.0,0.0,155000000.0,0.0,0.054,1.84,224100000.0,379100000.0,0.2,379100000.0,224100000.0,185600000.0,2.9,2.88,2.9,728400000.0,713125000.0,728400000.0,2156620139.0,10.0,5.689,84600000.0,1.918,1.0,322900000.0,0.17,0.0,38500000.0,3161800000.0,2546600000.0,52300000.0,25700000.0,25700000.0,0.0,2796000000.0,1098600000.0,1697400000.0,1497820139.0,61200000.0,-3700000.0,-26500000.0,87900000.0,-80700000.0,-17900000.0,8800000.0,-13000000.0,268300000.0,0.0,128000000.0,127800000.0,127800000.0,0.0,0.0,0.067,96400000.0,226500000.0,576600000.0,0.634,2.056,11.72,11.734,5323800000.0,200000.0,34.03,0.789,0.791,467400000.0,623800000.0,1897400000.0,1897400000.0,0.0,0.046,0.179,0.088,0.118,0.0,0.0,1.0,44014697.0,44100000,44300000.0,43.025,3524400000.0,34900000.0,57600000.0,485800000.0,79.918,-390900000.0
36,GAS1,MRT,2002-09-30,2002-09-30,2002-09-30,2018-10-25,-5900000.0,2556700000.0,2547950000.0,431100000.0,2125600000.0,0.637,16.105,-194300000.0,28200000.0,28200000.0,1265600000.0,136300000.0,0.506,2.608,686000000.0,290000000.0,396000000.0,686000000.0,0.0,153000000.0,0.0,0.065,1.82,237100000.0,390100000.0,0.24,390100000.0,237100000.0,200100000.0,3.07,3.04,3.07,708600000.0,707075000.0,708600000.0,1814888413.0,8.0,4.652,160600000.0,3.65,1.0,358200000.0,0.221,0.0,37000000.0,2362200000.0,2362050000.0,105000000.0,22100000.0,22100000.0,0.0,1848100000.0,852300000.0,995800000.0,1240688413.0,-11300000.0,-17400000.0,-44400000.0,-38900000.0,-80200000.0,-157500000.0,-208700000.0,1700000.0,354900000.0,0.0,136300000.0,136000000.0,136000000.0,0.0,0.0,0.084,118700000.0,239500000.0,520800000.0,0.593,1.751,9.123,9.186,1789600000.0,300000.0,28.2,0.764,0.764,197400000.0,601800000.0,1623800000.0,1623800000.0,0.0,0.053,0.192,0.1,0.146,0.0,0.0,1.0,43996043.0,44000000,44100000.0,36.905,2556700000.0,42000000.0,63800000.0,458100000.0,58.107,-421200000.0
37,GAS1,MRT,2002-06-30,2002-06-30,2002-06-30,2018-10-25,-1800000.0,2451200000.0,2529375000.0,369000000.0,2082200000.0,0.628,15.907,-191400000.0,16600000.0,16600000.0,1226500000.0,137100000.0,0.488,2.494,588900000.0,193000000.0,395900000.0,588900000.0,0.0,151200000.0,0.0,0.039,1.8,243100000.0,394300000.0,0.248,394300000.0,243100000.0,205000000.0,3.07,3.05,3.07,701500000.0,702550000.0,701500000.0,2675174073.0,11.0,6.785,264500000.0,5.998,1.0,362000000.0,0.228,0.0,38100000.0,2266700000.0,2358250000.0,40600000.0,22100000.0,22100000.0,0.0,1749700000.0,756800000.0,992900000.0,2024674073.0,3600000.0,-23400000.0,-60700000.0,-115100000.0,-79800000.0,-249000000.0,-203300000.0,10200000.0,455900000.0,0.0,137100000.0,136800000.0,136800000.0,0.0,0.0,0.086,121800000.0,240200000.0,407800000.0,0.586,2.886,14.8,14.902,1765700000.0,300000.0,45.75,1.275,1.27,218800000.0,593600000.0,1588500000.0,1588500000.0,0.0,0.054,0.195,0.103,0.153,0.0,0.0,1.0,44255171.0,44100000,44400000.0,36.02,2451200000.0,39700000.0,67900000.0,447200000.0,55.583,-387800000.0
38,GAS1,MRT,2002-03-31,2002-03-31,2002-03-31,2018-10-25,1500000.0,2576700000.0,2540600000.0,540100000.0,2036600000.0,0.616,16.117,-194900000.0,14000000.0,14000000.0,1205600000.0,135300000.0,0.651,2.609,662800000.0,217000000.0,445800000.0,662800000.0,0.0,150300000.0,0.0,0.039,1.78,244000000.0,394300000.0,0.252,394300000.0,244000000.0,202700000.0,3.01,3.0,3.01,714000000.0,701825000.0,714000000.0,2730127811.0,11.0,6.924,257100000.0,5.804,1.0,358500000.0,0.229,0.0,41300000.0,2395700000.0,2373400000.0,28100000.0,70300000.0,70300000.0,0.0,1862700000.0,829800000.0,1032900000.0,2017427811.0,-37800000.0,-45400000.0,-52800000.0,-130400000.0,-79400000.0,-256100000.0,-233700000.0,5100000.0,452000000.0,0.0,135300000.0,135100000.0,135100000.0,0.0,0.0,0.086,118300000.0,240200000.0,405000000.0,0.591,2.826,14.933,15.133,1752100000.0,200000.0,45.55,1.29,1.29,356600000.0,602300000.0,1564100000.0,1564100000.0,0.0,0.053,0.192,0.103,0.156,0.0,0.0,1.0,44290402.0,44300000,44500000.0,35.307,2576700000.0,45300000.0,67400000.0,440900000.0,58.165,-289700000.0
39,GAS1,MRT,2001-12-31,2001-12-31,2001-12-31,2018-10-25,0.0,2607200000.0,2595850000.0,555500000.0,2051700000.0,0.912,15.614,-179300000.0,14000000.0,14000000.0,2028200000.0,122100000.0,0.622,2.702,723400000.0,277000000.0,446400000.0,723400000.0,0.0,148800000.0,0.0,0.042,1.76,227200000.0,376000000.0,0.159,376000000.0,227200000.0,181200000.0,2.7,2.69,2.7,704200000.0,698950000.0,704200000.0,2547435971.0,11.0,6.775,312000000.0,6.918,1.0,338100000.0,0.143,0.0,46000000.0,2423600000.0,2366425000.0,43400000.0,65400000.0,65400000.0,0.0,1903000000.0,893000000.0,1010000000.0,1864735971.0,-48700000.0,-35000000.0,-46300000.0,-197300000.0,-78800000.0,-319600000.0,-220400000.0,-6300000.0,491300000.0,0.0,122100000.0,121800000.0,121800000.0,0.0,0.0,0.051,116300000.0,221800000.0,474700000.0,0.652,2.648,15.31,15.422,1768600000.0,300000.0,41.64,0.788,0.794,351000000.0,593500000.0,2366300000.0,2366300000.0,0.0,0.047,0.174,0.096,0.096,0.0,0.0,1.0,44782324.0,45100000,45200000.0,52.468,2607200000.0,45500000.0,59100000.0,429400000.0,57.809,-337500000.0
40,GAS1,MRT,2001-09-30,2001-09-30,2001-09-30,2018-10-25,-2200000.0,2482400000.0,2676700000.0,475100000.0,2007300000.0,1.041,15.344,-136600000.0,39500000.0,39500000.0,2430900000.0,103600000.0,0.581,2.595,722000000.0,276000000.0,446000000.0,722000000.0,0.0,148500000.0,0.0,0.045,1.735,204400000.0,352900000.0,0.127,352900000.0,204400000.0,152600000.0,2.27,2.27,2.27,690500000.0,699200000.0,690500000.0,2439602066.0,12.0,6.913,247800000.0,5.507,1.0,354700000.0,0.127,0.0,51800000.0,2347000000.0,2364425000.0,43100000.0,71300000.0,71300000.0,0.0,1791900000.0,817900000.0,974000000.0,1753002066.0,-13300000.0,-23900000.0,-35900000.0,-95900000.0,-78000000.0,-210200000.0,-187500000.0,-26100000.0,384400000.0,0.0,103600000.0,103300000.0,103300000.0,0.0,0.0,0.037,149100000.0,205600000.0,343800000.0,0.764,2.539,16.97,17.07,1748700000.0,300000.0,38.75,0.629,0.626,245100000.0,580700000.0,2785600000.0,2785600000.0,0.0,0.039,0.148,0.086,0.073,0.0,0.0,1.0,45238763.0,45000000,45100000.0,61.902,2482400000.0,34200000.0,49000000.0,417800000.0,55.164,-342800000.0
41,GAS1,MRT,2001-06-30,2001-06-30,2001-06-30,2018-10-25,-900000.0,2496100000.0,2695050000.0,530100000.0,1966000000.0,1.065,15.388,-138600000.0,13000000.0,13000000.0,2515100000.0,10300000.0,0.621,2.573,698100000.0,277000000.0,421100000.0,698100000.0,0.0,148600000.0,0.0,0.044,1.71,52100000.0,200700000.0,0.07,200700000.0,52100000.0,-800000.0,0.22,0.22,0.22,698600000.0,700000000.0,698600000.0,2508100732.0,48.0,12.497,-8300000.0,-0.183,1.0,354400000.0,0.124,0.0,52900000.0,2327300000.0,2358600000.0,28400000.0,55600000.0,55600000.0,0.0,1797500000.0,853900000.0,943600000.0,1769700732.0,-300000.0,-11000000.0,-30800000.0,147400000.0,-77100000.0,40400000.0,-171000000.0,-25800000.0,130300000.0,0.0,10300000.0,10000000.0,10000000.0,0.0,0.0,0.003,304100000.0,50300000.0,323700000.0,7.773,2.533,176.97,177.182,1723400000.0,300000.0,38.98,0.617,0.617,351800000.0,586400000.0,2869500000.0,2869500000.0,0.0,0.004,0.014,0.022,0.018,0.0,0.0,1.0,45400224.0,45400000,45500000.0,63.205,2496100000.0,36600000.0,-11100000.0,416800000.0,54.98,-323800000.0
42,GAS1,MRT,2001-03-31,2001-03-31,2001-03-31,2018-10-25,-1900000.0,2797700000.0,2652750000.0,863100000.0,1934600000.0,1.089,15.474,-130800000.0,51800000.0,51800000.0,2526500000.0,20300000.0,0.741,2.982,787400000.0,366000000.0,421400000.0,787400000.0,0.0,147500000.0,0.0,0.045,1.685,66000000.0,213500000.0,0.074,213500000.0,66000000.0,15400000.0,0.43,0.43,0.43,702500000.0,722275000.0,702500000.0,2549268822.0,39.0,11.94,-25400000.0,-0.559,1.0,363600000.0,0.126,0.0,50600000.0,2367800000.0,2347325000.0,12200000.0,50000000.0,50000000.0,0.0,2095200000.0,1165500000.0,929700000.0,1690968822.0,16600000.0,-2600000.0,-46800000.0,194900000.0,-76500000.0,72200000.0,-161000000.0,-28700000.0,105400000.0,0.0,20300000.0,19900000.0,19900000.0,0.0,0.0,0.007,301600000.0,62000000.0,437000000.0,3.919,2.407,84.973,86.674,1709400000.0,400000.0,37.27,0.585,0.585,684900000.0,591000000.0,2890100000.0,2890100000.0,0.0,0.008,0.028,0.028,0.023,0.0,0.0,1.0,45370776.0,45400000,45600000.0,63.659,2797700000.0,48600000.0,-4900000.0,405000000.0,61.623,-302400000.0
43,GAS1,MRT,2000-12-31,2000-12-31,2000-12-31,2018-10-25,0.0,2930600000.0,2529800000.0,959500000.0,1971100000.0,0.854,15.264,-137600000.0,62700000.0,62700000.0,1776000000.0,35800000.0,0.702,3.156,914100000.0,567000000.0,347100000.0,914100000.0,0.0,145100000.0,0.0,0.038,1.66,91500000.0,236600000.0,0.11,236600000.0,91500000.0,43100000.0,0.77,0.77,0.77,705200000.0,746225000.0,705200000.0,2753584651.0,30.0,11.638,95400000.0,2.065,1.0,383300000.0,0.178,0.0,48400000.0,2415600000.0,2330600000.0,34100000.0,44100000.0,44100000.0,0.0,2225400000.0,1366400000.0,859000000.0,1971584651.0,15900000.0,-2600000.0,-51900000.0,75200000.0,-75900000.0,-50600000.0,-166500000.0,-25900000.0,233000000.0,0.0,35800000.0,35500000.0,35500000.0,0.0,0.0,0.016,297700000.0,85600000.0,680600000.0,2.156,2.796,55.538,56.088,1740900000.0,300000.0,43.188,0.913,0.924,659500000.0,594200000.0,2159300000.0,2159300000.0,0.0,0.014,0.048,0.039,0.042,0.0,0.0,1.0,45651743.0,46200000,46300000.0,46.738,2930600000.0,40100000.0,7300000.0,404300000.0,63.433,-406900000.0
44,GAS1,MRT,2000-09-30,2000-09-30,2000-09-30,2018-10-25,0.0,2555800000.0,2410100000.0,577600000.0,1978200000.0,0.748,15.146,-162900000.0,48500000.0,48500000.0,1427000000.0,37700000.0,0.57,2.684,830500000.0,470300000.0,360200000.0,830500000.0,0.0,144300000.0,0.0,0.045,1.635,92500000.0,236800000.0,0.131,236800000.0,92500000.0,46600000.0,0.78,0.78,0.78,693700000.0,766850000.0,693700000.0,2218292688.0,24.0,9.368,-23500000.0,-0.513,1.0,376700000.0,0.209,0.0,45900000.0,2323700000.0,2356225000.0,62300000.0,35400000.0,35400000.0,0.0,1862100000.0,1014100000.0,848000000.0,1661192688.0,32600000.0,0.0,-52900000.0,191300000.0,-75300000.0,65000000.0,-171800000.0,-18000000.0,139400000.0,0.0,37700000.0,37500000.0,37500000.0,0.0,0.0,0.021,287400000.0,89300000.0,356200000.0,2.096,2.395,44.298,46.394,1742800000.0,200000.0,36.188,0.921,0.919,268200000.0,579600000.0,1803700000.0,1803700000.0,0.0,0.016,0.049,0.039,0.051,0.0,0.0,1.0,45905152.0,45800000,45800000.0,39.382,2555800000.0,40700000.0,8900000.0,398100000.0,55.803,-436500000.0
45,GAS1,MRT,2000-06-30,2000-06-30,2000-06-30,2018-10-25,0.0,2326900000.0,2340350000.0,377600000.0,1949300000.0,0.739,17.013,-156100000.0,9000000.0,9000000.0,1362700000.0,120200000.0,0.627,1.954,566100000.0,130200000.0,435900000.0,566100000.0,0.0,143900000.0,0.0,0.049,1.61,227200000.0,371100000.0,0.215,371100000.0,227200000.0,183300000.0,2.57,2.57,2.57,787700000.0,786975000.0,787700000.0,2092359736.0,9.0,5.638,82600000.0,1.784,1.0,367300000.0,0.212,0.0,43900000.0,2282200000.0,2354225000.0,29000000.0,32900000.0,32900000.0,0.0,1539200000.0,601800000.0,937400000.0,1515359736.0,-71900000.0,0.0,-46800000.0,-16800000.0,-74800000.0,-136800000.0,-173800000.0,-16400000.0,238700000.0,0.0,120200000.0,120000000.0,120000000.0,0.0,0.0,0.069,138900000.0,228400000.0,314500000.0,0.626,1.924,12.628,12.695,1720400000.0,200000.0,32.625,0.876,0.873,230900000.0,672700000.0,1730000000.0,1730000000.0,0.0,0.051,0.152,0.097,0.131,0.0,0.0,1.0,46447808.0,46300000,46400000.0,37.365,2326900000.0,20900000.0,63100000.0,393100000.0,50.257,-224200000.0
46,GAS1,MRT,2000-03-31,2000-03-31,2000-03-31,2018-10-25,0.0,2305900000.0,2306525000.0,392800000.0,1913100000.0,0.717,17.094,-154100000.0,30900000.0,30900000.0,1297500000.0,116100000.0,0.675,1.889,607900000.0,172100000.0,435800000.0,607900000.0,0.0,143400000.0,0.0,0.048,1.585,221600000.0,365000000.0,0.221,365000000.0,221600000.0,177100000.0,2.47,2.47,2.47,798300000.0,784875000.0,798300000.0,2350415073.0,11.0,6.439,141400000.0,3.028,1.0,355900000.0,0.215,0.0,44500000.0,2300900000.0,2348250000.0,20400000.0,32800000.0,32800000.0,0.0,1507600000.0,582000000.0,925600000.0,1538415073.0,-3200000.0,0.0,-30700000.0,-18100000.0,-73900000.0,-120800000.0,-177900000.0,-17700000.0,295500000.0,0.0,116100000.0,115900000.0,115900000.0,0.0,0.0,0.07,138400000.0,217500000.0,224800000.0,0.642,1.927,13.274,13.335,1711700000.0,200000.0,32.938,0.93,0.93,276700000.0,681800000.0,1653400000.0,1653400000.0,0.0,0.05,0.148,0.094,0.134,0.0,0.0,1.0,46707099.0,46700000,46800000.0,35.405,2305900000.0,16500000.0,61000000.0,389200000.0,49.377,-189200000.0
47,GAS1,MRT,1999-12-31,1999-12-31,1999-12-31,2018-10-25,0.0,2451800000.0,2291350000.0,508000000.0,1943800000.0,0.685,16.653,-148200000.0,42500000.0,42500000.0,1221300000.0,116300000.0,0.681,2.113,854500000.0,418400000.0,436100000.0,854500000.0,0.0,141600000.0,0.0,0.048,1.56,221000000.0,362600000.0,0.231,362600000.0,221000000.0,176800000.0,2.46,2.45,2.46,787700000.0,779575000.0,787700000.0,2145830653.0,10.0,5.918,65200000.0,1.378,1.0,349200000.0,0.222,0.0,44200000.0,2518100000.0,2358750000.0,31000000.0,29700000.0,29700000.0,0.0,1664100000.0,745700000.0,918400000.0,1529030653.0,33800000.0,0.0,-23100000.0,52600000.0,-73200000.0,-43200000.0,-136400000.0,12100000.0,213400000.0,0.0,116300000.0,116100000.0,116100000.0,0.0,0.0,0.074,136600000.0,212600000.0,282400000.0,0.634,1.941,13.17,13.211,1735200000.0,200000.0,32.5,0.974,0.979,359800000.0,670500000.0,1570500000.0,1570500000.0,0.0,0.051,0.149,0.094,0.141,0.0,0.0,1.0,47047097.0,47300000,47400000.0,33.203,2451800000.0,10100000.0,60500000.0,384100000.0,51.835,-237700000.0
48,GAS1,MRT,1999-09-30,1999-09-30,1999-09-30,2018-10-25,0.0,2276800000.0,2269550000.0,342500000.0,1934300000.0,0.663,16.403,-142600000.0,20200000.0,20200000.0,1160200000.0,116400000.0,0.593,1.941,637000000.0,200300000.0,436700000.0,637000000.0,0.0,139700000.0,0.0,0.041,1.54,222400000.0,362100000.0,0.241,362100000.0,222400000.0,177900000.0,2.45,2.45,2.45,774200000.0,772400000.0,774200000.0,2245535364.0,10.0,6.201,162700000.0,3.447,1.0,343500000.0,0.228,0.0,44500000.0,2315700000.0,2370650000.0,67600000.0,31400000.0,31400000.0,0.0,1502600000.0,577900000.0,924700000.0,1753335364.0,11300000.0,0.0,-22600000.0,-34300000.0,-72500000.0,-128100000.0,-165900000.0,-8800000.0,305300000.0,0.0,116400000.0,116000000.0,116000000.0,0.0,0.0,0.077,139700000.0,203800000.0,341300000.0,0.629,2.265,15.115,15.179,1731200000.0,400000.0,37.188,1.166,1.167,145600000.0,656400000.0,1503700000.0,1503700000.0,0.0,0.051,0.15,0.094,0.148,0.0,0.0,1.0,47148514.0,47200000,47300000.0,31.858,2276800000.0,0.0,61500000.0,379900000.0,48.237,-235400000.0
49,GAS1,MRT,1999-06-30,1999-06-30,1999-06-30,2018-10-25,0.0,2191600000.0,2255250000.0,292900000.0,1898700000.0,0.656,16.441,-146600000.0,85200000.0,85200000.0,1135800000.0,117200000.0,0.688,1.812,577400000.0,68700000.0,508700000.0,577400000.0,0.0,139100000.0,0.0,0.04,1.52,224800000.0,363900000.0,0.246,363900000.0,224800000.0,179200000.0,2.46,2.46,2.46,779300000.0,905975000.0,779300000.0,2385270049.0,11.0,6.555,180000000.0,3.797,1.0,343800000.0,0.232,0.0,45600000.0,2258300000.0,2398625000.0,10800000.0,30500000.0,30500000.0,0.0,1412300000.0,425500000.0,986800000.0,1803270049.0,63000000.0,0.0,-24500000.0,-1800000.0,-71700000.0,-96300000.0,-167300000.0,-4600000.0,326600000.0,0.0,117200000.0,116800000.0,116800000.0,0.0,0.0,0.079,139200000.0,204600000.0,258400000.0,0.618,2.314,15.439,15.473,1713500000.0,400000.0,38.063,1.219,1.219,139900000.0,661000000.0,1479600000.0,1479600000.0,0.0,0.052,0.129,0.094,0.152,0.0,0.0,1.0,47376553.0,47400000,47500000.0,31.215,2191600000.0,0.0,62000000.0,372900000.0,46.236,-132600000.0
50,GAS1,MRT,1999-03-31,1999-03-31,1999-03-31,2018-10-25,0.0,2245200000.0,2236400000.0,366200000.0,1879000000.0,0.661,16.36,-143300000.0,38400000.0,38400000.0,1131900000.0,119200000.0,0.756,1.889,620400000.0,111800000.0,508600000.0,620400000.0,0.0,138300000.0,0.0,0.042,1.5,227600000.0,365900000.0,0.247,365900000.0,227600000.0,182000000.0,2.49,2.49,2.49,777100000.0,1040000000.0,777100000.0,2486088825.0,11.0,6.794,155000000.0,3.263,1.0,347200000.0,0.235,0.0,45600000.0,2342900000.0,2416600000.0,7900000.0,29100000.0,29100000.0,0.0,1468100000.0,484300000.0,983800000.0,1706088825.0,25600000.0,0.0,-27900000.0,-12900000.0,-71000000.0,-109600000.0,-163100000.0,-4000000.0,298300000.0,0.0,119200000.0,118800000.0,118800000.0,0.0,0.0,0.08,138200000.0,209000000.0,203000000.0,0.602,2.195,14.361,14.433,1704400000.0,400000.0,35.938,1.153,1.154,263000000.0,658500000.0,1479100000.0,1479100000.0,0.0,0.053,0.114,0.094,0.154,0.0,0.0,1.0,47473776.0,47500000,47600000.0,31.139,2245200000.0,0.0,62800000.0,366000000.0,47.267,-118100000.0
51,GAS1,MRT,1998-12-31,1998-12-31,1998-12-31,2018-10-25,0.0,2364600000.0,2226050000.0,464700000.0,1899900000.0,0.658,15.846,-136200000.0,13000000.0,13000000.0,1120000000.0,116400000.0,0.803,2.115,793000000.0,235700000.0,557300000.0,793000000.0,0.0,136500000.0,0.0,0.035,1.48,224100000.0,360600000.0,0.246,360600000.0,224100000.0,177500000.0,2.43,2.42,2.43,759000000.0,1161150000.0,759000000.0,2668473367.0,12.0,7.4,232200000.0,4.848,1.0,345100000.0,0.236,0.0,46600000.0,2565700000.0,2416150000.0,105500000.0,55800000.0,55800000.0,0.0,1605600000.0,578900000.0,1026700000.0,2012273367.0,7800000.0,0.0,-33400000.0,-67000000.0,-70300000.0,-168900000.0,-191700000.0,-35600000.0,368400000.0,0.0,116400000.0,116100000.0,116100000.0,0.0,0.0,0.079,136500000.0,208600000.0,270300000.0,0.609,2.651,17.332,17.387,1731800000.0,300000.0,42.25,1.373,1.381,264000000.0,640200000.0,1465100000.0,1465100000.0,0.0,0.052,0.1,0.093,0.153,0.0,0.0,1.0,47627772.0,47900000,48100000.0,30.587,2364600000.0,0.0,61100000.0,361600000.0,49.365,-114200000.0
52,GAS1,MRT,1998-09-30,1998-09-30,1998-09-30,2018-10-25,0.0,2219600000.0,2233550000.0,329800000.0,1889800000.0,0.724,27.432,-134000000.0,8900000.0,8900000.0,1263800000.0,124600000.0,0.736,0.696,665100000.0,114900000.0,550200000.0,665100000.0,0.0,134800000.0,0.0,0.035,1.46,239200000.0,374000000.0,0.231,374000000.0,239200000.0,190800000.0,2.58,2.58,2.58,1308500000.0,1296550000.0,1308500000.0,2533191054.0,11.0,6.773,159700000.0,3.348,1.0,352700000.0,0.218,0.0,48400000.0,2427600000.0,2430300000.0,119600000.0,22600000.0,22600000.0,0.0,911100000.0,448200000.0,462900000.0,1978691054.0,-2100000.0,0.0,-34200000.0,-35600000.0,-69600000.0,-138700000.0,-157100000.0,-9900000.0,293700000.0,0.0,124600000.0,124100000.0,124100000.0,0.0,0.0,0.077,134700000.0,218000000.0,274700000.0,0.566,1.512,15.944,16.061,1732000000.0,500000.0,41.438,1.224,1.223,145600000.0,632900000.0,1616500000.0,1616500000.0,0.0,0.056,0.096,0.098,0.148,0.0,0.0,1.0,47751217.0,47700000,47900000.0,33.889,2219600000.0,0.0,66200000.0,357100000.0,46.532,-118400000.0
53,GAS1,MRT,1998-06-30,1998-06-30,1998-06-30,2018-10-25,0.0,2116200000.0,2232900000.0,255000000.0,1861200000.0,0.727,27.461,-118900000.0,22200000.0,22200000.0,1271900000.0,123500000.0,0.749,0.609,576700000.0,25500000.0,551200000.0,576700000.0,0.0,133000000.0,0.0,0.036,1.44,238100000.0,371100000.0,0.229,371100000.0,238100000.0,189200000.0,2.55,2.55,2.55,1315400000.0,1290800000.0,1315400000.0,2542106826.0,11.0,6.85,47600000.0,0.994,1.0,350600000.0,0.216,0.0,48900000.0,2330200000.0,2436175000.0,16200000.0,25900000.0,25900000.0,0.0,800800000.0,340500000.0,460300000.0,1925006826.0,-66500000.0,0.0,-35800000.0,-1400000.0,-68900000.0,-104800000.0,-128200000.0,-900000.0,166500000.0,0.0,123500000.0,123000000.0,123000000.0,0.0,0.0,0.076,132900000.0,217700000.0,232600000.0,0.565,1.463,15.65,15.735,1709800000.0,500000.0,40.125,1.186,1.185,161500000.0,638300000.0,1622500000.0,1622500000.0,0.0,0.055,0.095,0.098,0.147,0.0,0.0,1.0,47975248.0,47900000,48200000.0,33.873,2116200000.0,0.0,65700000.0,353600000.0,44.18,-85500000.0
54,GAS1,MRT,1998-03-31,1998-03-31,1998-03-31,2018-10-25,0.0,2203800000.0,2246325000.0,366900000.0,1836900000.0,0.737,26.231,-114300000.0,12800000.0,12800000.0,1301200000.0,123700000.0,0.765,0.747,629900000.0,129400000.0,500500000.0,629900000.0,0.0,132300000.0,0.0,0.034,1.42,239300000.0,371600000.0,0.225,371600000.0,239300000.0,190300000.0,2.55,2.54,2.55,1261700000.0,1283175000.0,1261700000.0,2881397954.0,12.0,7.754,130600000.0,2.715,1.0,353700000.0,0.214,0.0,49000000.0,2341100000.0,2415075000.0,11800000.0,25100000.0,25100000.0,0.0,942100000.0,479800000.0,462300000.0,2032097954.0,-7700000.0,0.0,-42900000.0,-18100000.0,-68400000.0,-128300000.0,-124300000.0,-5000000.0,244900000.0,0.0,123700000.0,123300000.0,123300000.0,0.0,0.0,0.075,132300000.0,221400000.0,209700000.0,0.557,1.611,16.481,16.569,1703000000.0,400000.0,42.25,1.228,1.228,289300000.0,634700000.0,1654900000.0,1654900000.0,0.0,0.055,0.096,0.099,0.145,0.0,0.0,1.0,48096993.0,48100000,48300000.0,34.405,2203800000.0,0.0,66600000.0,347800000.0,45.817,-112900000.0
55,GAS1,MRT,1997-12-31,1997-12-31,1997-12-31,2018-10-25,0.0,2394600000.0,2268800000.0,534800000.0,1859800000.0,0.878,26.652,-113000000.0,5200000.0,5200000.0,1631600000.0,127900000.0,0.86,0.841,854500000.0,304300000.0,550200000.0,854500000.0,0.0,131200000.0,0.0,0.033,1.4,246000000.0,377200000.0,0.189,377200000.0,246000000.0,196900000.0,2.62,2.61,2.62,1300600000.0,1277550000.0,1300600000.0,,,,98100000.0,2.01,1.0,361000000.0,0.181,0.0,49100000.0,2622300000.0,2415000000.0,127800000.0,20200000.0,20200000.0,0.0,1094000000.0,621600000.0,472400000.0,2029091892.0,-15300000.0,0.0,-49400000.0,15600000.0,-67800000.0,-100200000.0,-126200000.0,-7500000.0,211100000.0,0.0,127900000.0,127500000.0,127500000.0,0.0,0.0,0.064,131200000.0,229800000.0,241900000.0,0.534,1.56,15.914,16.102,1735800000.0,400000.0,42.188,1.018,1.033,354600000.0,623500000.0,1992600000.0,1992600000.0,0.0,0.056,0.1,0.102,0.123,0.0,0.0,1.0,48096993.0,48800000,48900000.0,40.832,2394600000.0,0.0,69000000.0,342800000.0,49.07,-86800000.0
56,GAS1,MRT,1997-09-30,1997-09-30,1997-09-30,2018-10-25,0.0,2217000000.0,2279800000.0,348900000.0,1868100000.0,,26.505,,11000000.0,11000000.0,,,0.77,0.725,698200000.0,148100000.0,550100000.0,698200000.0,0.0,,0.0,0.037,1.38,,,,,,,,,,1285500000.0,1266175000.0,1285500000.0,,,,,,1.0,,,0.0,,2451100000.0,2397750000.0,145200000.0,12700000.0,12700000.0,0.0,931500000.0,453100000.0,478400000.0,,,,,,,,,,,,,,,,,,,,263400000.0,,,,,1751200000.0,,37.5,,,154500000.0,607900000.0,,,,,,,,,,1.0,,48500000,,,2217000000.0,0.0,,343100000.0,45.711,-104200000.0
57,GAS1,MRT,1997-06-30,1997-06-30,1997-06-30,2018-10-25,0.0,2169900000.0,,325600000.0,1844300000.0,,26.33,,88700000.0,88700000.0,,,0.807,0.689,568300000.0,25000000.0,543300000.0,568300000.0,0.0,,0.0,0.038,1.36,,,,,,,,,,1284900000.0,,1284900000.0,,,,,,1.0,,,0.0,,2245800000.0,,14200000.0,25000000.0,25000000.0,0.0,885000000.0,403700000.0,481300000.0,,,,,,,,,,,,,,,,,,,,250200000.0,,,,,1741500000.0,,35.875,,,177300000.0,613700000.0,,,,,,,,,,1.0,,48800000,,,2169900000.0,0.0,,345100000.0,44.465,-78100000.0
58,GAS1,MRT,1997-03-31,1997-03-31,1997-03-31,2018-10-25,0.0,2293700000.0,,459600000.0,1834100000.0,,25.136,,20500000.0,20500000.0,,,0.804,0.851,639000000.0,145700000.0,493300000.0,639000000.0,0.0,,0.0,0.042,1.34,,,,,,,,,,1239200000.0,,1239200000.0,,,,,,1.0,,,0.0,,2340800000.0,,8600000.0,20100000.0,20100000.0,0.0,1054500000.0,571400000.0,483100000.0,,,,,,,,,,,,,,,,,,,,197500000.0,,,,,1739100000.0,,32.0,,,392100000.0,605300000.0,,,,,,,,,,1.0,,49300000,,,2293700000.0,0.0,,345000000.0,46.525,-111800000.0
59,GAS1,MRT,1996-12-31,1996-12-31,1996-12-31,2018-10-25,0.0,2438600000.0,,573400000.0,1865200000.0,,25.102,-119900000.0,20500000.0,20500000.0,1492300000.0,136200000.0,0.819,0.943,835000000.0,317000000.0,518000000.0,835000000.0,0.0,125300000.0,0.0,0.037,1.32,251700000.0,377000000.0,0.204,377000000.0,251700000.0,203900000.0,2.72,2.71,2.72,1255100000.0,,1255100000.0,,,,-15300000.0,-0.306,1.0,358400000.0,0.194,0.0,47800000.0,2553300000.0,,118200000.0,12700000.0,12700000.0,0.0,1183500000.0,699800000.0,483700000.0,,13700000.0,0.0,-35700000.0,117400000.0,-66000000.0,21600000.0,-112500000.0,6900000.0,104600000.0,0.0,136200000.0,135800000.0,135800000.0,-15000000.0,0.0,0.073,125300000.0,233100000.0,333900000.0,0.485,,,13.143,1771900000.0,400000.0,35.75,,0.966,340000000.0,,1850700000.0,1850700000.0,0.0,,,,0.136,0.0,0.0,1.0,,50000000,50100000.0,37.014,2438600000.0,0.0,67700000.0,343800000.0,48.772,-126400000.0
60,GAS1,MRT,1995-12-31,1995-12-31,1995-12-31,2018-10-25,,,,,,,,-156900000.0,,,1178500000.0,99800000.0,,,,,,,,111800000.0,,0.047,1.28,196000000.0,307800000.0,0.208,307800000.0,196000000.0,154200000.0,1.96,1.96,1.96,,,,,,,116700000.0,2.302,1.0,301600000.0,0.204,,41800000.0,,,,,,,,,,,-7700000.0,0.0,-33600000.0,-38100000.0,-65200000.0,-134700000.0,-146600000.0,8200000.0,273600000.0,0.0,99800000.0,99400000.0,99400000.0,0.0,0.0,0.067,111800000.0,189800000.0,,0.653,,,14.031,,400000.0,27.5,,0.942,,,1480100000.0,1480100000.0,0.0,,,,0.132,0.0,0.0,,,50700000,50700000.0,29.193,,,54400000.0,,,
