None,ticker,dimension,calendardate,datekey,reportperiod,lastupdated,accoci,assets,assetsavg,assetsc,assetsnc,assetturnover,bvps,capex,cashneq,cashnequsd,cor,consolinc,currentratio,de,debt,debtc,debtnc,debtusd,deferredrev,depamor,deposits,divyield,dps,ebit,ebitda,ebitdamargin,ebitdausd,ebitusd,ebt,eps,epsdil,epsusd,equity,equityavg,equityusd,ev,evebit,evebitda,fcf,fcfps,fxusd,gp,grossmargin,intangibles,intexp,invcap,invcapavg,inventory,investments,investmentsc,investmentsnc,liabilities,liabilitiesc,liabilitiesnc,marketcap,ncf,ncfbus,ncfcommon,ncfdebt,ncfdiv,ncff,ncfi,ncfinv,ncfo,ncfx,netinc,netinccmn,netinccmnusd,netincdis,netincnci,netmargin,opex,opinc,payables,payoutratio,pb,pe,pe1,ppnenet,prefdivis,price,ps,ps1,receivables,retearn,revenue,revenueusd,rnd,roa,roe,roic,ros,sbcomp,sgna,sharefactor,sharesbas,shareswa,shareswadil,sps,tangibles,taxassets,taxexp,taxliabilities,tbvps,workingcapital
0,BLK,MRY,2020-12-31,2020-12-31,2020-12-31,2021-08-05,-337000000.0,176982000000.0,162115500000.0,,,0.1,229.873,-194000000.0,8664000000.0,8664000000.0,2898000000.0,5286000000.0,,3.949,7264000000.0,,,7264000000.0,0.0,476000000.0,0.0,0.02,14.52,6375000000.0,6851000000.0,0.423,6851000000.0,6375000000.0,6170000000.0,32.13,31.85,32.13,35283000000.0,33724750000.0,35283000000.0,110762575529.0,17.0,16.167,3549000000.0,23.122,1.0,13307000000.0,0.821,32814000000.0,205000000.0,142768000000.0,129899750000.0,0.0,23426000000.0,,,139326000000.0,,,110042575529.0,3835000000.0,0.0,-1809000000.0,2296000000.0,-2260000000.0,244000000.0,-254000000.0,-60000000.0,3743000000.0,102000000.0,4932000000.0,4932000000.0,4932000000.0,0.0,354000000.0,0.304,7612000000.0,5695000000.0,1028000000.0,0.452,3.119,22.312,22.457,681000000.0,0.0,721.54,6.791,6.834,3535000000.0,24334000000.0,16205000000.0,16205000000.0,0.0,0.03,0.146,0.049,0.393,622000000.0,7506000000.0,1.0,152510707.0,153489422.0,154840582.0,105.577,144168000000.0,0.0,1238000000.0,3673000000.0,939.27,
1,BLK,MRY,2019-12-31,2019-12-31,2019-12-31,2021-08-05,-571000000.0,168622000000.0,165212250000.0,,,0.088,215.025,-254000000.0,4829000000.0,4829000000.0,2663000000.0,4526000000.0,,3.985,4955000000.0,,,4955000000.0,0.0,405000000.0,0.0,0.026,13.2,5940000000.0,6345000000.0,0.436,6345000000.0,5940000000.0,5737000000.0,28.69,28.43,28.69,33547000000.0,32289000000.0,33547000000.0,79113153906.0,13.0,12.469,2630000000.0,16.857,1.0,11876000000.0,0.817,32931000000.0,203000000.0,135817000000.0,133845500000.0,0.0,20955000000.0,,,133693000000.0,,,77602153906.0,-1659000000.0,-1510000000.0,-1911000000.0,103000000.0,-2096000000.0,-2583000000.0,-2014000000.0,-250000000.0,2884000000.0,54000000.0,4476000000.0,4476000000.0,4476000000.0,0.0,50000000.0,0.308,6325000000.0,5551000000.0,1167000000.0,0.46,2.313,17.337,17.522,715000000.0,0.0,502.7,5.338,5.394,3179000000.0,21662000000.0,14539000000.0,14539000000.0,0.0,0.027,0.139,0.044,0.409,567000000.0,6228000000.0,1.0,154370706.0,156014343.0,157459546.0,93.19,135691000000.0,0.0,1261000000.0,3734000000.0,869.734,
2,BLK,MRY,2018-12-31,2018-12-31,2018-12-31,2021-08-05,-691000000.0,159573000000.0,186500250000.0,,,0.076,201.957,-204000000.0,6488000000.0,6488000000.0,2673000000.0,4302000000.0,,3.893,4979000000.0,,,4979000000.0,0.0,220000000.0,0.0,0.031,12.093,5565000000.0,5785000000.0,0.407,5785000000.0,5565000000.0,5381000000.0,26.86,26.58,26.86,32374000000.0,32224250000.0,32374000000.0,60407540579.0,11.0,10.442,2871000000.0,17.91,1.0,11525000000.0,0.812,31365000000.0,184000000.0,126699000000.0,154062500000.0,0.0,25131000000.0,,,126033000000.0,,,61952540579.0,-591000000.0,-699000000.0,-2087000000.0,40000000.0,-1968000000.0,-2765000000.0,-808000000.0,95000000.0,3075000000.0,-93000000.0,4305000000.0,4305000000.0,4305000000.0,0.0,-3000000.0,0.303,6068000000.0,5457000000.0,1292000000.0,0.45,1.914,14.391,14.625,643000000.0,0.0,392.82,4.363,4.435,2657000000.0,19282000000.0,14198000000.0,14198000000.0,0.0,0.023,0.134,0.036,0.392,564000000.0,5958000000.0,1.0,157712287.0,160301116.0,161948732.0,88.571,128208000000.0,0.0,1076000000.0,3571000000.0,799.795,
3,BLK,MRY,2017-12-31,2017-12-31,2017-12-31,2021-08-05,-432000000.0,220241000000.0,222220500000.0,,,0.061,196.09,-155000000.0,7038000000.0,7038000000.0,2558000000.0,4989000000.0,,5.912,5014000000.0,,,5014000000.0,0.0,240000000.0,0.0,0.019,10.0,5427000000.0,5667000000.0,0.417,5667000000.0,5427000000.0,5222000000.0,30.54,30.12,30.54,31798000000.0,30137750000.0,31798000000.0,81117234427.0,15.0,14.314,3795000000.0,23.403,1.0,11042000000.0,0.812,30609000000.0,205000000.0,187608000000.0,190624000000.0,0.0,27664000000.0,,,187977000000.0,,,82364234427.0,904000000.0,-102000000.0,-1421000000.0,-3000000.0,-1662000000.0,-2630000000.0,-608000000.0,-351000000.0,3950000000.0,192000000.0,4952000000.0,4952000000.0,4952000000.0,0.0,37000000.0,0.364,5788000000.0,5254000000.0,1161000000.0,0.327,2.59,16.633,16.821,592000000.0,0.0,513.71,6.056,6.125,2699000000.0,16939000000.0,13600000000.0,13600000000.0,0.0,0.022,0.164,0.028,0.399,542000000.0,5699000000.0,1.0,160332161.0,162160601.0,164415035.0,83.867,189632000000.0,0.0,270000000.0,3527000000.0,1169.409,
4,BLK,MRY,2016-12-31,2016-12-31,2016-12-31,2021-08-05,-716000000.0,220177000000.0,222982250000.0,,,0.055,176.967,-119000000.0,6175000000.0,6175000000.0,2365000000.0,3166000000.0,,6.558,4915000000.0,,,4915000000.0,0.0,263000000.0,0.0,0.024,9.16,4662000000.0,4925000000.0,0.402,4925000000.0,4662000000.0,4457000000.0,19.27,19.02,19.27,29098000000.0,28741000000.0,29098000000.0,61019868546.0,13.0,12.39,2154000000.0,13.1,1.0,9896000000.0,0.807,30481000000.0,205000000.0,188436000000.0,191903500000.0,0.0,30395000000.0,,,190833000000.0,,,61673868546.0,-56000000.0,-30000000.0,-1373000000.0,0.0,-1545000000.0,-1685000000.0,-371000000.0,-222000000.0,2273000000.0,-273000000.0,3168000000.0,3168000000.0,3168000000.0,0.0,-2000000.0,0.258,5331000000.0,4565000000.0,880000000.0,0.475,2.12,19.468,19.748,559000000.0,0.0,380.54,5.03,5.103,2115000000.0,13660000000.0,12261000000.0,12261000000.0,0.0,0.014,0.11,0.024,0.38,521000000.0,5156000000.0,1.0,162069345.0,164425858.0,166579752.0,74.569,189696000000.0,0.0,1289000000.0,4840000000.0,1153.687,
5,BLK,MRY,2015-12-31,2015-12-31,2015-12-31,2021-08-05,-448000000.0,225261000000.0,231799750000.0,,,0.049,171.302,-221000000.0,6231000000.0,6231000000.0,1224000000.0,3352000000.0,,6.884,4930000000.0,,,4930000000.0,0.0,295000000.0,0.0,0.026,8.72,4799000000.0,5094000000.0,0.447,5094000000.0,4799000000.0,4595000000.0,20.1,19.79,20.1,28503000000.0,27947500000.0,28503000000.0,55043740061.0,11.0,10.806,2783000000.0,16.726,1.0,10177000000.0,0.893,30495000000.0,204000000.0,193465000000.0,201954250000.0,0.0,33944000000.0,,,196217000000.0,,,55842740061.0,360000000.0,-273000000.0,-1205000000.0,37000000.0,-1476000000.0,-2064000000.0,-465000000.0,29000000.0,3004000000.0,-115000000.0,3345000000.0,3345000000.0,3345000000.0,0.0,7000000.0,0.293,5513000000.0,4664000000.0,1068000000.0,0.434,1.959,16.694,16.941,581000000.0,0.0,340.52,4.898,4.97,2237000000.0,12033000000.0,11401000000.0,11401000000.0,0.0,0.014,0.12,0.024,0.421,514000000.0,5385000000.0,1.0,163992541.0,166390009.0,169038571.0,68.52,194766000000.0,0.0,1250000000.0,4851000000.0,1170.539,
6,BLK,MRY,2014-12-31,2014-12-31,2014-12-31,2021-08-05,-273000000.0,239792000000.0,227648500000.0,,,0.049,162.675,-66000000.0,6001000000.0,6001000000.0,1168000000.0,3264000000.0,,7.757,8311000000.0,,,8311000000.0,0.0,334000000.0,0.0,0.022,7.72,4657000000.0,4991000000.0,0.45,4991000000.0,4657000000.0,4425000000.0,19.58,19.25,19.58,27366000000.0,26957750000.0,27366000000.0,61575916410.0,13.0,12.337,3021000000.0,17.958,1.0,9913000000.0,0.895,30305000000.0,232000000.0,211797000000.0,200166750000.0,0.0,38895000000.0,,,212272000000.0,,,59073916410.0,1333000000.0,0.0,-1340000000.0,509000000.0,-1338000000.0,-1861000000.0,239000000.0,305000000.0,3087000000.0,-132000000.0,3294000000.0,3294000000.0,3294000000.0,0.0,-30000000.0,0.297,5439000000.0,4474000000.0,1035000000.0,0.394,2.159,17.934,18.261,467000000.0,0.0,357.56,5.331,5.428,2120000000.0,10145000000.0,11081000000.0,11081000000.0,0.0,0.014,0.122,0.023,0.42,453000000.0,5282000000.0,1.0,165213996.0,168225154.0,171112261.0,65.87,209487000000.0,0.0,1131000000.0,4989000000.0,1245.278,
7,BLK,MRY,2013-12-31,2013-12-31,2013-12-31,2021-08-05,-35000000.0,219873000000.0,206768250000.0,,,0.049,155.477,-94000000.0,4551000000.0,4551000000.0,1062000000.0,2951000000.0,,7.302,7308000000.0,,,7308000000.0,0.0,343000000.0,0.0,0.027,8.4,4165000000.0,4508000000.0,0.443,4508000000.0,4165000000.0,3954000000.0,17.23,16.87,17.23,26460000000.0,25848250000.0,26460000000.0,55805010276.0,13.0,12.379,3548000000.0,20.848,1.0,9118000000.0,0.896,30481000000.0,211000000.0,192149000000.0,179603500000.0,0.0,26264000000.0,,,193203000000.0,,,52879010276.0,-216000000.0,-298000000.0,-1215000000.0,-1260000000.0,-1168000000.0,-3392000000.0,-483000000.0,-91000000.0,3642000000.0,17000000.0,2932000000.0,2932000000.0,2932000000.0,0.0,19000000.0,0.288,5261000000.0,3857000000.0,1084000000.0,0.488,1.998,18.035,18.367,525000000.0,0.0,316.47,5.194,5.291,2247000000.0,8230000000.0,10180000000.0,10180000000.0,0.0,0.014,0.113,0.023,0.409,448000000.0,5100000000.0,1.0,167090120.0,170185870.0,173828902.0,59.817,189392000000.0,0.0,1022000000.0,5085000000.0,1112.854,
8,BLK,MRY,2012-12-31,2012-12-31,2012-12-31,2021-08-05,-59000000.0,200451000000.0,190319250000.0,,,0.049,145.192,-150000000.0,4903000000.0,4903000000.0,1010000000.0,2440000000.0,,6.882,8189000000.0,,,8189000000.0,0.0,350000000.0,0.0,0.029,6.0,3703000000.0,4053000000.0,0.434,4053000000.0,3703000000.0,3488000000.0,14.03,13.79,14.03,25403000000.0,25108750000.0,25403000000.0,38659033578.0,10.0,9.538,2090000000.0,11.946,1.0,8327000000.0,0.892,30312000000.0,215000000.0,173425000000.0,163645500000.0,0.0,27035000000.0,,,174834000000.0,,,35045033578.0,1100000000.0,-267000000.0,-1598000000.0,1326000000.0,-1060000000.0,-944000000.0,-266000000.0,151000000.0,2240000000.0,70000000.0,2458000000.0,2458000000.0,2458000000.0,0.0,-18000000.0,0.263,4803000000.0,3524000000.0,1055000000.0,0.428,1.38,14.258,14.733,557000000.0,0.0,206.71,3.753,3.873,2250000000.0,6473000000.0,9337000000.0,9337000000.0,0.0,0.013,0.098,0.023,0.397,451000000.0,4646000000.0,1.0,169537195.0,174961018.0,178017679.0,53.366,170139000000.0,0.0,1030000000.0,5293000000.0,972.439,
9,BLK,MRY,2011-12-31,2011-12-31,2011-12-31,2021-08-05,-127000000.0,179896000000.0,179412000000.0,,,0.051,135.934,-247000000.0,3560000000.0,3560000000.0,1030000000.0,2339000000.0,,6.17,6364000000.0,,,6364000000.0,0.0,380000000.0,0.0,0.031,5.5,3309000000.0,3689000000.0,0.406,3689000000.0,3309000000.0,3133000000.0,12.56,12.37,12.56,25048000000.0,25169500000.0,25048000000.0,28107273604.0,8.0,7.619,2579000000.0,13.996,1.0,8051000000.0,0.887,30148000000.0,176000000.0,152552000000.0,152070500000.0,0.0,24188000000.0,,,154534000000.0,,,24784273604.0,139000000.0,0.0,-2864000000.0,1304000000.0,-1014000000.0,-2485000000.0,-204000000.0,43000000.0,2826000000.0,2000000.0,2337000000.0,2337000000.0,2337000000.0,0.0,2000000.0,0.257,4802000000.0,3249000000.0,945000000.0,0.438,0.989,10.605,14.191,537000000.0,0.0,178.24,2.729,3.617,2102000000.0,5118000000.0,9081000000.0,9081000000.0,0.0,0.013,0.093,0.022,0.364,497000000.0,4614000000.0,1.0,139050009.0,184265367.0,187116410.0,49.282,149748000000.0,0.0,796000000.0,5323000000.0,812.676,
10,BLK,MRY,2010-12-31,2010-12-31,2010-12-31,2021-08-05,-96000000.0,178459000000.0,170822250000.0,,,0.05,136.937,-131000000.0,3460000000.0,3460000000.0,1003000000.0,2050000000.0,,5.83,4637000000.0,,,4637000000.0,0.0,412000000.0,0.0,0.021,4.0,3184000000.0,3596000000.0,0.418,3596000000.0,3184000000.0,3034000000.0,10.67,10.55,10.67,26094000000.0,25274000000.0,26094000000.0,13997558628.0,4.0,3.893,2357000000.0,12.369,1.0,7609000000.0,0.884,30317000000.0,150000000.0,149319000000.0,142650250000.0,0.0,20490000000.0,,,152125000000.0,,,12129558628.0,-1341000000.0,-23000000.0,-248000000.0,-2310000000.0,-776000000.0,-3170000000.0,-627000000.0,-474000000.0,2488000000.0,-32000000.0,2063000000.0,2063000000.0,2063000000.0,0.0,-13000000.0,0.24,4611000000.0,2998000000.0,1125000000.0,0.375,0.465,5.88,17.861,428000000.0,0.0,190.58,1.408,4.217,2245000000.0,3798000000.0,8612000000.0,8612000000.0,0.0,0.012,0.082,0.022,0.37,445000000.0,4451000000.0,1.0,63645496.0,190554510.0,192692047.0,45.194,148142000000.0,0.0,971000000.0,5477000000.0,777.426,
11,BLK,MRY,2009-12-31,2009-12-31,2009-12-31,2021-08-05,-96000000.0,178124000000.0,59784000000.0,,,0.079,178.014,-65000000.0,4708000000.0,4708000000.0,672000000.0,897000000.0,,6.31,5668000000.0,,,5668000000.0,0.0,339000000.0,0.0,0.013,3.12,1318000000.0,1657000000.0,0.353,1657000000.0,1318000000.0,1250000000.0,6.24,6.11,6.24,24329000000.0,15551750000.0,24329000000.0,10235135080.0,8.0,6.177,1334000000.0,9.761,1.0,4028000000.0,0.857,30346000000.0,68000000.0,148738000000.0,42508750000.0,0.0,20384000000.0,,,153522000000.0,,,11854135080.0,2676000000.0,-5755000000.0,2776000000.0,4592000000.0,-422000000.0,6749000000.0,-5519000000.0,303000000.0,1399000000.0,47000000.0,875000000.0,875000000.0,875000000.0,0.0,22000000.0,0.186,2750000000.0,1278000000.0,1345000000.0,0.5,0.487,13.548,37.212,443000000.0,0.0,232.2,2.522,6.752,1907000000.0,2436000000.0,4700000000.0,4700000000.0,0.0,0.015,0.056,0.031,0.28,317000000.0,2581000000.0,1.0,51051400.0,136669164.0,139481449.0,34.39,147778000000.0,0.0,375000000.0,5571000000.0,1081.283,
12,BLK,MRY,2008-12-31,2008-12-31,2008-12-31,2021-08-05,-186000000.0,19924000000.0,21363582000.0,,,0.237,93.166,-77000000.0,2032000000.0,2032000000.0,807000000.0,629000000.0,,0.61,1142000000.0,,,1142000000.0,0.0,366000000.0,0.0,0.023,3.12,1240000000.0,1606000000.0,0.317,1606000000.0,1240000000.0,1171000000.0,5.86,5.78,5.86,12069000000.0,11551801500.0,12069000000.0,15206726766.0,12.0,9.469,1839000000.0,14.196,1.0,4257000000.0,0.841,11974000000.0,69000000.0,7060000000.0,8927173750.0,0.0,1429000000.0,,,7364000000.0,,,15853326766.0,376000000.0,25000000.0,-16000000.0,-304000000.0,-419000000.0,-887000000.0,-394000000.0,-283000000.0,1916000000.0,-259000000.0,784000000.0,784000000.0,784000000.0,0.0,-155000000.0,0.155,2664000000.0,1593000000.0,648000000.0,0.532,1.314,20.221,22.892,260000000.0,0.0,134.15,3.131,3.432,1210000000.0,1982000000.0,5064000000.0,5064000000.0,0.0,0.037,0.068,0.139,0.245,278000000.0,2480000000.0,1.0,118176122.0,129543443.0,131376517.0,39.091,7950000000.0,0.0,387000000.0,1826000000.0,61.369,
13,BLK,MRY,2007-12-31,2007-12-31,2007-12-31,2021-08-05,71000000.0,22561000000.0,22128425000.0,,,0.219,85.751,-111000000.0,1656000000.0,1656000000.0,727000000.0,1357000000.0,,0.943,1247000000.0,,,1247000000.0,0.0,202000000.0,0.0,0.012,2.68,1508000000.0,1710000000.0,0.353,1710000000.0,1508000000.0,1456000000.0,7.53,7.37,7.53,11018000000.0,10109026500.0,11018000000.0,24403756208.0,16.0,14.271,476000000.0,3.705,1.0,4118000000.0,0.85,12073000000.0,52000000.0,10079000000.0,10116064500.0,0.0,2000000000.0,,,10387000000.0,,,25327456208.0,496000000.0,-592000000.0,-306000000.0,1108000000.0,-353000000.0,959000000.0,-1068000000.0,-365000000.0,587000000.0,18000000.0,993000000.0,993000000.0,993000000.0,0.0,364000000.0,0.205,2824000000.0,1294000000.0,903000000.0,0.356,2.299,25.506,28.792,266000000.0,0.0,216.8,5.228,5.749,1411000000.0,1622000000.0,4845000000.0,4845000000.0,0.0,0.045,0.098,0.149,0.311,188000000.0,2566000000.0,1.0,116824060.0,128488561.0,131378061.0,37.708,10488000000.0,0.0,463000000.0,2060000000.0,81.626,
14,BLK,MRY,2006-12-31,2006-12-31,2006-12-31,2021-08-05,44666000.0,20469492000.0,10527285250.0,,,0.199,119.953,-84000000.0,1160304000.0,1160304000.0,203000000.0,339000000.0,,0.887,253167000.0,,,253167000.0,0.0,73000000.0,0.0,0.011,1.68,522000000.0,595000000.0,0.284,595000000.0,522000000.0,512000000.0,4.0,3.87,4.0,9672788000.0,5577541250.0,9672788000.0,16995726057.0,33.0,28.564,637000000.0,7.899,1.0,1895000000.0,0.903,11139447000.0,10000000.0,8422908000.0,4693285500.0,0.0,2097574000.0,,,8578520000.0,,,17686457057.0,676000000.0,272000000.0,-22000000.0,0.0,-136000000.0,-85000000.0,3000000.0,-185000000.0,721000000.0,37000000.0,323000000.0,323000000.0,323000000.0,0.0,16000000.0,0.154,1423000000.0,472000000.0,997675000.0,0.42,1.828,54.757,37.975,214784000.0,0.0,151.9,8.43,5.838,1077550000.0,993821000.0,2098000000.0,2098000000.0,0.0,0.031,0.058,0.111,0.249,120000000.0,1351000000.0,1.0,116434872.0,80638167.0,83358394.0,26.017,9330045000.0,0.0,189000000.0,1738670000.0,115.703,
15,BLK,MRY,2005-12-31,2005-12-31,2005-12-31,2021-08-05,2673000.0,1848000000.0,1644391500.0,,,0.725,14.369,-55154000.0,484223000.0,484223000.0,32405000.0,237197000.0,,0.993,253791000.0,,,253791000.0,0.0,30902000.0,0.0,0.011,1.2,380390000.0,411292000.0,0.345,411292000.0,380390000.0,372466000.0,3.64,3.5,3.64,922243000.0,872360750.0,922243000.0,6795560002.0,18.0,16.522,199783000.0,3.113,1.0,1158981000.0,0.973,483982000.0,7924000.0,1133586000.0,1025395000.0,0.0,298668000.0,,,916143000.0,,,6942074002.0,26550000.0,-275218000.0,-61619000.0,132141000.0,-76606000.0,-4268000.0,-219786000.0,6102000.0,254937000.0,-4333000.0,233908000.0,233908000.0,233908000.0,0.0,3289000.0,0.196,818440000.0,340541000.0,75779000.0,0.33,7.527,29.679,29.802,129451000.0,0.0,108.48,5.827,5.844,339578000.0,806884000.0,1191386000.0,1191386000.0,0.0,0.142,0.268,0.371,0.319,74417000.0,769383000.0,1.0,63994045.0,64182766.0,66875149.0,18.562,1364018000.0,46980000.0,138558000.0,0.0,21.252,
16,BLK,MRY,2004-12-31,2004-12-31,2004-12-31,2021-08-05,8254000.0,1145235000.0,1024532500.0,,,0.708,12.064,-25592000.0,457673000.0,457673000.0,42943000.0,143141000.0,,0.468,4810000.0,,,4810000.0,0.0,20686000.0,0.0,0.013,1.0,196240000.0,216926000.0,0.299,216926000.0,196240000.0,195405000.0,2.25,2.17,2.25,768352000.0,745376250.0,768352000.0,4536306189.0,23.0,20.912,205766000.0,3.231,1.0,682368000.0,0.941,184110000.0,835000.0,508262000.0,482054250.0,0.0,227497000.0,,,359714000.0,,,4915737189.0,141732000.0,6338000.0,-42238000.0,0.0,-63660000.0,-99640000.0,7027000.0,26281000.0,231358000.0,2987000.0,143141000.0,143141000.0,143141000.0,0.0,0.0,0.197,398182000.0,284186000.0,30817000.0,0.444,6.398,34.342,34.338,93701000.0,0.0,77.26,6.777,6.784,154944000.0,650016000.0,725311000.0,725311000.0,0.0,0.14,0.192,0.407,0.271,100401000.0,391138000.0,1.0,63625902.0,63688955.0,65960473.0,11.388,961125000.0,0.0,52264000.0,0.0,15.091,
17,BLK,MRY,2003-12-31,2003-12-31,2003-12-31,2021-08-05,6027000.0,967223000.0,1547272500.0,,,0.387,11.033,-13453000.0,315941000.0,315941000.0,32773000.0,155402000.0,,0.354,0.0,,,0.0,0.0,21366000.0,0.0,0.008,0.4,251369000.0,272735000.0,0.456,272735000.0,251369000.0,250649000.0,2.4,2.36,2.4,713308000.0,696689250.0,713308000.0,5054235549.0,20.0,18.532,166142000.0,2.57,1.0,565439000.0,0.945,192079000.0,720000.0,459203000.0,1596838250.0,0.0,234923000.0,,,252676000.0,,,3408548549.0,60707000.0,-8930000.0,-75880000.0,0.0,-25614000.0,-102336000.0,-19649000.0,2734000.0,179595000.0,3097000.0,155402000.0,155402000.0,155402000.0,0.0,0.0,0.26,229830000.0,335609000.0,40668000.0,0.167,4.779,21.934,22.129,87006000.0,0.0,53.11,5.698,5.74,127316000.0,570535000.0,598212000.0,598212000.0,0.0,0.1,0.223,0.157,0.42,12857000.0,228905000.0,1.0,64179035.0,64653352.0,65860368.0,9.253,775144000.0,0.0,95247000.0,0.0,11.989,
18,BLK,MRY,2002-12-31,2002-12-31,2002-12-31,2021-08-05,231000.0,864188000.0,763675000.0,,,0.756,9.801,-42827000.0,255234000.0,255234000.0,0.0,133249000.0,,0.362,0.0,,,0.0,0.0,20238000.0,0.0,0.0,0.0,224631000.0,244869000.0,0.424,244869000.0,224631000.0,223948000.0,2.06,2.04,2.06,634654000.0,578700000.0,634654000.0,2340499186.0,10.0,9.558,127347000.0,1.967,1.0,576977000.0,1.0,182827000.0,683000.0,426127000.0,394437000.0,0.0,210559000.0,,,229534000.0,,,2554174186.0,68783000.0,-1733000.0,-7406000.0,0.0,0.0,-8172000.0,-94934000.0,-50374000.0,170174000.0,1715000.0,133249000.0,133249000.0,133249000.0,0.0,0.0,0.231,321534000.0,255443000.0,23977000.0,0.0,4.025,19.168,19.126,93923000.0,0.0,39.4,4.427,4.422,114070000.0,440747000.0,576977000.0,576977000.0,0.0,0.174,0.23,0.569,0.389,12605000.0,238647000.0,1.0,64826756.0,64756290.0,65307548.0,8.91,681361000.0,0.0,90699000.0,0.0,10.522,
19,BLK,MRY,2001-12-31,2001-12-31,2001-12-31,2021-08-05,-3537000.0,684478000.0,599981250.0,,,0.889,7.563,-40479000.0,186451000.0,186451000.0,0.0,107434000.0,,0.408,0.0,,,0.0,0.0,26021000.0,0.0,0.0,0.0,181752000.0,207773000.0,0.39,207773000.0,181752000.0,180991000.0,1.67,1.65,1.67,486117000.0,443581250.0,486117000.0,2532288212.0,14.0,12.188,126894000.0,1.974,1.0,533144000.0,1.0,181688000.0,761000.0,316339000.0,268400750.0,0.0,139126000.0,,,198361000.0,,,2685120212.0,-6139000.0,0.0,-5467000.0,0.0,0.0,-6163000.0,-167055000.0,-126576000.0,167373000.0,-294000.0,107434000.0,107434000.0,107434000.0,0.0,0.0,0.202,302139000.0,231005000.0,15972000.0,0.0,5.524,24.993,24.97,70510000.0,0.0,41.7,5.036,5.027,96659000.0,307498000.0,533144000.0,533144000.0,0.0,0.179,0.242,0.677,0.341,10112000.0,223116000.0,1.0,64391372.0,64271538.0,64926199.0,8.295,502790000.0,0.0,73557000.0,0.0,7.823,
20,BLK,MRY,2000-12-31,2000-12-31,2000-12-31,2021-08-05,-2477000.0,537003000.0,462914250.0,,,1.03,5.764,-32761000.0,192590000.0,192590000.0,0.0,87361000.0,,0.458,0.0,,,0.0,0.0,19995000.0,0.0,0.0,0.0,150772000.0,170767000.0,0.358,170767000.0,150772000.0,149917000.0,1.37,1.35,1.37,368241000.0,333245500.0,368241000.0,2526277656.0,17.0,14.794,75846000.0,1.187,1.0,476872000.0,1.0,192142000.0,855000.0,152271000.0,129680750.0,0.0,13316000.0,,,168762000.0,,,2685205656.0,35461000.0,0.0,1122000.0,-28200000.0,0.0,-27078000.0,-45660000.0,-12899000.0,108607000.0,-408000.0,87361000.0,87361000.0,87361000.0,0.0,0.0,0.183,333834000.0,143038000.0,14750000.0,0.0,7.292,30.737,30.657,45598000.0,0.0,42.0,5.631,5.627,83284000.0,200064000.0,476872000.0,476872000.0,0.0,0.189,0.262,1.163,0.316,1478000.0,197443000.0,1.0,63933468.0,63886353.0,64590707.0,7.464,344861000.0,0.0,62556000.0,0.0,5.398,
21,BLK,MRY,1999-12-31,1999-12-31,1999-12-31,2021-08-05,-231000.0,447582000.0,444183000.0,,,0.858,4.917,-18925000.0,157129000.0,157129000.0,0.0,59417000.0,,0.596,28200000.0,,,28200000.0,0.0,18153000.0,0.0,0.0,0.0,114388000.0,132541000.0,0.348,132541000.0,114388000.0,103450000.0,1.04,1.04,1.04,280526000.0,193358500.0,280526000.0,1092509727.0,10.0,8.243,97401000.0,1.707,1.0,380981000.0,1.0,194257000.0,10938000.0,124396000.0,222410000.0,0.0,2255000.0,,,167056000.0,,,1097828727.0,43679000.0,0.0,115049000.0,-168800000.0,0.0,-53751000.0,-18896000.0,29000.0,116326000.0,0.0,59417000.0,59417000.0,59417000.0,0.0,0.0,0.156,270038000.0,110943000.0,33476000.0,0.0,3.913,18.477,16.529,22677000.0,0.0,17.19,2.882,2.574,65837000.0,112703000.0,380981000.0,380981000.0,0.0,0.134,0.307,0.514,0.3,100000.0,145647000.0,1.0,63864382.0,57057014.0,57268912.0,6.677,253325000.0,0.0,44033000.0,0.0,4.44,
22,BLK,MRY,1998-12-31,1998-12-31,1998-12-31,2021-08-05,0.0,440784000.0,388145500.0,,,0.875,1.985,-8414000.0,113450000.0,113450000.0,0.0,35615000.0,,3.151,197000000.0,,,197000000.0,0.0,12852000.0,0.0,,0.0,81357000.0,94209000.0,0.278,94209000.0,81357000.0,68010000.0,0.67,0.66,0.67,106191000.0,75577000.0,106191000.0,,,,45321000.0,0.847,1.0,339482000.0,1.0,203910000.0,13347000.0,320424000.0,299257500.0,0.0,2515000.0,,,334593000.0,,,,44365000.0,0.0,34014000.0,-28232000.0,0.0,-4356000.0,-5014000.0,3400000.0,53735000.0,0.0,35615000.0,35615000.0,35615000.0,0.0,0.0,0.105,260120000.0,79362000.0,16478000.0,0.0,,,,12252000.0,0.0,,,,106656000.0,53286000.0,339482000.0,339482000.0,0.0,0.092,0.471,0.272,0.24,1737000.0,114407000.0,1.0,,53507051.0,53682204.0,6.345,236874000.0,0.0,32395000.0,0.0,4.427,
23,BLK,MRY,1997-12-31,1997-12-31,1997-12-31,2021-08-05,0.0,335507000.0,,,,,0.997,-2165000.0,69085000.0,69085000.0,0.0,22086000.0,,6.462,225232000.0,,,225232000.0,0.0,12151000.0,0.0,,0.0,58990000.0,71141000.0,0.346,71141000.0,58990000.0,38741000.0,0.49,0.49,0.49,44963000.0,,44963000.0,,,,45030000.0,0.998,1.0,205473000.0,1.0,213563000.0,20249000.0,278091000.0,,0.0,5915000.0,,,290544000.0,,,,3818000.0,0.0,0.0,-30627000.0,0.0,-40422000.0,-2955000.0,-790000.0,47195000.0,0.0,22086000.0,22086000.0,22086000.0,0.0,0.0,0.107,149600000.0,55873000.0,7926000.0,0.0,,,,7037000.0,0.0,,,,37714000.0,29872000.0,205473000.0,205473000.0,0.0,,,,0.287,0.0,77117000.0,1.0,,45100000.0,45100000.0,4.556,121944000.0,0.0,16655000.0,0.0,2.704,
24,BLK,MRY,1996-12-31,1996-12-31,1996-12-31,2021-08-05,,,,,,,,-4155000.0,,,0.0,8963000.0,,,,,,,,11700000.0,,,0.0,35536000.0,47236000.0,0.322,47236000.0,35536000.0,17438000.0,,,,,,,,,,13768000.0,,1.0,146478000.0,1.0,,18098000.0,,,,,,,,,,,35038000.0,0.0,0.0,19876000.0,0.0,20796000.0,-3681000.0,474000.0,17923000.0,0.0,8963000.0,8963000.0,8963000.0,0.0,0.0,0.061,91331000.0,55147000.0,,,,,,,0.0,,,,,,146478000.0,146478000.0,0.0,,,,0.243,0.0,61262000.0,1.0,,,,,,,8475000.0,,,
0,BLK,MRQ,2021-06-30,2021-06-30,2021-06-30,2021-08-05,-388000000.0,176962000000.0,,,,,236.37,-130000000.0,6416000000.0,6416000000.0,843000000.0,1547000000.0,,3.846,6491000000.0,,,6491000000.0,0.0,133000000.0,0.0,0.018,4.13,2084000000.0,2217000000.0,0.46,2217000000.0,2084000000.0,2032000000.0,9.04,8.92,9.04,36033000000.0,,36033000000.0,134421025083.0,18.0,16.638,1696000000.0,11.125,1.0,3977000000.0,0.825,33876000000.0,52000000.0,143161000000.0,,0.0,23765000000.0,,,138572000000.0,,,133456025083.0,73000000.0,-35000000.0,-305000000.0,-745000000.0,-630000000.0,-1475000000.0,-285000000.0,-120000000.0,1826000000.0,7000000.0,1378000000.0,1378000000.0,1378000000.0,0.0,169000000.0,0.286,2046000000.0,1931000000.0,1238000000.0,0.457,3.704,24.313,24.325,741000000.0,0.0,874.97,7.388,7.384,3790000000.0,25620000000.0,4820000000.0,4820000000.0,0.0,,,,,182000000.0,2009000000.0,1.0,152526401.0,152443039.0,154417581.0,31.618,143086000000.0,0.0,654000000.0,3907000000.0,938.619,
1,BLK,MRQ,2021-03-31,2021-03-31,2021-03-31,2021-08-05,-411000000.0,173859000000.0,,,,,231.897,-48000000.0,6267000000.0,6267000000.0,825000000.0,1273000000.0,,3.845,7232000000.0,,,7232000000.0,0.0,128000000.0,0.0,0.02,4.13,1572000000.0,1700000000.0,0.387,1700000000.0,1572000000.0,1517000000.0,7.86,7.77,7.86,35380000000.0,,35380000000.0,113679820562.0,16.0,14.954,-621000000.0,-4.07,1.0,3573000000.0,0.812,33864000000.0,55000000.0,140960000000.0,,0.0,22856000000.0,,,136019000000.0,,,115079820562.0,-2321000000.0,-1062000000.0,-568000000.0,13000000.0,-661000000.0,-591000000.0,-1150000000.0,-40000000.0,-573000000.0,-7000000.0,1199000000.0,1199000000.0,1199000000.0,0.0,74000000.0,0.273,2028000000.0,1545000000.0,1196000000.0,0.525,3.253,21.611,21.647,671000000.0,0.0,753.96,6.812,6.809,3825000000.0,24872000000.0,4398000000.0,4398000000.0,0.0,,,,,196000000.0,1994000000.0,1.0,152633854.0,152567453.0,154301812.0,28.827,139995000000.0,0.0,318000000.0,3794000000.0,917.594,
2,BLK,MRQ,2020-12-31,2020-12-31,2020-12-31,2021-08-05,-337000000.0,176982000000.0,,,,,231.352,-54000000.0,8664000000.0,8664000000.0,788000000.0,1740000000.0,,3.949,7264000000.0,,,7264000000.0,0.0,134000000.0,0.0,0.02,3.63,2029000000.0,2163000000.0,0.483,2163000000.0,2029000000.0,1975000000.0,10.13,10.01,10.13,35283000000.0,,35283000000.0,110762575529.0,17.0,16.167,1925000000.0,12.622,1.0,3690000000.0,0.824,32814000000.0,54000000.0,142768000000.0,,0.0,23426000000.0,,,139326000000.0,,,110042575529.0,2157000000.0,0.0,-17000000.0,13000000.0,-554000000.0,138000000.0,-77000000.0,-23000000.0,1979000000.0,117000000.0,1548000000.0,1548000000.0,1548000000.0,0.0,192000000.0,0.346,1842000000.0,1848000000.0,1028000000.0,0.358,3.119,22.312,22.457,681000000.0,0.0,721.54,6.791,6.834,3535000000.0,24334000000.0,4478000000.0,4478000000.0,0.0,,,,,164000000.0,1815000000.0,1.0,152510707.0,152508056.0,154482892.0,29.362,144168000000.0,0.0,427000000.0,3673000000.0,945.314,
3,BLK,MRQ,2020-09-30,2020-09-30,2020-09-30,2021-08-05,-601000000.0,165118000000.0,,,,,222.135,-40000000.0,6507000000.0,6507000000.0,713000000.0,1517000000.0,,3.811,7227000000.0,,,7227000000.0,0.0,117000000.0,0.0,0.025,3.63,1882000000.0,1999000000.0,0.458,1999000000.0,1882000000.0,1828000000.0,8.94,8.87,8.94,33873000000.0,,33873000000.0,87656109674.0,15.0,13.588,955000000.0,6.263,1.0,3656000000.0,0.837,32844000000.0,54000000.0,132994000000.0,,0.0,21444000000.0,,,129102000000.0,,,85932109674.0,1041000000.0,0.0,-10000000.0,8000000.0,-556000000.0,0.0,-19000000.0,21000000.0,995000000.0,65000000.0,1364000000.0,1364000000.0,1364000000.0,0.0,153000000.0,0.312,1899000000.0,1757000000.0,988000000.0,0.406,2.537,18.342,18.532,693000000.0,0.0,563.55,5.472,5.472,3706000000.0,23340000000.0,4369000000.0,4369000000.0,0.0,,,,,160000000.0,1872000000.0,1.0,152483559.0,152488073.0,153742264.0,28.651,132274000000.0,0.0,464000000.0,3742000000.0,867.438,
4,BLK,MRQ,2020-06-30,2020-06-30,2020-06-30,2021-08-05,-781000000.0,157342000000.0,,,,,212.902,-48000000.0,5466000000.0,5466000000.0,675000000.0,1402000000.0,,3.767,7190000000.0,,,7190000000.0,0.0,114000000.0,0.0,0.025,3.63,1626000000.0,1740000000.0,0.477,1740000000.0,1626000000.0,1575000000.0,7.9,7.85,7.9,32730000000.0,,32730000000.0,85459505708.0,15.0,14.077,1659000000.0,10.791,1.0,2973000000.0,0.815,32873000000.0,51000000.0,126193000000.0,,0.0,19538000000.0,,,123308000000.0,,,83932505708.0,1060000000.0,0.0,-1125000000.0,1254000000.0,-554000000.0,-522000000.0,-124000000.0,-76000000.0,1707000000.0,-1000000.0,1214000000.0,1214000000.0,1214000000.0,0.0,188000000.0,0.333,1567000000.0,1406000000.0,914000000.0,0.459,2.564,18.904,18.971,697000000.0,0.0,544.09,5.585,5.566,2990000000.0,22532000000.0,3648000000.0,3648000000.0,0.0,,,,,149000000.0,1540000000.0,1.0,154262173.0,153732878.0,154712032.0,23.729,124469000000.0,0.0,361000000.0,3664000000.0,809.645,
5,BLK,MRQ,2020-03-31,2020-03-31,2020-03-31,2021-08-05,-810000000.0,149020000000.0,,,,,212.653,-52000000.0,4406000000.0,4406000000.0,722000000.0,627000000.0,,3.469,5933000000.0,,,5933000000.0,0.0,111000000.0,0.0,0.031,3.63,838000000.0,949000000.0,0.256,949000000.0,838000000.0,792000000.0,5.19,5.15,5.19,33013000000.0,,33013000000.0,68245470134.0,13.0,11.75,-990000000.0,-6.377,1.0,2988000000.0,0.805,32903000000.0,46000000.0,117644000000.0,,0.0,20017000000.0,,,114510000000.0,,,68119470134.0,-423000000.0,0.0,-657000000.0,1021000000.0,-596000000.0,628000000.0,-34000000.0,18000000.0,-938000000.0,-79000000.0,806000000.0,806000000.0,806000000.0,0.0,-179000000.0,0.217,2304000000.0,684000000.0,982000000.0,0.699,2.063,16.108,16.152,714000000.0,0.0,439.97,4.571,4.583,3095000000.0,21872000000.0,3710000000.0,3710000000.0,0.0,,,,,149000000.0,2279000000.0,1.0,154827534.0,155243279.0,156416726.0,23.898,116117000000.0,0.0,-14000000.0,3610000000.0,747.968,
6,BLK,MRQ,2019-12-31,2019-12-31,2019-12-31,2021-08-05,-571000000.0,168622000000.0,,,,,216.172,-94000000.0,4829000000.0,4829000000.0,683000000.0,1334000000.0,,3.985,4955000000.0,,,4955000000.0,0.0,111000000.0,0.0,0.026,3.3,1652000000.0,1763000000.0,0.443,1763000000.0,1652000000.0,1601000000.0,8.38,8.26,8.38,33547000000.0,,33547000000.0,79113153906.0,13.0,12.469,1162000000.0,7.488,1.0,3294000000.0,0.828,32931000000.0,51000000.0,135817000000.0,,0.0,20955000000.0,,,133693000000.0,,,77602153906.0,222000000.0,0.0,-7000000.0,-991000000.0,-512000000.0,-1214000000.0,93000000.0,187000000.0,1256000000.0,87000000.0,1301000000.0,1301000000.0,1301000000.0,0.0,33000000.0,0.327,1756000000.0,1538000000.0,1167000000.0,0.394,2.313,17.337,17.522,715000000.0,0.0,502.7,5.338,5.394,3179000000.0,21662000000.0,3977000000.0,3977000000.0,0.0,,,,,140000000.0,1727000000.0,1.0,154370706.0,155186736.0,157680316.0,25.627,135691000000.0,0.0,300000000.0,3734000000.0,874.372,
7,BLK,MRQ,2019-09-30,2019-09-30,2019-09-30,2021-08-05,-784000000.0,163872000000.0,,,,,208.699,-55000000.0,4607000000.0,4607000000.0,666000000.0,1119000000.0,,4.02,6118000000.0,,,6118000000.0,0.0,105000000.0,0.0,0.029,3.3,1514000000.0,1619000000.0,0.439,1619000000.0,1514000000.0,1460000000.0,7.21,7.15,7.21,32407000000.0,,32407000000.0,70967260656.0,13.0,12.115,876000000.0,5.641,1.0,3026000000.0,0.82,32959000000.0,54000000.0,132424000000.0,,0.0,23714000000.0,,,130268000000.0,,,68884260656.0,584000000.0,-4000000.0,-109000000.0,44000000.0,-513000000.0,139000000.0,-444000000.0,-385000000.0,931000000.0,-42000000.0,1119000000.0,1119000000.0,1119000000.0,0.0,0.0,0.303,1524000000.0,1502000000.0,1252000000.0,0.458,2.126,16.793,17.029,669000000.0,0.0,445.64,4.922,4.944,3026000000.0,20873000000.0,3692000000.0,3692000000.0,0.0,,,,,133000000.0,1496000000.0,1.0,154573783.0,155280877.0,156447387.0,23.776,130913000000.0,0.0,341000000.0,3792000000.0,843.072,
8,BLK,MRQ,2019-06-30,2019-06-30,2019-06-30,2021-08-05,-664000000.0,163347000000.0,,,,,205.292,-47000000.0,4023000000.0,4023000000.0,668000000.0,1013000000.0,,4.098,6106000000.0,,,6106000000.0,0.0,100000000.0,0.0,0.028,3.3,1377000000.0,1477000000.0,0.419,1477000000.0,1377000000.0,1325000000.0,6.46,6.41,6.46,31893000000.0,,31893000000.0,73556064314.0,13.0,12.717,875000000.0,5.632,1.0,2856000000.0,0.81,32988000000.0,52000000.0,132442000000.0,,0.0,22866000000.0,,,130687000000.0,,,72517064314.0,-38000000.0,-1506000000.0,-7000000.0,1000000000.0,-515000000.0,604000000.0,-1545000000.0,8000000.0,922000000.0,-19000000.0,1003000000.0,1003000000.0,1003000000.0,0.0,10000000.0,0.285,1578000000.0,1278000000.0,1277000000.0,0.511,2.274,17.27,17.676,659000000.0,0.0,469.3,5.225,5.253,2863000000.0,20267000000.0,3524000000.0,3524000000.0,0.0,,,,,140000000.0,1553000000.0,1.0,154521765.0,155354552.0,156360741.0,22.684,130359000000.0,0.0,322000000.0,3825000000.0,839.106,
9,BLK,MRQ,2019-03-31,2019-03-31,2019-03-31,2021-08-05,-623000000.0,165008000000.0,,,,,197.823,-58000000.0,4061000000.0,4061000000.0,646000000.0,1060000000.0,,4.236,5100000000.0,,,5100000000.0,0.0,89000000.0,0.0,0.029,3.3,1397000000.0,1486000000.0,0.444,1486000000.0,1397000000.0,1351000000.0,6.65,6.61,6.65,31309000000.0,,31309000000.0,66113107634.0,12.0,11.364,-283000000.0,-1.788,1.0,2700000000.0,0.807,31348000000.0,46000000.0,134699000000.0,,0.0,25300000000.0,,,132637000000.0,,,67538107634.0,-2427000000.0,0.0,-1788000000.0,50000000.0,-556000000.0,-2112000000.0,-118000000.0,-60000000.0,-225000000.0,28000000.0,1053000000.0,1053000000.0,1053000000.0,0.0,7000000.0,0.315,1467000000.0,1233000000.0,1225000000.0,0.496,2.157,15.821,15.97,656000000.0,0.0,427.37,4.838,4.845,2771000000.0,19779000000.0,3346000000.0,3346000000.0,0.0,,,,,154000000.0,1452000000.0,1.0,158031934.0,158268034.0,159348431.0,21.141,133660000000.0,0.0,298000000.0,3654000000.0,844.517,
10,BLK,MRQ,2018-12-31,2018-12-31,2018-12-31,2021-08-05,-691000000.0,159573000000.0,,,,,203.81,-96000000.0,6488000000.0,6488000000.0,644000000.0,927000000.0,,3.893,4979000000.0,,,4979000000.0,0.0,56000000.0,0.0,0.031,3.203,1220000000.0,1276000000.0,0.372,1276000000.0,1220000000.0,1174000000.0,5.85,5.75,5.85,32374000000.0,,32374000000.0,60407540579.0,11.0,10.442,427000000.0,2.688,1.0,2790000000.0,0.812,31365000000.0,46000000.0,126699000000.0,,0.0,25131000000.0,,,126033000000.0,,,61952540579.0,-92000000.0,52000000.0,-532000000.0,40000000.0,-497000000.0,-472000000.0,-108000000.0,-64000000.0,523000000.0,-35000000.0,927000000.0,927000000.0,927000000.0,0.0,0.0,0.27,1544000000.0,1246000000.0,1292000000.0,0.548,1.914,14.391,14.625,643000000.0,0.0,392.82,4.363,4.435,2657000000.0,19282000000.0,3434000000.0,3434000000.0,0.0,,,,,133000000.0,1469000000.0,1.0,157712287.0,158844160.0,161372291.0,21.619,128208000000.0,0.0,247000000.0,3571000000.0,807.131,
11,BLK,MRQ,2018-09-30,2018-09-30,2018-09-30,2021-08-05,-616000000.0,174862000000.0,,,,,202.415,-45000000.0,6580000000.0,6580000000.0,657000000.0,1203000000.0,,4.374,5035000000.0,,,5035000000.0,0.0,57000000.0,0.0,0.024,3.13,1488000000.0,1545000000.0,0.432,1545000000.0,1488000000.0,1442000000.0,7.59,7.54,7.59,32415000000.0,,32415000000.0,73486674402.0,13.0,12.077,1220000000.0,7.618,1.0,2919000000.0,0.816,31380000000.0,46000000.0,141937000000.0,,0.0,23552000000.0,,,141789000000.0,,,75216674402.0,-144000000.0,-699000000.0,-515000000.0,0.0,-502000000.0,-820000000.0,-558000000.0,186000000.0,1265000000.0,-31000000.0,1216000000.0,1216000000.0,1216000000.0,0.0,-13000000.0,0.34,1523000000.0,1396000000.0,1403000000.0,0.412,2.32,13.259,13.39,588000000.0,0.0,471.33,5.177,5.195,2682000000.0,18852000000.0,3576000000.0,3576000000.0,0.0,,,,,121000000.0,1510000000.0,1.0,159583889.0,160141506.0,161378217.0,22.33,143482000000.0,0.0,226000000.0,3555000000.0,895.97,
12,BLK,MRQ,2018-06-30,2018-06-30,2018-06-30,2021-08-05,-575000000.0,195549000000.0,,,,,199.589,-30000000.0,6724000000.0,6724000000.0,679000000.0,1078000000.0,,5.063,4994000000.0,,,4994000000.0,0.0,54000000.0,0.0,0.022,2.88,1457000000.0,1511000000.0,0.419,1511000000.0,1457000000.0,1411000000.0,6.67,6.62,6.67,32130000000.0,,32130000000.0,78886065130.0,14.0,13.065,1398000000.0,8.684,1.0,2926000000.0,0.812,30582000000.0,46000000.0,163237000000.0,,0.0,26656000000.0,,,162679000000.0,,,79931065130.0,598000000.0,1000000.0,-321000000.0,0.0,-464000000.0,-599000000.0,-89000000.0,-60000000.0,1428000000.0,-142000000.0,1073000000.0,1073000000.0,1073000000.0,0.0,5000000.0,0.298,1486000000.0,1440000000.0,1216000000.0,0.432,2.488,14.799,14.923,581000000.0,0.0,499.04,5.528,5.556,2567000000.0,18138000000.0,3605000000.0,3605000000.0,0.0,,,,,135000000.0,1475000000.0,1.0,160169656.0,160980960.0,162161937.0,22.394,164967000000.0,0.0,338000000.0,3511000000.0,1024.761,
13,BLK,MRQ,2018-03-31,2018-03-31,2018-03-31,2021-08-05,-301000000.0,216017000000.0,,,,,198.313,-33000000.0,6081000000.0,6081000000.0,693000000.0,1094000000.0,,5.736,5036000000.0,,,5036000000.0,0.0,53000000.0,0.0,0.019,2.88,1400000000.0,1453000000.0,0.406,1453000000.0,1400000000.0,1354000000.0,6.75,6.68,6.75,31978000000.0,,31978000000.0,85040544457.0,15.0,14.5,-174000000.0,-1.079,1.0,2890000000.0,0.807,30595000000.0,46000000.0,184377000000.0,,0.0,30934000000.0,,,183434000000.0,,,87064544457.0,-953000000.0,-53000000.0,-719000000.0,0.0,-505000000.0,-874000000.0,-53000000.0,33000000.0,-141000000.0,115000000.0,1089000000.0,1089000000.0,1089000000.0,0.0,5000000.0,0.304,1515000000.0,1375000000.0,1421000000.0,0.427,2.723,16.801,16.913,589000000.0,0.0,541.72,6.179,6.199,2677000000.0,17529000000.0,3583000000.0,3583000000.0,0.0,,,,,175000000.0,1504000000.0,1.0,160718719.0,161250018.0,162918961.0,22.22,185422000000.0,0.0,265000000.0,3516000000.0,1149.904,
14,BLK,MRQ,2017-12-31,2017-12-31,2017-12-31,2021-08-05,-432000000.0,220241000000.0,,,,,197.181,-55000000.0,7038000000.0,7038000000.0,670000000.0,2301000000.0,,5.912,5014000000.0,,,5014000000.0,0.0,50000000.0,0.0,0.019,2.5,1526000000.0,1576000000.0,0.419,1576000000.0,1526000000.0,1480000000.0,14.19,13.95,14.19,31798000000.0,,31798000000.0,81117234427.0,15.0,14.314,1355000000.0,8.402,1.0,3094000000.0,0.822,30609000000.0,46000000.0,187608000000.0,,0.0,27664000000.0,,,187977000000.0,,,82364234427.0,797000000.0,56000000.0,-288000000.0,0.0,-403000000.0,-547000000.0,-97000000.0,-98000000.0,1410000000.0,31000000.0,2295000000.0,2295000000.0,2295000000.0,0.0,6000000.0,0.61,1609000000.0,1485000000.0,1161000000.0,0.176,2.59,16.633,16.821,592000000.0,0.0,513.71,6.056,6.125,2699000000.0,16939000000.0,3764000000.0,3764000000.0,0.0,,,,,125000000.0,1597000000.0,1.0,160332161.0,161263193.0,164793014.0,23.341,189632000000.0,0.0,-815000000.0,3527000000.0,1175.916,
15,BLK,MRQ,2017-09-30,2017-09-30,2017-09-30,2021-08-05,-473000000.0,220567000000.0,,,,,185.59,-45000000.0,6247000000.0,6247000000.0,650000000.0,956000000.0,,6.329,5000000000.0,,,5000000000.0,0.0,65000000.0,0.0,0.022,2.5,1433000000.0,1498000000.0,0.427,1498000000.0,1433000000.0,1387000000.0,5.83,5.76,5.83,30042000000.0,,30042000000.0,71359740755.0,14.0,13.242,1315000000.0,8.124,1.0,2858000000.0,0.815,30626000000.0,46000000.0,188694000000.0,,0.0,30645000000.0,,,190150000000.0,,,71971740755.0,670000000.0,-57000000.0,-287000000.0,0.0,-405000000.0,-620000000.0,-129000000.0,-27000000.0,1360000000.0,59000000.0,944000000.0,944000000.0,944000000.0,0.0,12000000.0,0.269,1469000000.0,1389000000.0,1652000000.0,0.429,2.396,20.54,20.756,571000000.0,0.0,447.09,5.203,5.232,3183000000.0,15065000000.0,3508000000.0,3508000000.0,0.0,,,,,127000000.0,1442000000.0,1.0,160978194.0,161872716.0,163773546.0,21.671,189941000000.0,0.0,443000000.0,4966000000.0,1173.397,
16,BLK,MRQ,2017-06-30,2017-06-30,2017-06-30,2021-08-05,-575000000.0,217488000000.0,,,,,181.874,-36000000.0,5582000000.0,5582000000.0,631000000.0,864000000.0,,6.348,4970000000.0,,,4970000000.0,0.0,62000000.0,0.0,0.023,2.5,1276000000.0,1338000000.0,0.413,1338000000.0,1276000000.0,1228000000.0,5.26,5.2,5.26,29555000000.0,,29555000000.0,68090061960.0,14.0,13.054,1308000000.0,8.049,1.0,2605000000.0,0.805,30622000000.0,48000000.0,186254000000.0,,0.0,29405000000.0,,,187601000000.0,,,68285061960.0,-202000000.0,-101000000.0,-284000000.0,-700000000.0,-407000000.0,-1283000000.0,-333000000.0,-196000000.0,1344000000.0,70000000.0,854000000.0,854000000.0,854000000.0,0.0,10000000.0,0.264,1368000000.0,1237000000.0,1520000000.0,0.475,2.31,19.879,20.077,549000000.0,0.0,422.41,5.188,5.216,2984000000.0,14523000000.0,3236000000.0,3236000000.0,0.0,,,,,128000000.0,1343000000.0,1.0,161655884.0,162502465.0,164149861.0,19.914,186866000000.0,0.0,374000000.0,4981000000.0,1149.927,
17,BLK,MRQ,2017-03-31,2017-03-31,2017-03-31,2021-08-05,-677000000.0,230586000000.0,,,,,178.853,-19000000.0,5814000000.0,5814000000.0,607000000.0,868000000.0,,6.896,5619000000.0,,,5619000000.0,0.0,63000000.0,0.0,0.024,2.5,1192000000.0,1255000000.0,0.406,1255000000.0,1192000000.0,1127000000.0,5.27,5.21,5.27,29156000000.0,,29156000000.0,60964863752.0,12.0,11.865,-183000000.0,-1.123,1.0,2485000000.0,0.804,30451000000.0,65000000.0,199940000000.0,,0.0,32992000000.0,,,201071000000.0,,,62224863752.0,-361000000.0,0.0,-562000000.0,697000000.0,-447000000.0,-180000000.0,-49000000.0,-30000000.0,-164000000.0,32000000.0,859000000.0,859000000.0,859000000.0,0.0,9000000.0,0.278,1342000000.0,1143000000.0,2000000000.0,0.474,2.134,18.464,18.644,546000000.0,0.0,383.51,4.888,4.912,3227000000.0,14073000000.0,3092000000.0,3092000000.0,0.0,,,,,162000000.0,1317000000.0,1.0,162250955.0,163016599.0,164856183.0,18.967,200135000000.0,0.0,268000000.0,5030000000.0,1227.697,
18,BLK,MRQ,2016-12-31,2016-12-31,2016-12-31,2021-08-05,-716000000.0,220177000000.0,,,,,178.041,-31000000.0,6175000000.0,6175000000.0,1435000000.0,847000000.0,,6.558,4915000000.0,,,4915000000.0,0.0,65000000.0,0.0,0.024,2.29,1233000000.0,1298000000.0,0.325,1298000000.0,1233000000.0,1182000000.0,5.18,5.1,5.18,29098000000.0,,29098000000.0,61019868546.0,13.0,12.39,1280000000.0,7.832,1.0,2561000000.0,0.641,30481000000.0,51000000.0,188436000000.0,,0.0,30395000000.0,,,190833000000.0,,,61673868546.0,573000000.0,0.0,-281000000.0,0.0,-374000000.0,-505000000.0,-128000000.0,-97000000.0,1311000000.0,-105000000.0,847000000.0,847000000.0,847000000.0,0.0,0.0,0.212,1341000000.0,1220000000.0,880000000.0,0.442,2.12,19.468,19.748,559000000.0,0.0,380.54,5.03,5.103,2115000000.0,13660000000.0,3996000000.0,3996000000.0,0.0,,,,,113000000.0,1317000000.0,1.0,162069345.0,163434367.0,166036272.0,24.45,189696000000.0,0.0,335000000.0,4840000000.0,1160.686,
19,BLK,MRQ,2016-09-30,2016-09-30,2016-09-30,2021-08-05,-598000000.0,226739000000.0,,,,,176.105,-21000000.0,5615000000.0,5615000000.0,322000000.0,877000000.0,,6.822,4961000000.0,,,4961000000.0,0.0,65000000.0,0.0,0.025,2.29,1260000000.0,1325000000.0,0.467,1325000000.0,1260000000.0,1208000000.0,5.33,5.26,5.33,28904000000.0,,28904000000.0,58676876786.0,13.0,12.024,1039000000.0,6.33,1.0,2515000000.0,0.886,30511000000.0,52000000.0,195574000000.0,,0.0,32981000000.0,,,197178000000.0,,,58963876786.0,389000000.0,0.0,-251000000.0,0.0,-376000000.0,-370000000.0,-269000000.0,-248000000.0,1060000000.0,-32000000.0,875000000.0,875000000.0,875000000.0,0.0,2000000.0,0.308,1306000000.0,1209000000.0,1354000000.0,0.43,2.04,18.53,18.8,564000000.0,0.0,362.46,5.299,5.346,2601000000.0,13183000000.0,2837000000.0,2837000000.0,0.0,,,,,119000000.0,1281000000.0,1.0,162676921.0,164129214.0,166256598.0,17.285,196228000000.0,0.0,333000000.0,4832000000.0,1195.57,
20,BLK,MRQ,2016-06-30,2016-06-30,2016-06-30,2021-08-05,-560000000.0,222055000000.0,,,,,173.393,-37000000.0,5237000000.0,5237000000.0,313000000.0,795000000.0,,6.752,4950000000.0,,,4950000000.0,0.0,67000000.0,0.0,0.026,2.29,1193000000.0,1260000000.0,0.449,1260000000.0,1193000000.0,1142000000.0,4.79,4.73,4.79,28568000000.0,,28568000000.0,55842009795.0,12.0,11.467,430000000.0,2.61,1.0,2491000000.0,0.888,30540000000.0,51000000.0,191228000000.0,,0.0,33383000000.0,,,192900000000.0,,,55958009795.0,84000000.0,-30000000.0,-279000000.0,0.0,-376000000.0,-263000000.0,-20000000.0,47000000.0,467000000.0,-100000000.0,789000000.0,789000000.0,789000000.0,0.0,6000000.0,0.281,1318000000.0,1173000000.0,1615000000.0,0.478,1.959,17.764,17.999,576000000.0,0.0,342.53,4.996,5.038,2885000000.0,12684000000.0,2804000000.0,2804000000.0,0.0,,,,,117000000.0,1293000000.0,1.0,163366741.0,164758612.0,166639290.0,17.019,191515000000.0,0.0,353000000.0,4899000000.0,1162.398,
21,BLK,MRQ,2016-03-31,2016-03-31,2016-03-31,2021-08-05,-474000000.0,222958000000.0,,,,,171.681,-30000000.0,5084000000.0,5084000000.0,295000000.0,647000000.0,,6.831,4968000000.0,,,4968000000.0,0.0,66000000.0,0.0,0.026,2.29,976000000.0,1042000000.0,0.397,1042000000.0,976000000.0,925000000.0,3.97,3.92,3.97,28394000000.0,,28394000000.0,54532670746.0,12.0,11.064,-595000000.0,-3.598,1.0,2329000000.0,0.888,30466000000.0,51000000.0,192376000000.0,,0.0,33149000000.0,,,193972000000.0,,,55833670746.0,-1102000000.0,0.0,-562000000.0,0.0,-419000000.0,-547000000.0,46000000.0,76000000.0,-565000000.0,-36000000.0,657000000.0,657000000.0,657000000.0,0.0,-10000000.0,0.25,1366000000.0,963000000.0,1385000000.0,0.577,1.966,17.558,17.775,581000000.0,0.0,340.57,4.94,4.984,2526000000.0,12271000000.0,2624000000.0,2624000000.0,0.0,,,,,172000000.0,1265000000.0,1.0,163941835.0,165388130.0,167398938.0,15.866,192492000000.0,0.0,268000000.0,4937000000.0,1163.88,
22,BLK,MRQ,2015-12-31,2015-12-31,2015-12-31,2021-08-05,-448000000.0,225261000000.0,,,,,171.891,-61000000.0,6231000000.0,6231000000.0,303000000.0,869000000.0,,6.884,4930000000.0,,,4930000000.0,0.0,62000000.0,0.0,0.026,2.18,1191000000.0,1253000000.0,0.438,1253000000.0,1191000000.0,1140000000.0,5.19,5.11,5.19,28503000000.0,,28503000000.0,55043740061.0,11.0,10.806,1096000000.0,6.61,1.0,2560000000.0,0.894,30495000000.0,51000000.0,193465000000.0,,0.0,33944000000.0,,,196217000000.0,,,55842740061.0,410000000.0,-185000000.0,-231000000.0,0.0,-361000000.0,-364000000.0,-323000000.0,-77000000.0,1157000000.0,-60000000.0,861000000.0,861000000.0,861000000.0,0.0,8000000.0,0.301,1423000000.0,1137000000.0,1068000000.0,0.42,1.959,16.694,16.941,581000000.0,0.0,340.52,4.898,4.97,2237000000.0,12033000000.0,2863000000.0,2863000000.0,0.0,,,,,117000000.0,1399000000.0,1.0,163992541.0,165820621.0,168682720.0,17.266,194766000000.0,0.0,279000000.0,4851000000.0,1174.558,
23,BLK,MRQ,2015-09-30,2015-09-30,2015-09-30,2021-08-05,-408000000.0,222216000000.0,,,,,169.448,-26000000.0,5749000000.0,5749000000.0,312000000.0,832000000.0,,6.886,4950000000.0,,,4950000000.0,0.0,80000000.0,0.0,0.028,2.18,1235000000.0,1315000000.0,0.452,1315000000.0,1235000000.0,1185000000.0,5.08,5.0,5.08,28136000000.0,,28136000000.0,48652934484.0,10.0,9.604,1325000000.0,7.98,1.0,2598000000.0,0.893,30325000000.0,50000000.0,191092000000.0,,0.0,33072000000.0,,,193735000000.0,,,48676934484.0,766000000.0,0.0,-197000000.0,0.0,-362000000.0,-509000000.0,-37000000.0,-11000000.0,1351000000.0,-39000000.0,843000000.0,843000000.0,843000000.0,0.0,-11000000.0,0.29,1376000000.0,1222000000.0,1343000000.0,0.429,1.73,14.764,15.039,543000000.0,0.0,297.47,4.299,4.363,2542000000.0,11533000000.0,2910000000.0,2910000000.0,0.0,,,,,128000000.0,1342000000.0,1.0,163636449.0,166045291.0,168665303.0,17.525,191891000000.0,0.0,342000000.0,4921000000.0,1155.655,
24,BLK,MRQ,2015-06-30,2015-06-30,2015-06-30,2021-08-05,-339000000.0,237008000000.0,,,,,166.706,-36000000.0,4971000000.0,4971000000.0,308000000.0,826000000.0,,7.52,4947000000.0,,,4947000000.0,0.0,77000000.0,0.0,0.024,2.18,1242000000.0,1319000000.0,0.454,1319000000.0,1242000000.0,1190000000.0,4.92,4.84,4.92,27776000000.0,,27776000000.0,61283931559.0,13.0,12.147,969000000.0,5.816,1.0,2597000000.0,0.894,30364000000.0,52000000.0,206620000000.0,,0.0,34774000000.0,,,208878000000.0,,,56953931559.0,630000000.0,0.0,-279000000.0,37000000.0,-364000000.0,-475000000.0,23000000.0,59000000.0,1005000000.0,77000000.0,819000000.0,819000000.0,819000000.0,0.0,7000000.0,0.282,1359000000.0,1238000000.0,1284000000.0,0.443,2.05,16.895,17.162,545000000.0,0.0,345.98,5.058,5.119,2347000000.0,11052000000.0,2905000000.0,2905000000.0,0.0,,,,,126000000.0,1324000000.0,1.0,164616254.0,166616558.0,169114759.0,17.435,206644000000.0,0.0,371000000.0,4999000000.0,1240.237,
25,BLK,MRQ,2015-03-31,2015-03-31,2015-03-31,2021-08-05,-439000000.0,242714000000.0,,,,,163.835,-98000000.0,4572000000.0,4572000000.0,301000000.0,825000000.0,,7.856,8902000000.0,,,8902000000.0,0.0,76000000.0,0.0,0.022,2.18,1131000000.0,1207000000.0,0.443,1207000000.0,1131000000.0,1080000000.0,4.92,4.84,4.92,27375000000.0,,27375000000.0,62837786785.0,13.0,12.626,-607000000.0,-3.633,1.0,2422000000.0,0.889,30404000000.0,51000000.0,216640000000.0,,0.0,41466000000.0,,,215058000000.0,,,60511786785.0,-1446000000.0,-88000000.0,-498000000.0,0.0,-389000000.0,-716000000.0,-128000000.0,58000000.0,-509000000.0,-93000000.0,822000000.0,822000000.0,822000000.0,0.0,3000000.0,0.302,1355000000.0,1067000000.0,1714000000.0,0.443,2.21,18.009,18.265,537000000.0,0.0,365.84,5.435,5.49,2836000000.0,10613000000.0,2723000000.0,2723000000.0,0.0,,,,,143000000.0,1320000000.0,1.0,165405059.0,167089037.0,169723167.0,16.297,212310000000.0,0.0,258000000.0,5077000000.0,1270.64,
26,BLK,MRQ,2014-12-31,2014-12-31,2014-12-31,2021-08-05,-273000000.0,239792000000.0,,,,,163.685,-26000000.0,6001000000.0,6001000000.0,292000000.0,806000000.0,,7.757,8311000000.0,,,8311000000.0,0.0,76000000.0,0.0,0.022,1.93,1149000000.0,1225000000.0,0.44,1225000000.0,1149000000.0,1091000000.0,4.86,4.77,4.86,27366000000.0,,27366000000.0,61575916410.0,13.0,12.337,1245000000.0,7.447,1.0,2492000000.0,0.895,30305000000.0,58000000.0,211797000000.0,,0.0,38895000000.0,,,212272000000.0,,,59073916410.0,-426000000.0,0.0,-255000000.0,-1024000000.0,-322000000.0,-1592000000.0,-18000000.0,8000000.0,1271000000.0,-87000000.0,813000000.0,813000000.0,813000000.0,0.0,-7000000.0,0.292,1348000000.0,1144000000.0,1035000000.0,0.397,2.159,17.934,18.261,467000000.0,0.0,357.56,5.331,5.428,2120000000.0,10145000000.0,2784000000.0,2784000000.0,0.0,,,,,117000000.0,1313000000.0,1.0,165213996.0,167186554.0,170395216.0,16.652,209487000000.0,0.0,278000000.0,4989000000.0,1253.013,
27,BLK,MRQ,2014-09-30,2014-09-30,2014-09-30,2021-08-05,-169000000.0,222812000000.0,,,,,161.41,-6000000.0,6324000000.0,6324000000.0,303000000.0,873000000.0,,7.213,8826000000.0,,,8826000000.0,0.0,84000000.0,0.0,0.023,1.93,1210000000.0,1294000000.0,0.454,1294000000.0,1210000000.0,1149000000.0,5.46,5.37,5.46,27106000000.0,,27106000000.0,57635673625.0,12.0,11.399,1278000000.0,7.61,1.0,2546000000.0,0.894,30344000000.0,61000000.0,194970000000.0,,0.0,25800000000.0,,,195528000000.0,,,54497673625.0,1022000000.0,0.0,-253000000.0,192000000.0,-324000000.0,-336000000.0,163000000.0,169000000.0,1284000000.0,-89000000.0,917000000.0,917000000.0,917000000.0,0.0,-44000000.0,0.322,1389000000.0,1157000000.0,1576000000.0,0.353,2.011,16.405,16.674,468000000.0,0.0,328.32,4.921,4.979,2631000000.0,9660000000.0,2849000000.0,2849000000.0,0.0,,,,,100000000.0,1349000000.0,1.0,165989503.0,167933040.0,170778766.0,16.965,192468000000.0,0.0,232000000.0,5056000000.0,1146.1,
28,BLK,MRQ,2014-06-30,2014-06-30,2014-06-30,2021-08-05,1000000.0,231693000000.0,,,,,159.33,-19000000.0,5497000000.0,5497000000.0,290000000.0,841000000.0,,7.612,8635000000.0,,,8635000000.0,0.0,86000000.0,0.0,0.023,1.93,1165000000.0,1251000000.0,0.45,1251000000.0,1165000000.0,1105000000.0,4.79,4.72,4.79,26881000000.0,,26881000000.0,56909991572.0,13.0,11.739,719000000.0,4.262,1.0,2488000000.0,0.896,30389000000.0,60000000.0,204442000000.0,,0.0,28682000000.0,,,204627000000.0,,,53314991572.0,733000000.0,0.0,-257000000.0,464000000.0,-326000000.0,3000000.0,-39000000.0,-20000000.0,738000000.0,31000000.0,808000000.0,808000000.0,808000000.0,0.0,33000000.0,0.291,1366000000.0,1122000000.0,3091000000.0,0.403,1.983,17.006,17.248,496000000.0,0.0,319.6,4.984,5.041,4207000000.0,9113000000.0,2778000000.0,2778000000.0,0.0,,,,,109000000.0,1325000000.0,1.0,166817871.0,168712221.0,171150153.0,16.466,201304000000.0,0.0,297000000.0,5177000000.0,1193.18,
29,BLK,MRQ,2014-03-31,2014-03-31,2014-03-31,2021-08-05,-35000000.0,216297000000.0,,,,,156.599,-15000000.0,4585000000.0,4585000000.0,283000000.0,744000000.0,,7.161,8180000000.0,,,8180000000.0,0.0,88000000.0,0.0,0.028,1.93,1133000000.0,1221000000.0,0.457,1221000000.0,1133000000.0,1080000000.0,4.47,4.4,4.47,26478000000.0,,26478000000.0,55435135347.0,13.0,11.858,-221000000.0,-1.307,1.0,2387000000.0,0.894,30434000000.0,53000000.0,189458000000.0,,0.0,22037000000.0,,,189596000000.0,,,52678135347.0,4000000.0,0.0,-575000000.0,877000000.0,-366000000.0,64000000.0,133000000.0,148000000.0,-206000000.0,13000000.0,756000000.0,756000000.0,756000000.0,0.0,-12000000.0,0.283,1336000000.0,1051000000.0,1615000000.0,0.432,1.99,17.238,17.461,508000000.0,0.0,314.48,5.065,5.112,2868000000.0,8604000000.0,2670000000.0,2670000000.0,0.0,,,,,127000000.0,1295000000.0,1.0,167508698.0,169081421.0,171933803.0,15.791,185863000000.0,0.0,324000000.0,5241000000.0,1099.251,
30,BLK,MRQ,2013-12-31,2013-12-31,2013-12-31,2021-08-05,-35000000.0,219873000000.0,,,,,156.57,-34000000.0,4551000000.0,4551000000.0,268000000.0,850000000.0,,7.302,7308000000.0,,,7308000000.0,0.0,90000000.0,0.0,0.027,1.68,1200000000.0,1290000000.0,0.465,1290000000.0,1200000000.0,1148000000.0,4.97,4.85,4.97,26460000000.0,,26460000000.0,55805010276.0,13.0,12.379,1132000000.0,6.698,1.0,2509000000.0,0.903,30481000000.0,52000000.0,192149000000.0,,0.0,26264000000.0,,,193203000000.0,,,52879010276.0,403000000.0,-58000000.0,-231000000.0,-67000000.0,-286000000.0,-580000000.0,-208000000.0,-116000000.0,1166000000.0,25000000.0,841000000.0,841000000.0,841000000.0,0.0,9000000.0,0.303,1376000000.0,1133000000.0,1084000000.0,0.338,1.998,18.035,18.367,525000000.0,0.0,316.47,5.194,5.291,2247000000.0,8230000000.0,2777000000.0,2777000000.0,0.0,,,,,108000000.0,1335000000.0,1.0,167090120.0,168997690.0,173276980.0,16.432,189392000000.0,0.0,307000000.0,5085000000.0,1120.678,
31,BLK,MRQ,2013-09-30,2013-09-30,2013-09-30,2021-08-05,-79000000.0,212717000000.0,,,,,153.105,-14000000.0,4080000000.0,4080000000.0,266000000.0,729000000.0,,7.175,7006000000.0,,,7006000000.0,0.0,85000000.0,0.0,0.03,1.68,1001000000.0,1086000000.0,0.439,1086000000.0,1001000000.0,949000000.0,4.3,4.21,4.3,25999000000.0,,25999000000.0,48733542545.0,12.0,11.226,1132000000.0,6.666,1.0,2206000000.0,0.892,30451000000.0,52000000.0,185192000000.0,,0.0,25947000000.0,,,186531000000.0,,,45443542545.0,319000000.0,-240000000.0,-287000000.0,-82000000.0,-287000000.0,-619000000.0,-285000000.0,-31000000.0,1146000000.0,77000000.0,730000000.0,730000000.0,730000000.0,0.0,-1000000.0,0.295,1240000000.0,966000000.0,3322000000.0,0.391,1.748,16.341,16.633,523000000.0,0.0,270.62,4.571,4.622,4311000000.0,7678000000.0,2472000000.0,2472000000.0,0.0,,,,,109000000.0,1200000000.0,1.0,167923814.0,169811633.0,173371508.0,14.557,182266000000.0,0.0,219000000.0,5237000000.0,1073.342,
32,BLK,MRQ,2013-06-30,2013-06-30,2013-06-30,2021-08-05,-198000000.0,193745000000.0,,,,,149.951,-28000000.0,3793000000.0,3793000000.0,264000000.0,706000000.0,,6.562,7083000000.0,,,7083000000.0,0.0,84000000.0,0.0,0.031,3.36,994000000.0,1078000000.0,0.434,1078000000.0,994000000.0,941000000.0,4.27,4.19,4.27,25589000000.0,,25589000000.0,47118520687.0,12.0,10.981,1112000000.0,6.516,1.0,2218000000.0,0.894,30221000000.0,53000000.0,166814000000.0,,0.0,23359000000.0,,,167920000000.0,,,43331520687.0,-274000000.0,0.0,-242000000.0,-931000000.0,-286000000.0,-1388000000.0,-21000000.0,7000000.0,1140000000.0,-5000000.0,729000000.0,729000000.0,729000000.0,0.0,-23000000.0,0.294,1369000000.0,849000000.0,1271000000.0,0.787,1.693,16.09,16.37,524000000.0,0.0,256.85,4.426,4.477,2249000000.0,7233000000.0,2482000000.0,2482000000.0,0.0,,,,,104000000.0,1329000000.0,1.0,168703604.0,170648731.0,173873583.0,14.544,163524000000.0,0.0,212000000.0,5318000000.0,958.249,
33,BLK,MRQ,2013-03-31,2013-03-31,2013-03-31,2021-08-05,-166000000.0,200738000000.0,,,,,147.955,-18000000.0,4232000000.0,4232000000.0,264000000.0,666000000.0,,6.908,8019000000.0,,,8019000000.0,0.0,84000000.0,0.0,0.024,1.68,970000000.0,1054000000.0,0.43,1054000000.0,970000000.0,916000000.0,3.69,3.62,3.69,25345000000.0,,25345000000.0,46945661827.0,12.0,11.356,172000000.0,1.004,1.0,2185000000.0,0.892,30266000000.0,54000000.0,174259000000.0,,0.0,25164000000.0,,,175071000000.0,,,43659661827.0,-664000000.0,0.0,-455000000.0,-180000000.0,-309000000.0,-805000000.0,31000000.0,49000000.0,190000000.0,-80000000.0,632000000.0,632000000.0,632000000.0,0.0,34000000.0,0.258,1276000000.0,909000000.0,1657000000.0,0.455,1.723,17.339,17.655,529000000.0,0.0,256.88,4.578,4.614,2618000000.0,6822000000.0,2449000000.0,2449000000.0,0.0,,,,,127000000.0,1236000000.0,1.0,169961312.0,171301800.0,174561132.0,14.296,170472000000.0,0.0,284000000.0,5379000000.0,995.156,
34,BLK,MRQ,2012-12-31,2012-12-31,2012-12-31,2021-08-05,-59000000.0,200451000000.0,,,,,148.128,-29000000.0,4903000000.0,4903000000.0,245000000.0,650000000.0,,6.882,8189000000.0,,,8189000000.0,0.0,88000000.0,0.0,0.029,1.5,1035000000.0,1123000000.0,0.442,1123000000.0,1035000000.0,978000000.0,4.01,3.92,4.01,25403000000.0,,25403000000.0,38659033578.0,10.0,9.538,325000000.0,1.895,1.0,2294000000.0,0.904,30312000000.0,57000000.0,173425000000.0,,0.0,27035000000.0,,,174834000000.0,,,35045033578.0,383000000.0,0.0,-176000000.0,34000000.0,-256000000.0,-283000000.0,285000000.0,314000000.0,354000000.0,27000000.0,690000000.0,690000000.0,690000000.0,0.0,-40000000.0,0.272,1289000000.0,1005000000.0,1055000000.0,0.374,1.38,14.258,14.733,557000000.0,0.0,206.71,3.753,3.873,2250000000.0,6473000000.0,2539000000.0,2539000000.0,0.0,,,,,107000000.0,1249000000.0,1.0,169537195.0,171493147.0,175200619.0,14.805,170139000000.0,0.0,288000000.0,5293000000.0,992.104,
35,BLK,MRQ,2012-09-30,2012-09-30,2012-09-30,2021-08-05,-58000000.0,192828000000.0,,,,,145.377,-23000000.0,4515000000.0,4515000000.0,251000000.0,655000000.0,,6.686,8129000000.0,,,8129000000.0,0.0,87000000.0,0.0,0.033,1.5,949000000.0,1036000000.0,0.447,1036000000.0,949000000.0,892000000.0,3.72,3.65,3.72,25057000000.0,,25057000000.0,33892222800.0,10.0,8.78,998000000.0,5.79,1.0,2069000000.0,0.892,30350000000.0,57000000.0,166092000000.0,,0.0,26109000000.0,,,167519000000.0,,,29807222800.0,628000000.0,-55000000.0,-165000000.0,-29000000.0,-259000000.0,-426000000.0,-4000000.0,74000000.0,1021000000.0,37000000.0,642000000.0,642000000.0,642000000.0,0.0,13000000.0,0.277,1194000000.0,875000000.0,1442000000.0,0.403,1.19,12.831,13.569,560000000.0,0.0,178.3,3.303,3.405,2585000000.0,6066000000.0,2320000000.0,2320000000.0,0.0,,,,,109000000.0,1155000000.0,1.0,167174553.0,172359141.0,175450532.0,13.46,162478000000.0,0.0,250000000.0,5311000000.0,942.671,
36,BLK,MRQ,2012-06-30,2012-06-30,2012-06-30,2021-08-05,-126000000.0,182480000000.0,,,,,139.382,-57000000.0,3639000000.0,3639000000.0,251000000.0,560000000.0,,6.386,7724000000.0,,,7724000000.0,0.0,86000000.0,0.0,0.034,1.5,835000000.0,921000000.0,0.413,921000000.0,835000000.0,783000000.0,3.13,3.08,3.13,24672000000.0,,24672000000.0,27415362341.0,8.0,7.493,910000000.0,5.141,1.0,1978000000.0,0.887,30329000000.0,52000000.0,156236000000.0,,0.0,25532000000.0,,,157558000000.0,,,23725362341.0,1043000000.0,-2000000.0,-1036000000.0,1397000000.0,-260000000.0,158000000.0,-60000000.0,-1000000.0,967000000.0,-22000000.0,554000000.0,554000000.0,554000000.0,0.0,6000000.0,0.249,1149000000.0,829000000.0,1042000000.0,0.479,0.962,10.424,13.372,571000000.0,0.0,169.82,2.657,3.366,2155000000.0,5697000000.0,2229000000.0,2229000000.0,0.0,,,,,121000000.0,1110000000.0,1.0,139708882.0,177010239.0,179590702.0,12.592,152151000000.0,0.0,229000000.0,5385000000.0,859.56,
37,BLK,MRQ,2012-03-31,2012-03-31,2012-03-31,2021-08-05,-90000000.0,185518000000.0,,,,,141.34,-41000000.0,2647000000.0,2647000000.0,263000000.0,575000000.0,,6.32,6337000000.0,,,6337000000.0,0.0,89000000.0,0.0,0.027,1.5,884000000.0,973000000.0,0.433,973000000.0,884000000.0,835000000.0,3.19,3.14,3.19,25303000000.0,,25303000000.0,31364044282.0,9.0,8.449,-143000000.0,-0.799,1.0,1986000000.0,0.883,30379000000.0,49000000.0,158829000000.0,,0.0,25847000000.0,,,159915000000.0,,,28560044282.0,-954000000.0,-210000000.0,-221000000.0,-76000000.0,-285000000.0,-393000000.0,-487000000.0,-236000000.0,-102000000.0,28000000.0,572000000.0,572000000.0,572000000.0,0.0,3000000.0,0.254,1171000000.0,815000000.0,1284000000.0,0.47,1.129,12.2,15.97,545000000.0,0.0,204.9,3.157,4.054,2451000000.0,5390000000.0,2249000000.0,2249000000.0,0.0,,,,,114000000.0,1132000000.0,1.0,139385282.0,179022840.0,181917864.0,12.563,155139000000.0,0.0,263000000.0,5429000000.0,866.588,
38,BLK,MRQ,2011-12-31,2011-12-31,2011-12-31,2021-08-05,-127000000.0,179896000000.0,,,,,140.325,-29000000.0,3560000000.0,3560000000.0,233000000.0,583000000.0,,6.17,6364000000.0,,,6364000000.0,0.0,95000000.0,0.0,0.031,1.375,835000000.0,930000000.0,0.418,930000000.0,835000000.0,787000000.0,3.1,3.04,3.1,25048000000.0,,25048000000.0,28107273604.0,8.0,7.619,844000000.0,4.728,1.0,1994000000.0,0.895,30148000000.0,48000000.0,152552000000.0,,0.0,24188000000.0,,,154534000000.0,,,24784273604.0,523000000.0,0.0,-97000000.0,-53000000.0,-245000000.0,-310000000.0,-18000000.0,11000000.0,873000000.0,-22000000.0,555000000.0,555000000.0,555000000.0,0.0,28000000.0,0.249,1186000000.0,808000000.0,945000000.0,0.444,0.989,10.605,14.191,537000000.0,0.0,178.24,2.729,3.617,2102000000.0,5118000000.0,2227000000.0,2227000000.0,0.0,,,,,122000000.0,1115000000.0,1.0,139050009.0,178499514.0,182086784.0,12.476,149748000000.0,0.0,232000000.0,5323000000.0,838.927,
39,BLK,MRQ,2011-09-30,2011-09-30,2011-09-30,2021-08-05,-110000000.0,174282000000.0,,,,,138.113,-59000000.0,3053000000.0,3053000000.0,249000000.0,570000000.0,,6.04,6376000000.0,,,6376000000.0,0.0,96000000.0,0.0,0.035,1.375,739000000.0,835000000.0,0.375,835000000.0,739000000.0,690000000.0,3.28,3.23,3.28,24727000000.0,,24727000000.0,23707695588.0,7.0,6.139,1177000000.0,6.574,1.0,1976000000.0,0.888,30192000000.0,49000000.0,147413000000.0,,0.0,22480000000.0,,,149343000000.0,,,19988695588.0,187000000.0,0.0,-128000000.0,-558000000.0,-249000000.0,-939000000.0,-82000000.0,-23000000.0,1236000000.0,-28000000.0,595000000.0,595000000.0,595000000.0,0.0,-25000000.0,0.267,1199000000.0,777000000.0,1194000000.0,0.419,0.808,8.195,11.518,545000000.0,0.0,148.01,2.139,2.835,2218000000.0,4815000000.0,2225000000.0,2225000000.0,0.0,,,,,133000000.0,1160000000.0,1.0,135049629.0,179034837.0,181825329.0,12.428,144090000000.0,0.0,95000000.0,5366000000.0,804.815,
40,BLK,MRQ,2011-06-30,2011-06-30,2011-06-30,2021-08-05,-40000000.0,185048000000.0,,,,,130.005,-76000000.0,2861000000.0,2861000000.0,274000000.0,622000000.0,,6.566,6580000000.0,,,6580000000.0,0.0,94000000.0,0.0,0.025,1.375,880000000.0,974000000.0,0.415,974000000.0,880000000.0,839000000.0,3.26,3.21,3.26,24424000000.0,,24424000000.0,27020099142.0,8.0,6.9,797000000.0,4.242,1.0,2073000000.0,0.883,30236000000.0,41000000.0,158531000000.0,,0.0,21146000000.0,,,160378000000.0,,,25380099142.0,17000000.0,0.0,-2543000000.0,2019000000.0,-248000000.0,-771000000.0,-89000000.0,-13000000.0,873000000.0,4000000.0,619000000.0,619000000.0,619000000.0,0.0,3000000.0,0.264,1207000000.0,866000000.0,1151000000.0,0.422,1.039,10.597,15.444,521000000.0,0.0,191.81,2.755,3.911,2235000000.0,4441000000.0,2347000000.0,2347000000.0,0.0,,,,,105000000.0,1169000000.0,1.0,132318957.0,187870001.0,190579963.0,12.493,154812000000.0,0.0,220000000.0,5440000000.0,824.038,
41,BLK,MRQ,2011-03-31,2011-03-31,2011-03-31,2021-08-05,-52000000.0,178422000000.0,,,,,138.057,-83000000.0,2912000000.0,2912000000.0,274000000.0,564000000.0,,5.729,4552000000.0,,,4552000000.0,0.0,95000000.0,0.0,0.022,1.375,855000000.0,950000000.0,0.416,950000000.0,855000000.0,817000000.0,2.92,2.89,2.92,26479000000.0,,26479000000.0,27669170238.0,8.0,7.376,-239000000.0,-1.246,1.0,2008000000.0,0.88,30276000000.0,38000000.0,149786000000.0,,0.0,20038000000.0,,,151706000000.0,,,26492170238.0,-588000000.0,0.0,-96000000.0,-104000000.0,-272000000.0,-465000000.0,-15000000.0,68000000.0,-156000000.0,48000000.0,568000000.0,568000000.0,568000000.0,0.0,-4000000.0,0.249,1210000000.0,798000000.0,1392000000.0,0.471,1.0,11.998,17.648,479000000.0,0.0,201.01,2.977,4.332,2359000000.0,4077000000.0,2282000000.0,2282000000.0,0.0,,,,,137000000.0,1170000000.0,1.0,131795285.0,191797365.0,194296504.0,11.898,148146000000.0,0.0,249000000.0,5526000000.0,772.409,
42,BLK,MRQ,2010-12-31,2010-12-31,2010-12-31,2021-08-05,-96000000.0,178459000000.0,,,,,136.573,-35000000.0,3460000000.0,3460000000.0,263000000.0,649000000.0,,5.83,4637000000.0,,,4637000000.0,0.0,102000000.0,0.0,0.021,1.0,1001000000.0,1103000000.0,0.442,1103000000.0,1001000000.0,966000000.0,3.39,3.34,3.39,26094000000.0,,26094000000.0,13997558628.0,4.0,3.893,1038000000.0,5.433,1.0,2230000000.0,0.895,30317000000.0,35000000.0,149319000000.0,,0.0,20490000000.0,,,152125000000.0,,,12129558628.0,731000000.0,-7000000.0,5000000.0,0.0,-194000000.0,-166000000.0,-147000000.0,-105000000.0,1073000000.0,-29000000.0,657000000.0,657000000.0,657000000.0,0.0,-8000000.0,0.264,1290000000.0,940000000.0,1125000000.0,0.295,0.465,5.88,17.861,428000000.0,0.0,190.58,1.408,4.217,2245000000.0,3798000000.0,2493000000.0,2493000000.0,0.0,,,,,110000000.0,1250000000.0,1.0,63645496.0,191062902.0,193926151.0,13.048,148142000000.0,0.0,309000000.0,5477000000.0,775.357,
43,BLK,MRQ,2010-09-30,2010-09-30,2010-09-30,2021-08-05,-95000000.0,174504000000.0,,,,,133.337,-30000000.0,2727000000.0,2727000000.0,255000000.0,584000000.0,,5.859,4595000000.0,,,4595000000.0,0.0,100000000.0,0.0,0.022,1.0,789000000.0,889000000.0,0.425,889000000.0,789000000.0,752000000.0,2.85,2.83,2.85,25400000000.0,,25400000000.0,13577560146.0,5.0,4.511,1075000000.0,5.643,1.0,1837000000.0,0.878,30187000000.0,37000000.0,146185000000.0,,0.0,21786000000.0,,,148824000000.0,,,10900560146.0,453000000.0,-8000000.0,-144000000.0,-348000000.0,-193000000.0,-632000000.0,-78000000.0,-40000000.0,1105000000.0,58000000.0,551000000.0,551000000.0,551000000.0,0.0,33000000.0,0.263,1130000000.0,707000000.0,1385000000.0,0.351,0.429,6.559,19.044,429000000.0,0.0,170.25,1.422,4.232,2220000000.0,3354000000.0,2092000000.0,2092000000.0,0.0,,,,,114000000.0,1090000000.0,1.0,64026785.0,190494905.0,192326841.0,10.982,144317000000.0,0.0,201000000.0,5548000000.0,757.59,
44,BLK,MRQ,2010-06-30,2010-06-30,2010-06-30,2021-08-05,-186000000.0,162266000000.0,,,,,130.666,-22000000.0,2244000000.0,2244000000.0,246000000.0,389000000.0,,5.491,4921000000.0,,,4921000000.0,0.0,106000000.0,0.0,0.025,1.0,703000000.0,809000000.0,0.398,809000000.0,703000000.0,665000000.0,2.23,2.21,2.23,24954000000.0,,24954000000.0,11811062891.0,5.0,4.479,452000000.0,2.367,1.0,1786000000.0,0.879,30226000000.0,38000000.0,134717000000.0,,0.0,21057000000.0,,,137018000000.0,,,9224062891.0,-520000000.0,0.0,-2000000.0,-460000000.0,-193000000.0,-617000000.0,-372000000.0,-352000000.0,474000000.0,-5000000.0,432000000.0,432000000.0,432000000.0,0.0,-43000000.0,0.213,1089000000.0,697000000.0,1277000000.0,0.448,0.37,6.459,17.071,433000000.0,0.0,143.4,1.374,4.081,2147000000.0,2991000000.0,2032000000.0,2032000000.0,0.0,,,,,113000000.0,1049000000.0,1.0,64324009.0,190975161.0,192569539.0,10.64,132040000000.0,0.0,233000000.0,5601000000.0,691.399,
45,BLK,MRQ,2010-03-31,2010-03-31,2010-03-31,2021-08-05,-165000000.0,168060000000.0,,,,,129.948,-44000000.0,2793000000.0,2793000000.0,239000000.0,428000000.0,,5.806,5380000000.0,,,5380000000.0,0.0,104000000.0,0.0,0.015,1.0,691000000.0,795000000.0,0.398,795000000.0,691000000.0,651000000.0,2.2,2.17,2.2,24648000000.0,,24648000000.0,14695458287.0,8.0,6.485,-208000000.0,-1.097,1.0,1756000000.0,0.88,30267000000.0,40000000.0,140380000000.0,,0.0,15801000000.0,,,143113000000.0,,,13735458287.0,-2005000000.0,-8000000.0,-107000000.0,-1502000000.0,-196000000.0,-1755000000.0,-30000000.0,23000000.0,-164000000.0,-56000000.0,423000000.0,423000000.0,423000000.0,0.0,5000000.0,0.212,1102000000.0,654000000.0,1428000000.0,0.455,0.557,11.314,27.954,450000000.0,0.0,217.76,2.406,7.236,2038000000.0,2777000000.0,1995000000.0,1995000000.0,0.0,,,,,108000000.0,1062000000.0,1.0,63076131.0,189676023.0,192152251.0,10.518,137793000000.0,0.0,228000000.0,5577000000.0,726.465,
46,BLK,MRQ,2009-12-31,2009-12-31,2009-12-31,2021-08-05,-96000000.0,178124000000.0,,,,,159.816,-13000000.0,4708000000.0,4708000000.0,182000000.0,257000000.0,,6.31,5668000000.0,,,5668000000.0,0.0,88000000.0,0.0,0.013,0.78,429000000.0,517000000.0,0.335,517000000.0,429000000.0,406000000.0,1.66,1.61,1.66,24329000000.0,,24329000000.0,10235135080.0,8.0,6.177,555000000.0,3.646,1.0,1362000000.0,0.882,30346000000.0,23000000.0,148738000000.0,,0.0,20384000000.0,,,153522000000.0,,,11854135080.0,1945000000.0,-5597000000.0,2498000000.0,4524000000.0,-106000000.0,6920000000.0,-5530000000.0,82000000.0,568000000.0,-13000000.0,256000000.0,256000000.0,256000000.0,0.0,1000000.0,0.166,973000000.0,389000000.0,1345000000.0,0.47,0.487,13.548,37.212,443000000.0,0.0,232.2,2.522,6.752,1907000000.0,2436000000.0,1544000000.0,1544000000.0,0.0,,,,,85000000.0,934000000.0,1.0,51051400.0,152231625.0,155920399.0,10.142,147778000000.0,0.0,150000000.0,5571000000.0,970.744,
47,BLK,MRQ,2009-09-30,2009-09-30,2009-09-30,2021-08-05,-88000000.0,21380000000.0,,,,,97.999,-19000000.0,2763000000.0,2763000000.0,157000000.0,334000000.0,,0.619,1144000000.0,,,1144000000.0,0.0,83000000.0,0.0,0.014,0.78,433000000.0,516000000.0,0.453,516000000.0,433000000.0,418000000.0,2.31,2.27,2.31,13060000000.0,,13060000000.0,9881991247.0,10.0,7.12,538000000.0,4.037,1.0,983000000.0,0.862,12053000000.0,15000000.0,7708000000.0,,0.0,1041000000.0,,,8079000000.0,,,11042991247.0,458000000.0,0.0,3000000.0,-1000000.0,-108000000.0,-66000000.0,-7000000.0,12000000.0,557000000.0,-26000000.0,317000000.0,317000000.0,317000000.0,0.0,17000000.0,0.278,626000000.0,357000000.0,819000000.0,0.338,0.846,16.458,43.802,250000000.0,0.0,216.82,2.617,6.847,1310000000.0,2286000000.0,1140000000.0,1140000000.0,0.0,,,,,73000000.0,590000000.0,1.0,50931608.0,133266379.0,135902241.0,8.554,9327000000.0,0.0,101000000.0,1729000000.0,69.988,
48,BLK,MRQ,2009-06-30,2009-06-30,2009-06-30,2021-08-05,-81000000.0,20409000000.0,,,,,97.343,-17000000.0,2305000000.0,2305000000.0,166000000.0,244000000.0,,0.583,1144000000.0,,,1144000000.0,0.0,111000000.0,0.0,0.018,0.78,327000000.0,438000000.0,0.426,438000000.0,327000000.0,312000000.0,1.62,1.59,1.62,12745000000.0,,12745000000.0,22421183636.0,26.0,17.448,383000000.0,2.925,1.0,863000000.0,0.839,12094000000.0,15000000.0,7154000000.0,,0.0,957000000.0,,,7436000000.0,,,23068183636.0,512000000.0,-158000000.0,312000000.0,-3000000.0,-103000000.0,96000000.0,-86000000.0,88000000.0,400000000.0,102000000.0,218000000.0,218000000.0,218000000.0,0.0,26000000.0,0.212,602000000.0,261000000.0,747000000.0,0.481,1.81,40.4,41.178,252000000.0,0.0,175.42,5.251,5.228,1171000000.0,2076000000.0,1029000000.0,1029000000.0,0.0,,,,,77000000.0,566000000.0,1.0,131502586.0,130928926.0,133364611.0,7.859,8315000000.0,0.0,94000000.0,1767000000.0,63.508,
49,BLK,MRQ,2009-03-31,2009-03-31,2009-03-31,2021-08-05,-192000000.0,19223000000.0,,,,,92.715,-16000000.0,1793000000.0,1793000000.0,167000000.0,62000000.0,,0.564,1146000000.0,,,1146000000.0,0.0,57000000.0,0.0,0.024,0.78,129000000.0,186000000.0,0.188,186000000.0,129000000.0,114000000.0,0.63,0.62,0.63,12073000000.0,,12073000000.0,14481056321.0,15.0,10.775,-142000000.0,-1.09,1.0,820000000.0,0.831,12141000000.0,15000000.0,6435000000.0,,0.0,1137000000.0,,,6812000000.0,,,15367056321.0,-239000000.0,0.0,-37000000.0,72000000.0,-105000000.0,-201000000.0,104000000.0,121000000.0,-126000000.0,-16000000.0,84000000.0,84000000.0,84000000.0,0.0,-22000000.0,0.085,549000000.0,271000000.0,667000000.0,1.238,1.273,24.509,27.786,256000000.0,0.0,130.04,3.234,3.564,1063000000.0,1961000000.0,987000000.0,987000000.0,0.0,,,,,82000000.0,491000000.0,1.0,118171765.0,130216218.0,131797189.0,7.58,7082000000.0,0.0,30000000.0,1783000000.0,54.386,
50,BLK,MRQ,2008-12-31,2008-12-31,2008-12-31,2021-08-05,-186000000.0,19924000000.0,,,,,92.917,-5000000.0,2032000000.0,2032000000.0,255000000.0,-67000000.0,,0.61,1142000000.0,,,1142000000.0,0.0,188000000.0,0.0,0.023,0.78,60000000.0,248000000.0,0.233,248000000.0,60000000.0,45000000.0,0.39,0.42,0.39,12069000000.0,,12069000000.0,15206726766.0,12.0,9.469,755000000.0,5.813,1.0,809000000.0,0.76,11974000000.0,15000000.0,7060000000.0,,0.0,1429000000.0,,,7364000000.0,,,15853326766.0,239000000.0,30000000.0,1000000.0,3000000.0,-106000000.0,-322000000.0,-23000000.0,-7000000.0,760000000.0,-176000000.0,52000000.0,52000000.0,52000000.0,0.0,-119000000.0,0.049,471000000.0,338000000.0,648000000.0,2.0,1.314,20.221,22.892,260000000.0,0.0,134.15,3.131,3.432,1210000000.0,1982000000.0,1064000000.0,1064000000.0,0.0,,,,,74000000.0,398000000.0,1.0,118176122.0,129890627.0,129510724.0,8.192,7950000000.0,0.0,-7000000.0,1826000000.0,61.205,
51,BLK,MRQ,2008-09-30,2008-09-30,2008-09-30,2021-08-05,-53615000.0,21696672000.0,,,,,87.201,-32000000.0,1793293000.0,1793293000.0,183000000.0,196000000.0,,0.763,1146693000.0,,,1146693000.0,0.0,61000000.0,0.0,0.015,0.78,352000000.0,413000000.0,0.315,413000000.0,352000000.0,334000000.0,1.62,1.59,1.62,11318172000.0,,11318172000.0,22781673937.0,14.0,11.849,643000000.0,4.954,1.0,1130000000.0,0.861,12020766000.0,18000000.0,9029306000.0,,0.0,2145744000.0,,,8640516000.0,,,22962643937.0,365000000.0,-5000000.0,5000000.0,-104000000.0,-105000000.0,-169000000.0,-52000000.0,-51000000.0,675000000.0,-89000000.0,217000000.0,217000000.0,217000000.0,0.0,-21000000.0,0.165,676000000.0,454000000.0,847775000.0,0.481,2.029,21.824,25.064,274295000.0,0.0,194.5,4.218,4.637,1449996000.0,2042520000.0,1313000000.0,1313000000.0,0.0,,,,,71000000.0,639000000.0,1.0,118059866.0,129793939.0,132270351.0,10.116,9675906000.0,0.0,117000000.0,2039467000.0,74.548,
52,BLK,MRQ,2008-06-30,2008-06-30,2008-06-30,2021-08-05,91504000.0,22017252000.0,,,,,89.414,-15000000.0,1427522000.0,1427522000.0,185000000.0,254000000.0,,0.806,1246552000.0,,,1246552000.0,0.0,58000000.0,0.0,0.016,0.78,439000000.0,497000000.0,0.358,497000000.0,439000000.0,421000000.0,2.04,2.0,2.04,11585321000.0,,11585321000.0,20904830027.0,13.0,11.081,596000000.0,4.6,1.0,1202000000.0,0.867,12042261000.0,18000000.0,9794021000.0,,0.0,1941525000.0,,,9343155000.0,,,20851848027.0,234000000.0,0.0,8000000.0,-110000000.0,-104000000.0,-191000000.0,-185000000.0,-116000000.0,611000000.0,-1000000.0,274000000.0,274000000.0,274000000.0,0.0,-20000000.0,0.198,797000000.0,405000000.0,1123608000.0,0.382,1.8,19.124,21.771,265399000.0,0.0,177.0,3.84,4.224,1773592000.0,1929726000.0,1387000000.0,1387000000.0,0.0,,,,,63000000.0,760000000.0,1.0,117807051.0,129569325.0,132032538.0,10.705,9974991000.0,0.0,147000000.0,1993398000.0,76.986,
53,BLK,MRQ,2008-03-31,2008-03-31,2008-03-31,2021-08-05,91620000.0,21816404000.0,,,,,87.155,-25000000.0,1194180000.0,1194180000.0,186000000.0,246000000.0,,0.839,1247162000.0,,,1247162000.0,0.0,59000000.0,0.0,0.014,0.78,389000000.0,448000000.0,0.345,448000000.0,389000000.0,371000000.0,1.81,1.77,1.81,11234713000.0,,11234713000.0,23537573692.0,15.0,13.108,-155000000.0,-1.202,1.0,1114000000.0,0.857,12044018000.0,18000000.0,9825368000.0,,0.0,1922928000.0,,,9422699000.0,,,23946752692.0,-462000000.0,0.0,-30000000.0,-93000000.0,-104000000.0,-205000000.0,-134000000.0,-109000000.0,-130000000.0,7000000.0,241000000.0,241000000.0,241000000.0,0.0,5000000.0,0.185,718000000.0,396000000.0,1215245000.0,0.431,2.131,23.056,26.11,270607000.0,0.0,204.18,4.659,5.121,1745174000.0,1759534000.0,1300000000.0,1300000000.0,0.0,,,,,70000000.0,681000000.0,1.0,117282558.0,128904253.0,131620744.0,10.085,9772386000.0,0.0,130000000.0,2018569000.0,75.811,
54,BLK,MRQ,2007-12-31,2007-12-31,2007-12-31,2021-08-05,71000000.0,22561000000.0,,,,,85.777,-26060000.0,1656000000.0,1656000000.0,246952000.0,329499000.0,,0.943,1247000000.0,,,1247000000.0,0.0,58613000.0,0.0,0.012,0.67,506059000.0,564672000.0,0.391,564672000.0,506059000.0,485082000.0,2.29,2.25,2.29,11018000000.0,,11018000000.0,24403756208.0,16.0,14.271,199625000.0,1.554,1.0,1197572000.0,0.829,12073000000.0,20977000.0,10079000000.0,,0.0,2000000000.0,,,10387000000.0,,,25327456208.0,-664275000.0,-549728000.0,16116000.0,-216095000.0,-87413000.0,-46186000.0,-818674000.0,-242886000.0,225685000.0,-25100000.0,320168000.0,320168000.0,320168000.0,0.0,9331000.0,0.222,1346876000.0,-149304000.0,903000000.0,0.293,2.299,25.506,28.792,266000000.0,0.0,216.8,5.228,5.749,1411000000.0,1622000000.0,1444524000.0,1444524000.0,0.0,,,,,45481000.0,1310183000.0,1.0,116824060.0,128449519.0,130909680.0,11.246,10488000000.0,0.0,164914000.0,2060000000.0,81.651,
55,BLK,MRQ,2007-09-30,2007-09-30,2007-09-30,2021-08-05,85478000.0,23078534000.0,,,,,76.54,-22635000.0,2320579000.0,2320579000.0,167613000.0,336739000.0,,1.055,1396879000.0,,,1396879000.0,0.0,48701000.0,0.0,0.014,0.67,328183000.0,376884000.0,0.29,376884000.0,328183000.0,318368000.0,1.99,1.94,1.99,9809433000.0,,9809433000.0,19344077186.0,15.0,13.232,416289000.0,3.248,1.0,1130466000.0,0.871,11243761000.0,9815000.0,10911073000.0,,0.0,2680751000.0,,,10351343000.0,,,20087843186.0,964329000.0,-74000.0,-75905000.0,702479000.0,-88821000.0,553518000.0,-52639000.0,-29930000.0,438924000.0,24526000.0,255200000.0,255200000.0,255200000.0,0.0,81539000.0,0.197,658941000.0,471525000.0,1022818000.0,0.337,2.048,23.839,25.278,250481000.0,0.0,173.41,4.546,5.029,1252602000.0,1387478000.0,1298079000.0,1298079000.0,0.0,,,,,51089000.0,499742000.0,1.0,115840166.0,128161027.0,131316455.0,10.129,11834773000.0,0.0,63168000.0,1792199000.0,92.343,
56,BLK,MRQ,2007-06-30,2007-06-30,2007-06-30,2021-08-05,62369000.0,21992177000.0,,,,,75.417,-34322000.0,1356250000.0,1356250000.0,159790000.0,370707000.0,,0.978,612484000.0,,,612484000.0,0.0,48624000.0,0.0,0.014,0.67,357479000.0,406103000.0,0.37,406103000.0,357479000.0,347256000.0,1.73,1.69,1.73,9694411000.0,,9694411000.0,17962583661.0,18.0,15.927,373269000.0,2.904,1.0,937233000.0,0.854,11282278000.0,10223000.0,9966133000.0,,0.0,2484127000.0,,,9480352000.0,,,18178244661.0,337422000.0,11303000.0,-114009000.0,-13380000.0,-88349000.0,-60933000.0,-25607000.0,-2588000.0,407591000.0,16371000.0,222244000.0,222244000.0,222244000.0,0.0,148463000.0,0.203,439848000.0,497385000.0,1028496000.0,0.387,1.875,29.979,30.347,245120000.0,0.0,156.59,5.278,5.845,1155743000.0,1227568000.0,1097023000.0,1097023000.0,0.0,,,,,50012000.0,408773000.0,1.0,116088158.0,128544894.0,131383470.0,8.534,10709899000.0,250726000.0,125012000.0,1938374000.0,83.316,
57,BLK,MRQ,2007-03-31,2007-03-31,2007-03-31,2021-08-05,45412000.0,20881989000.0,,,,,76.968,-27983000.0,1018828000.0,1018828000.0,139074000.0,320056000.0,,0.887,803167000.0,,,803167000.0,0.0,46062000.0,0.0,0.012,0.67,316280000.0,362342000.0,0.36,362342000.0,316280000.0,305294000.0,1.52,1.48,1.52,9914262000.0,,9914262000.0,17276774973.0,24.0,20.721,-513183000.0,-3.984,1.0,866300000.0,0.862,11158276000.0,10986000.0,9508052000.0,,0.0,2194863000.0,,,8798769000.0,,,18183911973.0,-141476000.0,-53501000.0,-132202000.0,634996000.0,-88417000.0,512601000.0,-171080000.0,-89596000.0,-485200000.0,2203000.0,195388000.0,195388000.0,195388000.0,0.0,124668000.0,0.194,583596000.0,282704000.0,1024887000.0,0.441,1.834,40.632,35.364,226710000.0,0.0,156.31,6.716,7.436,1354807000.0,1093673000.0,1005374000.0,1005374000.0,0.0,,,,,41418000.0,347302000.0,1.0,116332365.0,128809726.0,131895570.0,7.805,9723713000.0,165323000.0,109906000.0,1864653000.0,75.489,
58,BLK,MRQ,2006-12-31,2006-12-31,2006-12-31,2021-08-05,44666000.0,20469492000.0,,,,,119.953,-36986000.0,1160304000.0,1160304000.0,149826000.0,183427000.0,,0.887,253167000.0,,,253167000.0,0.0,43699000.0,0.0,0.011,0.42,272837000.0,316536000.0,0.311,316536000.0,272837000.0,268858000.0,1.62,1.58,1.62,9672788000.0,,9672788000.0,16995726057.0,33.0,28.564,446157000.0,5.533,1.0,868723000.0,0.853,11139447000.0,3979000.0,8422908000.0,,0.0,2097574000.0,,,8578520000.0,,,17686457057.0,216322000.0,-117886000.0,-6045000.0,0.0,-54866000.0,-4180000.0,-295848000.0,-140976000.0,483143000.0,33207000.0,169821000.0,169821000.0,169821000.0,0.0,13606000.0,0.167,622440000.0,246283000.0,997675000.0,0.259,1.828,54.757,37.975,214784000.0,0.0,151.9,8.43,5.838,1077550000.0,993821000.0,1018549000.0,1018549000.0,0.0,,,,,41433000.0,591341000.0,1.0,116434872.0,80638167.0,83358394.0,12.631,9330045000.0,0.0,99037000.0,1738670000.0,115.703,
59,BLK,MRQ,2006-09-30,2006-09-30,2006-09-30,2021-08-05,7352000.0,17874676000.0,,,,,163.79,-19479000.0,943901000.0,943901000.0,17723000.0,19809000.0,,0.603,253170000.0,,,253170000.0,0.0,10784000.0,0.0,0.01,0.42,32044000.0,42828000.0,0.133,42828000.0,32044000.0,30022000.0,0.29,0.28,0.29,10607285000.0,,10607285000.0,9420335341.0,26.0,23.287,186208000.0,2.875,1.0,305335000.0,0.945,9386693000.0,2022000.0,7797252000.0,,0.0,1616211000.0,,,6398994000.0,,,9535852341.0,575214000.0,439100000.0,-19303000.0,0.0,-27022000.0,-43667000.0,412726000.0,-6895000.0,205687000.0,468000.0,18914000.0,18914000.0,18914000.0,0.0,895000.0,0.059,276327000.0,29008000.0,1026737000.0,1.448,0.899,42.176,42.33,193752000.0,0.0,149.0,6.583,6.661,1043840000.0,878929000.0,323058000.0,323058000.0,0.0,,,,,25311000.0,273933000.0,1.0,63999009.0,64761447.0,67477536.0,4.988,8487983000.0,88466000.0,11108000.0,0.0,131.065,
60,BLK,MRQ,2006-06-30,2006-06-30,2006-06-30,2021-08-05,6049000.0,1923921000.0,,,,,16.233,-12933000.0,368687000.0,368687000.0,15761000.0,64261000.0,,0.829,253170000.0,,,253170000.0,0.0,9408000.0,0.0,0.01,0.42,102671000.0,112079000.0,0.311,112079000.0,102671000.0,100641000.0,0.99,0.95,0.99,1041150000.0,,1041150000.0,8811395742.0,20.0,18.753,81277000.0,1.267,1.0,344972000.0,0.956,489676000.0,2030000.0,1318728000.0,,0.0,347253000.0,,,862818000.0,,,8925702742.0,589000.0,-49214000.0,-1054000.0,0.0,-27221000.0,-22548000.0,-73987000.0,-11840000.0,94210000.0,2914000.0,63404000.0,63404000.0,63404000.0,0.0,857000.0,0.176,179127000.0,165845000.0,110764000.0,0.424,8.573,33.267,33.294,142526000.0,0.0,139.17,6.258,6.258,438276000.0,878335000.0,360733000.0,360733000.0,0.0,,,,,26714000.0,177098000.0,1.0,64135250.0,64136378.0,66653479.0,5.624,1434245000.0,59452000.0,37237000.0,0.0,22.362,
61,BLK,MRQ,2006-03-31,2006-03-31,2006-03-31,2021-08-05,3460000.0,1841052000.0,,,,,15.434,-14602000.0,368098000.0,368098000.0,15159000.0,71504000.0,,0.845,253791000.0,,,253791000.0,0.0,9109000.0,0.0,0.009,0.42,114449000.0,123558000.0,0.312,123558000.0,114449000.0,112480000.0,1.11,1.06,1.11,988942000.0,,988942000.0,8732953480.0,21.0,19.322,-76642000.0,-1.196,1.0,380501000.0,0.962,492491000.0,1969000.0,1234254000.0,,0.0,338361000.0,,,835742000.0,,,8963385480.0,-116125000.0,0.0,4402000.0,0.0,-26891000.0,-14605000.0,-39891000.0,-25289000.0,-62040000.0,411000.0,70862000.0,70862000.0,70862000.0,0.0,642000.0,0.179,228275000.0,152226000.0,174626000.0,0.378,9.064,34.71,34.826,136972000.0,0.0,140.0,6.704,6.71,387279000.0,840033000.0,395660000.0,395660000.0,0.0,,,,,26542000.0,191796000.0,1.0,64024182.0,64074888.0,66731560.0,6.175,1348561000.0,48615000.0,41618000.0,0.0,21.047,
62,BLK,MRQ,2005-12-31,2005-12-31,2005-12-31,2021-08-05,2673000.0,1848000000.0,,,,,14.41,-12224000.0,484223000.0,484223000.0,874000.0,76207000.0,,0.993,253791000.0,,,253791000.0,0.0,8488000.0,0.0,0.011,0.3,117584000.0,126072000.0,0.342,126072000.0,117584000.0,115744000.0,1.13,1.09,1.13,922243000.0,,922243000.0,6795560002.0,18.0,16.522,157893000.0,2.467,1.0,368234000.0,0.998,483982000.0,1840000.0,1133586000.0,,0.0,298668000.0,,,916143000.0,,,6942074002.0,87709000.0,-27998000.0,-2818000.0,-1019000.0,-19099000.0,-22588000.0,-58554000.0,-10632000.0,170117000.0,-1266000.0,72918000.0,72918000.0,72918000.0,0.0,3289000.0,0.198,255838000.0,112396000.0,75779000.0,0.265,7.527,29.679,29.802,129451000.0,0.0,108.48,5.827,5.844,339578000.0,806884000.0,369108000.0,369108000.0,0.0,,,,,17414000.0,212258000.0,1.0,63994045.0,64000840.0,67071478.0,5.767,1364018000.0,46980000.0,42826000.0,0.0,21.313,
63,BLK,MRQ,2005-09-30,2005-09-30,2005-09-30,2021-08-05,4490000.0,1673104000.0,,,,,13.531,-13792000.0,396514000.0,396514000.0,11997000.0,61119000.0,,0.918,250000000.0,,,250000000.0,0.0,7946000.0,0.0,0.013,0.3,100204000.0,108150000.0,0.36,108150000.0,100204000.0,98196000.0,0.95,0.92,0.95,867190000.0,,867190000.0,5578276344.0,17.0,15.79,81275000.0,1.268,1.0,288810000.0,0.96,491710000.0,2008000.0,1034880000.0,,0.0,292267000.0,,,796328000.0,,,5695662344.0,29128000.0,2315000.0,-35216000.0,0.0,-19073000.0,-56184000.0,-9300000.0,2177000.0,95067000.0,-455000.0,61119000.0,61119000.0,61119000.0,0.0,0.0,0.203,209141000.0,79669000.0,80478000.0,0.316,6.568,27.027,27.018,123687000.0,0.0,88.62,5.634,5.618,274672000.0,753179000.0,300807000.0,300807000.0,0.0,,,,,19249000.0,206601000.0,1.0,64270620.0,64087871.0,66714797.0,4.694,1181394000.0,0.0,37077000.0,0.0,18.434,
64,BLK,MRQ,2005-06-30,2005-06-30,2005-06-30,2021-08-05,4680000.0,1562544000.0,,,,,13.264,-12454000.0,367386000.0,367386000.0,10426000.0,53335000.0,,0.818,250000000.0,,,250000000.0,0.0,7462000.0,0.0,0.014,0.3,86722000.0,94184000.0,0.347,94184000.0,86722000.0,84659000.0,0.83,0.8,0.83,853615000.0,,853615000.0,5121521898.0,25.0,22.033,113027000.0,1.756,1.0,260963000.0,0.962,499991000.0,2063000.0,945167000.0,,0.0,282807000.0,,,698352000.0,,,5183807898.0,55100000.0,-6828000.0,-30836000.0,0.0,-19160000.0,-54543000.0,-13853000.0,-106755000.0,125481000.0,-1985000.0,53335000.0,53335000.0,53335000.0,0.0,0.0,0.197,179068000.0,81895000.0,10722000.0,0.361,6.073,37.078,36.904,115323000.0,0.0,80.45,5.883,5.876,243796000.0,711244000.0,271389000.0,271389000.0,0.0,,,,,19607000.0,177412000.0,1.0,64435151.0,64354069.0,66796087.0,4.217,1062553000.0,0.0,31324000.0,0.0,16.511,
65,BLK,MRQ,2005-03-31,2005-03-31,2005-03-31,2021-08-05,6623000.0,1493918000.0,,,,,13.165,-16684000.0,312286000.0,312286000.0,9109000.0,46536000.0,,0.737,250000000.0,,,250000000.0,0.0,7006000.0,0.0,0.014,0.3,75881000.0,82887000.0,0.331,82887000.0,75881000.0,73867000.0,0.72,0.7,0.72,846395000.0,,846395000.0,4372275836.0,22.0,20.012,-152412000.0,-2.371,1.0,240974000.0,0.964,443685000.0,2014000.0,987947000.0,,0.0,325392000.0,,,623493000.0,,,4829948836.0,-145387000.0,-242707000.0,7251000.0,133160000.0,-19274000.0,129047000.0,-138079000.0,121312000.0,-135728000.0,-627000.0,46536000.0,46536000.0,46536000.0,0.0,0.0,0.186,174392000.0,66582000.0,35546000.0,0.417,5.706,35.918,35.681,107977000.0,0.0,74.93,6.086,6.07,245100000.0,677179000.0,250083000.0,250083000.0,0.0,,,,,18147000.0,173111000.0,1.0,64459480.0,64290510.0,66880713.0,3.89,1050233000.0,0.0,27331000.0,0.0,16.336,
66,BLK,MRQ,2004-12-31,2004-12-31,2004-12-31,2021-08-05,8254000.0,1145235000.0,,,,,12.067,-10347000.0,457673000.0,457673000.0,18288000.0,49752000.0,,0.468,4810000.0,,,4810000.0,0.0,5224000.0,0.0,0.013,0.25,62837000.0,68061000.0,0.361,68061000.0,62837000.0,62671000.0,0.78,0.75,0.78,768352000.0,,768352000.0,4536306189.0,23.0,20.912,77549000.0,1.218,1.0,170389000.0,0.903,184110000.0,166000.0,508262000.0,,0.0,227497000.0,,,359714000.0,,,4915737189.0,78242000.0,0.0,-7024000.0,0.0,-15975000.0,-15173000.0,3487000.0,13834000.0,87896000.0,2032000.0,49752000.0,49752000.0,49752000.0,0.0,0.0,0.264,88096000.0,82293000.0,30817000.0,0.321,6.398,34.342,34.338,93701000.0,0.0,77.26,6.777,6.784,154944000.0,650016000.0,188677000.0,188677000.0,0.0,,,,,89193000.0,87895000.0,1.0,63625902.0,63675977.0,66266236.0,2.963,961125000.0,0.0,12919000.0,0.0,15.094,
67,BLK,MRQ,2004-09-30,2004-09-30,2004-09-30,2021-08-05,5970000.0,1077001000.0,,,,,11.542,-5353000.0,379431000.0,379431000.0,8277000.0,-9814000.0,,0.454,0.0,,,0.0,0.0,5357000.0,0.0,0.013,0.25,-18044000.0,-12687000.0,-0.074,-12687000.0,-18044000.0,-17079000.0,-0.15,-0.15,-0.15,734949000.0,,734949000.0,4381028998.0,22.0,19.797,98334000.0,1.544,1.0,162722000.0,0.952,184288000.0,-965000.0,513282000.0,,0.0,240513000.0,,,333328000.0,,,4677724998.0,82735000.0,-1000.0,2166000.0,0.0,-15928000.0,-15429000.0,-5450000.0,-96000.0,103687000.0,-73000.0,-9814000.0,-9814000.0,-9814000.0,0.0,0.0,-0.057,155839000.0,6883000.0,33580000.0,-1.667,6.365,34.716,34.829,88377000.0,0.0,73.49,6.703,6.706,170707000.0,616185000.0,170999000.0,170999000.0,0.0,,,,,2505000.0,155556000.0,1.0,63651177.0,63676776.0,63676776.0,2.685,892713000.0,0.0,-7265000.0,0.0,14.019,
68,BLK,MRQ,2004-06-30,2004-06-30,2004-06-30,2021-08-05,5203000.0,966452000.0,,,,,11.866,-5306000.0,296696000.0,296696000.0,0.0,47996000.0,,0.268,0.0,,,0.0,0.0,5156000.0,0.0,0.014,0.25,75067000.0,80223000.0,0.436,80223000.0,75067000.0,74517000.0,0.75,0.73,0.75,755253000.0,,755253000.0,3765657577.0,13.0,12.42,68342000.0,1.074,1.0,183812000.0,1.0,185592000.0,550000.0,484164000.0,,0.0,236369000.0,,,202212000.0,,,4066766577.0,-4413000.0,0.0,-3597000.0,0.0,-15851000.0,-19239000.0,-58884000.0,-53578000.0,73648000.0,62000.0,47996000.0,47996000.0,47996000.0,0.0,0.0,0.261,116283000.0,67529000.0,28288000.0,0.333,5.385,22.029,22.163,88098000.0,0.0,63.83,6.005,5.999,146185000.0,641981000.0,183812000.0,183812000.0,0.0,,,,,4841000.0,83029000.0,1.0,63712464.0,63647316.0,65766979.0,2.888,780860000.0,0.0,26521000.0,0.0,12.269,
69,BLK,MRQ,2004-03-31,2004-03-31,2004-03-31,2021-08-05,6290000.0,909442000.0,,,,,11.336,-4586000.0,301109000.0,301109000.0,0.0,55207000.0,,0.252,0.0,,,0.0,0.0,4949000.0,0.0,0.011,0.25,76380000.0,81329000.0,0.447,81329000.0,76380000.0,75296000.0,0.87,0.84,0.87,722951000.0,,722951000.0,3576011444.0,13.0,12.281,-38459000.0,-0.603,1.0,181823000.0,1.0,185824000.0,1084000.0,422509000.0,,0.0,177288000.0,,,182191000.0,,,3891952444.0,-14832000.0,6339000.0,-33783000.0,0.0,-15906000.0,-49799000.0,67874000.0,66121000.0,-33873000.0,966000.0,55207000.0,55207000.0,55207000.0,0.0,0.0,0.304,106988000.0,74835000.0,55746000.0,0.287,5.383,22.203,22.489,87716000.0,0.0,61.17,6.107,6.122,147156000.0,609836000.0,181823000.0,181823000.0,0.0,,,,,3862000.0,69994000.0,1.0,63625183.0,63775783.0,65807605.0,2.851,723618000.0,0.0,20089000.0,0.0,11.346,
70,BLK,MRQ,2003-12-31,2003-12-31,2003-12-31,2021-08-05,6027000.0,967223000.0,,,,,11.139,-3800000.0,315941000.0,315941000.0,32773000.0,41355000.0,,0.354,0.0,,,0.0,0.0,5480000.0,0.0,0.008,0.2,66955000.0,72435000.0,0.449,72435000.0,66955000.0,66702000.0,0.64,0.63,0.64,713308000.0,,713308000.0,5054235549.0,20.0,18.532,81228000.0,1.268,1.0,128438000.0,0.797,192079000.0,253000.0,459203000.0,,0.0,234923000.0,,,252676000.0,,,3408548549.0,74374000.0,-12000.0,-18151000.0,0.0,-12780000.0,-30931000.0,18411000.0,22223000.0,85028000.0,1866000.0,41355000.0,41355000.0,41355000.0,0.0,0.0,0.257,-20399000.0,148837000.0,40668000.0,0.312,4.779,21.934,22.129,87006000.0,0.0,53.11,5.698,5.74,127316000.0,570535000.0,161211000.0,161211000.0,0.0,,,,,2660000.0,52913000.0,1.0,64179035.0,64037563.0,65686017.0,2.517,775144000.0,0.0,25347000.0,0.0,12.105,
71,BLK,MRQ,2003-09-30,2003-09-30,2003-09-30,2021-08-05,2622000.0,3484802000.0,,,,,10.795,-3354000.0,389950000.0,389950000.0,0.0,40053000.0,,3.467,2035637000.0,,,2035637000.0,0.0,5422000.0,0.0,0.004,0.2,63784000.0,69206000.0,0.46,69206000.0,63784000.0,63632000.0,0.62,0.61,0.62,696260000.0,,696260000.0,2982699267.0,12.0,11.4,68428000.0,1.061,1.0,150344000.0,1.0,192298000.0,152000.0,4938191000.0,,0.0,2550443000.0,,,2413814000.0,,,3163532267.0,60734000.0,-4334000.0,-38680000.0,0.0,-12834000.0,-51514000.0,40304000.0,47992000.0,71782000.0,162000.0,40053000.0,40053000.0,40053000.0,0.0,0.0,0.266,86079000.0,64265000.0,92952000.0,0.323,4.544,21.39,21.586,88455000.0,0.0,49.0,5.583,5.578,97659000.0,542099000.0,150344000.0,150344000.0,0.0,,,,,1420000.0,60742000.0,1.0,64561883.0,64497117.0,65692272.0,2.331,3292504000.0,0.0,23579000.0,0.0,51.049,
72,BLK,MRQ,2003-06-30,2003-06-30,2003-06-30,2021-08-05,5447000.0,900668000.0,,,,,10.903,-2944000.0,180833000.0,180833000.0,0.0,38674000.0,,0.27,0.0,,,0.0,0.0,5169000.0,0.0,0.0,0.0,63035000.0,68204000.0,0.474,68204000.0,63035000.0,62884000.0,0.59,0.58,0.59,708987000.0,,708987000.0,2738931706.0,12.0,10.77,48488000.0,0.746,1.0,143906000.0,1.0,192204000.0,151000.0,527631000.0,,0.0,304717000.0,,,191681000.0,,,2930145706.0,-10381000.0,-4324000.0,-5014000.0,0.0,0.0,-5856000.0,-57381000.0,-50113000.0,51432000.0,1424000.0,38674000.0,38674000.0,38674000.0,0.0,0.0,0.269,82418000.0,61488000.0,35175000.0,0.0,4.133,20.78,20.852,90292000.0,0.0,45.04,5.291,5.289,119448000.0,514741000.0,143906000.0,143906000.0,0.0,,,,,1996000.0,57803000.0,1.0,65056521.0,65028337.0,66164326.0,2.213,708464000.0,0.0,24210000.0,0.0,10.895,
73,BLK,MRQ,2003-03-31,2003-03-31,2003-03-31,2021-08-05,318000.0,836397000.0,,,,,10.271,-3355000.0,191214000.0,191214000.0,0.0,35320000.0,,0.252,0.0,,,0.0,0.0,5295000.0,0.0,0.0,0.0,57595000.0,62890000.0,0.441,62890000.0,57595000.0,57431000.0,0.54,0.54,0.54,668202000.0,,668202000.0,2582188949.0,11.0,10.337,-32002000.0,-0.492,1.0,142751000.0,1.0,182855000.0,164000.0,462328000.0,,0.0,244637000.0,,,168195000.0,,,2837422949.0,-64020000.0,-260000.0,-14035000.0,0.0,0.0,-14035000.0,-20983000.0,-17368000.0,-28647000.0,-355000.0,35320000.0,35320000.0,35320000.0,0.0,0.0,0.247,81742000.0,61009000.0,39628000.0,0.0,4.246,20.686,20.635,92215000.0,0.0,43.54,5.008,4.999,115527000.0,476067000.0,142751000.0,142751000.0,0.0,,,,,6781000.0,57447000.0,1.0,65168189.0,65056537.0,65867032.0,2.194,653542000.0,0.0,22111000.0,0.0,10.046,
74,BLK,MRQ,2002-12-31,2002-12-31,2002-12-31,2021-08-05,231000.0,864188000.0,,,,,9.787,-4462000.0,255234000.0,255234000.0,0.0,33848000.0,,0.362,0.0,,,0.0,0.0,4287000.0,0.0,0.0,0.0,57052000.0,61339000.0,0.473,61339000.0,57052000.0,56888000.0,0.52,0.52,0.52,634654000.0,,634654000.0,2340499186.0,10.0,9.558,69603000.0,1.073,1.0,129594000.0,1.0,182827000.0,164000.0,426127000.0,,0.0,210559000.0,,,229534000.0,,,2554174186.0,41559000.0,-1733000.0,-1483000.0,0.0,0.0,-2249000.0,-30753000.0,-24558000.0,74065000.0,496000.0,33848000.0,33848000.0,33848000.0,0.0,0.0,0.261,74655000.0,54939000.0,23977000.0,0.0,4.025,19.168,19.126,93923000.0,0.0,39.4,4.427,4.422,114070000.0,440747000.0,129594000.0,129594000.0,0.0,,,,,1833000.0,-6738000.0,1.0,64826756.0,64849233.0,65320952.0,1.998,681361000.0,0.0,23040000.0,0.0,10.507,
75,BLK,MRQ,2002-09-30,2002-09-30,2002-09-30,2021-08-05,-3527000.0,789574000.0,,,,,9.197,-6539000.0,213675000.0,213675000.0,0.0,33165000.0,,0.325,0.0,,,0.0,0.0,5985000.0,0.0,0.0,0.0,55904000.0,61889000.0,0.45,61889000.0,55904000.0,55740000.0,0.51,0.51,0.51,595924000.0,,595924000.0,2513408524.0,12.0,10.567,62699000.0,0.968,1.0,137540000.0,1.0,181082000.0,164000.0,394817000.0,,0.0,180462000.0,,,193650000.0,,,2682941524.0,44142000.0,0.0,800000.0,0.0,0.0,1566000.0,-27237000.0,-20698000.0,69238000.0,575000.0,33165000.0,33165000.0,33165000.0,0.0,0.0,0.241,73805000.0,63735000.0,16655000.0,0.0,4.502,21.004,20.919,93527000.0,0.0,41.42,4.709,4.711,111844000.0,406899000.0,137540000.0,137540000.0,0.0,,,,,1363000.0,73191000.0,1.0,64774059.0,64798908.0,65338340.0,2.123,608492000.0,0.0,22575000.0,0.0,9.39,
76,BLK,MRQ,2002-06-30,2002-06-30,2002-06-30,2021-08-05,-2907000.0,734294000.0,,,,,8.671,-18116000.0,169533000.0,169533000.0,0.0,34836000.0,,0.308,0.0,,,0.0,0.0,4965000.0,0.0,0.0,0.0,58719000.0,63684000.0,0.406,63684000.0,58719000.0,58548000.0,0.54,0.53,0.54,561218000.0,,561218000.0,2755306718.0,13.0,12.076,47932000.0,0.741,1.0,156695000.0,1.0,181286000.0,171000.0,383475000.0,,0.0,163003000.0,,,173076000.0,,,2867134718.0,57705000.0,0.0,200000.0,0.0,0.0,-566000.0,-8832000.0,9284000.0,66048000.0,1055000.0,34836000.0,34836000.0,34836000.0,0.0,0.0,0.222,90074000.0,66621000.0,21473000.0,0.0,5.109,23.512,23.316,92772000.0,0.0,44.3,5.057,5.057,118711000.0,373733000.0,156695000.0,156695000.0,0.0,,,,,1179000.0,69717000.0,1.0,64720874.0,64726856.0,65333228.0,2.421,553008000.0,0.0,23712000.0,0.0,8.544,
77,BLK,MRQ,2002-03-31,2002-03-31,2002-03-31,2021-08-05,-4906000.0,666644000.0,,,,,8.09,-13710000.0,111828000.0,111828000.0,0.0,31399000.0,,0.275,0.0,,,0.0,0.0,5001000.0,0.0,0.0,0.0,52955000.0,57956000.0,0.397,57956000.0,52955000.0,52772000.0,0.49,0.48,0.49,523004000.0,,523004000.0,2700333417.0,14.0,12.49,-52887000.0,-0.818,1.0,146113000.0,1.0,181487000.0,183000.0,373329000.0,,0.0,170245000.0,,,143640000.0,,,2886784417.0,-74623000.0,0.0,-6923000.0,0.0,0.0,-6923000.0,-28112000.0,-14402000.0,-39177000.0,-411000.0,31399000.0,31399000.0,31399000.0,0.0,0.0,0.215,83000000.0,63113000.0,32828000.0,0.0,5.52,25.471,25.198,79420000.0,0.0,44.6,5.292,5.285,114450000.0,338897000.0,146113000.0,146113000.0,0.0,,,,,8230000.0,62287000.0,1.0,64726108.0,64648511.0,65219988.0,2.26,485157000.0,0.0,21373000.0,0.0,7.505,
78,BLK,MRQ,2001-12-31,2001-12-31,2001-12-31,2021-08-05,-3537000.0,684478000.0,,,,,7.549,-13877000.0,186451000.0,186451000.0,0.0,28332000.0,,0.408,0.0,,,0.0,0.0,7122000.0,0.0,0.0,0.0,47208000.0,54330000.0,0.42,54330000.0,47208000.0,47021000.0,0.44,0.43,0.44,486117000.0,,486117000.0,2532288212.0,14.0,12.188,33705000.0,0.523,1.0,129391000.0,1.0,181688000.0,187000.0,316339000.0,,0.0,139126000.0,,,198361000.0,,,2685120212.0,33619000.0,0.0,478000.0,0.0,0.0,478000.0,-14148000.0,-271000.0,47582000.0,-293000.0,28332000.0,28332000.0,28332000.0,0.0,0.0,0.219,25546000.0,103845000.0,15972000.0,0.0,5.524,24.993,24.97,70510000.0,0.0,41.7,5.036,5.027,96659000.0,307498000.0,129391000.0,129391000.0,0.0,,,,,1098000.0,52414000.0,1.0,64391372.0,64392126.0,65013535.0,2.009,502790000.0,0.0,18689000.0,0.0,7.808,
79,BLK,MRQ,2001-09-30,2001-09-30,2001-09-30,2021-08-05,-1391000.0,643770000.0,,,,,7.117,-8569000.0,152832000.0,152832000.0,0.0,27376000.0,,0.407,0.0,,,0.0,0.0,6768000.0,0.0,0.0,0.0,45422000.0,52190000.0,0.387,52190000.0,45422000.0,45250000.0,0.43,0.42,0.43,457522000.0,,457522000.0,2743218661.0,15.0,13.635,50750000.0,0.789,1.0,134782000.0,1.0,184301000.0,172000.0,306637000.0,,0.0,140708000.0,,,186248000.0,,,2842449661.0,53601000.0,0.0,112000.0,0.0,0.0,916000.0,-7143000.0,1426000.0,59319000.0,509000.0,27376000.0,27376000.0,27376000.0,0.0,0.0,0.203,92250000.0,42532000.0,41899000.0,0.0,6.213,27.424,27.129,61142000.0,0.0,44.22,5.34,5.34,97266000.0,279166000.0,134782000.0,134782000.0,0.0,,,,,963000.0,56034000.0,1.0,64279730.0,64284768.0,64947840.0,2.097,459469000.0,0.0,17874000.0,0.0,7.147,
80,BLK,MRQ,2001-06-30,2001-06-30,2001-06-30,2021-08-05,-1590000.0,571234000.0,,,,,6.675,-9838000.0,99231000.0,99231000.0,0.0,26230000.0,,0.332,0.0,,,0.0,0.0,6382000.0,0.0,0.0,0.0,45340000.0,51722000.0,0.382,51722000.0,45340000.0,45139000.0,0.41,0.4,0.41,428872000.0,,428872000.0,2057487832.0,12.0,10.629,77093000.0,1.2,1.0,135262000.0,1.0,186914000.0,201000.0,285089000.0,,0.0,142444000.0,,,142362000.0,,,2202864832.0,-46146000.0,0.0,18000.0,0.0,0.0,-1482000.0,-131608000.0,-121770000.0,86931000.0,13000.0,26230000.0,26230000.0,26230000.0,0.0,0.0,0.194,92554000.0,42708000.0,28569000.0,0.0,5.136,22.244,21.981,56728000.0,0.0,34.29,4.194,4.195,78216000.0,251790000.0,135262000.0,135262000.0,0.0,,,,,826000.0,57291000.0,1.0,64242194.0,64248630.0,64877389.0,2.105,384320000.0,0.0,18909000.0,0.0,5.982,
81,BLK,MRQ,2001-03-31,2001-03-31,2001-03-31,2021-08-05,-1574000.0,500443000.0,,,,,6.263,-8195000.0,145377000.0,145377000.0,0.0,25496000.0,,0.245,0.0,,,0.0,0.0,5749000.0,0.0,0.0,0.0,43782000.0,49531000.0,0.37,49531000.0,43782000.0,43581000.0,0.4,0.39,0.4,401814000.0,,401814000.0,2119615264.0,13.0,11.615,-34654000.0,-0.54,1.0,133709000.0,1.0,189528000.0,201000.0,165538000.0,,0.0,20703000.0,,,98629000.0,,,2312205264.0,-47213000.0,0.0,-6075000.0,0.0,0.0,-6075000.0,-14156000.0,-5961000.0,-26459000.0,-523000.0,25496000.0,25496000.0,25496000.0,0.0,0.0,0.191,91789000.0,41920000.0,24837000.0,0.0,5.754,24.687,24.324,50658000.0,0.0,36.0,4.601,4.596,86430000.0,225560000.0,133709000.0,133709000.0,0.0,,,,,7225000.0,57723000.0,1.0,64227924.0,64159248.0,64897486.0,2.084,310915000.0,0.0,18085000.0,0.0,4.846,
82,BLK,MRQ,2000-12-31,2000-12-31,2000-12-31,2021-08-05,-2477000.0,537003000.0,,,,,5.76,-10308000.0,192590000.0,192590000.0,0.0,24546000.0,,0.458,0.0,,,0.0,0.0,5003000.0,0.0,0.0,0.0,42742000.0,47745000.0,0.371,47745000.0,42742000.0,42541000.0,0.39,0.38,0.39,368241000.0,,368241000.0,2526277656.0,17.0,14.794,33445000.0,0.523,1.0,128540000.0,1.0,192142000.0,201000.0,152271000.0,,0.0,13316000.0,,,168762000.0,,,2685205656.0,33662000.0,0.0,991000.0,0.0,0.0,991000.0,-11536000.0,-1228000.0,43753000.0,454000.0,24546000.0,24546000.0,24546000.0,0.0,0.0,0.191,88868000.0,39672000.0,14750000.0,0.0,7.292,30.737,30.657,45598000.0,0.0,42.0,5.631,5.627,83284000.0,200064000.0,128540000.0,128540000.0,0.0,,,,,880000.0,57359000.0,1.0,63933468.0,63930708.0,64789007.0,2.011,344861000.0,0.0,17995000.0,0.0,5.394,
83,BLK,MRQ,2000-09-30,2000-09-30,2000-09-30,2021-08-05,-812000.0,492495000.0,,,,,5.378,-11861000.0,158928000.0,158928000.0,0.0,22761000.0,,0.434,0.0,,,0.0,0.0,5457000.0,0.0,0.0,0.0,39123000.0,44580000.0,0.349,44580000.0,39123000.0,38908000.0,0.36,0.35,0.36,343548000.0,,343548000.0,1927822136.0,14.0,12.177,47227000.0,0.739,1.0,127701000.0,1.0,194757000.0,215000.0,138810000.0,,0.0,14207000.0,,,148947000.0,,,2044455136.0,42295000.0,0.0,0.0,0.0,0.0,0.0,-15957000.0,-4096000.0,59088000.0,-836000.0,22761000.0,22761000.0,22761000.0,0.0,0.0,0.178,90775000.0,36926000.0,30288000.0,0.0,5.951,25.548,25.397,37678000.0,0.0,32.0,4.552,4.552,77641000.0,175518000.0,127701000.0,127701000.0,0.0,,,,,270000.0,54232000.0,1.0,63889223.0,63884410.0,64651300.0,1.999,297738000.0,0.0,16147000.0,0.0,4.661,
84,BLK,MRQ,2000-06-30,2000-06-30,2000-06-30,2021-08-05,-83000.0,433729000.0,,,,,5.029,-4962000.0,116633000.0,116633000.0,0.0,20857000.0,,0.35,0.0,,,0.0,0.0,4902000.0,0.0,0.0,0.0,35739000.0,40641000.0,0.361,40641000.0,35739000.0,35653000.0,0.33,0.32,0.33,321187000.0,,321187000.0,1763438229.0,13.0,11.787,35626000.0,0.558,1.0,112571000.0,1.0,197370000.0,86000.0,119726000.0,,0.0,10004000.0,,,112542000.0,,,1852108229.0,27963000.0,0.0,-31000.0,0.0,0.0,-31000.0,-12578000.0,-7616000.0,40588000.0,-16000.0,20857000.0,20857000.0,20857000.0,0.0,0.0,0.185,78249000.0,34322000.0,30404000.0,0.0,5.766,25.204,24.167,28661000.0,0.0,29.0,4.394,4.394,72249000.0,152757000.0,112571000.0,112571000.0,0.0,,,,,179000.0,44153000.0,1.0,63865801.0,63865770.0,64492447.0,1.763,236359000.0,0.0,14796000.0,0.0,3.701,
85,BLK,MRQ,2000-03-31,2000-03-31,2000-03-31,2021-08-05,-259000.0,388430000.0,,,,,4.698,-5630000.0,88670000.0,88670000.0,0.0,19197000.0,,0.295,0.0,,,0.0,0.0,4633000.0,0.0,0.0,0.0,33168000.0,37801000.0,0.35,37801000.0,33168000.0,32815000.0,0.3,0.3,0.3,300006000.0,,300006000.0,1164324736.0,9.0,8.277,-40452000.0,-0.633,1.0,108060000.0,1.0,191844000.0,353000.0,107916000.0,,0.0,2196000.0,,,88424000.0,,,1293253736.0,-68459000.0,0.0,162000.0,-28200000.0,0.0,-28038000.0,-5589000.0,41000.0,-34822000.0,-10000.0,19197000.0,19197000.0,19197000.0,0.0,0.0,0.178,75942000.0,32118000.0,37633000.0,0.0,4.311,19.478,18.08,26087000.0,0.0,20.25,3.224,3.224,72468000.0,131900000.0,108060000.0,108060000.0,0.0,,,,,149000.0,41993000.0,1.0,63864382.0,63864382.0,64342592.0,1.692,196586000.0,0.0,13618000.0,0.0,3.078,
86,BLK,MRQ,1999-12-31,1999-12-31,1999-12-31,2021-08-05,-231000.0,447582000.0,,,,,4.387,-5987000.0,157129000.0,157129000.0,0.0,17209000.0,,0.596,28200000.0,,,28200000.0,0.0,4408000.0,0.0,0.0,0.0,30893000.0,35301000.0,0.35,35301000.0,30893000.0,30192000.0,0.27,0.27,0.27,280526000.0,,280526000.0,1092509727.0,10.0,8.243,8561000.0,0.134,1.0,100782000.0,1.0,194257000.0,701000.0,124396000.0,,0.0,2255000.0,,,167056000.0,,,1097828727.0,-1390000.0,0.0,114849000.0,-125000000.0,0.0,-10151000.0,-5787000.0,200000.0,14548000.0,0.0,17209000.0,17209000.0,17209000.0,0.0,0.0,0.171,71123000.0,29659000.0,33476000.0,0.0,3.913,18.477,16.529,22677000.0,0.0,17.19,2.882,2.574,65837000.0,112703000.0,100782000.0,100782000.0,0.0,,,,,100000.0,40547000.0,1.0,63864382.0,63939191.0,64261324.0,1.576,253325000.0,0.0,12983000.0,0.0,3.962,
87,BLK,MRQ,1999-09-30,1999-09-30,1999-09-30,2021-08-05,-192000.0,443416000.0,,,,,2.714,-3824000.0,158519000.0,158519000.0,0.0,16223000.0,,1.988,153200000.0,,,153200000.0,0.0,4289000.0,0.0,,0.0,31576000.0,35865000.0,0.358,35865000.0,31576000.0,28460000.0,0.3,0.3,0.3,148407000.0,,148407000.0,,,,82338000.0,1.506,1.0,100107000.0,1.0,196671000.0,3116000.0,241426000.0,,0.0,2494000.0,,,295009000.0,,,,82257000.0,0.0,200000.0,0.0,0.0,200000.0,-4105000.0,-281000.0,86162000.0,0.0,16223000.0,16223000.0,16223000.0,0.0,0.0,0.162,69449000.0,30658000.0,27865000.0,0.0,,,,18684000.0,0.0,,,,60948000.0,95494000.0,100107000.0,100107000.0,0.0,,,,,0.0,36406000.0,1.0,63982635.0,54675353.0,54850506.0,1.831,246745000.0,0.0,12237000.0,0.0,4.513,
88,BLK,MRQ,1999-06-30,1999-06-30,1999-06-30,2021-08-05,-99000.0,403252000.0,,,,,2.41,-4184000.0,76262000.0,76262000.0,0.0,13767000.0,,2.053,153200000.0,,,153200000.0,0.0,4101000.0,0.0,,0.0,27595000.0,31696000.0,0.344,31696000.0,27595000.0,24144000.0,0.25,0.25,0.25,132078000.0,,132078000.0,,,,26518000.0,0.484,1.0,92217000.0,1.0,199084000.0,3451000.0,281106000.0,,0.0,2306000.0,,,271174000.0,,,,3623000.0,0.0,0.0,-25000000.0,0.0,-25000000.0,-2079000.0,2105000.0,30702000.0,0.0,13767000.0,13767000.0,13767000.0,0.0,0.0,0.149,65297000.0,26920000.0,19079000.0,0.0,,,,16737000.0,0.0,,,,103439000.0,79272000.0,92217000.0,92217000.0,0.0,,,,,0.0,33977000.0,1.0,63982635.0,54807482.0,54982635.0,1.683,204168000.0,0.0,10377000.0,0.0,3.725,
89,BLK,MRQ,1999-03-31,1999-03-31,1999-03-31,2021-08-05,,,,,,,,-4930000.0,,,0.0,12218000.0,,,,,,,,5355000.0,,,0.0,24324000.0,29679000.0,0.338,29679000.0,24324000.0,20654000.0,0.22,0.22,0.22,,,,,,,-20016000.0,-0.365,1.0,87875000.0,1.0,,3670000.0,,,,,,,,,,,-40811000.0,0.0,0.0,-18800000.0,0.0,-18800000.0,-6925000.0,-1995000.0,-15086000.0,0.0,12218000.0,12218000.0,12218000.0,0.0,0.0,0.139,64169000.0,23706000.0,,0.0,,,,,0.0,,,,,,87875000.0,87875000.0,0.0,,,,,0.0,34552000.0,1.0,,54807482.0,54982635.0,1.603,,,8436000.0,,,
90,BLK,MRQ,1998-12-31,1998-12-31,1998-12-31,2021-08-05,0.0,440784000.0,,,,,1.937,-3281000.0,113450000.0,113450000.0,0.0,12977000.0,,3.151,197000000.0,,,197000000.0,0.0,3414000.0,0.0,,0.0,27339000.0,30753000.0,0.237,30753000.0,27339000.0,24781000.0,0.24,0.23,0.24,106191000.0,,106191000.0,,,,17246000.0,0.315,1.0,129659000.0,1.0,203910000.0,2558000.0,320424000.0,,0.0,2515000.0,,,334593000.0,,,,87744000.0,0.0,0.0,67272000.0,0.0,69005000.0,-1788000.0,1493000.0,20527000.0,0.0,12977000.0,12977000.0,12977000.0,0.0,0.0,0.1,138204000.0,-8545000.0,16478000.0,0.0,,,,12252000.0,0.0,,,,106656000.0,53286000.0,129659000.0,129659000.0,0.0,,,,,1737000.0,33618000.0,1.0,,54821774.0,54996927.0,2.365,236874000.0,0.0,11804000.0,0.0,4.321,
91,BLK,MRQ,1998-09-30,1998-09-30,1998-09-30,2021-08-05,,,,,,,,-2833000.0,,,0.0,8790000.0,,,,,,,,3221000.0,,,0.0,19993000.0,23214000.0,0.295,23214000.0,19993000.0,16785000.0,0.16,0.16,0.16,,,,,,,25267000.0,0.461,1.0,78571000.0,1.0,,3208000.0,,,,,,,,,,,-10452000.0,0.0,0.0,-35833000.0,0.0,-35573000.0,-2979000.0,-146000.0,28100000.0,0.0,8790000.0,8790000.0,8790000.0,0.0,0.0,0.112,39279000.0,39292000.0,,0.0,,,,,0.0,,,,,,78571000.0,78571000.0,0.0,,,,,0.0,27607000.0,1.0,,54807482.0,54982635.0,1.434,,,7995000.0,,,
92,BLK,MRQ,1997-12-31,1997-12-31,1997-12-31,2021-08-05,0.0,335507000.0,,,,,0.997,,69085000.0,69085000.0,,,,6.462,225232000.0,,,225232000.0,0.0,,0.0,,0.0,,,,,,,,,,44963000.0,,44963000.0,,,,,,1.0,,,213563000.0,,278091000.0,,0.0,5915000.0,,,290544000.0,,,,,,,,,,,,,,,,,,,,,,7926000.0,,,,,7037000.0,,,,,37714000.0,29872000.0,,,,,,,,,,1.0,,45100000.0,,,121944000.0,0.0,,0.0,2.704,
0,BLK,MRT,2021-06-30,2021-06-30,2021-06-30,2021-08-05,-388000000.0,176962000000.0,173230250000.0,,,0.104,236.37,-272000000.0,6416000000.0,6416000000.0,3169000000.0,6077000000.0,,3.846,6491000000.0,,,6491000000.0,0.0,512000000.0,0.0,0.018,15.52,7567000000.0,8079000000.0,0.447,8079000000.0,7567000000.0,7352000000.0,35.97,35.57,35.97,36033000000.0,35142250000.0,36033000000.0,134421025083.0,18.0,16.638,3955000000.0,25.944,1.0,14896000000.0,0.825,33876000000.0,215000000.0,143161000000.0,139970750000.0,0.0,23765000000.0,,,138572000000.0,,,133456025083.0,950000000.0,-1097000000.0,-900000000.0,-711000000.0,-2401000000.0,-1928000000.0,-1531000000.0,-162000000.0,4227000000.0,182000000.0,5489000000.0,5489000000.0,5489000000.0,0.0,588000000.0,0.304,7815000000.0,7081000000.0,1238000000.0,0.431,3.704,24.313,24.325,741000000.0,0.0,874.97,7.388,7.384,3790000000.0,25620000000.0,18065000000.0,18065000000.0,0.0,0.032,0.156,0.054,0.419,702000000.0,7690000000.0,1.0,152526401.0,152443039.0,154417581.0,118.503,143086000000.0,0.0,1863000000.0,3907000000.0,938.619,
1,BLK,MRT,2021-03-31,2021-03-31,2021-03-31,2021-08-05,-411000000.0,173859000000.0,168325250000.0,,,0.1,231.897,-190000000.0,6267000000.0,6267000000.0,3001000000.0,5932000000.0,,3.845,7232000000.0,,,7232000000.0,0.0,493000000.0,0.0,0.02,15.02,7109000000.0,7602000000.0,0.45,7602000000.0,7109000000.0,6895000000.0,34.83,34.5,34.83,35380000000.0,34316500000.0,35380000000.0,113679820562.0,16.0,14.954,3918000000.0,25.68,1.0,13892000000.0,0.822,33864000000.0,214000000.0,140960000000.0,135728750000.0,0.0,22856000000.0,,,136019000000.0,,,115079820562.0,1937000000.0,-1062000000.0,-1720000000.0,1288000000.0,-2325000000.0,-975000000.0,-1370000000.0,-118000000.0,4108000000.0,174000000.0,5325000000.0,5325000000.0,5325000000.0,0.0,607000000.0,0.315,7336000000.0,6556000000.0,1196000000.0,0.431,3.253,21.611,21.647,671000000.0,0.0,753.96,6.812,6.809,3825000000.0,24872000000.0,16893000000.0,16893000000.0,0.0,0.032,0.155,0.052,0.421,669000000.0,7221000000.0,1.0,152633854.0,152567453.0,154301812.0,110.725,139995000000.0,0.0,1570000000.0,3794000000.0,917.594,
2,BLK,MRT,2020-12-31,2020-12-31,2020-12-31,2021-08-05,-337000000.0,176982000000.0,162115500000.0,,,0.1,229.873,-194000000.0,8664000000.0,8664000000.0,2898000000.0,5286000000.0,,3.949,7264000000.0,,,7264000000.0,0.0,476000000.0,0.0,0.02,14.52,6375000000.0,6851000000.0,0.423,6851000000.0,6375000000.0,6170000000.0,32.13,31.85,32.13,35283000000.0,33724750000.0,35283000000.0,110762575529.0,17.0,16.167,3549000000.0,23.122,1.0,13307000000.0,0.821,32814000000.0,205000000.0,142768000000.0,129899750000.0,0.0,23426000000.0,,,139326000000.0,,,110042575529.0,3835000000.0,0.0,-1809000000.0,2296000000.0,-2260000000.0,244000000.0,-254000000.0,-60000000.0,3743000000.0,102000000.0,4932000000.0,4932000000.0,4932000000.0,0.0,354000000.0,0.304,7612000000.0,5695000000.0,1028000000.0,0.452,3.119,22.312,22.457,681000000.0,0.0,721.54,6.791,6.834,3535000000.0,24334000000.0,16205000000.0,16205000000.0,0.0,0.03,0.146,0.049,0.393,622000000.0,7506000000.0,1.0,152510707.0,153489422.0,154840582.0,105.577,144168000000.0,0.0,1238000000.0,3673000000.0,939.27,
3,BLK,MRT,2020-09-30,2020-09-30,2020-09-30,2021-08-05,-601000000.0,165118000000.0,160025500000.0,,,0.098,222.135,-234000000.0,6507000000.0,6507000000.0,2793000000.0,4880000000.0,,3.811,7227000000.0,,,7227000000.0,0.0,453000000.0,0.0,0.025,14.19,5998000000.0,6451000000.0,0.411,6451000000.0,5998000000.0,5796000000.0,30.41,30.13,30.41,33873000000.0,33290750000.0,33873000000.0,87656109674.0,15.0,13.588,2786000000.0,18.27,1.0,12911000000.0,0.822,32844000000.0,202000000.0,132994000000.0,128162000000.0,0.0,21444000000.0,,,129102000000.0,,,85932109674.0,1900000000.0,0.0,-1799000000.0,1292000000.0,-2218000000.0,-1108000000.0,-84000000.0,150000000.0,3020000000.0,72000000.0,4685000000.0,4685000000.0,4685000000.0,0.0,195000000.0,0.298,7526000000.0,5385000000.0,988000000.0,0.467,2.537,18.342,18.532,693000000.0,0.0,563.55,5.472,5.472,3706000000.0,23340000000.0,15704000000.0,15704000000.0,0.0,0.029,0.141,0.047,0.382,598000000.0,7418000000.0,1.0,152483559.0,152488073.0,153742264.0,102.985,132274000000.0,0.0,1111000000.0,3742000000.0,867.438,
4,BLK,MRT,2020-06-30,2020-06-30,2020-06-30,2021-08-05,-781000000.0,157342000000.0,159714000000.0,,,0.094,212.902,-249000000.0,5466000000.0,5466000000.0,2746000000.0,4482000000.0,,3.767,7190000000.0,,,7190000000.0,0.0,441000000.0,0.0,0.025,13.86,5630000000.0,6071000000.0,0.404,6071000000.0,5630000000.0,5428000000.0,28.68,28.41,28.68,32730000000.0,32924250000.0,32730000000.0,85459505708.0,15.0,14.077,2707000000.0,17.608,1.0,12281000000.0,0.817,32873000000.0,202000000.0,126193000000.0,128019500000.0,0.0,19538000000.0,,,123308000000.0,,,83932505708.0,1443000000.0,-4000000.0,-1898000000.0,1328000000.0,-2175000000.0,-969000000.0,-509000000.0,-256000000.0,2956000000.0,-35000000.0,4440000000.0,4440000000.0,4440000000.0,0.0,42000000.0,0.295,7151000000.0,5130000000.0,914000000.0,0.483,2.564,18.904,18.971,697000000.0,0.0,544.09,5.585,5.566,2990000000.0,22532000000.0,15027000000.0,15027000000.0,0.0,0.028,0.135,0.044,0.375,571000000.0,7042000000.0,1.0,154262173.0,153732878.0,154712032.0,97.747,124469000000.0,0.0,988000000.0,3664000000.0,809.645,
5,BLK,MRT,2020-03-31,2020-03-31,2020-03-31,2021-08-05,-810000000.0,149020000000.0,161215250000.0,,,0.092,212.653,-248000000.0,4406000000.0,4406000000.0,2739000000.0,4093000000.0,,3.469,5933000000.0,,,5933000000.0,0.0,427000000.0,0.0,0.031,13.53,5381000000.0,5808000000.0,0.39,5808000000.0,5381000000.0,5178000000.0,27.24,26.97,27.24,33013000000.0,32715000000.0,33013000000.0,68245470134.0,13.0,11.75,1923000000.0,12.387,1.0,12164000000.0,0.816,32903000000.0,203000000.0,117644000000.0,129581750000.0,0.0,20017000000.0,,,114510000000.0,,,68119470134.0,345000000.0,-1510000000.0,-780000000.0,1074000000.0,-2136000000.0,157000000.0,-1930000000.0,-172000000.0,2171000000.0,-53000000.0,4229000000.0,4229000000.0,4229000000.0,0.0,-136000000.0,0.284,7162000000.0,5002000000.0,982000000.0,0.497,2.063,16.108,16.152,714000000.0,0.0,439.97,4.571,4.583,3095000000.0,21872000000.0,14903000000.0,14903000000.0,0.0,0.026,0.129,0.042,0.361,562000000.0,7055000000.0,1.0,154827534.0,155243279.0,156416726.0,95.998,116117000000.0,0.0,949000000.0,3610000000.0,747.968,
6,BLK,MRT,2019-12-31,2019-12-31,2019-12-31,2021-08-05,-571000000.0,168622000000.0,165212250000.0,,,0.088,215.025,-254000000.0,4829000000.0,4829000000.0,2663000000.0,4526000000.0,,3.985,4955000000.0,,,4955000000.0,0.0,405000000.0,0.0,0.026,13.2,5940000000.0,6345000000.0,0.436,6345000000.0,5940000000.0,5737000000.0,28.69,28.43,28.69,33547000000.0,32289000000.0,33547000000.0,79113153906.0,13.0,12.469,2630000000.0,16.857,1.0,11876000000.0,0.817,32931000000.0,203000000.0,135817000000.0,133845500000.0,0.0,20955000000.0,,,133693000000.0,,,77602153906.0,-1659000000.0,-1510000000.0,-1911000000.0,103000000.0,-2096000000.0,-2583000000.0,-2014000000.0,-250000000.0,2884000000.0,54000000.0,4476000000.0,4476000000.0,4476000000.0,0.0,50000000.0,0.308,6325000000.0,5551000000.0,1167000000.0,0.46,2.313,17.337,17.522,715000000.0,0.0,502.7,5.338,5.394,3179000000.0,21662000000.0,14539000000.0,14539000000.0,0.0,0.027,0.139,0.044,0.409,567000000.0,6228000000.0,1.0,154370706.0,156014343.0,157459546.0,93.19,135691000000.0,0.0,1261000000.0,3734000000.0,869.734,
7,BLK,MRT,2019-09-30,2019-09-30,2019-09-30,2021-08-05,-784000000.0,163872000000.0,162950000000.0,,,0.086,208.699,-256000000.0,4607000000.0,4607000000.0,2624000000.0,4119000000.0,,4.02,6118000000.0,,,6118000000.0,0.0,350000000.0,0.0,0.029,13.103,5508000000.0,5858000000.0,0.419,5858000000.0,5508000000.0,5310000000.0,26.17,25.92,26.17,32407000000.0,31995750000.0,32407000000.0,70967260656.0,13.0,12.115,1895000000.0,12.204,1.0,11372000000.0,0.813,32959000000.0,198000000.0,132424000000.0,131566000000.0,0.0,23714000000.0,,,130268000000.0,,,68884260656.0,-1973000000.0,-1458000000.0,-2436000000.0,1134000000.0,-2081000000.0,-1841000000.0,-2215000000.0,-501000000.0,2151000000.0,-68000000.0,4102000000.0,4102000000.0,4102000000.0,0.0,17000000.0,0.293,6113000000.0,5259000000.0,1252000000.0,0.501,2.126,16.793,17.029,669000000.0,0.0,445.64,4.922,4.944,3026000000.0,20873000000.0,13996000000.0,13996000000.0,0.0,0.025,0.128,0.042,0.394,560000000.0,5970000000.0,1.0,154573783.0,155280877.0,156447387.0,90.133,130913000000.0,0.0,1208000000.0,3792000000.0,843.072,
8,BLK,MRT,2019-06-30,2019-06-30,2019-06-30,2021-08-05,-664000000.0,163347000000.0,165697500000.0,,,0.084,205.292,-246000000.0,4023000000.0,4023000000.0,2615000000.0,4203000000.0,,4.098,6106000000.0,,,6106000000.0,0.0,302000000.0,0.0,0.028,12.933,5482000000.0,5784000000.0,0.417,5784000000.0,5482000000.0,5292000000.0,26.55,26.31,26.55,31893000000.0,31997750000.0,31893000000.0,73556064314.0,13.0,12.717,2239000000.0,14.412,1.0,11265000000.0,0.812,32988000000.0,190000000.0,132442000000.0,133944250000.0,0.0,22866000000.0,,,130687000000.0,,,72517064314.0,-2701000000.0,-2153000000.0,-2842000000.0,1090000000.0,-2070000000.0,-2800000000.0,-2329000000.0,70000000.0,2485000000.0,-57000000.0,4199000000.0,4199000000.0,4199000000.0,0.0,4000000.0,0.303,6112000000.0,5153000000.0,1277000000.0,0.487,2.274,17.27,17.676,659000000.0,0.0,469.3,5.225,5.253,2863000000.0,20267000000.0,13880000000.0,13880000000.0,0.0,0.025,0.131,0.041,0.395,548000000.0,5984000000.0,1.0,154521765.0,155354552.0,156360741.0,89.344,130359000000.0,0.0,1093000000.0,3825000000.0,839.106,
9,BLK,MRT,2019-03-31,2019-03-31,2019-03-31,2021-08-05,-623000000.0,165008000000.0,173748000000.0,,,0.08,197.823,-229000000.0,4061000000.0,4061000000.0,2626000000.0,4268000000.0,,4.236,5100000000.0,,,5100000000.0,0.0,256000000.0,0.0,0.029,12.513,5562000000.0,5818000000.0,0.417,5818000000.0,5562000000.0,5378000000.0,26.76,26.52,26.76,31309000000.0,32057000000.0,31309000000.0,66113107634.0,12.0,11.364,2762000000.0,17.451,1.0,11335000000.0,0.812,31348000000.0,184000000.0,134699000000.0,141643000000.0,0.0,25300000000.0,,,132637000000.0,,,67538107634.0,-2065000000.0,-646000000.0,-3156000000.0,90000000.0,-2019000000.0,-4003000000.0,-873000000.0,2000000.0,2991000000.0,-180000000.0,4269000000.0,4269000000.0,4269000000.0,0.0,-1000000.0,0.306,6020000000.0,5315000000.0,1225000000.0,0.468,2.157,15.821,15.97,656000000.0,0.0,427.37,4.838,4.845,2771000000.0,19779000000.0,13961000000.0,13961000000.0,0.0,0.025,0.133,0.039,0.398,543000000.0,5906000000.0,1.0,158031934.0,158268034.0,159348431.0,88.211,133660000000.0,0.0,1109000000.0,3654000000.0,844.517,
10,BLK,MRT,2018-12-31,2018-12-31,2018-12-31,2021-08-05,-691000000.0,159573000000.0,186500250000.0,,,0.076,201.957,-204000000.0,6488000000.0,6488000000.0,2673000000.0,4302000000.0,,3.893,4979000000.0,,,4979000000.0,0.0,220000000.0,0.0,0.031,12.093,5565000000.0,5785000000.0,0.407,5785000000.0,5565000000.0,5381000000.0,26.86,26.58,26.86,32374000000.0,32224250000.0,32374000000.0,60407540579.0,11.0,10.442,2871000000.0,17.91,1.0,11525000000.0,0.812,31365000000.0,184000000.0,126699000000.0,154062500000.0,0.0,25131000000.0,,,126033000000.0,,,61952540579.0,-591000000.0,-699000000.0,-2087000000.0,40000000.0,-1968000000.0,-2765000000.0,-808000000.0,95000000.0,3075000000.0,-93000000.0,4305000000.0,4305000000.0,4305000000.0,0.0,-3000000.0,0.303,6068000000.0,5457000000.0,1292000000.0,0.45,1.914,14.391,14.625,643000000.0,0.0,392.82,4.363,4.435,2657000000.0,19282000000.0,14198000000.0,14198000000.0,0.0,0.023,0.134,0.036,0.392,564000000.0,5958000000.0,1.0,157712287.0,160301116.0,161948732.0,88.571,128208000000.0,0.0,1076000000.0,3571000000.0,799.795,
11,BLK,MRT,2018-09-30,2018-09-30,2018-09-30,2021-08-05,-616000000.0,174862000000.0,201667250000.0,,,0.072,202.415,-163000000.0,6580000000.0,6580000000.0,2699000000.0,5676000000.0,,4.374,5035000000.0,,,5035000000.0,0.0,214000000.0,0.0,0.024,11.39,5871000000.0,6085000000.0,0.419,6085000000.0,5871000000.0,5687000000.0,35.2,34.79,35.2,32415000000.0,32080250000.0,32415000000.0,73486674402.0,13.0,12.077,3799000000.0,23.723,1.0,11829000000.0,0.814,31380000000.0,184000000.0,141937000000.0,169289750000.0,0.0,23552000000.0,,,141789000000.0,,,75216674402.0,298000000.0,-695000000.0,-1843000000.0,0.0,-1874000000.0,-2840000000.0,-797000000.0,61000000.0,3962000000.0,-27000000.0,5673000000.0,5673000000.0,5673000000.0,0.0,3000000.0,0.39,6133000000.0,5696000000.0,1403000000.0,0.324,2.32,13.259,13.39,588000000.0,0.0,471.33,5.177,5.195,2682000000.0,18852000000.0,14528000000.0,14528000000.0,0.0,0.028,0.177,0.035,0.404,556000000.0,6086000000.0,1.0,159583889.0,160141506.0,161378217.0,90.72,143482000000.0,0.0,14000000.0,3555000000.0,895.97,
12,BLK,MRT,2018-06-30,2018-06-30,2018-06-30,2021-08-05,-575000000.0,195549000000.0,213093500000.0,,,0.068,199.589,-163000000.0,6724000000.0,6724000000.0,2692000000.0,5429000000.0,,5.063,4994000000.0,,,4994000000.0,0.0,222000000.0,0.0,0.022,10.76,5816000000.0,6038000000.0,0.418,6038000000.0,5816000000.0,5632000000.0,33.44,33.01,33.44,32130000000.0,31487000000.0,32130000000.0,78886065130.0,14.0,13.065,3894000000.0,24.189,1.0,11768000000.0,0.814,30582000000.0,184000000.0,163237000000.0,180979000000.0,0.0,26656000000.0,,,162679000000.0,,,79931065130.0,1112000000.0,-53000000.0,-1615000000.0,0.0,-1777000000.0,-2640000000.0,-368000000.0,-152000000.0,4057000000.0,63000000.0,5401000000.0,5401000000.0,5401000000.0,0.0,28000000.0,0.374,6079000000.0,5689000000.0,1216000000.0,0.322,2.488,14.799,14.923,581000000.0,0.0,499.04,5.528,5.556,2567000000.0,18138000000.0,14460000000.0,14460000000.0,0.0,0.025,0.172,0.032,0.402,562000000.0,6018000000.0,1.0,160169656.0,160980960.0,162161937.0,89.824,164967000000.0,0.0,231000000.0,3511000000.0,1024.761,
13,BLK,MRT,2018-03-31,2018-03-31,2018-03-31,2021-08-05,-301000000.0,216017000000.0,218578250000.0,,,0.064,198.313,-169000000.0,6081000000.0,6081000000.0,2644000000.0,5215000000.0,,5.736,5036000000.0,,,5036000000.0,0.0,230000000.0,0.0,0.019,10.38,5635000000.0,5865000000.0,0.416,5865000000.0,5635000000.0,5449000000.0,32.03,31.59,32.03,31978000000.0,30843250000.0,31978000000.0,85040544457.0,15.0,14.5,3804000000.0,23.591,1.0,11447000000.0,0.812,30595000000.0,186000000.0,184377000000.0,186733250000.0,0.0,30934000000.0,,,183434000000.0,,,87064544457.0,312000000.0,-155000000.0,-1578000000.0,-700000000.0,-1720000000.0,-3324000000.0,-612000000.0,-288000000.0,3973000000.0,275000000.0,5182000000.0,5182000000.0,5182000000.0,0.0,33000000.0,0.368,5961000000.0,5486000000.0,1421000000.0,0.324,2.723,16.801,16.913,589000000.0,0.0,541.72,6.179,6.199,2677000000.0,17529000000.0,14091000000.0,14091000000.0,0.0,0.024,0.168,0.03,0.4,555000000.0,5886000000.0,1.0,160718719.0,161250018.0,162918961.0,87.386,185422000000.0,0.0,267000000.0,3516000000.0,1149.904,
14,BLK,MRT,2017-12-31,2017-12-31,2017-12-31,2021-08-05,-432000000.0,220241000000.0,222220500000.0,,,0.061,196.09,-155000000.0,7038000000.0,7038000000.0,2558000000.0,4989000000.0,,5.912,5014000000.0,,,5014000000.0,0.0,240000000.0,0.0,0.019,10.0,5427000000.0,5667000000.0,0.417,5667000000.0,5427000000.0,5222000000.0,30.54,30.12,30.54,31798000000.0,30137750000.0,31798000000.0,81117234427.0,15.0,14.314,3795000000.0,23.403,1.0,11042000000.0,0.812,30609000000.0,205000000.0,187608000000.0,190624000000.0,0.0,27664000000.0,,,187977000000.0,,,82364234427.0,904000000.0,-102000000.0,-1421000000.0,-3000000.0,-1662000000.0,-2630000000.0,-608000000.0,-351000000.0,3950000000.0,192000000.0,4952000000.0,4952000000.0,4952000000.0,0.0,37000000.0,0.364,5788000000.0,5254000000.0,1161000000.0,0.327,2.59,16.633,16.821,592000000.0,0.0,513.71,6.056,6.125,2699000000.0,16939000000.0,13600000000.0,13600000000.0,0.0,0.022,0.164,0.028,0.399,542000000.0,5699000000.0,1.0,160332161.0,162160601.0,164415035.0,83.867,189632000000.0,0.0,270000000.0,3527000000.0,1169.409,
15,BLK,MRT,2017-09-30,2017-09-30,2017-09-30,2021-08-05,-473000000.0,220567000000.0,222204500000.0,,,0.062,185.59,-131000000.0,6247000000.0,6247000000.0,3323000000.0,3535000000.0,,6.329,5000000000.0,,,5000000000.0,0.0,255000000.0,0.0,0.022,9.79,5134000000.0,5389000000.0,0.39,5389000000.0,5134000000.0,4924000000.0,21.54,21.27,21.54,30042000000.0,29462750000.0,30042000000.0,71359740755.0,14.0,13.242,3720000000.0,22.981,1.0,10509000000.0,0.76,30626000000.0,210000000.0,188694000000.0,190831000000.0,0.0,30645000000.0,,,190150000000.0,,,71971740755.0,680000000.0,-158000000.0,-1414000000.0,-3000000.0,-1633000000.0,-2588000000.0,-639000000.0,-350000000.0,3851000000.0,56000000.0,3504000000.0,3504000000.0,3504000000.0,0.0,31000000.0,0.253,5520000000.0,4989000000.0,1652000000.0,0.455,2.396,20.54,20.756,571000000.0,0.0,447.09,5.203,5.232,3183000000.0,15065000000.0,13832000000.0,13832000000.0,0.0,0.016,0.119,0.027,0.371,530000000.0,5419000000.0,1.0,160978194.0,161872716.0,163773546.0,85.45,189941000000.0,0.0,1420000000.0,4966000000.0,1173.397,
16,BLK,MRT,2017-06-30,2017-06-30,2017-06-30,2021-08-05,-575000000.0,217488000000.0,223747500000.0,,,0.059,181.874,-107000000.0,5582000000.0,5582000000.0,2995000000.0,3456000000.0,,6.348,4970000000.0,,,4970000000.0,0.0,255000000.0,0.0,0.023,9.58,4961000000.0,5216000000.0,0.396,5216000000.0,4961000000.0,4745000000.0,21.04,20.77,21.04,29555000000.0,29178250000.0,29555000000.0,68090061960.0,14.0,13.054,3444000000.0,21.194,1.0,10166000000.0,0.772,30622000000.0,216000000.0,186254000000.0,192551000000.0,0.0,29405000000.0,,,187601000000.0,,,68285061960.0,399000000.0,-101000000.0,-1378000000.0,-3000000.0,-1604000000.0,-2338000000.0,-779000000.0,-571000000.0,3551000000.0,-35000000.0,3435000000.0,3435000000.0,3435000000.0,0.0,21000000.0,0.261,5357000000.0,4809000000.0,1520000000.0,0.455,2.31,19.879,20.077,549000000.0,0.0,422.41,5.188,5.216,2984000000.0,14523000000.0,13161000000.0,13161000000.0,0.0,0.015,0.118,0.026,0.377,522000000.0,5258000000.0,1.0,161655884.0,162502465.0,164149861.0,80.99,186866000000.0,0.0,1310000000.0,4981000000.0,1149.927,
17,BLK,MRT,2017-03-31,2017-03-31,2017-03-31,2021-08-05,-677000000.0,230586000000.0,224889250000.0,,,0.057,178.853,-108000000.0,5814000000.0,5814000000.0,2677000000.0,3387000000.0,,6.896,5619000000.0,,,5619000000.0,0.0,260000000.0,0.0,0.024,9.37,4878000000.0,5138000000.0,0.404,5138000000.0,4878000000.0,4659000000.0,20.57,20.3,20.57,29156000000.0,28931500000.0,29156000000.0,60964863752.0,12.0,11.865,2566000000.0,15.741,1.0,10052000000.0,0.79,30451000000.0,219000000.0,199940000000.0,193794500000.0,0.0,32992000000.0,,,201071000000.0,,,62224863752.0,685000000.0,-30000000.0,-1373000000.0,697000000.0,-1573000000.0,-1318000000.0,-466000000.0,-328000000.0,2674000000.0,-205000000.0,3370000000.0,3370000000.0,3370000000.0,0.0,17000000.0,0.265,5307000000.0,4745000000.0,2000000000.0,0.456,2.134,18.464,18.644,546000000.0,0.0,383.51,4.888,4.912,3227000000.0,14073000000.0,12729000000.0,12729000000.0,0.0,0.015,0.116,0.025,0.383,511000000.0,5208000000.0,1.0,162250955.0,163016599.0,164856183.0,78.084,200135000000.0,0.0,1289000000.0,5030000000.0,1227.697,
18,BLK,MRT,2016-12-31,2016-12-31,2016-12-31,2021-08-05,-716000000.0,220177000000.0,222982250000.0,,,0.055,176.967,-119000000.0,6175000000.0,6175000000.0,2365000000.0,3166000000.0,,6.558,4915000000.0,,,4915000000.0,0.0,263000000.0,0.0,0.024,9.16,4662000000.0,4925000000.0,0.402,4925000000.0,4662000000.0,4457000000.0,19.27,19.02,19.27,29098000000.0,28741000000.0,29098000000.0,61019868546.0,13.0,12.39,2154000000.0,13.1,1.0,9896000000.0,0.807,30481000000.0,205000000.0,188436000000.0,191903500000.0,0.0,30395000000.0,,,190833000000.0,,,61673868546.0,-56000000.0,-30000000.0,-1373000000.0,0.0,-1545000000.0,-1685000000.0,-371000000.0,-222000000.0,2273000000.0,-273000000.0,3168000000.0,3168000000.0,3168000000.0,0.0,-2000000.0,0.258,5331000000.0,4565000000.0,880000000.0,0.475,2.12,19.468,19.748,559000000.0,0.0,380.54,5.03,5.103,2115000000.0,13660000000.0,12261000000.0,12261000000.0,0.0,0.014,0.11,0.024,0.38,521000000.0,5156000000.0,1.0,162069345.0,164425858.0,166579752.0,74.569,189696000000.0,0.0,1289000000.0,4840000000.0,1153.687,
19,BLK,MRT,2016-09-30,2016-09-30,2016-09-30,2021-08-05,-598000000.0,226739000000.0,224253250000.0,,,0.05,176.105,-149000000.0,5615000000.0,5615000000.0,1233000000.0,3188000000.0,,6.822,4961000000.0,,,4961000000.0,0.0,260000000.0,0.0,0.025,9.05,4620000000.0,4880000000.0,0.439,4880000000.0,4620000000.0,4415000000.0,19.28,19.02,19.28,28904000000.0,28592250000.0,28904000000.0,58676876786.0,13.0,12.024,1970000000.0,12.003,1.0,9895000000.0,0.889,30511000000.0,205000000.0,195574000000.0,193160750000.0,0.0,32981000000.0,,,197178000000.0,,,58963876786.0,-219000000.0,-215000000.0,-1323000000.0,0.0,-1532000000.0,-1544000000.0,-566000000.0,-202000000.0,2119000000.0,-228000000.0,3182000000.0,3182000000.0,3182000000.0,0.0,6000000.0,0.286,5413000000.0,4482000000.0,1354000000.0,0.469,2.04,18.53,18.8,564000000.0,0.0,362.46,5.299,5.346,2601000000.0,13183000000.0,11128000000.0,11128000000.0,0.0,0.014,0.111,0.024,0.415,525000000.0,5238000000.0,1.0,162676921.0,164129214.0,166256598.0,67.8,196228000000.0,0.0,1233000000.0,4832000000.0,1195.57,
20,BLK,MRT,2016-06-30,2016-06-30,2016-06-30,2021-08-05,-560000000.0,222055000000.0,223122500000.0,,,0.05,173.393,-154000000.0,5237000000.0,5237000000.0,1223000000.0,3143000000.0,,6.752,4950000000.0,,,4950000000.0,0.0,275000000.0,0.0,0.026,8.94,4595000000.0,4870000000.0,0.435,4870000000.0,4595000000.0,4392000000.0,19.03,18.76,19.03,28568000000.0,28400250000.0,28568000000.0,55842009795.0,12.0,11.467,2256000000.0,13.693,1.0,9978000000.0,0.891,30540000000.0,203000000.0,191228000000.0,192040250000.0,0.0,33383000000.0,,,192900000000.0,,,55958009795.0,158000000.0,-215000000.0,-1269000000.0,0.0,-1518000000.0,-1683000000.0,-334000000.0,35000000.0,2410000000.0,-235000000.0,3150000000.0,3150000000.0,3150000000.0,0.0,-7000000.0,0.281,5483000000.0,4495000000.0,1615000000.0,0.47,1.959,17.764,17.999,576000000.0,0.0,342.53,4.996,5.038,2885000000.0,12684000000.0,11201000000.0,11201000000.0,0.0,0.014,0.111,0.024,0.41,534000000.0,5299000000.0,1.0,163366741.0,164758612.0,166639290.0,67.984,191515000000.0,0.0,1242000000.0,4899000000.0,1162.398,
21,BLK,MRT,2016-03-31,2016-03-31,2016-03-31,2021-08-05,-474000000.0,222958000000.0,226860750000.0,,,0.05,171.681,-153000000.0,5084000000.0,5084000000.0,1218000000.0,3174000000.0,,6.831,4968000000.0,,,4968000000.0,0.0,285000000.0,0.0,0.026,8.83,4644000000.0,4929000000.0,0.436,4929000000.0,4644000000.0,4440000000.0,19.16,18.87,19.16,28394000000.0,28202250000.0,28394000000.0,54532670746.0,12.0,11.064,2795000000.0,16.9,1.0,10084000000.0,0.892,30466000000.0,204000000.0,192376000000.0,195888250000.0,0.0,33149000000.0,,,193972000000.0,,,55833670746.0,704000000.0,-185000000.0,-1269000000.0,37000000.0,-1506000000.0,-1895000000.0,-291000000.0,47000000.0,2948000000.0,-58000000.0,3180000000.0,3180000000.0,3180000000.0,0.0,-6000000.0,0.281,5524000000.0,4560000000.0,1385000000.0,0.461,1.966,17.558,17.775,581000000.0,0.0,340.57,4.94,4.984,2526000000.0,12271000000.0,11302000000.0,11302000000.0,0.0,0.014,0.113,0.024,0.411,543000000.0,5330000000.0,1.0,163941835.0,165388130.0,167398938.0,68.336,192492000000.0,0.0,1260000000.0,4937000000.0,1163.88,
22,BLK,MRT,2015-12-31,2015-12-31,2015-12-31,2021-08-05,-448000000.0,225261000000.0,231799750000.0,,,0.049,171.302,-221000000.0,6231000000.0,6231000000.0,1224000000.0,3352000000.0,,6.884,4930000000.0,,,4930000000.0,0.0,295000000.0,0.0,0.026,8.72,4799000000.0,5094000000.0,0.447,5094000000.0,4799000000.0,4595000000.0,20.1,19.79,20.1,28503000000.0,27947500000.0,28503000000.0,55043740061.0,11.0,10.806,2783000000.0,16.726,1.0,10177000000.0,0.893,30495000000.0,204000000.0,193465000000.0,201954250000.0,0.0,33944000000.0,,,196217000000.0,,,55842740061.0,360000000.0,-273000000.0,-1205000000.0,37000000.0,-1476000000.0,-2064000000.0,-465000000.0,29000000.0,3004000000.0,-115000000.0,3345000000.0,3345000000.0,3345000000.0,0.0,7000000.0,0.293,5513000000.0,4664000000.0,1068000000.0,0.434,1.959,16.694,16.941,581000000.0,0.0,340.52,4.898,4.97,2237000000.0,12033000000.0,11401000000.0,11401000000.0,0.0,0.014,0.12,0.024,0.421,514000000.0,5385000000.0,1.0,163992541.0,166390009.0,169038571.0,68.52,194766000000.0,0.0,1250000000.0,4851000000.0,1170.539,
23,BLK,MRT,2015-09-30,2015-09-30,2015-09-30,2021-08-05,-408000000.0,222216000000.0,235432500000.0,,,0.048,169.448,-186000000.0,5749000000.0,5749000000.0,1213000000.0,3289000000.0,,6.886,4950000000.0,,,4950000000.0,0.0,309000000.0,0.0,0.028,8.47,4757000000.0,5066000000.0,0.447,5066000000.0,4757000000.0,4546000000.0,19.78,19.45,19.78,28136000000.0,27663250000.0,28136000000.0,48652934484.0,10.0,9.604,2932000000.0,17.658,1.0,10109000000.0,0.893,30325000000.0,211000000.0,191092000000.0,206537250000.0,0.0,33072000000.0,,,193735000000.0,,,48676934484.0,-476000000.0,-88000000.0,-1229000000.0,-987000000.0,-1437000000.0,-3292000000.0,-160000000.0,114000000.0,3118000000.0,-142000000.0,3297000000.0,3297000000.0,3297000000.0,0.0,-8000000.0,0.291,5438000000.0,4671000000.0,1343000000.0,0.428,1.73,14.764,15.039,543000000.0,0.0,297.47,4.299,4.363,2542000000.0,11533000000.0,11322000000.0,11322000000.0,0.0,0.014,0.119,0.023,0.42,514000000.0,5299000000.0,1.0,163636449.0,166045291.0,168665303.0,68.186,191891000000.0,0.0,1249000000.0,4921000000.0,1155.655,
24,BLK,MRT,2015-06-30,2015-06-30,2015-06-30,2021-08-05,-339000000.0,237008000000.0,235581500000.0,,,0.048,166.706,-166000000.0,4971000000.0,4971000000.0,1204000000.0,3330000000.0,,7.52,4947000000.0,,,4947000000.0,0.0,313000000.0,0.0,0.024,8.22,4732000000.0,5045000000.0,0.448,5045000000.0,4732000000.0,4510000000.0,20.16,19.82,20.16,27776000000.0,27405750000.0,27776000000.0,61283931559.0,13.0,12.147,2885000000.0,17.315,1.0,10057000000.0,0.893,30364000000.0,222000000.0,206620000000.0,207506750000.0,0.0,34774000000.0,,,208878000000.0,,,56953931559.0,-220000000.0,-88000000.0,-1285000000.0,-795000000.0,-1399000000.0,-3119000000.0,40000000.0,294000000.0,3051000000.0,-192000000.0,3371000000.0,3371000000.0,3371000000.0,0.0,-41000000.0,0.299,5451000000.0,4606000000.0,1284000000.0,0.408,2.05,16.895,17.162,545000000.0,0.0,345.98,5.058,5.119,2347000000.0,11052000000.0,11261000000.0,11261000000.0,0.0,0.014,0.123,0.023,0.42,486000000.0,5306000000.0,1.0,164616254.0,166616558.0,169114759.0,67.586,206644000000.0,0.0,1139000000.0,4999000000.0,1240.237,
25,BLK,MRT,2015-03-31,2015-03-31,2015-03-31,2021-08-05,-439000000.0,242714000000.0,234252750000.0,,,0.048,163.835,-149000000.0,4572000000.0,4572000000.0,1186000000.0,3345000000.0,,7.856,8902000000.0,,,8902000000.0,0.0,322000000.0,0.0,0.022,7.97,4655000000.0,4977000000.0,0.447,4977000000.0,4655000000.0,4425000000.0,20.03,19.7,20.03,27375000000.0,27182000000.0,27375000000.0,62837786785.0,13.0,12.626,2635000000.0,15.77,1.0,9948000000.0,0.893,30404000000.0,230000000.0,216640000000.0,206962250000.0,0.0,41466000000.0,,,215058000000.0,,,60511786785.0,-117000000.0,-88000000.0,-1263000000.0,-368000000.0,-1361000000.0,-2641000000.0,-22000000.0,215000000.0,2784000000.0,-238000000.0,3360000000.0,3360000000.0,3360000000.0,0.0,-15000000.0,0.302,5458000000.0,4490000000.0,1714000000.0,0.398,2.21,18.009,18.265,537000000.0,0.0,365.84,5.435,5.49,2836000000.0,10613000000.0,11134000000.0,11134000000.0,0.0,0.014,0.124,0.022,0.418,469000000.0,5307000000.0,1.0,165405059.0,167089037.0,169723167.0,66.635,212310000000.0,0.0,1065000000.0,5077000000.0,1270.64,
26,BLK,MRT,2014-12-31,2014-12-31,2014-12-31,2021-08-05,-273000000.0,239792000000.0,227648500000.0,,,0.049,162.675,-66000000.0,6001000000.0,6001000000.0,1168000000.0,3264000000.0,,7.757,8311000000.0,,,8311000000.0,0.0,334000000.0,0.0,0.022,7.72,4657000000.0,4991000000.0,0.45,4991000000.0,4657000000.0,4425000000.0,19.58,19.25,19.58,27366000000.0,26957750000.0,27366000000.0,61575916410.0,13.0,12.337,3021000000.0,17.958,1.0,9913000000.0,0.895,30305000000.0,232000000.0,211797000000.0,200166750000.0,0.0,38895000000.0,,,212272000000.0,,,59073916410.0,1333000000.0,0.0,-1340000000.0,509000000.0,-1338000000.0,-1861000000.0,239000000.0,305000000.0,3087000000.0,-132000000.0,3294000000.0,3294000000.0,3294000000.0,0.0,-30000000.0,0.297,5439000000.0,4474000000.0,1035000000.0,0.394,2.159,17.934,18.261,467000000.0,0.0,357.56,5.331,5.428,2120000000.0,10145000000.0,11081000000.0,11081000000.0,0.0,0.014,0.122,0.023,0.42,453000000.0,5282000000.0,1.0,165213996.0,168225154.0,171112261.0,65.87,209487000000.0,0.0,1131000000.0,4989000000.0,1245.278,
27,BLK,MRT,2014-09-30,2014-09-30,2014-09-30,2021-08-05,-169000000.0,222812000000.0,222668750000.0,,,0.05,161.41,-74000000.0,6324000000.0,6324000000.0,1144000000.0,3308000000.0,,7.213,8826000000.0,,,8826000000.0,0.0,348000000.0,0.0,0.023,7.47,4708000000.0,5056000000.0,0.457,5056000000.0,4708000000.0,4482000000.0,19.69,19.34,19.69,27106000000.0,26731250000.0,27106000000.0,57635673625.0,12.0,11.399,2908000000.0,17.316,1.0,9930000000.0,0.897,30344000000.0,226000000.0,194970000000.0,195254750000.0,0.0,25800000000.0,,,195528000000.0,,,54497673625.0,2162000000.0,-58000000.0,-1316000000.0,1466000000.0,-1302000000.0,-849000000.0,49000000.0,181000000.0,2982000000.0,-20000000.0,3322000000.0,3322000000.0,3322000000.0,0.0,-14000000.0,0.3,5467000000.0,4463000000.0,1576000000.0,0.379,2.011,16.405,16.674,468000000.0,0.0,328.32,4.921,4.979,2631000000.0,9660000000.0,11074000000.0,11074000000.0,0.0,0.015,0.124,0.024,0.425,444000000.0,5304000000.0,1.0,165989503.0,167933040.0,170778766.0,65.943,192468000000.0,0.0,1160000000.0,5056000000.0,1146.1,
28,BLK,MRT,2014-06-30,2014-06-30,2014-06-30,2021-08-05,1000000.0,231693000000.0,220145000000.0,,,0.049,159.33,-82000000.0,5497000000.0,5497000000.0,1107000000.0,3164000000.0,,7.612,8635000000.0,,,8635000000.0,0.0,349000000.0,0.0,0.023,7.22,4499000000.0,4848000000.0,0.453,4848000000.0,4499000000.0,4282000000.0,18.53,18.18,18.53,26881000000.0,26454500000.0,26881000000.0,56909991572.0,13.0,11.739,2762000000.0,16.371,1.0,9590000000.0,0.897,30389000000.0,217000000.0,204442000000.0,192810250000.0,0.0,28682000000.0,,,204627000000.0,,,53314991572.0,1459000000.0,-298000000.0,-1350000000.0,1192000000.0,-1265000000.0,-1132000000.0,-399000000.0,-19000000.0,2844000000.0,146000000.0,3135000000.0,3135000000.0,3135000000.0,0.0,29000000.0,0.293,5318000000.0,4272000000.0,3091000000.0,0.39,1.983,17.006,17.248,496000000.0,0.0,319.6,4.984,5.041,4207000000.0,9113000000.0,10697000000.0,10697000000.0,0.0,0.014,0.119,0.023,0.421,453000000.0,5155000000.0,1.0,166817871.0,168712221.0,171150153.0,63.404,201304000000.0,0.0,1147000000.0,5177000000.0,1193.18,
29,BLK,MRT,2014-03-31,2014-03-31,2014-03-31,2021-08-05,-35000000.0,216297000000.0,210658000000.0,,,0.049,156.599,-91000000.0,4585000000.0,4585000000.0,1081000000.0,3029000000.0,,7.161,8180000000.0,,,8180000000.0,0.0,347000000.0,0.0,0.028,8.65,4328000000.0,4675000000.0,0.449,4675000000.0,4328000000.0,4118000000.0,18.01,17.65,18.01,26478000000.0,26131500000.0,26478000000.0,55435135347.0,13.0,11.858,3155000000.0,18.66,1.0,9320000000.0,0.896,30434000000.0,210000000.0,189458000000.0,183403250000.0,0.0,22037000000.0,,,189596000000.0,,,52678135347.0,452000000.0,-298000000.0,-1335000000.0,-203000000.0,-1225000000.0,-2523000000.0,-381000000.0,8000000.0,3246000000.0,110000000.0,3056000000.0,3056000000.0,3056000000.0,0.0,-27000000.0,0.294,5321000000.0,3999000000.0,1615000000.0,0.48,1.99,17.238,17.461,508000000.0,0.0,314.48,5.065,5.112,2868000000.0,8604000000.0,10401000000.0,10401000000.0,0.0,0.015,0.117,0.024,0.416,448000000.0,5159000000.0,1.0,167508698.0,169081421.0,171933803.0,61.515,185863000000.0,0.0,1062000000.0,5241000000.0,1099.251,
30,BLK,MRT,2013-12-31,2013-12-31,2013-12-31,2021-08-05,-35000000.0,219873000000.0,206768250000.0,,,0.049,155.477,-94000000.0,4551000000.0,4551000000.0,1062000000.0,2951000000.0,,7.302,7308000000.0,,,7308000000.0,0.0,343000000.0,0.0,0.027,8.4,4165000000.0,4508000000.0,0.443,4508000000.0,4165000000.0,3954000000.0,17.23,16.87,17.23,26460000000.0,25848250000.0,26460000000.0,55805010276.0,13.0,12.379,3548000000.0,20.848,1.0,9118000000.0,0.896,30481000000.0,211000000.0,192149000000.0,179603500000.0,0.0,26264000000.0,,,193203000000.0,,,52879010276.0,-216000000.0,-298000000.0,-1215000000.0,-1260000000.0,-1168000000.0,-3392000000.0,-483000000.0,-91000000.0,3642000000.0,17000000.0,2932000000.0,2932000000.0,2932000000.0,0.0,19000000.0,0.288,5261000000.0,3857000000.0,1084000000.0,0.488,1.998,18.035,18.367,525000000.0,0.0,316.47,5.194,5.291,2247000000.0,8230000000.0,10180000000.0,10180000000.0,0.0,0.014,0.113,0.023,0.409,448000000.0,5100000000.0,1.0,167090120.0,170185870.0,173828902.0,59.817,189392000000.0,0.0,1022000000.0,5085000000.0,1112.854,
31,BLK,MRT,2013-09-30,2013-09-30,2013-09-30,2021-08-05,-79000000.0,212717000000.0,201912750000.0,,,0.049,153.105,-89000000.0,4080000000.0,4080000000.0,1039000000.0,2751000000.0,,7.175,7006000000.0,,,7006000000.0,0.0,341000000.0,0.0,0.03,8.22,4000000000.0,4341000000.0,0.437,4341000000.0,4000000000.0,3784000000.0,16.27,15.94,16.27,25999000000.0,25584000000.0,25999000000.0,48733542545.0,12.0,11.226,2741000000.0,16.141,1.0,8903000000.0,0.895,30451000000.0,216000000.0,185192000000.0,174922500000.0,0.0,25947000000.0,,,186531000000.0,,,45443542545.0,-236000000.0,-240000000.0,-1160000000.0,-1159000000.0,-1138000000.0,-3095000000.0,10000000.0,339000000.0,2830000000.0,19000000.0,2781000000.0,2781000000.0,2781000000.0,0.0,-30000000.0,0.28,5174000000.0,3729000000.0,3322000000.0,0.505,1.748,16.341,16.633,523000000.0,0.0,270.62,4.571,4.622,4311000000.0,7678000000.0,9942000000.0,9942000000.0,0.0,0.014,0.109,0.023,0.402,447000000.0,5014000000.0,1.0,167923814.0,169811633.0,173371508.0,58.547,182266000000.0,0.0,1003000000.0,5237000000.0,1073.342,
32,BLK,MRT,2013-06-30,2013-06-30,2013-06-30,2021-08-05,-198000000.0,193745000000.0,196940500000.0,,,0.05,149.951,-98000000.0,3793000000.0,3793000000.0,1024000000.0,2677000000.0,,6.562,7083000000.0,,,7083000000.0,0.0,343000000.0,0.0,0.031,8.04,3948000000.0,4291000000.0,0.438,4291000000.0,3948000000.0,3727000000.0,15.69,15.38,15.69,25589000000.0,25348500000.0,25589000000.0,47118520687.0,12.0,10.981,2607000000.0,15.277,1.0,8766000000.0,0.895,30221000000.0,221000000.0,166814000000.0,170147500000.0,0.0,23359000000.0,,,167920000000.0,,,43331520687.0,73000000.0,-55000000.0,-1038000000.0,-1106000000.0,-1110000000.0,-2902000000.0,291000000.0,444000000.0,2705000000.0,-21000000.0,2693000000.0,2693000000.0,2693000000.0,0.0,-16000000.0,0.275,5128000000.0,3638000000.0,1271000000.0,0.512,1.693,16.09,16.37,524000000.0,0.0,256.85,4.426,4.477,2249000000.0,7233000000.0,9790000000.0,9790000000.0,0.0,0.014,0.106,0.023,0.403,447000000.0,4969000000.0,1.0,168703604.0,170648731.0,173873583.0,57.369,163524000000.0,0.0,1034000000.0,5318000000.0,958.249,
33,BLK,MRT,2013-03-31,2013-03-31,2013-03-31,2021-08-05,-166000000.0,200738000000.0,194124250000.0,,,0.049,147.955,-127000000.0,4232000000.0,4232000000.0,1011000000.0,2531000000.0,,6.908,8019000000.0,,,8019000000.0,0.0,345000000.0,0.0,0.024,6.18,3789000000.0,4134000000.0,0.433,4134000000.0,3789000000.0,3569000000.0,14.55,14.27,14.55,25345000000.0,25119250000.0,25345000000.0,46945661827.0,12.0,11.356,2405000000.0,14.04,1.0,8526000000.0,0.894,30266000000.0,220000000.0,174259000000.0,167503000000.0,0.0,25164000000.0,,,175071000000.0,,,43659661827.0,1390000000.0,-57000000.0,-1832000000.0,1222000000.0,-1084000000.0,-1356000000.0,252000000.0,436000000.0,2532000000.0,-38000000.0,2518000000.0,2518000000.0,2518000000.0,0.0,13000000.0,0.264,4908000000.0,3618000000.0,1657000000.0,0.425,1.723,17.339,17.655,529000000.0,0.0,256.88,4.578,4.614,2618000000.0,6822000000.0,9537000000.0,9537000000.0,0.0,0.013,0.1,0.023,0.397,464000000.0,4750000000.0,1.0,169961312.0,171301800.0,174561132.0,55.674,170472000000.0,0.0,1051000000.0,5379000000.0,995.156,
34,BLK,MRT,2012-12-31,2012-12-31,2012-12-31,2021-08-05,-59000000.0,200451000000.0,190319250000.0,,,0.049,145.192,-150000000.0,4903000000.0,4903000000.0,1010000000.0,2440000000.0,,6.882,8189000000.0,,,8189000000.0,0.0,350000000.0,0.0,0.029,6.0,3703000000.0,4053000000.0,0.434,4053000000.0,3703000000.0,3488000000.0,14.03,13.79,14.03,25403000000.0,25108750000.0,25403000000.0,38659033578.0,10.0,9.538,2090000000.0,11.946,1.0,8327000000.0,0.892,30312000000.0,215000000.0,173425000000.0,163645500000.0,0.0,27035000000.0,,,174834000000.0,,,35045033578.0,1100000000.0,-267000000.0,-1598000000.0,1326000000.0,-1060000000.0,-944000000.0,-266000000.0,151000000.0,2240000000.0,70000000.0,2458000000.0,2458000000.0,2458000000.0,0.0,-18000000.0,0.263,4803000000.0,3524000000.0,1055000000.0,0.428,1.38,14.258,14.733,557000000.0,0.0,206.71,3.753,3.873,2250000000.0,6473000000.0,9337000000.0,9337000000.0,0.0,0.013,0.098,0.023,0.397,451000000.0,4646000000.0,1.0,169537195.0,174961018.0,178017679.0,53.366,170139000000.0,0.0,1030000000.0,5293000000.0,972.439,
35,BLK,MRT,2012-09-30,2012-09-30,2012-09-30,2021-08-05,-58000000.0,192828000000.0,185180500000.0,,,0.049,145.377,-150000000.0,4515000000.0,4515000000.0,998000000.0,2373000000.0,,6.686,8129000000.0,,,8129000000.0,0.0,357000000.0,0.0,0.033,5.875,3503000000.0,3860000000.0,0.428,3860000000.0,3503000000.0,3297000000.0,13.14,12.91,13.14,25057000000.0,25020000000.0,25057000000.0,33892222800.0,10.0,8.78,2609000000.0,15.137,1.0,8027000000.0,0.889,30350000000.0,206000000.0,166092000000.0,158427250000.0,0.0,26109000000.0,,,167519000000.0,,,29807222800.0,1240000000.0,-267000000.0,-1519000000.0,1239000000.0,-1049000000.0,-971000000.0,-569000000.0,-152000000.0,2759000000.0,21000000.0,2323000000.0,2323000000.0,2323000000.0,0.0,50000000.0,0.257,4700000000.0,3327000000.0,1442000000.0,0.447,1.19,12.831,13.569,560000000.0,0.0,178.3,3.303,3.405,2585000000.0,6066000000.0,9025000000.0,9025000000.0,0.0,0.013,0.093,0.022,0.388,466000000.0,4512000000.0,1.0,167174553.0,172359141.0,175450532.0,52.362,162478000000.0,0.0,974000000.0,5311000000.0,942.671,
36,BLK,MRT,2012-06-30,2012-06-30,2012-06-30,2021-08-05,-126000000.0,182480000000.0,180544000000.0,,,0.049,139.382,-186000000.0,3639000000.0,3639000000.0,996000000.0,2288000000.0,,6.386,7724000000.0,,,7724000000.0,0.0,366000000.0,0.0,0.034,5.75,3293000000.0,3659000000.0,0.41,3659000000.0,3293000000.0,3095000000.0,12.7,12.49,12.7,24672000000.0,24937500000.0,24672000000.0,27415362341.0,8.0,7.493,2788000000.0,15.751,1.0,7934000000.0,0.888,30329000000.0,198000000.0,156236000000.0,153757500000.0,0.0,25532000000.0,,,157558000000.0,,,23725362341.0,799000000.0,-212000000.0,-1482000000.0,710000000.0,-1039000000.0,-1484000000.0,-647000000.0,-249000000.0,2974000000.0,-44000000.0,2276000000.0,2276000000.0,2276000000.0,0.0,12000000.0,0.255,4705000000.0,3229000000.0,1042000000.0,0.453,0.962,10.424,13.372,571000000.0,0.0,169.82,2.657,3.366,2155000000.0,5697000000.0,8930000000.0,8930000000.0,0.0,0.013,0.091,0.021,0.369,490000000.0,4517000000.0,1.0,139708882.0,177010239.0,179590702.0,50.449,152151000000.0,0.0,819000000.0,5385000000.0,859.56,
37,BLK,MRT,2012-03-31,2012-03-31,2012-03-31,2021-08-05,-90000000.0,185518000000.0,181186000000.0,,,0.05,141.34,-205000000.0,2647000000.0,2647000000.0,1019000000.0,2350000000.0,,6.32,6337000000.0,,,6337000000.0,0.0,374000000.0,0.0,0.027,5.625,3338000000.0,3712000000.0,0.41,3712000000.0,3338000000.0,3151000000.0,12.83,12.62,12.83,25303000000.0,24875500000.0,25303000000.0,31364044282.0,9.0,8.449,2675000000.0,14.942,1.0,8029000000.0,0.887,30379000000.0,187000000.0,158829000000.0,154331250000.0,0.0,25847000000.0,,,159915000000.0,,,28560044282.0,-227000000.0,-210000000.0,-2989000000.0,1332000000.0,-1027000000.0,-2413000000.0,-676000000.0,-261000000.0,2880000000.0,-18000000.0,2341000000.0,2341000000.0,2341000000.0,0.0,9000000.0,0.259,4763000000.0,3266000000.0,1284000000.0,0.438,1.129,12.2,15.97,545000000.0,0.0,204.9,3.157,4.054,2451000000.0,5390000000.0,9048000000.0,9048000000.0,0.0,0.013,0.094,0.022,0.369,474000000.0,4576000000.0,1.0,139385282.0,179022840.0,181917864.0,50.541,155139000000.0,0.0,810000000.0,5429000000.0,866.588,
38,BLK,MRT,2011-12-31,2011-12-31,2011-12-31,2021-08-05,-127000000.0,179896000000.0,179412000000.0,,,0.051,135.934,-247000000.0,3560000000.0,3560000000.0,1030000000.0,2339000000.0,,6.17,6364000000.0,,,6364000000.0,0.0,380000000.0,0.0,0.031,5.5,3309000000.0,3689000000.0,0.406,3689000000.0,3309000000.0,3133000000.0,12.56,12.37,12.56,25048000000.0,25169500000.0,25048000000.0,28107273604.0,8.0,7.619,2579000000.0,13.996,1.0,8051000000.0,0.887,30148000000.0,176000000.0,152552000000.0,152070500000.0,0.0,24188000000.0,,,154534000000.0,,,24784273604.0,139000000.0,0.0,-2864000000.0,1304000000.0,-1014000000.0,-2485000000.0,-204000000.0,43000000.0,2826000000.0,2000000.0,2337000000.0,2337000000.0,2337000000.0,0.0,2000000.0,0.257,4802000000.0,3249000000.0,945000000.0,0.438,0.989,10.605,14.191,537000000.0,0.0,178.24,2.729,3.617,2102000000.0,5118000000.0,9081000000.0,9081000000.0,0.0,0.013,0.093,0.022,0.364,497000000.0,4614000000.0,1.0,139050009.0,184265367.0,187116410.0,49.282,149748000000.0,0.0,796000000.0,5323000000.0,812.676,
39,BLK,MRT,2011-09-30,2011-09-30,2011-09-30,2021-08-05,-110000000.0,174282000000.0,179052750000.0,,,0.052,138.113,-253000000.0,3053000000.0,3053000000.0,1060000000.0,2405000000.0,,6.04,6376000000.0,,,6376000000.0,0.0,387000000.0,0.0,0.035,5.125,3475000000.0,3862000000.0,0.413,3862000000.0,3475000000.0,3312000000.0,12.85,12.67,12.85,24727000000.0,25431000000.0,24727000000.0,23707695588.0,7.0,6.139,2773000000.0,15.489,1.0,8287000000.0,0.887,30192000000.0,163000000.0,147413000000.0,151262250000.0,0.0,22480000000.0,,,149343000000.0,,,19988695588.0,347000000.0,-7000000.0,-2762000000.0,1357000000.0,-963000000.0,-2341000000.0,-333000000.0,-73000000.0,3026000000.0,-5000000.0,2439000000.0,2439000000.0,2439000000.0,0.0,-34000000.0,0.261,4906000000.0,3381000000.0,1194000000.0,0.399,0.808,8.195,11.518,545000000.0,0.0,148.01,2.139,2.835,2218000000.0,4815000000.0,9347000000.0,9347000000.0,0.0,0.014,0.096,0.023,0.372,485000000.0,4749000000.0,1.0,135049629.0,179034837.0,181825329.0,52.208,144090000000.0,0.0,873000000.0,5366000000.0,804.815,
40,BLK,MRT,2011-06-30,2011-06-30,2011-06-30,2021-08-05,-40000000.0,185048000000.0,179108250000.0,,,0.051,130.005,-224000000.0,2861000000.0,2861000000.0,1066000000.0,2419000000.0,,6.566,6580000000.0,,,6580000000.0,0.0,391000000.0,0.0,0.025,4.75,3525000000.0,3916000000.0,0.425,3916000000.0,3525000000.0,3374000000.0,12.42,12.27,12.42,24424000000.0,25599250000.0,24424000000.0,27020099142.0,8.0,6.9,2671000000.0,14.217,1.0,8148000000.0,0.884,30236000000.0,151000000.0,158531000000.0,150955250000.0,0.0,21146000000.0,,,160378000000.0,,,25380099142.0,613000000.0,-15000000.0,-2778000000.0,1567000000.0,-907000000.0,-2034000000.0,-329000000.0,-90000000.0,2895000000.0,81000000.0,2395000000.0,2395000000.0,2395000000.0,0.0,24000000.0,0.26,4837000000.0,3311000000.0,1151000000.0,0.382,1.039,10.597,15.444,521000000.0,0.0,191.81,2.755,3.911,2235000000.0,4441000000.0,9214000000.0,9214000000.0,0.0,0.013,0.094,0.023,0.383,466000000.0,4679000000.0,1.0,132318957.0,187870001.0,190579963.0,49.045,154812000000.0,0.0,979000000.0,5440000000.0,824.038,
41,BLK,MRT,2011-03-31,2011-03-31,2011-03-31,2021-08-05,-52000000.0,178422000000.0,173412750000.0,,,0.051,138.057,-170000000.0,2912000000.0,2912000000.0,1038000000.0,2186000000.0,,5.729,4552000000.0,,,4552000000.0,0.0,403000000.0,0.0,0.022,4.375,3348000000.0,3751000000.0,0.422,3751000000.0,3348000000.0,3200000000.0,11.39,11.27,11.39,26479000000.0,25731750000.0,26479000000.0,27669170238.0,8.0,7.376,2326000000.0,12.127,1.0,7861000000.0,0.883,30276000000.0,148000000.0,149786000000.0,145001750000.0,0.0,20038000000.0,,,151706000000.0,,,26492170238.0,76000000.0,-15000000.0,-237000000.0,-912000000.0,-852000000.0,-1880000000.0,-612000000.0,-429000000.0,2496000000.0,72000000.0,2208000000.0,2208000000.0,2208000000.0,0.0,-22000000.0,0.248,4719000000.0,3142000000.0,1392000000.0,0.384,1.0,11.998,17.648,479000000.0,0.0,201.01,2.977,4.332,2359000000.0,4077000000.0,8899000000.0,8899000000.0,0.0,0.013,0.086,0.023,0.376,474000000.0,4559000000.0,1.0,131795285.0,191797365.0,194296504.0,46.398,148146000000.0,0.0,992000000.0,5526000000.0,772.409,
42,BLK,MRT,2010-12-31,2010-12-31,2010-12-31,2021-08-05,-96000000.0,178459000000.0,170822250000.0,,,0.05,136.937,-131000000.0,3460000000.0,3460000000.0,1003000000.0,2050000000.0,,5.83,4637000000.0,,,4637000000.0,0.0,412000000.0,0.0,0.021,4.0,3184000000.0,3596000000.0,0.418,3596000000.0,3184000000.0,3034000000.0,10.67,10.55,10.67,26094000000.0,25274000000.0,26094000000.0,13997558628.0,4.0,3.893,2357000000.0,12.369,1.0,7609000000.0,0.884,30317000000.0,150000000.0,149319000000.0,142650250000.0,0.0,20490000000.0,,,152125000000.0,,,12129558628.0,-1341000000.0,-23000000.0,-248000000.0,-2310000000.0,-776000000.0,-3170000000.0,-627000000.0,-474000000.0,2488000000.0,-32000000.0,2063000000.0,2063000000.0,2063000000.0,0.0,-13000000.0,0.24,4611000000.0,2998000000.0,1125000000.0,0.375,0.465,5.88,17.861,428000000.0,0.0,190.58,1.408,4.217,2245000000.0,3798000000.0,8612000000.0,8612000000.0,0.0,0.012,0.082,0.022,0.37,445000000.0,4451000000.0,1.0,63645496.0,190554510.0,192692047.0,45.194,148142000000.0,0.0,971000000.0,5477000000.0,777.426,
43,BLK,MRT,2010-09-30,2010-09-30,2010-09-30,2021-08-05,-95000000.0,174504000000.0,170738500000.0,,,0.045,133.337,-109000000.0,2727000000.0,2727000000.0,922000000.0,1658000000.0,,5.859,4595000000.0,,,4595000000.0,0.0,398000000.0,0.0,0.022,3.78,2612000000.0,3010000000.0,0.393,3010000000.0,2612000000.0,2474000000.0,8.94,8.82,8.94,25400000000.0,24832750000.0,25400000000.0,13577560146.0,5.0,4.511,1874000000.0,9.838,1.0,6741000000.0,0.88,30187000000.0,138000000.0,146185000000.0,142505000000.0,0.0,21786000000.0,,,148824000000.0,,,10900560146.0,-127000000.0,-5613000000.0,2245000000.0,2214000000.0,-688000000.0,3916000000.0,-6010000000.0,-287000000.0,1983000000.0,-16000000.0,1662000000.0,1662000000.0,1662000000.0,0.0,-4000000.0,0.217,4294000000.0,2447000000.0,1385000000.0,0.423,0.429,6.559,19.044,429000000.0,0.0,170.25,1.422,4.232,2220000000.0,3354000000.0,7663000000.0,7663000000.0,0.0,0.01,0.067,0.018,0.341,420000000.0,4135000000.0,1.0,64026785.0,190494905.0,192326841.0,40.227,144317000000.0,0.0,812000000.0,5548000000.0,757.59,
44,BLK,MRT,2010-06-30,2010-06-30,2010-06-30,2021-08-05,-186000000.0,162266000000.0,132457500000.0,,,0.051,130.666,-98000000.0,2244000000.0,2244000000.0,824000000.0,1408000000.0,,5.491,4921000000.0,,,4921000000.0,0.0,381000000.0,0.0,0.025,3.56,2256000000.0,2637000000.0,0.393,2637000000.0,2256000000.0,2140000000.0,8.4,8.26,8.4,24954000000.0,21747750000.0,24954000000.0,11811062891.0,5.0,4.479,1337000000.0,7.001,1.0,5887000000.0,0.877,30226000000.0,116000000.0,134717000000.0,107885750000.0,0.0,21057000000.0,,,137018000000.0,,,9224062891.0,-122000000.0,-5605000000.0,2392000000.0,2561000000.0,-603000000.0,4482000000.0,-5939000000.0,-235000000.0,1435000000.0,-100000000.0,1428000000.0,1428000000.0,1428000000.0,0.0,-20000000.0,0.213,3790000000.0,2097000000.0,1277000000.0,0.424,0.37,6.459,17.071,433000000.0,0.0,143.4,1.374,4.081,2147000000.0,2991000000.0,6711000000.0,6711000000.0,0.0,0.011,0.066,0.021,0.336,379000000.0,3635000000.0,1.0,64324009.0,190975161.0,192569539.0,35.141,132040000000.0,0.0,712000000.0,5601000000.0,691.399,
45,BLK,MRT,2010-03-31,2010-03-31,2010-03-31,2021-08-05,-165000000.0,168060000000.0,96993250000.0,,,0.059,129.948,-93000000.0,2793000000.0,2793000000.0,744000000.0,1263000000.0,,5.806,5380000000.0,,,5380000000.0,0.0,386000000.0,0.0,0.015,3.34,1880000000.0,2266000000.0,0.397,2266000000.0,1880000000.0,1787000000.0,7.79,7.64,7.79,24648000000.0,18695500000.0,24648000000.0,14695458287.0,8.0,6.485,1268000000.0,6.685,1.0,4964000000.0,0.87,30267000000.0,93000000.0,140380000000.0,75995000000.0,0.0,15801000000.0,,,143113000000.0,,,13735458287.0,910000000.0,-5763000000.0,2706000000.0,3018000000.0,-513000000.0,5195000000.0,-5653000000.0,205000000.0,1361000000.0,7000000.0,1214000000.0,1214000000.0,1214000000.0,0.0,49000000.0,0.213,3303000000.0,1661000000.0,1428000000.0,0.429,0.557,11.314,27.954,450000000.0,0.0,217.76,2.406,7.236,2038000000.0,2777000000.0,5708000000.0,5708000000.0,0.0,0.013,0.065,0.025,0.329,343000000.0,3152000000.0,1.0,63076131.0,189676023.0,192152251.0,30.093,137793000000.0,0.0,573000000.0,5577000000.0,726.465,
46,BLK,MRT,2009-12-31,2009-12-31,2009-12-31,2021-08-05,-96000000.0,178124000000.0,59784000000.0,,,0.079,178.014,-65000000.0,4708000000.0,4708000000.0,672000000.0,897000000.0,,6.31,5668000000.0,,,5668000000.0,0.0,339000000.0,0.0,0.013,3.12,1318000000.0,1657000000.0,0.353,1657000000.0,1318000000.0,1250000000.0,6.24,6.11,6.24,24329000000.0,15551750000.0,24329000000.0,10235135080.0,8.0,6.177,1334000000.0,9.761,1.0,4028000000.0,0.857,30346000000.0,68000000.0,148738000000.0,42508750000.0,0.0,20384000000.0,,,153522000000.0,,,11854135080.0,2676000000.0,-5755000000.0,2776000000.0,4592000000.0,-422000000.0,6749000000.0,-5519000000.0,303000000.0,1399000000.0,47000000.0,875000000.0,875000000.0,875000000.0,0.0,22000000.0,0.186,2750000000.0,1278000000.0,1345000000.0,0.5,0.487,13.548,37.212,443000000.0,0.0,232.2,2.522,6.752,1907000000.0,2436000000.0,4700000000.0,4700000000.0,0.0,0.015,0.056,0.031,0.28,317000000.0,2581000000.0,1.0,51051400.0,136669164.0,139481449.0,34.39,147778000000.0,0.0,375000000.0,5571000000.0,1081.283,
47,BLK,MRT,2009-09-30,2009-09-30,2009-09-30,2021-08-05,-88000000.0,21380000000.0,20234000000.0,,,0.209,97.999,-57000000.0,2763000000.0,2763000000.0,745000000.0,573000000.0,,0.619,1144000000.0,,,1144000000.0,0.0,439000000.0,0.0,0.014,3.12,949000000.0,1388000000.0,0.329,1388000000.0,949000000.0,889000000.0,4.95,4.9,4.95,13060000000.0,12486750000.0,13060000000.0,9881991247.0,10.0,7.12,1534000000.0,11.511,1.0,3475000000.0,0.823,12053000000.0,60000000.0,7708000000.0,7089250000.0,0.0,1041000000.0,,,8079000000.0,,,11042991247.0,970000000.0,-128000000.0,279000000.0,71000000.0,-422000000.0,-493000000.0,-12000000.0,214000000.0,1591000000.0,-116000000.0,671000000.0,671000000.0,671000000.0,0.0,-98000000.0,0.159,2248000000.0,1227000000.0,819000000.0,0.63,0.846,16.458,43.802,250000000.0,0.0,216.82,2.617,6.847,1310000000.0,2286000000.0,4220000000.0,4220000000.0,0.0,0.033,0.054,0.134,0.225,306000000.0,2045000000.0,1.0,50931608.0,133266379.0,135902241.0,31.666,9327000000.0,0.0,218000000.0,1729000000.0,69.988,
48,BLK,MRT,2009-06-30,2009-06-30,2009-06-30,2021-08-05,-81000000.0,20409000000.0,20313168000.0,,,0.216,97.343,-70000000.0,2305000000.0,2305000000.0,771000000.0,435000000.0,,0.583,1144000000.0,,,1144000000.0,0.0,417000000.0,0.0,0.018,3.12,868000000.0,1285000000.0,0.293,1285000000.0,868000000.0,805000000.0,4.26,4.22,4.26,12745000000.0,12051293000.0,12745000000.0,22421183636.0,26.0,17.448,1639000000.0,12.518,1.0,3622000000.0,0.824,12094000000.0,63000000.0,7154000000.0,7419576500.0,0.0,957000000.0,,,7436000000.0,,,23068183636.0,877000000.0,-133000000.0,281000000.0,-32000000.0,-419000000.0,-596000000.0,-57000000.0,151000000.0,1709000000.0,-179000000.0,571000000.0,571000000.0,571000000.0,0.0,-136000000.0,0.13,2298000000.0,1324000000.0,747000000.0,0.732,1.81,40.4,41.178,252000000.0,0.0,175.42,5.251,5.228,1171000000.0,2076000000.0,4393000000.0,4393000000.0,0.0,0.028,0.047,0.117,0.198,304000000.0,2094000000.0,1.0,131502586.0,130928926.0,133364611.0,33.553,8315000000.0,0.0,234000000.0,1767000000.0,63.508,
49,BLK,MRT,2009-03-31,2009-03-31,2009-03-31,2021-08-05,-192000000.0,19223000000.0,20715231000.0,,,0.229,92.715,-68000000.0,1793000000.0,1793000000.0,790000000.0,445000000.0,,0.564,1146000000.0,,,1146000000.0,0.0,364000000.0,0.0,0.024,3.12,980000000.0,1344000000.0,0.283,1344000000.0,980000000.0,914000000.0,4.68,4.63,4.68,12073000000.0,11761373250.0,12073000000.0,14481056321.0,15.0,10.775,1852000000.0,14.222,1.0,3961000000.0,0.834,12141000000.0,66000000.0,6435000000.0,8079581750.0,0.0,1137000000.0,,,6812000000.0,,,15367056321.0,599000000.0,25000000.0,-23000000.0,-139000000.0,-420000000.0,-883000000.0,-156000000.0,-53000000.0,1920000000.0,-282000000.0,627000000.0,627000000.0,627000000.0,0.0,-182000000.0,0.132,2493000000.0,1468000000.0,667000000.0,0.667,1.273,24.509,27.786,256000000.0,0.0,130.04,3.234,3.564,1063000000.0,1961000000.0,4751000000.0,4751000000.0,0.0,0.03,0.053,0.121,0.206,290000000.0,2288000000.0,1.0,118171765.0,130216218.0,131797189.0,36.485,7082000000.0,0.0,287000000.0,1783000000.0,54.386,
50,BLK,MRT,2008-12-31,2008-12-31,2008-12-31,2021-08-05,-186000000.0,19924000000.0,21363582000.0,,,0.237,93.166,-77000000.0,2032000000.0,2032000000.0,807000000.0,629000000.0,,0.61,1142000000.0,,,1142000000.0,0.0,366000000.0,0.0,0.023,3.12,1240000000.0,1606000000.0,0.317,1606000000.0,1240000000.0,1171000000.0,5.86,5.78,5.86,12069000000.0,11551801500.0,12069000000.0,15206726766.0,12.0,9.469,1839000000.0,14.196,1.0,4257000000.0,0.841,11974000000.0,69000000.0,7060000000.0,8927173750.0,0.0,1429000000.0,,,7364000000.0,,,15853326766.0,376000000.0,25000000.0,-16000000.0,-304000000.0,-419000000.0,-887000000.0,-394000000.0,-283000000.0,1916000000.0,-259000000.0,784000000.0,784000000.0,784000000.0,0.0,-155000000.0,0.155,2664000000.0,1593000000.0,648000000.0,0.532,1.314,20.221,22.892,260000000.0,0.0,134.15,3.131,3.432,1210000000.0,1982000000.0,5064000000.0,5064000000.0,0.0,0.037,0.068,0.139,0.245,278000000.0,2480000000.0,1.0,118176122.0,129543443.0,131376517.0,39.091,7950000000.0,0.0,387000000.0,1826000000.0,61.369,
51,BLK,MRT,2008-09-30,2008-09-30,2008-09-30,2021-08-05,-53615000.0,21696672000.0,22022832000.0,,,0.247,87.201,-98060000.0,1793293000.0,1793293000.0,800952000.0,1025499000.0,,0.763,1146693000.0,,,1146693000.0,0.0,236613000.0,0.0,0.015,3.01,1686059000.0,1922672000.0,0.353,1922672000.0,1686059000.0,1611082000.0,7.76,7.61,7.76,11318172000.0,11289051500.0,11318172000.0,22781673937.0,14.0,11.849,1283625000.0,9.89,1.0,4643572000.0,0.853,12020766000.0,74977000.0,9029306000.0,9681923750.0,0.0,2145744000.0,,,8640516000.0,,,22962643937.0,-527275000.0,-554728000.0,-884000.0,-523095000.0,-400413000.0,-611186000.0,-1189674000.0,-518886000.0,1381685000.0,-108100000.0,1052168000.0,1052168000.0,1052168000.0,0.0,-26669000.0,0.193,3537876000.0,1105696000.0,847775000.0,0.388,2.029,21.824,25.064,274295000.0,0.0,194.5,4.218,4.637,1449996000.0,2042520000.0,5444524000.0,5444524000.0,0.0,0.048,0.093,0.174,0.31,249481000.0,3390183000.0,1.0,118059866.0,129793939.0,132270351.0,41.947,9675906000.0,0.0,558914000.0,2039467000.0,74.548,
52,BLK,MRT,2008-06-30,2008-06-30,2008-06-30,2021-08-05,91504000.0,22017252000.0,22368297500.0,,,0.243,89.414,-88695000.0,1427522000.0,1427522000.0,785565000.0,1166238000.0,,0.806,1246552000.0,,,1246552000.0,0.0,224314000.0,0.0,0.016,2.9,1662242000.0,1886556000.0,0.347,1886556000.0,1662242000.0,1595450000.0,8.13,7.96,8.13,11585321000.0,10911866750.0,11585321000.0,20904830027.0,13.0,11.081,1056914000.0,8.157,1.0,4644038000.0,0.855,12042261000.0,66792000.0,9794021000.0,10152365500.0,0.0,1941525000.0,,,9343155000.0,,,20851848027.0,72054000.0,-549802000.0,-81789000.0,283384000.0,-384234000.0,111332000.0,-1190313000.0,-497816000.0,1145609000.0,5426000.0,1090368000.0,1090368000.0,1090368000.0,0.0,75870000.0,0.201,3520817000.0,1123221000.0,1123608000.0,0.357,1.8,19.124,21.771,265399000.0,0.0,177.0,3.84,4.224,1773592000.0,1929726000.0,5429603000.0,5429603000.0,0.0,0.049,0.1,0.164,0.306,229570000.0,3250925000.0,1.0,117807051.0,129569325.0,132032538.0,41.905,9974991000.0,0.0,505082000.0,1993398000.0,76.986,
53,BLK,MRT,2008-03-31,2008-03-31,2008-03-31,2021-08-05,91620000.0,21816404000.0,22362028750.0,,,0.23,87.155,-108017000.0,1194180000.0,1194180000.0,760355000.0,1282945000.0,,0.839,1247162000.0,,,1247162000.0,0.0,214938000.0,0.0,0.014,2.79,1580721000.0,1795659000.0,0.349,1795659000.0,1580721000.0,1521706000.0,7.82,7.65,7.82,11234713000.0,10439139250.0,11234713000.0,23537573692.0,15.0,13.108,834183000.0,6.471,1.0,4379271000.0,0.852,12044018000.0,59015000.0,9825368000.0,10195393500.0,0.0,1922928000.0,,,9422699000.0,,,23946752692.0,175476000.0,-538499000.0,-203798000.0,380004000.0,-368583000.0,241399000.0,-1030920000.0,-384404000.0,942200000.0,22797000.0,1038612000.0,1038612000.0,1038612000.0,0.0,244333000.0,0.202,3163665000.0,1215606000.0,1215245000.0,0.357,2.131,23.056,26.11,270607000.0,0.0,204.18,4.659,5.121,1745174000.0,1759534000.0,5139626000.0,5139626000.0,0.0,0.046,0.099,0.155,0.308,216582000.0,2899698000.0,1.0,117282558.0,128904253.0,131620744.0,39.872,9772386000.0,0.0,483094000.0,2018569000.0,75.811,
54,BLK,MRT,2007-12-31,2007-12-31,2007-12-31,2021-08-05,71000000.0,22561000000.0,22128425000.0,,,0.219,85.751,-111000000.0,1656000000.0,1656000000.0,727000000.0,1357000000.0,,0.943,1247000000.0,,,1247000000.0,0.0,202000000.0,0.0,0.012,2.68,1508000000.0,1710000000.0,0.353,1710000000.0,1508000000.0,1456000000.0,7.53,7.37,7.53,11018000000.0,10109026500.0,11018000000.0,24403756208.0,16.0,14.271,476000000.0,3.705,1.0,4118000000.0,0.85,12073000000.0,52000000.0,10079000000.0,10116064500.0,0.0,2000000000.0,,,10387000000.0,,,25327456208.0,496000000.0,-592000000.0,-306000000.0,1108000000.0,-353000000.0,959000000.0,-1068000000.0,-365000000.0,587000000.0,18000000.0,993000000.0,993000000.0,993000000.0,0.0,364000000.0,0.205,2824000000.0,1294000000.0,903000000.0,0.356,2.299,25.506,28.792,266000000.0,0.0,216.8,5.228,5.749,1411000000.0,1622000000.0,4845000000.0,4845000000.0,0.0,0.045,0.098,0.149,0.311,188000000.0,2566000000.0,1.0,116824060.0,128488561.0,131378061.0,37.708,10488000000.0,0.0,463000000.0,2060000000.0,81.626,
55,BLK,MRT,2007-09-30,2007-09-30,2007-09-30,2021-08-05,85478000.0,23078534000.0,21605548000.0,,,0.205,76.54,-121926000.0,2320579000.0,2320579000.0,616303000.0,1210929000.0,,1.055,1396879000.0,,,1396879000.0,0.0,187086000.0,0.0,0.014,2.43,1274779000.0,1461865000.0,0.331,1461865000.0,1274779000.0,1239776000.0,6.86,6.69,6.86,9809433000.0,9772723500.0,9809433000.0,19344077186.0,15.0,13.232,722532000.0,5.638,1.0,3802722000.0,0.861,11243761000.0,35003000.0,10911073000.0,9702041500.0,0.0,2680751000.0,,,10351343000.0,,,20087843186.0,1376597000.0,-160158000.0,-328161000.0,1324095000.0,-320453000.0,1001006000.0,-545174000.0,-263090000.0,844458000.0,76307000.0,842653000.0,842653000.0,842653000.0,0.0,368276000.0,0.191,2304825000.0,1497897000.0,1022818000.0,0.354,2.048,23.839,25.278,250481000.0,0.0,173.41,4.546,5.029,1252602000.0,1387478000.0,4419025000.0,4419025000.0,0.0,0.039,0.086,0.131,0.288,183952000.0,1847158000.0,1.0,115840166.0,128161027.0,131316455.0,34.48,11834773000.0,0.0,397123000.0,1792199000.0,92.343,
56,BLK,MRT,2007-06-30,2007-06-30,2007-06-30,2021-08-05,62369000.0,21992177000.0,20304583500.0,,,0.17,75.417,-118770000.0,1356250000.0,1356250000.0,466413000.0,893999000.0,,0.978,612484000.0,,,612484000.0,0.0,149169000.0,0.0,0.014,2.18,978640000.0,1127809000.0,0.327,1127809000.0,978640000.0,951430000.0,5.16,5.03,5.16,9694411000.0,9972186500.0,9694411000.0,17962583661.0,18.0,15.927,492451000.0,3.831,1.0,2977591000.0,0.865,11282278000.0,27210000.0,9966133000.0,8923586250.0,0.0,2484127000.0,,,9480352000.0,,,18178244661.0,987482000.0,279016000.0,-271559000.0,621616000.0,-258654000.0,403821000.0,-79809000.0,-240055000.0,611221000.0,52249000.0,606367000.0,606367000.0,606367000.0,0.0,287632000.0,0.176,1922211000.0,1055380000.0,1028496000.0,0.422,1.875,29.979,30.347,245120000.0,0.0,156.59,5.278,5.845,1155743000.0,1227568000.0,3444004000.0,3444004000.0,0.0,0.03,0.061,0.11,0.284,158174000.0,1621349000.0,1.0,116088158.0,128544894.0,131383470.0,26.792,10709899000.0,250726000.0,345063000.0,1938374000.0,83.316,
57,BLK,MRT,2007-03-31,2007-03-31,2007-03-31,2021-08-05,45412000.0,20881989000.0,15287519500.0,,,0.177,76.968,-97381000.0,1018828000.0,1018828000.0,322384000.0,587553000.0,,0.887,803167000.0,,,803167000.0,0.0,109953000.0,0.0,0.012,1.93,723832000.0,833785000.0,0.308,833785000.0,723832000.0,704815000.0,4.42,4.29,4.42,9914262000.0,7808871250.0,9914262000.0,17276774973.0,24.0,20.721,200459000.0,1.556,1.0,2385330000.0,0.881,11158276000.0,19017000.0,9508052000.0,6761735000.0,0.0,2194863000.0,,,8798769000.0,,,18183911973.0,650649000.0,218499000.0,-158604000.0,634996000.0,-197526000.0,442206000.0,-128189000.0,-249307000.0,297840000.0,38792000.0,447527000.0,447527000.0,447527000.0,0.0,140026000.0,0.165,1661490000.0,723840000.0,1024887000.0,0.437,1.834,40.632,35.364,226710000.0,0.0,156.31,6.716,7.436,1354807000.0,1093673000.0,2707714000.0,2707714000.0,0.0,0.029,0.057,0.107,0.267,134876000.0,1389674000.0,1.0,116332365.0,128809726.0,131895570.0,21.021,9723713000.0,165323000.0,257288000.0,1864653000.0,75.489,
58,BLK,MRT,2006-12-31,2006-12-31,2006-12-31,2021-08-05,44666000.0,20469492000.0,10527285250.0,,,0.199,119.953,-84000000.0,1160304000.0,1160304000.0,203000000.0,339000000.0,,0.887,253167000.0,,,253167000.0,0.0,73000000.0,0.0,0.011,1.68,522000000.0,595000000.0,0.284,595000000.0,522000000.0,512000000.0,4.0,3.87,4.0,9672788000.0,5577541250.0,9672788000.0,16995726057.0,33.0,28.564,637000000.0,7.899,1.0,1895000000.0,0.903,11139447000.0,10000000.0,8422908000.0,4693285500.0,0.0,2097574000.0,,,8578520000.0,,,17686457057.0,676000000.0,272000000.0,-22000000.0,0.0,-136000000.0,-85000000.0,3000000.0,-185000000.0,721000000.0,37000000.0,323000000.0,323000000.0,323000000.0,0.0,16000000.0,0.154,1423000000.0,472000000.0,997675000.0,0.42,1.828,54.757,37.975,214784000.0,0.0,151.9,8.43,5.838,1077550000.0,993821000.0,2098000000.0,2098000000.0,0.0,0.031,0.058,0.111,0.249,120000000.0,1351000000.0,1.0,116434872.0,80638167.0,83358394.0,26.017,9330045000.0,0.0,189000000.0,1738670000.0,115.703,
59,BLK,MRT,2006-09-30,2006-09-30,2006-09-30,2021-08-05,7352000.0,17874676000.0,5871912250.0,,,0.247,163.79,-59238000.0,943901000.0,943901000.0,49517000.0,231781000.0,,0.603,253170000.0,,,253170000.0,0.0,37789000.0,0.0,0.01,1.56,366748000.0,404537000.0,0.279,404537000.0,366748000.0,358887000.0,3.52,3.38,3.52,10607285000.0,3389905000.0,10607285000.0,9420335341.0,26.0,23.287,348736000.0,5.385,1.0,1399042000.0,0.966,9386693000.0,7861000.0,7797252000.0,2870955000.0,0.0,1616211000.0,,,6398994000.0,,,9535852341.0,547387000.0,361888000.0,-18773000.0,-1019000.0,-100233000.0,-103408000.0,240294000.0,-54656000.0,407974000.0,2527000.0,226098000.0,226098000.0,226098000.0,0.0,5683000.0,0.156,939567000.0,459475000.0,1026737000.0,0.443,0.899,42.176,42.33,193752000.0,0.0,149.0,6.583,6.661,1043840000.0,878929000.0,1448559000.0,1448559000.0,0.0,0.039,0.067,0.128,0.253,95981000.0,855085000.0,1.0,63999009.0,64761447.0,67477536.0,22.368,8487983000.0,88466000.0,132789000.0,0.0,131.065,
60,BLK,MRT,2006-06-30,2006-06-30,2006-06-30,2021-08-05,6049000.0,1923921000.0,1821519250.0,,,0.783,16.233,-53551000.0,368687000.0,368687000.0,43791000.0,273091000.0,,0.829,253170000.0,,,253170000.0,0.0,34951000.0,0.0,0.01,1.44,434908000.0,469859000.0,0.329,469859000.0,434908000.0,427061000.0,4.18,4.02,4.18,1041150000.0,954881250.0,1041150000.0,8811395742.0,20.0,18.753,243803000.0,3.801,1.0,1382517000.0,0.969,489676000.0,7847000.0,1318728000.0,1180362000.0,0.0,347253000.0,,,862818000.0,,,8925702742.0,1301000.0,-74897000.0,-34686000.0,-1019000.0,-92284000.0,-115925000.0,-181732000.0,-45584000.0,297354000.0,1604000.0,268303000.0,268303000.0,268303000.0,0.0,4788000.0,0.188,872381000.0,510136000.0,110764000.0,0.344,8.573,33.267,33.294,142526000.0,0.0,139.17,6.258,6.258,438276000.0,878335000.0,1426308000.0,1426308000.0,0.0,0.147,0.281,0.368,0.305,89919000.0,787753000.0,1.0,64135250.0,64136378.0,66653479.0,22.239,1434245000.0,59452000.0,158758000.0,0.0,22.362,
61,BLK,MRT,2006-03-31,2006-03-31,2006-03-31,2021-08-05,3460000.0,1841052000.0,1731175000.0,,,0.772,15.434,-53072000.0,368098000.0,368098000.0,38456000.0,262165000.0,,0.845,253791000.0,,,253791000.0,0.0,33005000.0,0.0,0.009,1.32,418959000.0,451964000.0,0.338,451964000.0,418959000.0,411079000.0,4.02,3.87,4.02,988942000.0,907997500.0,988942000.0,8732953480.0,21.0,19.322,275553000.0,4.3,1.0,1298508000.0,0.971,492491000.0,7880000.0,1234254000.0,1086971750.0,0.0,338361000.0,,,835742000.0,,,8963385480.0,55812000.0,-32511000.0,-64468000.0,-1019000.0,-84223000.0,-147920000.0,-121598000.0,-140499000.0,328625000.0,-3295000.0,258234000.0,258234000.0,258234000.0,0.0,3931000.0,0.193,872322000.0,426186000.0,174626000.0,0.328,9.064,34.71,34.826,136972000.0,0.0,140.0,6.704,6.71,387279000.0,840033000.0,1336964000.0,1336964000.0,0.0,0.149,0.284,0.385,0.313,82812000.0,788067000.0,1.0,64024182.0,64074888.0,66731560.0,20.866,1348561000.0,48615000.0,152845000.0,0.0,21.047,
62,BLK,MRT,2005-12-31,2005-12-31,2005-12-31,2021-08-05,2673000.0,1848000000.0,1644391500.0,,,0.725,14.369,-55154000.0,484223000.0,484223000.0,32405000.0,237197000.0,,0.993,253791000.0,,,253791000.0,0.0,30902000.0,0.0,0.011,1.2,380390000.0,411292000.0,0.345,411292000.0,380390000.0,372466000.0,3.64,3.5,3.64,922243000.0,872360750.0,922243000.0,6795560002.0,18.0,16.522,199783000.0,3.113,1.0,1158981000.0,0.973,483982000.0,7924000.0,1133586000.0,1025395000.0,0.0,298668000.0,,,916143000.0,,,6942074002.0,26550000.0,-275218000.0,-61619000.0,132141000.0,-76606000.0,-4268000.0,-219786000.0,6102000.0,254937000.0,-4333000.0,233908000.0,233908000.0,233908000.0,0.0,3289000.0,0.196,818440000.0,340541000.0,75779000.0,0.33,7.527,29.679,29.802,129451000.0,0.0,108.48,5.827,5.844,339578000.0,806884000.0,1191386000.0,1191386000.0,0.0,0.142,0.268,0.371,0.319,74417000.0,769383000.0,1.0,63994045.0,64182766.0,66875149.0,18.562,1364018000.0,46980000.0,138558000.0,0.0,21.252,
63,BLK,MRT,2005-09-30,2005-09-30,2005-09-30,2021-08-05,4490000.0,1673104000.0,1468700250.0,,,0.688,13.531,-53277000.0,396514000.0,396514000.0,49820000.0,210742000.0,,0.918,250000000.0,,,250000000.0,0.0,27638000.0,0.0,0.013,1.15,325644000.0,353282000.0,0.349,353282000.0,325644000.0,319393000.0,3.28,3.17,3.28,867190000.0,833888000.0,867190000.0,5578276344.0,17.0,15.79,119439000.0,1.864,1.0,961136000.0,0.951,491710000.0,6251000.0,1034880000.0,869064000.0,0.0,292267000.0,,,796328000.0,,,5695662344.0,17083000.0,-247220000.0,-65825000.0,133160000.0,-73482000.0,3147000.0,-157745000.0,30568000.0,172716000.0,-1035000.0,210742000.0,210742000.0,210742000.0,0.0,0.0,0.208,650697000.0,310439000.0,80478000.0,0.351,6.568,27.027,27.018,123687000.0,0.0,88.62,5.634,5.618,274672000.0,753179000.0,1010956000.0,1010956000.0,0.0,0.143,0.253,0.375,0.322,146196000.0,645019000.0,1.0,64270620.0,64087871.0,66714797.0,15.775,1181394000.0,0.0,108651000.0,0.0,18.434,
64,BLK,MRT,2005-06-30,2005-06-30,2005-06-30,2021-08-05,4680000.0,1562544000.0,1319674500.0,,,0.668,13.264,-44838000.0,367386000.0,367386000.0,46100000.0,139809000.0,,0.818,250000000.0,,,250000000.0,0.0,25049000.0,0.0,0.014,1.1,207396000.0,232445000.0,0.264,232445000.0,207396000.0,204118000.0,2.18,2.1,2.18,853615000.0,800827750.0,853615000.0,5121521898.0,25.0,22.033,136498000.0,2.121,1.0,835048000.0,0.948,499991000.0,3278000.0,945167000.0,738664500.0,0.0,282807000.0,,,698352000.0,,,5183807898.0,70690000.0,-249536000.0,-28443000.0,133160000.0,-70337000.0,43902000.0,-153895000.0,28295000.0,181336000.0,-653000.0,139809000.0,139809000.0,139809000.0,0.0,0.0,0.159,597395000.0,237653000.0,10722000.0,0.505,6.073,37.078,36.904,115323000.0,0.0,80.45,5.883,5.876,243796000.0,711244000.0,881148000.0,881148000.0,0.0,0.106,0.175,0.281,0.235,129452000.0,593974000.0,1.0,64435151.0,64354069.0,66796087.0,13.692,1062553000.0,0.0,64309000.0,0.0,16.511,
65,BLK,MRT,2005-03-31,2005-03-31,2005-03-31,2021-08-05,6623000.0,1493918000.0,1170651500.0,,,0.678,13.165,-37690000.0,312286000.0,312286000.0,35674000.0,134470000.0,,0.737,250000000.0,,,250000000.0,0.0,22743000.0,0.0,0.014,1.05,195741000.0,218484000.0,0.275,218484000.0,195741000.0,193976000.0,2.1,2.03,2.1,846395000.0,776237250.0,846395000.0,4372275836.0,22.0,20.012,91813000.0,1.428,1.0,757897000.0,0.955,443685000.0,1765000.0,987947000.0,623413750.0,0.0,325392000.0,,,623493000.0,,,4829948836.0,11177000.0,-242708000.0,-1204000.0,133160000.0,-67028000.0,79206000.0,-198926000.0,81472000.0,129503000.0,1394000.0,134470000.0,134470000.0,134470000.0,0.0,0.0,0.169,534610000.0,223287000.0,35546000.0,0.5,5.706,35.918,35.681,107977000.0,0.0,74.93,6.086,6.07,245100000.0,677179000.0,793571000.0,793571000.0,0.0,0.115,0.173,0.314,0.247,114686000.0,499591000.0,1.0,64459480.0,64290510.0,66880713.0,12.344,1050233000.0,0.0,59506000.0,0.0,16.336,
66,BLK,MRT,2004-12-31,2004-12-31,2004-12-31,2021-08-05,8254000.0,1145235000.0,1024532500.0,,,0.708,12.064,-25592000.0,457673000.0,457673000.0,42943000.0,143141000.0,,0.468,4810000.0,,,4810000.0,0.0,20686000.0,0.0,0.013,1.0,196240000.0,216926000.0,0.299,216926000.0,196240000.0,195405000.0,2.25,2.17,2.25,768352000.0,745376250.0,768352000.0,4536306189.0,23.0,20.912,205766000.0,3.231,1.0,682368000.0,0.941,184110000.0,835000.0,508262000.0,482054250.0,0.0,227497000.0,,,359714000.0,,,4915737189.0,141732000.0,6338000.0,-42238000.0,0.0,-63660000.0,-99640000.0,7027000.0,26281000.0,231358000.0,2987000.0,143141000.0,143141000.0,143141000.0,0.0,0.0,0.197,398182000.0,284186000.0,30817000.0,0.444,6.398,34.342,34.338,93701000.0,0.0,77.26,6.777,6.784,154944000.0,650016000.0,725311000.0,725311000.0,0.0,0.14,0.192,0.407,0.271,100401000.0,391138000.0,1.0,63625902.0,63688955.0,65960473.0,11.388,961125000.0,0.0,52264000.0,0.0,15.091,
67,BLK,MRT,2004-09-30,2004-09-30,2004-09-30,2021-08-05,5970000.0,1077001000.0,980029500.0,,,0.712,11.542,-19045000.0,379431000.0,379431000.0,41050000.0,134744000.0,,0.454,0.0,,,0.0,0.0,20942000.0,0.0,0.013,0.95,200358000.0,221300000.0,0.317,221300000.0,200358000.0,199436000.0,2.11,2.05,2.11,734949000.0,731615250.0,734949000.0,4381028998.0,22.0,19.797,209445000.0,3.289,1.0,656795000.0,0.941,184288000.0,922000.0,513282000.0,469789500.0,0.0,240513000.0,,,333328000.0,,,4677724998.0,137864000.0,6326000.0,-53365000.0,0.0,-60465000.0,-115398000.0,21951000.0,34670000.0,228490000.0,2821000.0,134744000.0,134744000.0,134744000.0,0.0,0.0,0.193,358711000.0,298084000.0,33580000.0,0.45,6.365,34.716,34.829,88377000.0,0.0,73.49,6.703,6.706,170707000.0,616185000.0,697845000.0,697845000.0,0.0,0.137,0.184,0.426,0.287,13868000.0,361492000.0,1.0,63651177.0,63676776.0,63676776.0,10.959,892713000.0,0.0,64692000.0,0.0,14.019,
68,BLK,MRT,2004-06-30,2004-06-30,2004-06-30,2021-08-05,5203000.0,966452000.0,1581979750.0,,,0.428,11.866,-17046000.0,296696000.0,296696000.0,32773000.0,184611000.0,,0.268,0.0,,,0.0,0.0,21007000.0,0.0,0.014,0.9,282186000.0,303193000.0,0.448,303193000.0,282186000.0,280147000.0,2.88,2.81,2.88,755253000.0,721943000.0,755253000.0,3765657577.0,13.0,12.42,179539000.0,2.821,1.0,644417000.0,0.952,185592000.0,2039000.0,484164000.0,1576016750.0,0.0,236369000.0,,,202212000.0,,,4066766577.0,115863000.0,1993000.0,-94211000.0,0.0,-57371000.0,-151483000.0,67705000.0,82758000.0,196585000.0,3056000.0,184611000.0,184611000.0,184611000.0,0.0,0.0,0.273,288951000.0,355466000.0,28288000.0,0.312,5.385,22.029,22.163,88098000.0,0.0,63.83,6.005,5.999,146185000.0,641981000.0,677190000.0,677190000.0,0.0,0.117,0.256,0.179,0.417,12783000.0,266678000.0,1.0,63712464.0,63647316.0,65766979.0,10.64,780860000.0,0.0,95536000.0,0.0,12.269,
69,BLK,MRT,2004-03-31,2004-03-31,2004-03-31,2021-08-05,6290000.0,909442000.0,1565533750.0,,,0.407,11.336,-14684000.0,301109000.0,301109000.0,32773000.0,175289000.0,,0.252,0.0,,,0.0,0.0,21020000.0,0.0,0.011,0.65,270154000.0,291174000.0,0.457,291174000.0,270154000.0,268514000.0,2.72,2.66,2.72,722951000.0,710376500.0,722951000.0,3576011444.0,13.0,12.281,159685000.0,2.504,1.0,604511000.0,0.949,185824000.0,1640000.0,422509000.0,1586883500.0,0.0,177288000.0,,,182191000.0,,,3891952444.0,109895000.0,-2331000.0,-95628000.0,0.0,-41520000.0,-138100000.0,69208000.0,86223000.0,174369000.0,4418000.0,175289000.0,175289000.0,175289000.0,0.0,0.0,0.275,255086000.0,349425000.0,55746000.0,0.239,5.383,22.203,22.489,87716000.0,0.0,61.17,6.107,6.122,147156000.0,609836000.0,637284000.0,637284000.0,0.0,0.112,0.247,0.17,0.424,9938000.0,241452000.0,1.0,63625183.0,63775783.0,65807605.0,9.993,723618000.0,0.0,93225000.0,0.0,11.346,
70,BLK,MRT,2003-12-31,2003-12-31,2003-12-31,2021-08-05,6027000.0,967223000.0,1547272500.0,,,0.387,11.033,-13453000.0,315941000.0,315941000.0,32773000.0,155402000.0,,0.354,0.0,,,0.0,0.0,21366000.0,0.0,0.008,0.4,251369000.0,272735000.0,0.456,272735000.0,251369000.0,250649000.0,2.4,2.36,2.4,713308000.0,696689250.0,713308000.0,5054235549.0,20.0,18.532,166142000.0,2.57,1.0,565439000.0,0.945,192079000.0,720000.0,459203000.0,1596838250.0,0.0,234923000.0,,,252676000.0,,,3408548549.0,60707000.0,-8930000.0,-75880000.0,0.0,-25614000.0,-102336000.0,-19649000.0,2734000.0,179595000.0,3097000.0,155402000.0,155402000.0,155402000.0,0.0,0.0,0.26,229830000.0,335609000.0,40668000.0,0.167,4.779,21.934,22.129,87006000.0,0.0,53.11,5.698,5.74,127316000.0,570535000.0,598212000.0,598212000.0,0.0,0.1,0.223,0.157,0.42,12857000.0,228905000.0,1.0,64179035.0,64653352.0,65860368.0,9.253,775144000.0,0.0,95247000.0,0.0,11.989,
71,BLK,MRT,2003-09-30,2003-09-30,2003-09-30,2021-08-05,2622000.0,3484802000.0,1521513750.0,,,0.372,10.795,-14115000.0,389950000.0,389950000.0,0.0,147895000.0,,3.467,2035637000.0,,,2035637000.0,0.0,20173000.0,0.0,0.004,0.2,241466000.0,261639000.0,0.462,261639000.0,241466000.0,240835000.0,2.27,2.25,2.27,696260000.0,677025750.0,696260000.0,2982699267.0,12.0,11.4,154517000.0,2.396,1.0,566595000.0,1.0,192298000.0,631000.0,4938191000.0,1588569250.0,0.0,2550443000.0,,,2413814000.0,,,3163532267.0,27892000.0,-10651000.0,-59212000.0,0.0,-12834000.0,-73654000.0,-68813000.0,-44047000.0,168632000.0,1727000.0,147895000.0,147895000.0,147895000.0,0.0,0.0,0.261,324894000.0,241701000.0,92952000.0,0.088,4.544,21.39,21.586,88455000.0,0.0,49.0,5.583,5.578,97659000.0,542099000.0,566595000.0,566595000.0,0.0,0.097,0.218,0.152,0.426,12030000.0,169254000.0,1.0,64561883.0,64497117.0,65692272.0,8.785,3292504000.0,0.0,92940000.0,0.0,51.049,
72,BLK,MRT,2003-06-30,2003-06-30,2003-06-30,2021-08-05,5447000.0,900668000.0,847706750.0,,,0.653,10.903,-17300000.0,180833000.0,180833000.0,0.0,141007000.0,,0.27,0.0,,,0.0,0.0,20736000.0,0.0,0.0,0.0,233586000.0,254322000.0,0.459,254322000.0,233586000.0,232943000.0,2.16,2.15,2.16,708987000.0,651941750.0,708987000.0,2738931706.0,12.0,10.77,148788000.0,2.288,1.0,553791000.0,1.0,192204000.0,643000.0,527631000.0,452725750.0,0.0,304717000.0,,,191681000.0,,,2930145706.0,11300000.0,-6317000.0,-19732000.0,0.0,0.0,-20574000.0,-136354000.0,-112737000.0,166088000.0,2140000.0,141007000.0,141007000.0,141007000.0,0.0,0.0,0.255,312620000.0,241171000.0,35175000.0,0.0,4.133,20.78,20.852,90292000.0,0.0,45.04,5.291,5.289,119448000.0,514741000.0,553791000.0,553791000.0,0.0,0.166,0.216,0.516,0.422,11973000.0,181703000.0,1.0,65056521.0,65028337.0,66164326.0,8.516,708464000.0,0.0,91936000.0,0.0,10.895,
73,BLK,MRT,2003-03-31,2003-03-31,2003-03-31,2021-08-05,318000.0,836397000.0,806113250.0,,,0.703,10.271,-32472000.0,191214000.0,191214000.0,0.0,137169000.0,,0.252,0.0,,,0.0,0.0,20532000.0,0.0,0.0,0.0,229270000.0,249802000.0,0.441,249802000.0,229270000.0,228607000.0,2.11,2.1,2.11,668202000.0,614999500.0,668202000.0,2582188949.0,11.0,10.337,148232000.0,2.279,1.0,566580000.0,1.0,182855000.0,663000.0,462328000.0,416686750.0,0.0,244637000.0,,,168195000.0,,,2837422949.0,79386000.0,-1993000.0,-14518000.0,0.0,0.0,-15284000.0,-87805000.0,-53340000.0,180704000.0,1771000.0,137169000.0,137169000.0,137169000.0,0.0,0.0,0.242,320276000.0,246304000.0,39628000.0,0.0,4.246,20.686,20.635,92215000.0,0.0,43.54,5.008,4.999,115527000.0,476067000.0,566580000.0,566580000.0,0.0,0.17,0.223,0.55,0.405,11156000.0,193617000.0,1.0,65168189.0,65056537.0,65867032.0,8.709,653542000.0,0.0,91438000.0,0.0,10.046,
74,BLK,MRT,2002-12-31,2002-12-31,2002-12-31,2021-08-05,231000.0,864188000.0,763675000.0,,,0.756,9.801,-42827000.0,255234000.0,255234000.0,0.0,133249000.0,,0.362,0.0,,,0.0,0.0,20238000.0,0.0,0.0,0.0,224631000.0,244869000.0,0.424,244869000.0,224631000.0,223948000.0,2.06,2.04,2.06,634654000.0,578700000.0,634654000.0,2340499186.0,10.0,9.558,127347000.0,1.967,1.0,576977000.0,1.0,182827000.0,683000.0,426127000.0,394437000.0,0.0,210559000.0,,,229534000.0,,,2554174186.0,68783000.0,-1733000.0,-7406000.0,0.0,0.0,-8172000.0,-94934000.0,-50374000.0,170174000.0,1715000.0,133249000.0,133249000.0,133249000.0,0.0,0.0,0.231,321534000.0,255443000.0,23977000.0,0.0,4.025,19.168,19.126,93923000.0,0.0,39.4,4.427,4.422,114070000.0,440747000.0,576977000.0,576977000.0,0.0,0.174,0.23,0.569,0.389,12605000.0,238647000.0,1.0,64826756.0,64756290.0,65307548.0,8.91,681361000.0,0.0,90699000.0,0.0,10.522,
75,BLK,MRT,2002-09-30,2002-09-30,2002-09-30,2021-08-05,-3527000.0,789574000.0,718747500.0,,,0.793,9.197,-52242000.0,213675000.0,213675000.0,0.0,127732000.0,,0.325,0.0,,,0.0,0.0,23073000.0,0.0,0.0,0.0,214786000.0,237859000.0,0.417,237859000.0,214786000.0,214081000.0,1.98,1.95,1.98,595924000.0,541565750.0,595924000.0,2513408524.0,12.0,10.567,91449000.0,1.411,1.0,569739000.0,1.0,181082000.0,705000.0,394817000.0,366990000.0,0.0,180462000.0,,,193650000.0,,,2682941524.0,60843000.0,0.0,-5445000.0,0.0,0.0,-5445000.0,-78329000.0,-26087000.0,143691000.0,926000.0,127732000.0,127732000.0,127732000.0,0.0,0.0,0.224,272425000.0,297314000.0,16655000.0,0.0,4.502,21.004,20.919,93527000.0,0.0,41.42,4.709,4.711,111844000.0,406899000.0,569739000.0,569739000.0,0.0,0.178,0.236,0.585,0.377,11870000.0,257609000.0,1.0,64774059.0,64798908.0,65338340.0,8.792,608492000.0,0.0,86349000.0,0.0,9.39,
76,BLK,MRT,2002-06-30,2002-06-30,2002-06-30,2021-08-05,-2907000.0,734294000.0,682296500.0,,,0.831,8.671,-54272000.0,169533000.0,169533000.0,0.0,121943000.0,,0.308,0.0,,,0.0,0.0,23856000.0,0.0,0.0,0.0,204304000.0,228160000.0,0.402,228160000.0,204304000.0,203591000.0,1.9,1.86,1.9,561218000.0,506965250.0,561218000.0,2755306718.0,13.0,12.076,79500000.0,1.228,1.0,566981000.0,1.0,181286000.0,713000.0,383475000.0,344945000.0,0.0,163003000.0,,,173076000.0,,,2867134718.0,70302000.0,0.0,-6133000.0,0.0,0.0,-6095000.0,-58235000.0,-3963000.0,133772000.0,860000.0,121943000.0,121943000.0,121943000.0,0.0,0.0,0.215,290870000.0,276111000.0,21473000.0,0.0,5.109,23.512,23.316,92772000.0,0.0,44.3,5.057,5.057,118711000.0,373733000.0,566981000.0,566981000.0,0.0,0.179,0.241,0.592,0.36,11470000.0,240452000.0,1.0,64720874.0,64726856.0,65333228.0,8.76,553008000.0,0.0,81648000.0,0.0,8.544,
77,BLK,MRT,2002-03-31,2002-03-31,2002-03-31,2021-08-05,-4906000.0,666644000.0,641531500.0,,,0.85,8.09,-45994000.0,111828000.0,111828000.0,0.0,113337000.0,,0.275,0.0,,,0.0,0.0,25273000.0,0.0,0.0,0.0,190925000.0,216198000.0,0.396,216198000.0,190925000.0,190182000.0,1.77,1.73,1.77,523004000.0,473878750.0,523004000.0,2700333417.0,14.0,12.49,108661000.0,1.681,1.0,545548000.0,1.0,181487000.0,743000.0,373329000.0,320348500.0,0.0,170245000.0,,,143640000.0,,,2886784417.0,-33549000.0,0.0,-6315000.0,0.0,0.0,-7011000.0,-181011000.0,-135017000.0,154655000.0,-182000.0,113337000.0,113337000.0,113337000.0,0.0,0.0,0.208,293350000.0,252198000.0,32828000.0,0.0,5.52,25.471,25.198,79420000.0,0.0,44.6,5.292,5.285,114450000.0,338897000.0,545548000.0,545548000.0,0.0,0.177,0.239,0.596,0.35,11117000.0,228026000.0,1.0,64726108.0,64648511.0,65219988.0,8.439,485157000.0,0.0,76845000.0,0.0,7.505,
78,BLK,MRT,2001-12-31,2001-12-31,2001-12-31,2021-08-05,-3537000.0,684478000.0,599981250.0,,,0.889,7.563,-40479000.0,186451000.0,186451000.0,0.0,107434000.0,,0.408,0.0,,,0.0,0.0,26021000.0,0.0,0.0,0.0,181752000.0,207773000.0,0.39,207773000.0,181752000.0,180991000.0,1.67,1.65,1.67,486117000.0,443581250.0,486117000.0,2532288212.0,14.0,12.188,126894000.0,1.974,1.0,533144000.0,1.0,181688000.0,761000.0,316339000.0,268400750.0,0.0,139126000.0,,,198361000.0,,,2685120212.0,-6139000.0,0.0,-5467000.0,0.0,0.0,-6163000.0,-167055000.0,-126576000.0,167373000.0,-294000.0,107434000.0,107434000.0,107434000.0,0.0,0.0,0.202,302139000.0,231005000.0,15972000.0,0.0,5.524,24.993,24.97,70510000.0,0.0,41.7,5.036,5.027,96659000.0,307498000.0,533144000.0,533144000.0,0.0,0.179,0.242,0.677,0.341,10112000.0,223116000.0,1.0,64391372.0,64271538.0,64926199.0,8.295,502790000.0,0.0,73557000.0,0.0,7.823,
79,BLK,MRT,2001-09-30,2001-09-30,2001-09-30,2021-08-05,-1391000.0,643770000.0,563112500.0,,,0.945,7.117,-36910000.0,152832000.0,152832000.0,0.0,103648000.0,,0.407,0.0,,,0.0,0.0,23902000.0,0.0,0.0,0.0,177286000.0,201188000.0,0.378,201188000.0,177286000.0,176511000.0,1.63,1.59,1.63,457522000.0,414112250.0,457522000.0,2743218661.0,15.0,13.635,126634000.0,1.97,1.0,532293000.0,1.0,184301000.0,775000.0,306637000.0,227383750.0,0.0,140708000.0,,,186248000.0,,,2842449661.0,-6096000.0,0.0,-4954000.0,0.0,0.0,-5650000.0,-164443000.0,-127533000.0,163544000.0,453000.0,103648000.0,103648000.0,103648000.0,0.0,0.0,0.195,365461000.0,166832000.0,41899000.0,0.0,6.213,27.424,27.129,61142000.0,0.0,44.22,5.34,5.34,97266000.0,279166000.0,532293000.0,532293000.0,0.0,0.184,0.25,0.78,0.333,9894000.0,228407000.0,1.0,64279730.0,64284768.0,64947840.0,8.28,459469000.0,0.0,72863000.0,0.0,7.147,
80,BLK,MRT,2001-06-30,2001-06-30,2001-06-30,2021-08-05,-1590000.0,571234000.0,525293750.0,,,1.0,6.675,-40202000.0,99231000.0,99231000.0,0.0,99033000.0,,0.332,0.0,,,0.0,0.0,22591000.0,0.0,0.0,0.0,170987000.0,193578000.0,0.369,193578000.0,170987000.0,170169000.0,1.56,1.52,1.56,428872000.0,385618750.0,428872000.0,2057487832.0,12.0,10.629,123111000.0,1.916,1.0,525212000.0,1.0,186914000.0,818000.0,285089000.0,185427000.0,0.0,142444000.0,,,142362000.0,,,2202864832.0,-17402000.0,0.0,-5066000.0,0.0,0.0,-6566000.0,-173257000.0,-133055000.0,163313000.0,-892000.0,99033000.0,99033000.0,99033000.0,0.0,0.0,0.189,363986000.0,161226000.0,28569000.0,0.0,5.136,22.244,21.981,56728000.0,0.0,34.29,4.194,4.195,78216000.0,251790000.0,525212000.0,525212000.0,0.0,0.189,0.257,0.922,0.326,9201000.0,226605000.0,1.0,64242194.0,64248630.0,64877389.0,8.175,384320000.0,0.0,71136000.0,0.0,5.982,
81,BLK,MRT,2001-03-31,2001-03-31,2001-03-31,2021-08-05,-1574000.0,500443000.0,490917500.0,,,1.024,6.263,-35326000.0,145377000.0,145377000.0,0.0,93660000.0,,0.245,0.0,,,0.0,0.0,21111000.0,0.0,0.0,0.0,161386000.0,182497000.0,0.363,182497000.0,161386000.0,160683000.0,1.48,1.44,1.48,401814000.0,358697500.0,401814000.0,2119615264.0,13.0,11.615,81644000.0,1.273,1.0,502521000.0,1.0,189528000.0,703000.0,165538000.0,144086250.0,0.0,20703000.0,,,98629000.0,,,2312205264.0,56707000.0,0.0,-5115000.0,0.0,0.0,-5115000.0,-54227000.0,-18901000.0,116970000.0,-921000.0,93660000.0,93660000.0,93660000.0,0.0,0.0,0.186,349681000.0,152840000.0,24837000.0,0.0,5.754,24.687,24.324,50658000.0,0.0,36.0,4.601,4.596,86430000.0,225560000.0,502521000.0,502521000.0,0.0,0.191,0.261,1.12,0.321,8554000.0,213467000.0,1.0,64227924.0,64159248.0,64897486.0,7.832,310915000.0,0.0,67023000.0,0.0,4.846,
82,BLK,MRT,2000-12-31,2000-12-31,2000-12-31,2021-08-05,-2477000.0,537003000.0,462914250.0,,,1.03,5.764,-32761000.0,192590000.0,192590000.0,0.0,87361000.0,,0.458,0.0,,,0.0,0.0,19995000.0,0.0,0.0,0.0,150772000.0,170767000.0,0.358,170767000.0,150772000.0,149917000.0,1.37,1.35,1.37,368241000.0,333245500.0,368241000.0,2526277656.0,17.0,14.794,75846000.0,1.187,1.0,476872000.0,1.0,192142000.0,855000.0,152271000.0,129680750.0,0.0,13316000.0,,,168762000.0,,,2685205656.0,35461000.0,0.0,1122000.0,-28200000.0,0.0,-27078000.0,-45660000.0,-12899000.0,108607000.0,-408000.0,87361000.0,87361000.0,87361000.0,0.0,0.0,0.183,333834000.0,143038000.0,14750000.0,0.0,7.292,30.737,30.657,45598000.0,0.0,42.0,5.631,5.627,83284000.0,200064000.0,476872000.0,476872000.0,0.0,0.189,0.262,1.163,0.316,1478000.0,197443000.0,1.0,63933468.0,63886353.0,64590707.0,7.464,344861000.0,0.0,62556000.0,0.0,5.398,
83,BLK,MRT,2000-09-30,2000-09-30,2000-09-30,2021-08-05,-812000.0,492495000.0,440559000.0,,,1.019,5.378,-28440000.0,158928000.0,158928000.0,0.0,80024000.0,,0.434,0.0,,,0.0,0.0,19400000.0,0.0,0.0,0.0,138923000.0,158323000.0,0.353,158323000.0,138923000.0,137568000.0,1.26,1.24,1.26,343548000.0,311316750.0,343548000.0,1927822136.0,14.0,12.177,50962000.0,0.798,1.0,449114000.0,1.0,194757000.0,1355000.0,138810000.0,122712000.0,0.0,14207000.0,,,148947000.0,,,2044455136.0,409000.0,0.0,114980000.0,-153200000.0,0.0,-38220000.0,-39911000.0,-11471000.0,79402000.0,-862000.0,80024000.0,80024000.0,80024000.0,0.0,0.0,0.178,316089000.0,133025000.0,30288000.0,0.0,5.951,25.548,25.397,37678000.0,0.0,32.0,4.552,4.552,77641000.0,175518000.0,449114000.0,449114000.0,0.0,0.182,0.257,1.132,0.309,698000.0,180925000.0,1.0,63889223.0,63884410.0,64651300.0,7.03,297738000.0,0.0,57544000.0,0.0,4.661,
84,BLK,MRT,2000-06-30,2000-06-30,2000-06-30,2021-08-05,-83000.0,433729000.0,428289250.0,,,0.984,5.029,-20403000.0,116633000.0,116633000.0,0.0,73486000.0,,0.35,0.0,,,0.0,0.0,18232000.0,0.0,0.0,0.0,131376000.0,149608000.0,0.355,149608000.0,131376000.0,127120000.0,1.2,1.19,1.2,321187000.0,262531500.0,321187000.0,1763438229.0,13.0,11.787,86073000.0,1.348,1.0,421520000.0,1.0,197370000.0,4256000.0,119726000.0,148366000.0,0.0,10004000.0,,,112542000.0,,,1852108229.0,40371000.0,0.0,115180000.0,-153200000.0,0.0,-38020000.0,-28059000.0,-7656000.0,106476000.0,-26000.0,73486000.0,73486000.0,73486000.0,0.0,0.0,0.174,294763000.0,126757000.0,30404000.0,0.0,5.766,25.204,24.167,28661000.0,0.0,29.0,4.394,4.394,72249000.0,152757000.0,421520000.0,421520000.0,0.0,0.172,0.28,0.885,0.312,428000.0,163099000.0,1.0,63865801.0,63865770.0,64492447.0,6.6,236359000.0,0.0,53634000.0,0.0,3.701,
85,BLK,MRT,2000-03-31,2000-03-31,2000-03-31,2021-08-05,-259000.0,388430000.0,420670000.0,,,0.954,4.698,-19625000.0,88670000.0,88670000.0,0.0,66396000.0,,0.295,0.0,,,0.0,0.0,17431000.0,0.0,0.0,0.0,123232000.0,140663000.0,0.351,140663000.0,123232000.0,115611000.0,1.12,1.12,1.12,300006000.0,215254250.0,300006000.0,1164324736.0,9.0,8.277,76965000.0,1.205,1.0,401166000.0,1.0,191844000.0,7621000.0,107916000.0,188711000.0,0.0,2196000.0,,,88424000.0,,,1293253736.0,16031000.0,0.0,115211000.0,-178200000.0,0.0,-62989000.0,-17560000.0,2065000.0,96590000.0,-10000.0,66396000.0,66396000.0,66396000.0,0.0,0.0,0.166,281811000.0,119355000.0,37633000.0,0.0,4.311,19.478,18.08,26087000.0,0.0,20.25,3.224,3.224,72468000.0,131900000.0,401166000.0,401166000.0,0.0,0.158,0.308,0.653,0.307,249000.0,152923000.0,1.0,63864382.0,63864382.0,64342592.0,6.282,196586000.0,0.0,49215000.0,0.0,3.078,
86,BLK,MRT,1999-12-31,1999-12-31,1999-12-31,2021-08-05,-231000.0,447582000.0,444183000.0,,,0.858,4.917,-18925000.0,157129000.0,157129000.0,0.0,59417000.0,,0.596,28200000.0,,,28200000.0,0.0,18153000.0,0.0,0.0,0.0,114388000.0,132541000.0,0.348,132541000.0,114388000.0,103450000.0,1.04,1.04,1.04,280526000.0,193358500.0,280526000.0,1092509727.0,10.0,8.243,97401000.0,1.707,1.0,380981000.0,1.0,194257000.0,10938000.0,124396000.0,222410000.0,0.0,2255000.0,,,167056000.0,,,1097828727.0,43679000.0,0.0,115049000.0,-168800000.0,0.0,-53751000.0,-18896000.0,29000.0,116326000.0,0.0,59417000.0,59417000.0,59417000.0,0.0,0.0,0.156,270038000.0,110943000.0,33476000.0,0.0,3.913,18.477,16.529,22677000.0,0.0,17.19,2.882,2.574,65837000.0,112703000.0,380981000.0,380981000.0,0.0,0.134,0.307,0.514,0.3,100000.0,145647000.0,1.0,63864382.0,57057014.0,57268912.0,6.677,253325000.0,0.0,44033000.0,0.0,4.44,
87,BLK,MRT,1999-09-30,1999-09-30,1999-09-30,2021-08-05,-192000.0,443416000.0,,,,,2.714,-16219000.0,158519000.0,158519000.0,0.0,55185000.0,,1.988,153200000.0,,,153200000.0,0.0,17159000.0,0.0,,0.0,110834000.0,127993000.0,0.312,127993000.0,110834000.0,98039000.0,1.01,1.0,1.01,148407000.0,,148407000.0,,,,106086000.0,1.94,1.0,409858000.0,1.0,196671000.0,12795000.0,241426000.0,,0.0,2494000.0,,,295009000.0,,,,132813000.0,0.0,200000.0,23472000.0,0.0,25405000.0,-14897000.0,1322000.0,122305000.0,0.0,55185000.0,55185000.0,55185000.0,0.0,0.0,0.135,337119000.0,72739000.0,27865000.0,0.0,,,,18684000.0,0.0,,,,60948000.0,95494000.0,409858000.0,409858000.0,0.0,,,,0.27,1737000.0,138553000.0,1.0,63982635.0,54675353.0,54850506.0,7.496,246745000.0,0.0,42854000.0,0.0,4.513,
88,BLK,MRT,1999-06-30,1999-06-30,1999-06-30,2021-08-05,-99000.0,403252000.0,,,,,2.41,-15228000.0,76262000.0,76262000.0,0.0,47752000.0,,2.053,153200000.0,,,153200000.0,0.0,16091000.0,0.0,,0.0,99251000.0,115342000.0,0.297,115342000.0,99251000.0,86364000.0,0.87,0.86,0.87,132078000.0,,132078000.0,,,,49015000.0,0.894,1.0,388322000.0,1.0,199084000.0,12887000.0,281106000.0,,0.0,2306000.0,,,271174000.0,,,,40104000.0,0.0,0.0,-12361000.0,0.0,-10368000.0,-13771000.0,1457000.0,64243000.0,0.0,47752000.0,47752000.0,47752000.0,0.0,0.0,0.123,306949000.0,81373000.0,19079000.0,0.0,,,,16737000.0,0.0,,,,103439000.0,79272000.0,388322000.0,388322000.0,0.0,,,,0.256,1737000.0,129754000.0,1.0,63982635.0,54807482.0,54982635.0,7.085,204168000.0,0.0,38612000.0,0.0,3.725,
89,BLK,MRT,1999-03-31,1999-03-31,1999-03-31,2021-08-05,,,,,,,,,,,,,,,,,,,,,,,0.0,,,,,,,,,,,,,,,,,,1.0,,,,,,,,,,,,,,,,,,,,,,,,,,,,,,,,,,,,,,,,,,,,,,,,,,,,,,1.0,,54807482.0,,,,,,,,
90,BLK,MRT,1998-12-31,1998-12-31,1998-12-31,2021-08-05,0.0,440784000.0,388145500.0,,,0.875,1.985,-8414000.0,113450000.0,113450000.0,0.0,35615000.0,,3.151,197000000.0,,,197000000.0,0.0,12852000.0,0.0,,0.0,81357000.0,94209000.0,0.278,94209000.0,81357000.0,68010000.0,0.67,0.66,0.67,106191000.0,75577000.0,106191000.0,,,,45321000.0,0.847,1.0,339482000.0,1.0,203910000.0,13347000.0,320424000.0,299257500.0,0.0,2515000.0,,,334593000.0,,,,44365000.0,0.0,34014000.0,-28232000.0,0.0,-4356000.0,-5014000.0,3400000.0,53735000.0,0.0,35615000.0,35615000.0,35615000.0,0.0,0.0,0.105,260120000.0,79362000.0,16478000.0,0.0,,,,12252000.0,0.0,,,,106656000.0,53286000.0,339482000.0,339482000.0,0.0,0.092,0.471,0.272,0.24,1737000.0,114407000.0,1.0,,53507051.0,53682204.0,6.345,236874000.0,0.0,32395000.0,0.0,4.427,
91,BLK,MRT,1998-09-30,1998-09-30,1998-09-30,2021-08-05,,,,,,,,,,,,,,,,,,,,,,,0.0,,,,,,,,,,,,,,,,,,1.0,,,,,,,,,,,,,,,,,,,,,,,,,,,,,,,,,,,,,,,,,,,,,,,,,,,,,,1.0,,54807482.0,,,,,,,,
92,BLK,MRT,1997-12-31,1997-12-31,1997-12-31,2021-08-05,0.0,335507000.0,,,,,0.997,-2165000.0,69085000.0,69085000.0,0.0,22086000.0,,6.462,225232000.0,,,225232000.0,0.0,12151000.0,0.0,,0.0,58990000.0,71141000.0,0.346,71141000.0,58990000.0,38741000.0,0.49,0.49,0.49,44963000.0,,44963000.0,,,,45030000.0,0.998,1.0,205473000.0,1.0,213563000.0,20249000.0,278091000.0,,0.0,5915000.0,,,290544000.0,,,,3818000.0,0.0,0.0,-30627000.0,0.0,-40422000.0,-2955000.0,-790000.0,47195000.0,0.0,22086000.0,22086000.0,22086000.0,0.0,0.0,0.107,149600000.0,55873000.0,7926000.0,0.0,,,,7037000.0,0.0,,,,37714000.0,29872000.0,205473000.0,205473000.0,0.0,,,,0.287,0.0,77117000.0,1.0,,45100000.0,45100000.0,4.556,121944000.0,0.0,16655000.0,0.0,2.704,
93,BLK,MRT,1996-12-31,1996-12-31,1996-12-31,2021-08-05,,,,,,,,-4155000.0,,,0.0,8963000.0,,,,,,,,11700000.0,,,0.0,35536000.0,47236000.0,0.322,47236000.0,35536000.0,17438000.0,,,,,,,,,,13768000.0,,1.0,146478000.0,1.0,,18098000.0,,,,,,,,,,,35038000.0,0.0,0.0,19876000.0,0.0,20796000.0,-3681000.0,474000.0,17923000.0,0.0,8963000.0,8963000.0,8963000.0,0.0,0.0,0.061,91331000.0,55147000.0,,,,,,,0.0,,,,,,146478000.0,146478000.0,0.0,,,,0.243,0.0,61262000.0,1.0,,,,,,,8475000.0,,,
