None,ticker,dimension,calendardate,datekey,reportperiod,lastupdated,accoci,assets,assetsavg,assetsc,assetsnc,assetturnover,bvps,capex,cashneq,cashnequsd,cor,consolinc,currentratio,de,debt,debtc,debtnc,debtusd,deferredrev,depamor,deposits,divyield,dps,ebit,ebitda,ebitdamargin,ebitdausd,ebitusd,ebt,eps,epsdil,epsusd,equity,equityavg,equityusd,ev,evebit,evebitda,fcf,fcfps,fxusd,gp,grossmargin,intangibles,intexp,invcap,invcapavg,inventory,investments,investmentsc,investmentsnc,liabilities,liabilitiesc,liabilitiesnc,marketcap,ncf,ncfbus,ncfcommon,ncfdebt,ncfdiv,ncff,ncfi,ncfinv,ncfo,ncfx,netinc,netinccmn,netinccmnusd,netincdis,netincnci,netmargin,opex,opinc,payables,payoutratio,pb,pe,pe1,ppnenet,prefdivis,price,ps,ps1,receivables,retearn,revenue,revenueusd,rnd,roa,roe,roic,ros,sbcomp,sgna,sharefactor,sharesbas,shareswa,shareswadil,sps,tangibles,taxassets,taxexp,taxliabilities,tbvps,workingcapital
0,HES,MRY,2020-12-31,2020-12-31,2020-12-31,2021-09-07,-755000000.0,18821000000.0,19513250000.0,3081000000.0,15740000000.0,0.246,17.605,-2197000000.0,1739000000.0,1739000000.0,2278000000.0,-2839000000.0,1.898,2.327,9075000000.0,91000000.0,8984000000.0,9075000000.0,0.0,2074000000.0,0.0,0.019,1.0,-2636000000.0,-562000000.0,-0.117,-562000000.0,-2636000000.0,-3104000000.0,-10.15,-10.15,-10.15,5366000000.0,6219250000.0,5366000000.0,23870617213.0,-9.0,-42.474,-864000000.0,-2.835,1.0,2526000000.0,0.526,360000000.0,468000000.0,24174000000.0,24787250000.0,378000000.0,0.0,0.0,0.0,12486000000.0,1623000000.0,10863000000.0,16210617213.0,194000000.0,493000000.0,0.0,1145000000.0,-309000000.0,568000000.0,-1707000000.0,0.0,1333000000.0,0.0,-3093000000.0,-3093000000.0,-3093000000.0,0.0,254000000.0,-0.644,4908000000.0,-2382000000.0,200000000.0,-0.099,3.021,-5.241,-5.201,14709000000.0,0.0,52.79,3.374,3.349,860000000.0,130000000.0,4804000000.0,4804000000.0,351000000.0,-0.159,-0.497,-0.106,-0.549,79000000.0,357000000.0,1.0,307077424.0,304800000.0,304800000.0,15.761,18461000000.0,59000000.0,-11000000.0,423000000.0,60.568,1458000000.0
1,HES,MRY,2019-12-31,2019-12-31,2019-12-31,2021-09-07,-699000000.0,21782000000.0,21706000000.0,3156000000.0,18626000000.0,0.3,28.991,-2829000000.0,1545000000.0,1545000000.0,3157000000.0,-240000000.0,1.257,1.383,7932000000.0,199000000.0,7733000000.0,7932000000.0,0.0,2122000000.0,0.0,0.015,1.0,433000000.0,2555000000.0,0.392,2555000000.0,433000000.0,53000000.0,-1.37,-1.37,-1.37,8732000000.0,9069000000.0,8732000000.0,25908423560.0,60.0,10.14,-1187000000.0,-3.941,1.0,3353000000.0,0.515,360000000.0,380000000.0,25299000000.0,24625500000.0,261000000.0,0.0,0.0,0.0,12076000000.0,2510000000.0,9566000000.0,20357423560.0,-1149000000.0,22000000.0,-25000000.0,735000000.0,-316000000.0,52000000.0,-2843000000.0,-33000000.0,1642000000.0,0.0,-408000000.0,-412000000.0,-412000000.0,0.0,168000000.0,-0.063,2752000000.0,601000000.0,411000000.0,-0.73,2.331,-49.411,-48.766,17560000000.0,4000000.0,66.81,3.127,3.091,1170000000.0,3535000000.0,6510000000.0,6510000000.0,233000000.0,-0.019,-0.045,0.018,0.067,85000000.0,397000000.0,1.0,304706235.0,301200000.0,301200000.0,21.614,21422000000.0,80000000.0,461000000.0,512000000.0,71.122,646000000.0
2,HES,MRY,2018-12-31,2018-12-31,2018-12-31,2021-09-07,-306000000.0,21433000000.0,21609000000.0,4459000000.0,16974000000.0,0.299,32.29,-2097000000.0,2694000000.0,2694000000.0,3076000000.0,-115000000.0,2.024,1.095,6672000000.0,67000000.0,6605000000.0,6672000000.0,0.0,1883000000.0,0.0,0.025,1.0,452000000.0,2335000000.0,0.361,2335000000.0,452000000.0,53000000.0,-1.1,-1.1,-1.1,9629000000.0,9964000000.0,9629000000.0,15688252008.0,35.0,6.719,-158000000.0,-0.53,1.0,3390000000.0,0.524,360000000.0,399000000.0,22848000000.0,22756750000.0,245000000.0,0.0,0.0,0.0,10545000000.0,2203000000.0,8342000000.0,11998252008.0,-2153000000.0,607000000.0,-1365000000.0,-633000000.0,-345000000.0,-2526000000.0,-1566000000.0,-67000000.0,1939000000.0,0.0,-282000000.0,-328000000.0,-328000000.0,0.0,167000000.0,-0.051,2718000000.0,672000000.0,495000000.0,-0.909,1.246,-36.58,-36.818,16083000000.0,46000000.0,40.5,1.856,1.868,1001000000.0,4257000000.0,6466000000.0,6466000000.0,362000000.0,-0.015,-0.033,0.02,0.07,72000000.0,473000000.0,1.0,296253136.0,298200000.0,298200000.0,21.683,21073000000.0,21000000.0,335000000.0,502000000.0,70.667,2256000000.0
3,HES,MRY,2017-12-31,2017-12-31,2017-12-31,2021-09-07,-686000000.0,23112000000.0,26402500000.0,6157000000.0,16955000000.0,0.204,35.183,-1937000000.0,4847000000.0,4847000000.0,2829000000.0,-3941000000.0,2.529,0.973,6977000000.0,580000000.0,6397000000.0,6977000000.0,0.0,2883000000.0,0.0,0.021,1.0,-5586000000.0,-2703000000.0,-0.501,-2703000000.0,-5586000000.0,-5911000000.0,-13.12,-13.12,-13.12,11051000000.0,13027750000.0,11051000000.0,19271783519.0,-3.0,-7.13,-992000000.0,-3.158,1.0,2562000000.0,0.475,360000000.0,325000000.0,22447000000.0,27482500000.0,232000000.0,0.0,0.0,0.0,10758000000.0,2435000000.0,8323000000.0,15083783519.0,2115000000.0,3296000000.0,-110000000.0,188000000.0,-363000000.0,-188000000.0,1358000000.0,0.0,945000000.0,0.0,-4074000000.0,-4120000000.0,-4120000000.0,0.0,133000000.0,-0.764,8015000000.0,-5453000000.0,435000000.0,-0.076,1.365,-3.661,-3.618,16192000000.0,46000000.0,47.47,2.798,2.766,1024000000.0,5597000000.0,5391000000.0,5391000000.0,507000000.0,-0.156,-0.316,-0.203,-1.036,86000000.0,422000000.0,1.0,317754024.0,314100000.0,314100000.0,17.163,22752000000.0,21000000.0,-1837000000.0,512000000.0,72.436,3722000000.0
4,HES,MRY,2016-12-31,2016-12-31,2016-12-31,2021-09-07,-1704000000.0,28621000000.0,33030500000.0,4276000000.0,24345000000.0,0.147,46.899,-2251000000.0,2732000000.0,2732000000.0,3040000000.0,-6076000000.0,1.9,0.897,6806000000.0,112000000.0,6694000000.0,6806000000.0,0.0,3244000000.0,0.0,0.016,1.0,-3572000000.0,-328000000.0,-0.068,-328000000.0,-3572000000.0,-3910000000.0,-19.92,-19.92,-19.92,14534000000.0,18772250000.0,14534000000.0,23530325703.0,-7.0,-71.739,-1456000000.0,-4.698,1.0,1799000000.0,0.372,375000000.0,338000000.0,30069000000.0,33949000000.0,323000000.0,0.0,0.0,0.0,13030000000.0,2251000000.0,10779000000.0,19722325703.0,16000000.0,140000000.0,1087000000.0,84000000.0,-350000000.0,1311000000.0,-2090000000.0,0.0,795000000.0,0.0,-6132000000.0,-6173000000.0,-6173000000.0,0.0,56000000.0,-1.276,5167000000.0,-3368000000.0,433000000.0,-0.05,1.357,-3.195,-3.127,23595000000.0,41000000.0,62.29,4.076,3.989,940000000.0,10147000000.0,4839000000.0,4839000000.0,1442000000.0,-0.187,-0.329,-0.105,-0.738,73000000.0,414000000.0,1.0,316621058.0,309900000.0,309900000.0,15.615,28246000000.0,59000000.0,2222000000.0,1241000000.0,91.146,2025000000.0
5,HES,MRY,2015-12-31,2015-12-31,2015-12-31,2021-09-07,-1664000000.0,34157000000.0,35568000000.0,4404000000.0,29753000000.0,0.184,68.357,-4321000000.0,2716000000.0,2716000000.0,3469000000.0,-3007000000.0,1.676,0.71,6592000000.0,86000000.0,6506000000.0,6592000000.0,0.0,3955000000.0,0.0,0.021,1.0,-4014000000.0,-59000000.0,-0.009,-59000000.0,-4014000000.0,-4355000000.0,-10.78,-10.78,-10.78,19386000000.0,20871750000.0,19386000000.0,17408991917.0,-4.0,-295.068,-2340000000.0,-8.251,1.0,3092000000.0,0.471,375000000.0,341000000.0,35030000000.0,35449000000.0,399000000.0,0.0,0.0,0.0,13756000000.0,2628000000.0,11128000000.0,13869991917.0,272000000.0,0.0,-142000000.0,643000000.0,-287000000.0,2497000000.0,-4206000000.0,0.0,1981000000.0,0.0,-3056000000.0,-3056000000.0,-3056000000.0,48000000.0,49000000.0,-0.466,7009000000.0,-3917000000.0,457000000.0,-0.093,0.715,-4.539,-4.497,26352000000.0,0.0,48.48,2.114,2.096,847000000.0,16637000000.0,6561000000.0,6561000000.0,881000000.0,-0.086,-0.146,-0.113,-0.612,97000000.0,557000000.0,1.0,286097193.0,283600000.0,283600000.0,23.135,33782000000.0,2653000000.0,-1299000000.0,1422000000.0,119.118,1776000000.0
6,HES,MRY,2014-12-31,2014-12-31,2014-12-31,2021-09-07,-1410000000.0,38407000000.0,40469250000.0,6313000000.0,32094000000.0,0.283,72.164,-5214000000.0,2444000000.0,2444000000.0,4028000000.0,2374000000.0,1.301,0.724,5987000000.0,68000000.0,5919000000.0,5987000000.0,0.0,3224000000.0,0.0,0.014,1.0,3384000000.0,6608000000.0,0.578,6608000000.0,3384000000.0,3061000000.0,7.63,7.53,7.63,22205000000.0,23713750000.0,22205000000.0,23945859542.0,7.0,3.624,-757000000.0,-2.46,1.0,7411000000.0,0.648,1858000000.0,323000000.0,35241000000.0,36698500000.0,527000000.0,0.0,0.0,0.0,16087000000.0,4851000000.0,11236000000.0,22069859542.0,630000000.0,0.0,-3715000000.0,8000000.0,-303000000.0,-3835000000.0,8000000.0,0.0,4457000000.0,0.0,2317000000.0,2317000000.0,2317000000.0,-682000000.0,57000000.0,0.203,4652000000.0,2759000000.0,708000000.0,0.131,0.994,9.525,9.675,27517000000.0,0.0,73.82,1.929,1.986,1642000000.0,20052000000.0,11439000000.0,11439000000.0,840000000.0,0.057,0.098,0.092,0.296,87000000.0,588000000.0,1.0,298968566.0,307700000.0,307700000.0,37.176,36549000000.0,2371000000.0,744000000.0,2132000000.0,118.781,1462000000.0
7,HES,MRY,2013-12-31,2013-12-31,2013-12-31,2021-09-07,-338000000.0,42754000000.0,42114250000.0,8599000000.0,34155000000.0,0.333,72.514,-5937000000.0,1814000000.0,1814000000.0,4341000000.0,5222000000.0,1.311,0.727,5798000000.0,378000000.0,5420000000.0,5798000000.0,0.0,2687000000.0,0.0,0.008,0.7,6023000000.0,8710000000.0,0.621,8710000000.0,6023000000.0,5617000000.0,15.01,14.82,15.01,24720000000.0,23701000000.0,24720000000.0,33906738612.0,6.0,3.893,-839000000.0,-2.461,1.0,9687000000.0,0.691,1869000000.0,406000000.0,38311000000.0,38435000000.0,954000000.0,0.0,0.0,0.0,17970000000.0,6558000000.0,11412000000.0,28018738612.0,1172000000.0,0.0,-1493000000.0,-2484000000.0,-235000000.0,-4276000000.0,350000000.0,0.0,5098000000.0,0.0,5052000000.0,5052000000.0,5052000000.0,-1186000000.0,170000000.0,0.36,4680000000.0,5007000000.0,2109000000.0,0.047,1.133,5.546,5.53,28771000000.0,0.0,83.0,1.997,2.017,3093000000.0,21235000000.0,14028000000.0,14028000000.0,1031000000.0,0.12,0.213,0.157,0.429,60000000.0,673000000.0,1.0,337575164.0,340900000.0,340900000.0,41.15,40885000000.0,2319000000.0,565000000.0,2812000000.0,119.933,2041000000.0
8,HES,MRY,2012-12-31,2012-12-31,2012-12-31,2021-09-07,-493000000.0,43441000000.0,41728500000.0,8387000000.0,35054000000.0,0.31,61.975,-7682000000.0,642000000.0,642000000.0,4085000000.0,2063000000.0,1.001,1.054,8111000000.0,787000000.0,7324000000.0,8111000000.0,0.0,2866000000.0,0.0,0.008,0.4,3973000000.0,6839000000.0,0.529,6839000000.0,3973000000.0,3554000000.0,5.98,5.95,5.98,21090000000.0,20145500000.0,21090000000.0,25401331715.0,6.0,3.714,-2022000000.0,-5.942,1.0,8850000000.0,0.684,2208000000.0,419000000.0,40320000000.0,38808500000.0,1259000000.0,443000000.0,0.0,443000000.0,22238000000.0,8382000000.0,13856000000.0,18088331715.0,291000000.0,0.0,0.0,1845000000.0,-171000000.0,1682000000.0,-7051000000.0,0.0,5660000000.0,0.0,2025000000.0,2025000000.0,2025000000.0,-255000000.0,38000000.0,0.157,5094000000.0,3756000000.0,2809000000.0,0.067,0.858,8.933,8.856,28807000000.0,0.0,52.96,1.398,1.393,4057000000.0,17717000000.0,12935000000.0,12935000000.0,1070000000.0,0.049,0.101,0.102,0.307,83000000.0,576000000.0,1.0,341547049.0,340300000.0,340300000.0,38.011,41233000000.0,3126000000.0,1529000000.0,3622000000.0,121.167,5000000.0
9,HES,MRY,2011-12-31,2011-12-31,2011-12-31,2021-09-07,-1067000000.0,39136000000.0,37525750000.0,8339000000.0,30797000000.0,0.556,54.475,-6941000000.0,351000000.0,351000000.0,13694000000.0,1676000000.0,1.03,1.11,6057000000.0,52000000.0,6005000000.0,6057000000.0,0.0,2373000000.0,0.0,0.007,0.4,2795000000.0,5168000000.0,0.248,5168000000.0,2795000000.0,2412000000.0,5.05,5.01,5.05,18516000000.0,18518500000.0,18516000000.0,24071308640.0,9.0,4.658,-1957000000.0,-5.758,1.0,7162000000.0,0.343,2305000000.0,383000000.0,34437000000.0,32295500000.0,1423000000.0,384000000.0,0.0,384000000.0,20544000000.0,8100000000.0,12444000000.0,19306308640.0,-1257000000.0,0.0,0.0,422000000.0,-136000000.0,325000000.0,-6566000000.0,0.0,4984000000.0,0.0,1703000000.0,1703000000.0,1703000000.0,-145000000.0,-27000000.0,0.082,4539000000.0,2623000000.0,3712000000.0,0.079,1.043,11.337,11.248,24712000000.0,0.0,56.8,0.926,0.926,4761000000.0,15826000000.0,20856000000.0,20856000000.0,1195000000.0,0.045,0.092,0.087,0.134,86000000.0,613000000.0,1.0,339899800.0,339900000.0,339900000.0,61.359,36831000000.0,2941000000.0,709000000.0,3655000000.0,108.358,239000000.0
10,HES,MRY,2010-12-31,2010-12-31,2010-12-31,2021-09-07,-1159000000.0,35396000000.0,32082500000.0,8780000000.0,26616000000.0,1.079,50.835,-5492000000.0,1608000000.0,1608000000.0,26352000000.0,2138000000.0,1.153,1.114,5583000000.0,46000000.0,5537000000.0,5583000000.0,0.0,2317000000.0,0.0,0.005,0.4,3659000000.0,5976000000.0,0.173,5976000000.0,3659000000.0,3298000000.0,6.52,6.47,6.52,16689000000.0,15159750000.0,16689000000.0,28374180893.0,8.0,4.748,-962000000.0,-2.93,1.0,8261000000.0,0.239,2408000000.0,361000000.0,29350000000.0,26725000000.0,1452000000.0,443000000.0,0.0,443000000.0,18587000000.0,7613000000.0,10974000000.0,25143180893.0,246000000.0,0.0,0.0,1098000000.0,-131000000.0,975000000.0,-5259000000.0,0.0,4530000000.0,0.0,2125000000.0,2125000000.0,2125000000.0,0.0,13000000.0,0.061,4589000000.0,3672000000.0,4274000000.0,0.061,1.507,11.832,11.739,21127000000.0,0.0,76.54,0.726,0.726,4478000000.0,14254000000.0,34613000000.0,34613000000.0,865000000.0,0.066,0.14,0.137,0.106,112000000.0,662000000.0,1.0,328497268.0,328300000.0,328300000.0,105.431,32988000000.0,2167000000.0,1173000000.0,3721000000.0,100.481,1167000000.0
11,HES,MRY,2009-12-31,2009-12-31,2009-12-31,2021-09-07,-1675000000.0,29465000000.0,28812750000.0,7987000000.0,21478000000.0,1.026,41.055,-2918000000.0,1362000000.0,1362000000.0,23774000000.0,807000000.0,1.166,1.191,4467000000.0,148000000.0,4319000000.0,4467000000.0,0.0,2200000000.0,0.0,0.007,0.4,1815000000.0,4015000000.0,0.136,4015000000.0,1815000000.0,1455000000.0,2.28,2.27,2.28,13384000000.0,12634250000.0,13384000000.0,23209821999.0,13.0,5.781,128000000.0,0.393,1.0,5795000000.0,0.196,1225000000.0,360000000.0,24495000000.0,23731000000.0,1438000000.0,913000000.0,0.0,913000000.0,15937000000.0,6850000000.0,9087000000.0,19787821999.0,454000000.0,0.0,0.0,447000000.0,-131000000.0,332000000.0,-2924000000.0,0.0,3046000000.0,0.0,740000000.0,740000000.0,740000000.0,0.0,67000000.0,0.025,3913000000.0,1882000000.0,4223000000.0,0.175,1.478,26.74,26.535,16627000000.0,0.0,60.5,0.669,0.667,3650000000.0,12251000000.0,29569000000.0,29569000000.0,829000000.0,0.026,0.059,0.076,0.061,128000000.0,647000000.0,1.0,327071438.0,326000000.0,326000000.0,90.702,28240000000.0,2409000000.0,715000000.0,2747000000.0,86.626,1137000000.0
12,HES,MRY,2008-12-31,2008-12-31,2008-12-31,2021-09-07,-2008000000.0,28589000000.0,28979750000.0,7332000000.0,21257000000.0,1.417,37.775,-4438000000.0,908000000.0,908000000.0,32464000000.0,2357000000.0,0.949,1.316,3955000000.0,143000000.0,3812000000.0,3955000000.0,0.0,1999000000.0,0.0,0.007,0.4,4967000000.0,6966000000.0,0.17,6966000000.0,4967000000.0,4700000000.0,7.35,7.24,7.35,12307000000.0,11598750000.0,12307000000.0,20042302968.0,4.0,2.877,250000000.0,0.767,1.0,8599000000.0,0.209,1225000000.0,267000000.0,22681000000.0,21617250000.0,1308000000.0,1127000000.0,0.0,1127000000.0,16198000000.0,7730000000.0,8468000000.0,17490302968.0,301000000.0,0.0,0.0,-32000000.0,-130000000.0,57000000.0,-4444000000.0,0.0,4688000000.0,0.0,2360000000.0,2360000000.0,2360000000.0,0.0,-3000000.0,0.057,3635000000.0,4964000000.0,5045000000.0,0.054,1.421,7.411,7.298,16271000000.0,0.0,53.64,0.426,0.426,4059000000.0,11642000000.0,41063000000.0,41063000000.0,725000000.0,0.081,0.203,0.23,0.121,119000000.0,672000000.0,1.0,326068288.0,325800000.0,325800000.0,126.037,27364000000.0,2292000000.0,2340000000.0,2878000000.0,83.99,-398000000.0
13,HES,MRY,2007-12-31,2007-12-31,2007-12-31,2021-09-07,-1841000000.0,26131000000.0,24007750000.0,6926000000.0,19205000000.0,1.333,30.611,-3578000000.0,607000000.0,607000000.0,25057000000.0,1953000000.0,0.863,1.674,3980000000.0,62000000.0,3918000000.0,3980000000.0,0.0,1576000000.0,0.0,0.004,0.4,3960000000.0,5536000000.0,0.173,5536000000.0,3960000000.0,3704000000.0,5.86,5.74,5.86,9774000000.0,9245750000.0,9774000000.0,35639657205.0,9.0,6.438,49000000.0,0.153,1.0,6947000000.0,0.217,1225000000.0,256000000.0,20255000000.0,19624000000.0,1250000000.0,1117000000.0,0.0,1117000000.0,16357000000.0,8024000000.0,8333000000.0,32219657205.0,224000000.0,0.0,0.0,208000000.0,-127000000.0,71000000.0,-3474000000.0,61000000.0,3627000000.0,0.0,1832000000.0,1832000000.0,1832000000.0,0.0,121000000.0,0.057,2866000000.0,4081000000.0,5741000000.0,0.068,3.296,17.587,17.212,14634000000.0,0.0,100.86,1.007,1.006,4527000000.0,9412000000.0,32004000000.0,32004000000.0,515000000.0,0.076,0.198,0.202,0.124,87000000.0,614000000.0,1.0,319449308.0,319300000.0,319300000.0,100.232,24906000000.0,1873000000.0,1872000000.0,2945000000.0,78.002,-1098000000.0
14,HES,MRY,2006-12-31,2006-12-31,2006-12-31,2021-09-07,-1564000000.0,22442000000.0,21299500000.0,5848000000.0,16594000000.0,1.348,25.806,-3844000000.0,383000000.0,383000000.0,22102000000.0,1920000000.0,0.868,1.755,3772000000.0,27000000.0,3745000000.0,3772000000.0,0.0,1224000000.0,0.0,0.008,0.4,4247000000.0,5471000000.0,0.191,5471000000.0,4247000000.0,4046000000.0,6.75,6.08,6.75,8147000000.0,7448500000.0,8147000000.0,17165997847.0,4.0,3.138,-353000000.0,-1.118,1.0,6616000000.0,0.23,1253000000.0,201000000.0,17839000000.0,16818250000.0,1005000000.0,1243000000.0,0.0,1243000000.0,14295000000.0,6739000000.0,7556000000.0,13936997847.0,68000000.0,0.0,0.0,-13000000.0,-161000000.0,-134000000.0,-3289000000.0,76000000.0,3491000000.0,0.0,1920000000.0,1876000000.0,1876000000.0,0.0,0.0,0.065,2369000000.0,4247000000.0,4803000000.0,0.059,1.711,7.429,7.344,12308000000.0,44000000.0,49.57,0.485,0.545,3659000000.0,7707000000.0,28718000000.0,28718000000.0,552000000.0,0.088,0.252,0.253,0.148,0.0,471000000.0,1.0,281157915.0,315700000.0,315700000.0,90.966,21189000000.0,1430000000.0,2126000000.0,2548000000.0,67.118,-891000000.0
15,HES,MRY,2005-12-31,2005-12-31,2005-12-31,2021-09-07,-1526000000.0,19115000000.0,18086250000.0,5290000000.0,13825000000.0,1.285,20.141,-2341000000.0,315000000.0,315000000.0,18890000000.0,1226000000.0,0.821,2.041,3785000000.0,26000000.0,3759000000.0,3785000000.0,0.0,1025000000.0,0.0,0.009,0.4,2425000000.0,3450000000.0,0.148,3450000000.0,2425000000.0,2201000000.0,4.32,3.93,4.32,6286000000.0,5525750000.0,6286000000.0,14826675746.0,6.0,4.298,-501000000.0,-1.605,1.0,4359000000.0,0.187,977000000.0,224000000.0,15161000000.0,13816750000.0,855000000.0,1389000000.0,0.0,1389000000.0,12829000000.0,6447000000.0,6382000000.0,11798675746.0,-562000000.0,0.0,62000000.0,-50000000.0,-159000000.0,-147000000.0,-2255000000.0,60000000.0,1840000000.0,0.0,1226000000.0,1178000000.0,1178000000.0,0.0,0.0,0.051,1934000000.0,2425000000.0,4995000000.0,0.093,1.877,10.016,9.785,9512000000.0,48000000.0,42.273,0.507,0.567,3517000000.0,5914000000.0,23249000000.0,23249000000.0,397000000.0,0.065,0.213,0.176,0.104,0.0,357000000.0,1.0,279104457.0,312100000.0,312100000.0,74.492,18138000000.0,1544000000.0,975000000.0,1798000000.0,58.116,-1157000000.0
16,HES,MRY,2004-12-31,2004-12-31,2004-12-31,2021-09-07,-1024000000.0,16312000000.0,15177250000.0,4335000000.0,11977000000.0,1.128,18.273,-1521000000.0,877000000.0,877000000.0,13533000000.0,977000000.0,0.923,1.914,3835000000.0,50000000.0,3785000000.0,3835000000.0,0.0,970000000.0,0.0,0.015,0.4,1806000000.0,2776000000.0,0.162,2776000000.0,1806000000.0,1565000000.0,3.46,3.19,3.46,5597000000.0,5478500000.0,5597000000.0,10449339540.0,6.0,3.764,382000000.0,1.247,1.0,3593000000.0,0.21,977000000.0,241000000.0,13596000000.0,13553250000.0,596000000.0,1328000000.0,0.0,1328000000.0,10715000000.0,4697000000.0,6018000000.0,7550339540.0,359000000.0,0.0,90000000.0,-106000000.0,-157000000.0,-173000000.0,-1371000000.0,90000000.0,1903000000.0,0.0,977000000.0,929000000.0,929000000.0,-7000000.0,0.0,0.054,1794000000.0,1799000000.0,3280000000.0,0.116,1.349,8.127,7.936,8505000000.0,48000000.0,27.46,0.441,0.491,2372000000.0,4831000000.0,17126000000.0,17126000000.0,287000000.0,0.061,0.17,0.133,0.105,0.0,342000000.0,1.0,274957740.0,306300000.0,306300000.0,55.913,15335000000.0,834000000.0,588000000.0,1631000000.0,50.065,-362000000.0
17,HES,MRY,2003-12-31,2003-12-31,2003-12-31,2021-09-07,-350000000.0,13983000000.0,13689250000.0,3186000000.0,10797000000.0,1.058,19.712,-1358000000.0,518000000.0,518000000.0,11452000000.0,643000000.0,1.194,1.619,3941000000.0,73000000.0,3868000000.0,3941000000.0,0.0,1053000000.0,0.0,0.023,0.4,1250000000.0,2303000000.0,0.159,2303000000.0,1250000000.0,957000000.0,2.397,2.37,2.397,5340000000.0,4753250000.0,5340000000.0,8929729783.0,7.0,3.877,223000000.0,0.823,1.0,3028000000.0,0.209,977000000.0,293000000.0,13760000000.0,14217000000.0,579000000.0,1262000000.0,0.0,1262000000.0,8643000000.0,2669000000.0,5974000000.0,4778729783.0,321000000.0,0.0,0.0,-1028000000.0,-108000000.0,-483000000.0,-777000000.0,61000000.0,1581000000.0,0.0,643000000.0,638000000.0,638000000.0,-169000000.0,0.0,0.044,1954000000.0,1074000000.0,1542000000.0,0.167,0.895,7.49,7.394,7978000000.0,5000000.0,17.723,0.33,0.332,1717000000.0,4011000000.0,14480000000.0,14480000000.0,369000000.0,0.047,0.134,0.088,0.086,0.0,340000000.0,1.0,269629290.0,270900000.0,270900000.0,53.451,13006000000.0,306000000.0,314000000.0,1343000000.0,48.01,517000000.0
18,HES,MRY,2002-12-31,2002-12-31,2002-12-31,2021-09-07,-254000000.0,13262000000.0,13728250000.0,2756000000.0,10506000000.0,0.855,15.878,-1534000000.0,197000000.0,197000000.0,8665000000.0,-218000000.0,1.08,2.121,4992000000.0,16000000.0,4976000000.0,4992000000.0,0.0,1118000000.0,0.0,0.027,0.5,218000000.0,1336000000.0,0.114,1336000000.0,218000000.0,-38000000.0,-0.827,-0.827,-0.827,4249000000.0,4670750000.0,4249000000.0,9945511196.0,46.0,7.444,431000000.0,1.611,1.0,3067000000.0,0.261,977000000.0,256000000.0,14527000000.0,15496250000.0,492000000.0,1205000000.0,0.0,1205000000.0,9013000000.0,2553000000.0,6460000000.0,4910511196.0,160000000.0,0.0,28000000.0,-630000000.0,-107000000.0,-709000000.0,-1096000000.0,48000000.0,1965000000.0,0.0,-218000000.0,-218000000.0,-218000000.0,0.0,0.0,-0.019,2876000000.0,191000000.0,1401000000.0,-0.605,1.156,-22.525,-22.189,7032000000.0,0.0,18.35,0.419,0.419,1785000000.0,3482000000.0,11732000000.0,11732000000.0,316000000.0,-0.016,-0.047,0.014,0.019,0.0,253000000.0,1.0,267602790.0,267602790.0,,43.841,12285000000.0,512000000.0,180000000.0,1350000000.0,45.908,203000000.0
19,HES,MRY,2001-12-31,2001-12-31,2001-12-31,2021-09-07,108000000.0,15369000000.0,12942500000.0,3946000000.0,11423000000.0,1.025,18.442,-2501000000.0,37000000.0,37000000.0,10044000000.0,914000000.0,1.061,2.132,5665000000.0,382000000.0,5283000000.0,5665000000.0,0.0,833000000.0,0.0,0.014,0.3,1610000000.0,2443000000.0,0.184,2443000000.0,1610000000.0,1416000000.0,3.46,3.417,3.46,4907000000.0,4658500000.0,4907000000.0,10974340937.0,7.0,4.492,-541000000.0,-2.033,1.0,3216000000.0,0.243,982000000.0,194000000.0,16297000000.0,12548750000.0,550000000.0,1284000000.0,0.0,1284000000.0,10462000000.0,3718000000.0,6744000000.0,5543340937.0,-275000000.0,-2720000000.0,-41000000.0,3105000000.0,-94000000.0,2970000000.0,-5205000000.0,48000000.0,1960000000.0,0.0,914000000.0,914000000.0,914000000.0,0.0,0.0,0.069,1704000000.0,1512000000.0,1807000000.0,0.087,1.13,6.065,6.021,8165000000.0,0.0,20.833,0.418,0.418,2841000000.0,3807000000.0,13260000000.0,13260000000.0,347000000.0,0.071,0.196,0.128,0.121,0.0,311000000.0,1.0,266080365.0,266080365.0,,49.835,14387000000.0,245000000.0,502000000.0,1525000000.0,54.07,228000000.0
20,HES,MRY,2000-12-31,2000-12-31,2000-12-31,2021-09-07,-139000000.0,10274000000.0,9064250000.0,4115000000.0,6159000000.0,1.354,14.613,-938000000.0,312000000.0,312000000.0,8982000000.0,1023000000.0,1.163,1.646,2050000000.0,65000000.0,1985000000.0,2050000000.0,0.0,714000000.0,0.0,0.008,0.2,1834000000.0,2548000000.0,0.208,2548000000.0,1834000000.0,1672000000.0,3.827,3.793,3.827,3883000000.0,3521000000.0,3883000000.0,8211253335.0,4.0,3.223,857000000.0,3.225,1.0,3295000000.0,0.268,0.0,162000000.0,8474000000.0,8225750000.0,401000000.0,1274000000.0,0.0,1274000000.0,6391000000.0,3538000000.0,2853000000.0,6471253335.0,271000000.0,-12000000.0,-161000000.0,-407000000.0,-54000000.0,-622000000.0,-902000000.0,48000000.0,1795000000.0,0.0,1023000000.0,1023000000.0,1023000000.0,0.0,0.0,0.083,1461000000.0,1834000000.0,1875000000.0,0.052,1.667,6.326,6.364,4323000000.0,0.0,24.353,0.527,0.527,2949000000.0,3069000000.0,12277000000.0,12277000000.0,289000000.0,0.113,0.291,0.223,0.149,0.0,224000000.0,1.0,265723515.0,265723515.0,,46.202,10274000000.0,343000000.0,649000000.0,950000000.0,38.664,577000000.0
21,HES,MRY,1999-12-31,1999-12-31,1999-12-31,2021-09-07,-122000000.0,7728000000.0,7961762250.0,1828000000.0,5900000000.0,0.937,11.166,-797000000.0,41000000.0,41000000.0,5114000000.0,438000000.0,1.158,1.544,2310000000.0,23000000.0,2287000000.0,2310000000.0,0.0,649000000.0,0.0,0.011,0.2,860000000.0,1509000000.0,0.202,1509000000.0,860000000.0,702000000.0,1.627,1.617,1.627,3038000000.0,2856735250.0,3038000000.0,7522602859.0,9.0,4.985,-51000000.0,-0.187,1.0,2347000000.0,0.315,0.0,158000000.0,8418000000.0,8614177250.0,373000000.0,1249000000.0,0.0,1249000000.0,4690000000.0,1579000000.0,3111000000.0,5146935859.0,-33000000.0,373000000.0,18000000.0,-343000000.0,-54000000.0,-379000000.0,-400000000.0,24000000.0,746000000.0,0.0,438000000.0,438000000.0,438000000.0,0.0,0.0,0.059,1487000000.0,860000000.0,772000000.0,0.123,1.694,11.751,11.627,4052000000.0,0.0,18.917,0.69,0.69,1112000000.0,2287000000.0,7461000000.0,7461000000.0,261000000.0,0.055,0.153,0.1,0.115,0.0,232000000.0,1.0,272084715.0,272084715.0,,27.422,7728000000.0,317000000.0,264000000.0,601000000.0,28.403,249000000.0
22,HES,MRY,1998-12-31,1998-12-31,1998-12-31,2021-09-07,-115423000.0,7882983000.0,7995621750.0,1886706000.0,5996277000.0,0.828,9.751,-1439000000.0,73791000.0,73791000.0,5270000000.0,-459000000.0,1.05,1.982,2652465000.0,176320000.0,2476145000.0,2652465000.0,251328000.0,662000000.0,0.0,0.012,0.2,-361000000.0,301000000.0,0.045,301000000.0,-361000000.0,-514000000.0,-1.707,-1.707,-1.707,2643412000.0,3020139250.0,2643412000.0,7117946074.0,-20.0,23.648,-920000000.0,-3.394,1.0,1351000000.0,0.204,0.0,153000000.0,8664860000.0,8712546500.0,482182000.0,1241081000.0,0.0,1241081000.0,5239571000.0,1796797000.0,3442774000.0,4495644074.0,-17000000.0,503000000.0,-59000000.0,517000000.0,-55000000.0,403000000.0,-936000000.0,0.0,519000000.0,-3000000.0,-459000000.0,-459000000.0,-459000000.0,0.0,0.0,-0.069,1712000000.0,-361000000.0,713831000.0,-0.117,1.701,-9.794,-9.715,4191938000.0,0.0,16.583,0.679,0.679,1013184000.0,1904066000.0,6621000000.0,6621000000.0,349000000.0,-0.057,-0.152,-0.041,-0.055,0.0,271000000.0,1.0,271094115.0,271094115.0,,24.423,7882983000.0,330432000.0,-55000000.0,584529000.0,29.078,89909000.0
23,HES,MRY,1997-12-31,1997-12-31,1997-12-31,2021-09-07,-113388000.0,7934619000.0,7574795750.0,2203632000.0,5730987000.0,1.104,11.692,-1345590000.0,91154000.0,91154000.0,6463924000.0,7500000.0,1.267,1.467,2127288000.0,124255000.0,2003033000.0,2127288000.0,175684000.0,663297000.0,0.0,0.011,0.2,262734000.0,926031000.0,0.111,926031000.0,262734000.0,126585000.0,0.027,0.027,0.027,3215699000.0,3282630250.0,3215699000.0,6933180762.0,26.0,7.487,-95583000.0,-0.348,1.0,1896556000.0,0.227,0.0,136149000.0,8230902000.0,7729199250.0,937949000.0,0.0,0.0,0.0,4718920000.0,1739851000.0,2979069000.0,5031129762.0,-21368000.0,63017000.0,-122283000.0,191373000.0,-55373000.0,13717000.0,-1282573000.0,0.0,1250007000.0,-2519000.0,7500000.0,7500000.0,7500000.0,0.0,0.0,0.001,1633822000.0,262734000.0,752576000.0,7.407,1.565,670.817,677.531,5190794000.0,0.0,18.293,0.602,0.602,951796000.0,2463005000.0,8360480000.0,8360480000.0,421863000.0,0.001,0.002,0.034,0.031,0.0,236269000.0,1.0,275025315.0,275025315.0,,30.399,7934619000.0,395126000.0,119085000.0,758063000.0,28.851,463781000.0
24,HES,MRY,1996-12-31,1996-12-31,1996-12-31,2021-09-07,0.0,7784481000.0,7770425500.0,2426844000.0,5357637000.0,1.149,12.138,-860625000.0,112522000.0,112522000.0,6074695000.0,660099000.0,1.397,1.301,0.0,207685000.0,1711816000.0,0.0,0.0,730382000.0,0.0,0.01,0.2,1179445000.0,1909827000.0,0.214,1909827000.0,1179445000.0,1013944000.0,2.377,2.363,2.377,3383631000.0,,3383631000.0,,,,-52904000.0,-0.19,1.0,2855016000.0,0.32,0.0,165501000.0,5934979000.0,6817639000.0,1272312000.0,218573000.0,0.0,218573000.0,4400850000.0,1736980000.0,2663870000.0,5378227253.0,56451000.0,1037073000.0,-8236000.0,-866573000.0,-55746000.0,-930555000.0,176448000.0,0.0,807721000.0,2837000.0,660099000.0,660099000.0,660099000.0,0.0,0.0,0.074,1675571000.0,1179445000.0,0.0,0.084,1.589,8.148,8.117,4907283000.0,0.0,19.293,0.602,0.602,812175000.0,2613920000.0,8929711000.0,8929711000.0,342860000.0,0.085,,0.173,0.132,0.0,602329000.0,1.0,278760915.0,278760915.0,,32.034,7784481000.0,231781000.0,353845000.0,0.0,27.925,689864000.0
25,HES,MRY,1995-12-31,1995-12-31,1995-12-31,2021-09-07,0.0,7756370000.0,,1962544000.0,5793826000.0,,,-692111000.0,56071000.0,56071000.0,5226157000.0,-394413000.0,,,0.0,,,0.0,0.0,851406000.0,0.0,0.011,0.2,-105184000.0,746222000.0,0.099,746222000.0,-105184000.0,-352649000.0,-1.42,-1.42,-1.42,,,,,,,548896000.0,,1.0,2298632000.0,0.305,0.0,247465000.0,7700299000.0,,838770000.0,185522000.0,0.0,185522000.0,,,,,2936000.0,145792000.0,0.0,-638108000.0,-55788000.0,-693896000.0,-546319000.0,0.0,1241007000.0,2144000.0,-394413000.0,-394413000.0,-394413000.0,0.0,0.0,-0.052,2403816000.0,-105184000.0,0.0,-0.141,,,-12.441,5369716000.0,0.0,17.667,,,760947000.0,,7524789000.0,7524789000.0,350378000.0,,,,-0.014,0.0,617871000.0,1.0,,,,,7756370000.0,238588000.0,41764000.0,0.0,,
26,HES,MRY,1994-12-31,1994-12-31,1994-12-31,2021-09-07,,,,,,,,-596284000.0,,,4449819000.0,73714000.0,,,,,,,,927933000.0,,0.013,0.2,480961000.0,1408894000.0,0.21,1408894000.0,480961000.0,235812000.0,0.263,,0.263,,,,,,,360734000.0,,1.0,2248974000.0,0.336,,245149000.0,,,,,,,,,,,-26500000.0,72804000.0,0.0,-406422000.0,-55711000.0,-462133000.0,-523480000.0,0.0,957018000.0,2095000.0,73714000.0,73714000.0,73714000.0,0.0,0.0,0.011,1768013000.0,480961000.0,,0.76,,,57.833,,0.0,15.21,,,,,6698793000.0,6698793000.0,249433000.0,,,,0.072,0.0,590647000.0,1.0,,,,,,,162098000.0,,,
0,HES,MRQ,2021-06-30,2021-06-30,2021-06-30,2021-09-07,-836000000.0,19166000000.0,,3969000000.0,15197000000.0,,17.847,-355000000.0,2430000000.0,2430000000.0,681000000.0,13000000.0,1.571,2.302,8944000000.0,601000000.0,8343000000.0,8944000000.0,0.0,385000000.0,0.0,0.011,0.25,167000000.0,552000000.0,0.345,552000000.0,167000000.0,49000000.0,-0.24,-0.24,-0.24,5488000000.0,,5488000000.0,34087699630.0,54.0,14.103,430000000.0,1.398,1.0,917000000.0,0.574,360000000.0,118000000.0,22793000000.0,,241000000.0,0.0,0.0,0.0,12634000000.0,2527000000.0,10107000000.0,26932699630.0,564000000.0,297000000.0,75000000.0,-69000000.0,-77000000.0,-161000000.0,-60000000.0,0.0,785000000.0,0.0,-73000000.0,-73000000.0,-73000000.0,0.0,86000000.0,-0.046,664000000.0,253000000.0,178000000.0,-1.042,4.908,-167.284,-161.704,14185000000.0,0.0,87.32,4.408,4.395,1002000000.0,155000000.0,1598000000.0,1598000000.0,48000000.0,,,,,19000000.0,84000000.0,1.0,308436780.0,307500000.0,307500000.0,5.197,18806000000.0,21000000.0,122000000.0,586000000.0,61.158,1442000000.0
1,HES,MRQ,2021-03-31,2021-03-31,2021-03-31,2021-09-07,-776000000.0,18951000000.0,,3522000000.0,15429000000.0,,18.365,-385000000.0,1866000000.0,1866000000.0,820000000.0,336000000.0,2.084,2.192,9021000000.0,96000000.0,8925000000.0,9021000000.0,0.0,396000000.0,0.0,0.014,0.25,492000000.0,888000000.0,0.463,888000000.0,492000000.0,375000000.0,0.82,0.82,0.82,5616000000.0,,5616000000.0,29058368490.0,114.0,13.428,206000000.0,0.674,1.0,1099000000.0,0.573,360000000.0,117000000.0,24056000000.0,,219000000.0,0.0,0.0,0.0,12308000000.0,1690000000.0,10618000000.0,21722368490.0,127000000.0,0.0,0.0,-15000000.0,-80000000.0,-79000000.0,-385000000.0,0.0,591000000.0,0.0,252000000.0,252000000.0,252000000.0,0.0,84000000.0,0.131,523000000.0,576000000.0,172000000.0,0.305,3.868,-53.241,-52.415,14410000000.0,0.0,70.76,4.057,4.042,1011000000.0,305000000.0,1919000000.0,1919000000.0,33000000.0,,,,,25000000.0,94000000.0,1.0,306986553.0,305800000.0,307800000.0,6.275,18591000000.0,41000000.0,123000000.0,492000000.0,60.795,1832000000.0
2,HES,MRQ,2020-12-31,2020-12-31,2020-12-31,2021-09-07,-755000000.0,18821000000.0,,3081000000.0,15740000000.0,,17.588,-374000000.0,1739000000.0,1739000000.0,626000000.0,-27000000.0,1.898,2.327,9075000000.0,91000000.0,8984000000.0,9075000000.0,0.0,486000000.0,0.0,0.019,0.25,93000000.0,579000000.0,0.409,579000000.0,93000000.0,-25000000.0,-0.32,-0.32,-0.32,5366000000.0,,5366000000.0,23870617213.0,-9.0,-42.474,112000000.0,0.367,1.0,791000000.0,0.558,360000000.0,118000000.0,24174000000.0,,378000000.0,0.0,0.0,0.0,12486000000.0,1623000000.0,10863000000.0,16210617213.0,454000000.0,482000000.0,0.0,5000000.0,-76000000.0,-139000000.0,107000000.0,0.0,486000000.0,0.0,-97000000.0,-97000000.0,-97000000.0,0.0,70000000.0,-0.068,628000000.0,163000000.0,200000000.0,-0.781,3.021,-5.241,-5.201,14709000000.0,0.0,52.79,3.374,3.349,860000000.0,130000000.0,1417000000.0,1417000000.0,60000000.0,,,,,16000000.0,82000000.0,1.0,307077424.0,305100000.0,305100000.0,4.644,18461000000.0,59000000.0,72000000.0,423000000.0,60.508,1458000000.0
3,HES,MRQ,2020-09-30,2020-09-30,2020-09-30,2021-09-07,-363000000.0,18969000000.0,,3136000000.0,15833000000.0,,19.397,-426000000.0,1285000000.0,1285000000.0,563000000.0,-183000000.0,2.199,2.043,8945000000.0,107000000.0,8838000000.0,8945000000.0,0.0,518000000.0,0.0,0.024,0.25,-120000000.0,398000000.0,0.338,398000000.0,-120000000.0,-238000000.0,-0.8,-0.8,-0.8,5916000000.0,,5916000000.0,19821421274.0,-7.0,-35.207,-290000000.0,-0.951,1.0,613000000.0,0.521,360000000.0,118000000.0,24843000000.0,,422000000.0,0.0,0.0,0.0,12087000000.0,1426000000.0,10661000000.0,12571421274.0,-361000000.0,0.0,0.0,71000000.0,-76000000.0,-71000000.0,-426000000.0,0.0,136000000.0,0.0,-243000000.0,-243000000.0,-243000000.0,0.0,60000000.0,-0.207,673000000.0,-60000000.0,200000000.0,-0.312,2.125,-3.907,-3.865,14734000000.0,0.0,40.93,2.472,2.455,699000000.0,304000000.0,1176000000.0,1176000000.0,71000000.0,,,,,16000000.0,84000000.0,1.0,307144424.0,305000000.0,305000000.0,3.856,18609000000.0,67000000.0,5000000.0,361000000.0,61.013,1710000000.0
4,HES,MRQ,2020-06-30,2020-06-30,2020-06-30,2021-09-07,-187000000.0,19546000000.0,,3115000000.0,16431000000.0,,20.967,-579000000.0,1646000000.0,1646000000.0,366000000.0,-263000000.0,1.992,1.905,8896000000.0,113000000.0,8783000000.0,8896000000.0,0.0,509000000.0,0.0,0.019,0.25,-210000000.0,299000000.0,0.355,299000000.0,-210000000.0,-329000000.0,-1.05,-1.05,-1.05,6395000000.0,,6395000000.0,22763873595.0,-9.0,-53.815,-313000000.0,-1.026,1.0,476000000.0,0.565,360000000.0,119000000.0,24872000000.0,,360000000.0,0.0,0.0,0.0,12180000000.0,1564000000.0,10616000000.0,15913873595.0,-434000000.0,11000000.0,15000000.0,10000000.0,-76000000.0,-130000000.0,-570000000.0,0.0,266000000.0,0.0,-320000000.0,-320000000.0,-320000000.0,0.0,57000000.0,-0.38,629000000.0,-153000000.0,307000000.0,-0.238,2.488,-4.993,-4.939,15351000000.0,0.0,51.81,2.933,2.913,596000000.0,625000000.0,842000000.0,842000000.0,31000000.0,,,,,18000000.0,89000000.0,1.0,307158340.0,305000000.0,305000000.0,2.761,19186000000.0,78000000.0,-9000000.0,353000000.0,62.905,1551000000.0
5,HES,MRQ,2020-03-31,2020-03-31,2020-03-31,2021-09-07,239000000.0,20717000000.0,,4270000000.0,16447000000.0,,23.684,-818000000.0,2080000000.0,2080000000.0,723000000.0,-2366000000.0,2.193,1.742,8930000000.0,149000000.0,8781000000.0,8930000000.0,0.0,561000000.0,0.0,0.03,0.25,-2399000000.0,-1838000000.0,-1.343,-1838000000.0,-2399000000.0,-2512000000.0,-8.0,-8.0,-8.0,7200000000.0,,7200000000.0,16550645747.0,-8.0,-3310.129,-373000000.0,-1.227,1.0,646000000.0,0.472,360000000.0,113000000.0,25260000000.0,,230000000.0,0.0,0.0,0.0,12539000000.0,1947000000.0,10592000000.0,10163645747.0,535000000.0,0.0,0.0,1059000000.0,-81000000.0,908000000.0,-818000000.0,0.0,445000000.0,0.0,-2433000000.0,-2433000000.0,-2433000000.0,0.0,67000000.0,-1.777,2978000000.0,-2332000000.0,431000000.0,-0.031,1.412,-3.538,-3.52,15384000000.0,0.0,33.3,1.618,1.612,794000000.0,1021000000.0,1369000000.0,1369000000.0,189000000.0,,,,,29000000.0,102000000.0,1.0,305214587.0,304000000.0,304000000.0,4.503,20357000000.0,77000000.0,-79000000.0,361000000.0,66.964,2323000000.0
6,HES,MRQ,2019-12-31,2019-12-31,2019-12-31,2021-09-07,-699000000.0,21782000000.0,,3156000000.0,18626000000.0,,28.847,-825000000.0,1545000000.0,1545000000.0,845000000.0,-183000000.0,1.257,1.383,7932000000.0,199000000.0,7733000000.0,7932000000.0,0.0,586000000.0,0.0,0.015,0.25,-8000000.0,578000000.0,0.34,578000000.0,-8000000.0,-103000000.0,-0.74,-0.74,-0.74,8732000000.0,,8732000000.0,25908423560.0,60.0,10.14,-539000000.0,-1.781,1.0,854000000.0,0.503,360000000.0,95000000.0,25299000000.0,,261000000.0,0.0,0.0,0.0,12076000000.0,2510000000.0,9566000000.0,20357423560.0,-318000000.0,0.0,0.0,614000000.0,-75000000.0,221000000.0,-825000000.0,0.0,286000000.0,0.0,-222000000.0,-222000000.0,-222000000.0,0.0,39000000.0,-0.131,823000000.0,31000000.0,411000000.0,-0.338,2.331,-49.411,-48.766,17560000000.0,0.0,66.81,3.127,3.091,1170000000.0,3535000000.0,1699000000.0,1699000000.0,106000000.0,,,,,19000000.0,131000000.0,1.0,304706235.0,302700000.0,302700000.0,5.613,21422000000.0,80000000.0,119000000.0,512000000.0,70.77,646000000.0
7,HES,MRQ,2019-09-30,2019-09-30,2019-09-30,2021-09-07,-776000000.0,21631000000.0,,3398000000.0,18233000000.0,,29.448,-709000000.0,1863000000.0,1863000000.0,791000000.0,-166000000.0,1.45,1.286,7414000000.0,274000000.0,7140000000.0,7414000000.0,0.0,544000000.0,0.0,0.017,0.25,-6000000.0,538000000.0,0.355,538000000.0,-6000000.0,-96000000.0,-0.7,-0.7,-0.7,8908000000.0,,8908000000.0,23701986083.0,42.0,9.005,-266000000.0,-0.879,1.0,724000000.0,0.478,360000000.0,90000000.0,24478000000.0,,289000000.0,0.0,0.0,0.0,11454000000.0,2344000000.0,9110000000.0,18414986083.0,-345000000.0,0.0,0.0,11000000.0,-77000000.0,-67000000.0,-721000000.0,-10000000.0,443000000.0,0.0,-212000000.0,-212000000.0,-212000000.0,0.0,46000000.0,-0.14,684000000.0,40000000.0,396000000.0,-0.357,2.067,-89.393,-87.652,17284000000.0,0.0,60.48,2.836,2.818,1122000000.0,3836000000.0,1515000000.0,1515000000.0,50000000.0,,,,,18000000.0,90000000.0,1.0,304480590.0,302500000.0,302500000.0,5.008,21271000000.0,18000000.0,116000000.0,515000000.0,70.317,1054000000.0
8,HES,MRQ,2019-06-30,2019-06-30,2019-06-30,2021-09-07,-648000000.0,21695000000.0,,3684000000.0,18011000000.0,,30.754,-624000000.0,2208000000.0,2208000000.0,808000000.0,34000000.0,1.58,1.201,7495000000.0,343000000.0,7152000000.0,7495000000.0,0.0,494000000.0,0.0,0.016,0.25,223000000.0,717000000.0,0.423,717000000.0,223000000.0,126000000.0,-0.02,-0.02,-0.02,9294000000.0,,9294000000.0,24693131664.0,33.0,8.944,51000000.0,0.169,1.0,889000000.0,0.524,360000000.0,97000000.0,24290000000.0,,278000000.0,0.0,0.0,0.0,11164000000.0,2332000000.0,8832000000.0,19343131664.0,-92000000.0,22000000.0,0.0,-63000000.0,-76000000.0,-150000000.0,-617000000.0,-16000000.0,675000000.0,0.0,-6000000.0,-6000000.0,-6000000.0,0.0,40000000.0,-0.004,626000000.0,263000000.0,353000000.0,-12.5,2.081,-411.556,-373.941,17044000000.0,0.0,63.57,2.842,2.823,1060000000.0,4125000000.0,1697000000.0,1697000000.0,43000000.0,,,,,21000000.0,89000000.0,1.0,304280819.0,302200000.0,302200000.0,5.615,21335000000.0,21000000.0,132000000.0,513000000.0,70.599,1352000000.0
9,HES,MRQ,2019-03-31,2019-03-31,2019-03-31,2021-09-07,-650000000.0,21716000000.0,,3834000000.0,17882000000.0,,31.412,-671000000.0,2300000000.0,2300000000.0,713000000.0,75000000.0,1.688,1.195,7650000000.0,414000000.0,7236000000.0,7650000000.0,0.0,498000000.0,0.0,0.017,0.25,224000000.0,722000000.0,0.452,722000000.0,224000000.0,126000000.0,0.09,0.09,0.09,9342000000.0,,9342000000.0,22229753600.0,37.0,8.65,-433000000.0,-1.456,1.0,886000000.0,0.554,360000000.0,98000000.0,24435000000.0,,274000000.0,0.0,0.0,0.0,11163000000.0,2271000000.0,8892000000.0,18251753600.0,-394000000.0,0.0,-25000000.0,173000000.0,-88000000.0,48000000.0,-680000000.0,-7000000.0,238000000.0,0.0,32000000.0,28000000.0,28000000.0,0.0,43000000.0,0.018,619000000.0,267000000.0,399000000.0,2.778,1.954,-99.736,-95.603,16943000000.0,4000000.0,60.23,2.734,2.684,1116000000.0,4207000000.0,1599000000.0,1599000000.0,34000000.0,,,,,27000000.0,87000000.0,1.0,303034262.0,297400000.0,299700000.0,5.377,21356000000.0,22000000.0,94000000.0,509000000.0,71.809,1563000000.0
10,HES,MRQ,2018-12-31,2018-12-31,2018-12-31,2021-09-07,-306000000.0,21433000000.0,,4459000000.0,16974000000.0,,33.021,-664000000.0,2694000000.0,2694000000.0,807000000.0,34000000.0,2.024,1.095,6672000000.0,67000000.0,6605000000.0,6672000000.0,0.0,533000000.0,0.0,0.025,0.25,122000000.0,655000000.0,0.389,655000000.0,122000000.0,23000000.0,-0.06,-0.06,-0.06,9629000000.0,,9629000000.0,15688252008.0,35.0,6.719,217000000.0,0.744,1.0,875000000.0,0.52,360000000.0,99000000.0,22848000000.0,,245000000.0,0.0,0.0,0.0,10545000000.0,2203000000.0,8342000000.0,11998252008.0,-310000000.0,0.0,-245000000.0,-23000000.0,-83000000.0,-526000000.0,-665000000.0,0.0,881000000.0,0.0,-4000000.0,-16000000.0,-16000000.0,0.0,38000000.0,-0.01,715000000.0,160000000.0,495000000.0,-4.167,1.246,-36.58,-36.818,16083000000.0,12000000.0,40.5,1.856,1.868,1001000000.0,4257000000.0,1682000000.0,1682000000.0,91000000.0,,,,,19000000.0,91000000.0,1.0,296253136.0,291600000.0,291600000.0,5.768,21073000000.0,21000000.0,27000000.0,502000000.0,72.267,2256000000.0
11,HES,MRQ,2018-09-30,2018-09-30,2018-09-30,2021-09-07,-502000000.0,21467000000.0,,4501000000.0,16966000000.0,,32.79,-540000000.0,3004000000.0,3004000000.0,804000000.0,3000000.0,2.299,1.08,6694000000.0,85000000.0,6609000000.0,6694000000.0,0.0,489000000.0,0.0,0.014,0.25,178000000.0,667000000.0,0.365,667000000.0,178000000.0,79000000.0,-0.18,-0.18,-0.18,9650000000.0,,9650000000.0,24982681284.0,-12.0,-221.086,-117000000.0,-0.398,1.0,1024000000.0,0.56,360000000.0,99000000.0,22839000000.0,,263000000.0,0.0,0.0,0.0,10421000000.0,1958000000.0,8463000000.0,21451681284.0,96000000.0,574000000.0,-230000000.0,-19000000.0,-86000000.0,-332000000.0,5000000.0,-26000000.0,423000000.0,0.0,-42000000.0,-53000000.0,-53000000.0,0.0,45000000.0,-0.029,801000000.0,223000000.0,383000000.0,-1.389,2.223,-7.148,-7.448,16013000000.0,11000000.0,71.58,3.531,3.468,1182000000.0,4410000000.0,1828000000.0,1828000000.0,169000000.0,,,,,21000000.0,143000000.0,1.0,299688199.0,294300000.0,294300000.0,6.211,21107000000.0,10000000.0,121000000.0,521000000.0,71.719,2543000000.0
12,HES,MRQ,2018-06-30,2018-06-30,2018-06-30,2021-09-07,-522000000.0,21464000000.0,,4694000000.0,16770000000.0,,33.519,-493000000.0,2908000000.0,2908000000.0,780000000.0,-87000000.0,2.413,1.016,6439000000.0,87000000.0,6352000000.0,6439000000.0,0.0,444000000.0,0.0,0.015,0.25,82000000.0,526000000.0,0.336,526000000.0,82000000.0,-16000000.0,-0.48,-0.48,-0.48,9972000000.0,,9972000000.0,23447805706.0,-5.0,-9.231,-68000000.0,-0.229,1.0,786000000.0,0.502,360000000.0,98000000.0,22690000000.0,,231000000.0,0.0,0.0,0.0,10128000000.0,1945000000.0,8183000000.0,20605805706.0,-818000000.0,27000000.0,-519000000.0,-157000000.0,-87000000.0,-759000000.0,-484000000.0,-17000000.0,425000000.0,0.0,-130000000.0,-142000000.0,-142000000.0,0.0,43000000.0,-0.091,635000000.0,151000000.0,363000000.0,-0.521,2.066,-5.751,-5.842,15869000000.0,12000000.0,66.89,3.498,3.378,1075000000.0,4692000000.0,1566000000.0,1566000000.0,62000000.0,,,,,19000000.0,129000000.0,1.0,308055101.0,297500000.0,297500000.0,5.264,21104000000.0,18000000.0,114000000.0,473000000.0,70.938,2749000000.0
13,HES,MRQ,2018-03-31,2018-03-31,2018-03-31,2021-09-07,-571000000.0,22072000000.0,,5014000000.0,17058000000.0,,34.265,-400000000.0,3726000000.0,3726000000.0,685000000.0,-65000000.0,2.633,0.956,6568000000.0,196000000.0,6372000000.0,6568000000.0,0.0,417000000.0,0.0,0.02,0.25,70000000.0,487000000.0,0.35,487000000.0,70000000.0,-33000000.0,-0.38,-0.38,-0.38,10605000000.0,,10605000000.0,18078013991.0,-3.0,-6.696,-190000000.0,-0.614,1.0,705000000.0,0.507,360000000.0,103000000.0,22650000000.0,,239000000.0,0.0,0.0,0.0,10135000000.0,1904000000.0,8231000000.0,15948013991.0,-1121000000.0,6000000.0,-371000000.0,-434000000.0,-89000000.0,-909000000.0,-422000000.0,-24000000.0,210000000.0,0.0,-106000000.0,-117000000.0,-117000000.0,0.0,41000000.0,-0.084,567000000.0,138000000.0,375000000.0,-0.658,1.504,-4.088,-4.072,16181000000.0,11000000.0,50.62,2.885,2.835,997000000.0,5166000000.0,1390000000.0,1390000000.0,40000000.0,,,,,13000000.0,110000000.0,1.0,315053615.0,309500000.0,309500000.0,4.491,21712000000.0,22000000.0,73000000.0,507000000.0,70.152,3110000000.0
14,HES,MRQ,2017-12-31,2017-12-31,2017-12-31,2021-09-07,-686000000.0,23112000000.0,,6157000000.0,16955000000.0,,35.25,-554000000.0,4847000000.0,4847000000.0,865000000.0,-2635000000.0,2.529,0.973,6977000000.0,580000000.0,6397000000.0,6977000000.0,0.0,646000000.0,0.0,0.021,0.25,-2439000000.0,-1793000000.0,-1.389,-1793000000.0,-2439000000.0,-2519000000.0,-8.57,-8.57,-8.57,11051000000.0,,11051000000.0,19271783519.0,-3.0,-7.13,-211000000.0,-0.673,1.0,426000000.0,0.33,360000000.0,80000000.0,22447000000.0,,232000000.0,0.0,0.0,0.0,10758000000.0,2435000000.0,8323000000.0,15083783519.0,2321000000.0,2513000000.0,-110000000.0,280000000.0,-90000000.0,19000000.0,1959000000.0,0.0,343000000.0,0.0,-2677000000.0,-2689000000.0,-2689000000.0,0.0,42000000.0,-2.083,2823000000.0,-2397000000.0,435000000.0,-0.029,1.365,-3.661,-3.618,16192000000.0,12000000.0,47.47,2.798,2.766,1024000000.0,5597000000.0,1291000000.0,1291000000.0,356000000.0,,,,,21000000.0,121000000.0,1.0,317754024.0,313500000.0,313500000.0,4.118,22752000000.0,21000000.0,158000000.0,512000000.0,72.574,3722000000.0
15,HES,MRQ,2017-09-30,2017-09-30,2017-09-30,2021-09-07,-1472000000.0,26600000000.0,,4083000000.0,22517000000.0,,41.755,-513000000.0,2526000000.0,2526000000.0,718000000.0,-593000000.0,1.844,0.927,6714000000.0,122000000.0,6592000000.0,6714000000.0,0.0,759000000.0,0.0,0.021,0.25,-2519000000.0,-1760000000.0,-1.071,-1760000000.0,-2519000000.0,-2598000000.0,-2.02,-2.02,-2.02,13132000000.0,,13132000000.0,19144689452.0,-4.0,-10.871,-425000000.0,-1.351,1.0,926000000.0,0.563,360000000.0,79000000.0,28214000000.0,,372000000.0,0.0,0.0,0.0,12172000000.0,2214000000.0,9958000000.0,14903689452.0,34000000.0,783000000.0,0.0,-19000000.0,-91000000.0,-144000000.0,90000000.0,0.0,88000000.0,0.0,-624000000.0,-635000000.0,-635000000.0,0.0,31000000.0,-0.386,3414000000.0,-2488000000.0,421000000.0,-0.124,1.135,-2.353,-2.303,20279000000.0,11000000.0,46.89,2.719,2.691,933000000.0,8438000000.0,1644000000.0,1644000000.0,41000000.0,,,,,21000000.0,111000000.0,1.0,317843665.0,314500000.0,314500000.0,5.227,26240000000.0,1480000000.0,-1974000000.0,685000000.0,83.434,1869000000.0
16,HES,MRQ,2017-06-30,2017-06-30,2017-06-30,2021-09-07,-1518000000.0,27798000000.0,,4270000000.0,23528000000.0,,43.83,-480000000.0,2492000000.0,2492000000.0,657000000.0,-417000000.0,2.016,0.923,6733000000.0,121000000.0,6612000000.0,6733000000.0,0.0,741000000.0,0.0,0.023,0.25,-375000000.0,366000000.0,0.304,366000000.0,-375000000.0,-457000000.0,-1.46,-1.46,-1.46,13780000000.0,,13780000000.0,18045988213.0,-6.0,75.506,-315000000.0,-1.002,1.0,545000000.0,0.453,350000000.0,82000000.0,29571000000.0,,376000000.0,0.0,0.0,0.0,12720000000.0,2118000000.0,10602000000.0,13946988213.0,-194000000.0,0.0,0.0,-52000000.0,-90000000.0,42000000.0,-401000000.0,0.0,165000000.0,0.0,-449000000.0,-460000000.0,-460000000.0,0.0,32000000.0,-0.383,888000000.0,-343000000.0,504000000.0,-0.171,1.012,-2.305,-2.254,22793000000.0,11000000.0,43.87,2.771,2.74,801000000.0,9153000000.0,1202000000.0,1202000000.0,52000000.0,,,,,22000000.0,95000000.0,1.0,317916303.0,314400000.0,314400000.0,3.823,27448000000.0,25000000.0,-8000000.0,1178000000.0,87.303,2152000000.0
17,HES,MRQ,2017-03-31,2017-03-31,2017-03-31,2021-09-07,-1667000000.0,28100000000.0,,4171000000.0,23929000000.0,,45.072,-390000000.0,2686000000.0,2686000000.0,589000000.0,-296000000.0,1.962,0.909,6785000000.0,116000000.0,6669000000.0,6785000000.0,0.0,737000000.0,0.0,0.021,0.25,-253000000.0,484000000.0,0.386,484000000.0,-253000000.0,-337000000.0,-1.07,-1.07,-1.07,14148000000.0,,14148000000.0,19333583472.0,-6.0,333.338,-41000000.0,-0.131,1.0,665000000.0,0.53,375000000.0,84000000.0,29698000000.0,,377000000.0,0.0,0.0,0.0,12867000000.0,2126000000.0,10741000000.0,15259583472.0,-46000000.0,0.0,0.0,-21000000.0,-92000000.0,-105000000.0,-290000000.0,0.0,349000000.0,0.0,-324000000.0,-336000000.0,-336000000.0,0.0,28000000.0,-0.268,890000000.0,-225000000.0,565000000.0,-0.234,1.079,-2.546,-2.499,23201000000.0,12000000.0,48.21,2.992,2.967,775000000.0,9692000000.0,1254000000.0,1254000000.0,58000000.0,,,,,22000000.0,95000000.0,1.0,316523200.0,313900000.0,313900000.0,3.995,27725000000.0,23000000.0,-13000000.0,1227000000.0,88.324,2045000000.0
18,HES,MRQ,2016-12-31,2016-12-31,2016-12-31,2021-09-07,-1704000000.0,28621000000.0,,4276000000.0,24345000000.0,,46.36,-487000000.0,2732000000.0,2732000000.0,966000000.0,-4898000000.0,1.9,0.897,6806000000.0,112000000.0,6694000000.0,6806000000.0,0.0,768000000.0,0.0,0.016,0.25,-1619000000.0,-851000000.0,-0.616,-851000000.0,-1619000000.0,-1703000000.0,-15.81,-15.81,-15.81,14534000000.0,,14534000000.0,23530325703.0,-7.0,-71.739,-161000000.0,-0.514,1.0,415000000.0,0.301,375000000.0,84000000.0,30069000000.0,,323000000.0,0.0,0.0,0.0,13030000000.0,2251000000.0,10779000000.0,19722325703.0,-797000000.0,140000000.0,0.0,-592000000.0,-90000000.0,-699000000.0,-424000000.0,0.0,326000000.0,0.0,-4892000000.0,-4903000000.0,-4903000000.0,0.0,-6000000.0,-3.55,1972000000.0,-1557000000.0,433000000.0,-0.016,1.357,-3.195,-3.127,23595000000.0,11000000.0,62.29,4.076,3.989,940000000.0,10147000000.0,1381000000.0,1381000000.0,1033000000.0,,,,,4000000.0,104000000.0,1.0,316621058.0,313500000.0,313500000.0,4.405,28246000000.0,59000000.0,3189000000.0,1241000000.0,90.099,2025000000.0
19,HES,MRQ,2016-09-30,2016-09-30,2016-09-30,2021-09-07,-1372000000.0,34459000000.0,,4893000000.0,29566000000.0,,63.34,-529000000.0,3529000000.0,3529000000.0,670000000.0,-317000000.0,1.87,0.683,7337000000.0,666000000.0,6671000000.0,7337000000.0,0.0,811000000.0,0.0,0.019,0.25,-571000000.0,240000000.0,0.201,240000000.0,-571000000.0,-655000000.0,-1.12,-1.12,-1.12,19838000000.0,,19838000000.0,20437079022.0,-5.0,-28.345,-197000000.0,-0.629,1.0,526000000.0,0.44,375000000.0,84000000.0,35275000000.0,,403000000.0,0.0,0.0,0.0,13544000000.0,2617000000.0,10927000000.0,16980079022.0,434000000.0,0.0,0.0,731000000.0,-91000000.0,628000000.0,-526000000.0,0.0,332000000.0,0.0,-339000000.0,-351000000.0,-351000000.0,0.0,22000000.0,-0.293,995000000.0,-469000000.0,458000000.0,-0.223,0.856,-5.493,-5.078,25537000000.0,12000000.0,53.62,3.505,3.466,771000000.0,15129000000.0,1196000000.0,1196000000.0,78000000.0,,,,,22000000.0,106000000.0,1.0,316674357.0,313200000.0,313200000.0,3.819,34084000000.0,3257000000.0,-316000000.0,1274000000.0,108.825,2276000000.0
20,HES,MRQ,2016-06-30,2016-06-30,2016-06-30,2021-09-07,-1499000000.0,34234000000.0,,4631000000.0,29603000000.0,,64.237,-615000000.0,3095000000.0,3095000000.0,760000000.0,-373000000.0,2.165,0.649,6552000000.0,102000000.0,6450000000.0,6552000000.0,0.0,797000000.0,0.0,0.017,0.25,-612000000.0,185000000.0,0.146,185000000.0,-612000000.0,-697000000.0,-1.29,-1.29,-1.29,20119000000.0,,20119000000.0,22069834678.0,-5.0,-47.158,-418000000.0,-1.335,1.0,509000000.0,0.401,375000000.0,85000000.0,35177000000.0,,377000000.0,0.0,0.0,0.0,13060000000.0,2139000000.0,10921000000.0,19034834678.0,-462000000.0,0.0,0.0,-43000000.0,-89000000.0,-132000000.0,-527000000.0,0.0,197000000.0,0.0,-392000000.0,-404000000.0,-404000000.0,0.0,19000000.0,-0.318,1102000000.0,-593000000.0,525000000.0,-0.194,0.946,-6.305,-5.768,25769000000.0,12000000.0,60.1,3.566,3.526,843000000.0,15559000000.0,1269000000.0,1269000000.0,199000000.0,,,,,22000000.0,106000000.0,1.0,316719379.0,313200000.0,313200000.0,4.052,33859000000.0,3043000000.0,-305000000.0,1318000000.0,108.107,2492000000.0
21,HES,MRQ,2016-03-31,2016-03-31,2016-03-31,2021-09-07,-1484000000.0,34808000000.0,,4945000000.0,29863000000.0,,68.706,-620000000.0,3557000000.0,3557000000.0,644000000.0,-488000000.0,2.255,0.64,6592000000.0,94000000.0,6498000000.0,6592000000.0,0.0,868000000.0,0.0,0.019,0.25,-770000000.0,98000000.0,0.099,98000000.0,-770000000.0,-855000000.0,-1.72,-1.72,-1.72,20598000000.0,,20598000000.0,20511401742.0,-5.0,-78.288,-680000000.0,-2.268,1.0,349000000.0,0.351,375000000.0,85000000.0,35275000000.0,,416000000.0,0.0,0.0,0.0,13174000000.0,2193000000.0,10981000000.0,16597401742.0,841000000.0,0.0,1087000000.0,-12000000.0,-80000000.0,1514000000.0,-613000000.0,0.0,-60000000.0,0.0,-509000000.0,-515000000.0,-515000000.0,0.0,21000000.0,-0.519,1098000000.0,-749000000.0,346000000.0,-0.145,0.806,-5.216,-4.735,26241000000.0,6000000.0,52.65,2.764,2.629,612000000.0,16042000000.0,993000000.0,993000000.0,132000000.0,,,,,25000000.0,98000000.0,1.0,315240299.0,299800000.0,299800000.0,3.312,34433000000.0,2832000000.0,-346000000.0,1413000000.0,114.853,2752000000.0
22,HES,MRQ,2015-12-31,2015-12-31,2015-12-31,2021-09-07,-1664000000.0,34157000000.0,,4404000000.0,29753000000.0,,68.502,-935000000.0,2716000000.0,2716000000.0,852000000.0,-1799000000.0,1.676,0.71,6592000000.0,86000000.0,6506000000.0,6592000000.0,0.0,983000000.0,0.0,0.021,0.25,-2227000000.0,-1244000000.0,-0.897,-1244000000.0,-2227000000.0,-2313000000.0,-6.43,-6.43,-6.43,19386000000.0,,19386000000.0,17408991917.0,-4.0,-295.068,-312000000.0,-1.102,1.0,535000000.0,0.386,375000000.0,86000000.0,35030000000.0,,399000000.0,0.0,0.0,0.0,13756000000.0,2628000000.0,11128000000.0,13869991917.0,-297000000.0,0.0,0.0,94000000.0,-72000000.0,-11000000.0,-909000000.0,0.0,623000000.0,0.0,-1821000000.0,-1821000000.0,-1821000000.0,8000000.0,22000000.0,-1.313,2732000000.0,-2197000000.0,457000000.0,-0.039,0.715,-4.539,-4.497,26352000000.0,0.0,48.48,2.114,2.096,847000000.0,16637000000.0,1387000000.0,1387000000.0,378000000.0,,,,,26000000.0,140000000.0,1.0,286097193.0,283000000.0,283000000.0,4.901,33782000000.0,2653000000.0,-492000000.0,1422000000.0,119.371,1776000000.0
23,HES,MRQ,2015-09-30,2015-09-30,2015-09-30,2021-09-07,-1582000000.0,36456000000.0,,5597000000.0,30859000000.0,,75.242,-963000000.0,3013000000.0,3013000000.0,893000000.0,-252000000.0,2.133,0.661,6552000000.0,78000000.0,6474000000.0,6552000000.0,0.0,988000000.0,0.0,0.02,0.25,-495000000.0,493000000.0,0.292,493000000.0,-495000000.0,-579000000.0,-0.98,-0.98,-0.98,21331000000.0,,21331000000.0,19396111516.0,-13.0,8.378,-681000000.0,-2.402,1.0,796000000.0,0.471,1473000000.0,84000000.0,35898000000.0,,535000000.0,0.0,0.0,0.0,14093000000.0,2624000000.0,11469000000.0,14370111516.0,2082000000.0,0.0,-64000000.0,583000000.0,-71000000.0,2756000000.0,-956000000.0,0.0,282000000.0,0.0,-279000000.0,-279000000.0,-279000000.0,13000000.0,27000000.0,-0.165,1251000000.0,-455000000.0,537000000.0,-0.255,0.674,-11.561,-11.779,26883000000.0,0.0,50.06,1.866,1.843,1211000000.0,18530000000.0,1689000000.0,1689000000.0,144000000.0,,,,,20000000.0,119000000.0,1.0,287057761.0,283500000.0,283500000.0,5.958,34983000000.0,2109000000.0,-300000000.0,1697000000.0,123.397,2973000000.0
24,HES,MRQ,2015-06-30,2015-06-30,2015-06-30,2021-09-07,-1436000000.0,35558000000.0,,3926000000.0,31632000000.0,,74.228,-1112000000.0,931000000.0,931000000.0,904000000.0,-567000000.0,1.124,0.685,5957000000.0,69000000.0,5888000000.0,5957000000.0,0.0,1028000000.0,0.0,0.015,0.25,-637000000.0,391000000.0,0.202,391000000.0,-637000000.0,-723000000.0,-1.99,-1.99,-1.99,21103000000.0,,21103000000.0,23694109029.0,85.0,5.961,-472000000.0,-1.66,1.0,1031000000.0,0.533,1473000000.0,86000000.0,35618000000.0,,569000000.0,0.0,0.0,0.0,14455000000.0,3493000000.0,10962000000.0,19220109029.0,-575000000.0,0.0,-11000000.0,-17000000.0,-72000000.0,-100000000.0,-1115000000.0,0.0,640000000.0,0.0,-567000000.0,-567000000.0,-567000000.0,14000000.0,0.0,-0.293,1654000000.0,-623000000.0,616000000.0,-0.126,0.911,436.821,836.0,27298000000.0,0.0,66.88,2.197,2.173,1492000000.0,18923000000.0,1935000000.0,1935000000.0,90000000.0,,,,,25000000.0,151000000.0,1.0,287382013.0,284300000.0,284300000.0,6.806,34085000000.0,2504000000.0,-156000000.0,2138000000.0,119.891,433000000.0
25,HES,MRQ,2015-03-31,2015-03-31,2015-03-31,2021-09-07,-1504000000.0,36101000000.0,,4323000000.0,31778000000.0,,76.427,-1311000000.0,1506000000.0,1506000000.0,820000000.0,-389000000.0,1.247,0.666,5980000000.0,69000000.0,5911000000.0,5980000000.0,0.0,956000000.0,0.0,0.015,0.25,-655000000.0,301000000.0,0.194,301000000.0,-655000000.0,-740000000.0,-1.37,-1.37,-1.37,21667000000.0,,21667000000.0,22942619007.0,11.0,4.189,-875000000.0,-3.086,1.0,730000000.0,0.471,1858000000.0,85000000.0,35250000000.0,,546000000.0,0.0,0.0,0.0,14434000000.0,3467000000.0,10967000000.0,19399619007.0,-938000000.0,0.0,-67000000.0,-17000000.0,-72000000.0,-148000000.0,-1226000000.0,0.0,436000000.0,0.0,-389000000.0,-389000000.0,-389000000.0,13000000.0,0.0,-0.251,1372000000.0,-642000000.0,681000000.0,-0.182,0.895,12.581,13.36,27208000000.0,0.0,67.87,1.866,1.851,1405000000.0,19578000000.0,1550000000.0,1550000000.0,269000000.0,,,,,26000000.0,147000000.0,1.0,285834964.0,283500000.0,283500000.0,5.467,34243000000.0,2356000000.0,-351000000.0,2084000000.0,120.787,856000000.0
26,HES,MRQ,2014-12-31,2014-12-31,2014-12-31,2021-09-07,-1410000000.0,38407000000.0,,6313000000.0,32094000000.0,,75.863,-1528000000.0,2444000000.0,2444000000.0,1060000000.0,-7000000.0,1.301,0.724,5987000000.0,68000000.0,5919000000.0,5987000000.0,0.0,875000000.0,0.0,0.014,0.25,255000000.0,1130000000.0,0.447,1130000000.0,255000000.0,173000000.0,0.09,0.09,0.09,22205000000.0,,22205000000.0,23945859542.0,7.0,3.624,-454000000.0,-1.551,1.0,1468000000.0,0.581,1858000000.0,82000000.0,35241000000.0,,527000000.0,0.0,0.0,0.0,16087000000.0,4851000000.0,11236000000.0,22069859542.0,-1676000000.0,0.0,-1077000000.0,-37000000.0,-71000000.0,-1195000000.0,-1555000000.0,0.0,1074000000.0,0.0,-8000000.0,-8000000.0,-8000000.0,2000000.0,1000000.0,-0.003,1210000000.0,258000000.0,708000000.0,2.778,0.994,9.525,9.675,27517000000.0,0.0,73.82,1.929,1.986,1642000000.0,20052000000.0,2528000000.0,2528000000.0,171000000.0,,,,,22000000.0,164000000.0,1.0,298968566.0,292700000.0,292700000.0,8.637,36549000000.0,2371000000.0,181000000.0,2132000000.0,124.868,1462000000.0
27,HES,MRQ,2014-09-30,2014-09-30,2014-09-30,2021-09-07,-487000000.0,40975000000.0,,8865000000.0,32110000000.0,,79.505,-1346000000.0,4120000000.0,4120000000.0,1003000000.0,1030000000.0,1.768,0.685,5996000000.0,67000000.0,5929000000.0,5996000000.0,0.0,838000000.0,0.0,0.011,0.25,1315000000.0,2153000000.0,0.787,2153000000.0,1315000000.0,1240000000.0,3.35,3.31,3.35,24249000000.0,,24249000000.0,32896579839.0,7.0,4.336,-24000000.0,-0.079,1.0,1733000000.0,0.633,1858000000.0,75000000.0,35978000000.0,,817000000.0,145000000.0,0.0,145000000.0,16610000000.0,5015000000.0,11595000000.0,29024579839.0,1915000000.0,0.0,-903000000.0,-53000000.0,-76000000.0,-992000000.0,1585000000.0,0.0,1322000000.0,0.0,1008000000.0,1008000000.0,1008000000.0,-671000000.0,22000000.0,0.368,1067000000.0,666000000.0,1712000000.0,0.075,1.197,6.829,7.06,27667000000.0,0.0,94.32,2.43,2.409,2674000000.0,21020000000.0,2736000000.0,2736000000.0,90000000.0,,,,,25000000.0,139000000.0,1.0,307724553.0,305000000.0,305000000.0,8.97,39117000000.0,1940000000.0,232000000.0,2598000000.0,128.252,3850000000.0
28,HES,MRQ,2014-06-30,2014-06-30,2014-06-30,2021-09-07,-384000000.0,41071000000.0,,8767000000.0,32304000000.0,,77.227,-1194000000.0,2205000000.0,2205000000.0,1044000000.0,930000000.0,1.668,0.689,6077000000.0,124000000.0,5953000000.0,6077000000.0,0.0,785000000.0,0.0,0.01,0.25,1108000000.0,1893000000.0,0.528,1893000000.0,1108000000.0,1023000000.0,3.01,2.96,3.01,24257000000.0,,24257000000.0,35360061160.0,9.0,5.092,-291000000.0,-0.926,1.0,2539000000.0,0.709,1858000000.0,85000000.0,37828000000.0,,842000000.0,213000000.0,0.0,213000000.0,16717000000.0,5257000000.0,11460000000.0,31072061160.0,917000000.0,0.0,-692000000.0,431000000.0,-77000000.0,-226000000.0,240000000.0,0.0,903000000.0,0.0,931000000.0,931000000.0,931000000.0,44000000.0,-1000000.0,0.26,1388000000.0,1151000000.0,1529000000.0,0.083,1.281,8.485,8.79,27236000000.0,0.0,98.89,2.606,2.605,2348000000.0,20879000000.0,3583000000.0,3583000000.0,460000000.0,,,,,18000000.0,143000000.0,1.0,314208324.0,314100000.0,314100000.0,11.407,39213000000.0,2499000000.0,92000000.0,2694000000.0,124.842,3510000000.0
29,HES,MRQ,2014-03-31,2014-03-31,2014-03-31,2021-09-07,-276000000.0,41424000000.0,,7048000000.0,34376000000.0,,74.842,-1146000000.0,1288000000.0,1288000000.0,921000000.0,421000000.0,1.178,0.712,5576000000.0,142000000.0,5434000000.0,5576000000.0,0.0,726000000.0,0.0,0.01,0.25,706000000.0,1432000000.0,0.552,1432000000.0,706000000.0,625000000.0,1.21,1.2,1.21,24144000000.0,,24144000000.0,30946038990.0,6.0,4.066,12000000.0,0.037,1.0,1671000000.0,0.645,1984000000.0,81000000.0,37747000000.0,,1055000000.0,485000000.0,0.0,485000000.0,17182000000.0,5981000000.0,11201000000.0,26962038990.0,-526000000.0,0.0,-1043000000.0,-333000000.0,-79000000.0,-1422000000.0,-262000000.0,0.0,1158000000.0,0.0,386000000.0,386000000.0,386000000.0,-57000000.0,35000000.0,0.149,987000000.0,684000000.0,2067000000.0,0.207,1.117,6.478,6.657,29166000000.0,0.0,82.88,2.157,2.139,2808000000.0,20693000000.0,2592000000.0,2592000000.0,119000000.0,,,,,22000000.0,142000000.0,1.0,325314177.0,322600000.0,322600000.0,8.035,39440000000.0,2207000000.0,239000000.0,3047000000.0,122.257,1067000000.0
30,HES,MRQ,2013-12-31,2013-12-31,2013-12-31,2021-09-07,-338000000.0,42754000000.0,,8599000000.0,34155000000.0,,74.079,-1548000000.0,1814000000.0,1814000000.0,981000000.0,1915000000.0,1.311,0.727,5798000000.0,378000000.0,5420000000.0,5798000000.0,0.0,713000000.0,0.0,0.008,0.25,1395000000.0,2108000000.0,0.695,2108000000.0,1395000000.0,1298000000.0,5.79,5.71,5.79,24720000000.0,,24720000000.0,33906738612.0,6.0,3.893,230000000.0,0.689,1.0,2052000000.0,0.677,1869000000.0,97000000.0,38311000000.0,,954000000.0,0.0,0.0,0.0,17970000000.0,6558000000.0,11412000000.0,28018738612.0,1493000000.0,0.0,-993000000.0,-416000000.0,-81000000.0,-1447000000.0,1162000000.0,0.0,1778000000.0,0.0,1925000000.0,1925000000.0,1925000000.0,-997000000.0,-10000000.0,0.635,1664000000.0,388000000.0,2109000000.0,0.043,1.133,5.546,5.53,28771000000.0,0.0,83.0,1.997,2.017,3093000000.0,21235000000.0,3033000000.0,3033000000.0,458000000.0,,,,,8000000.0,204000000.0,1.0,337575164.0,333700000.0,333700000.0,9.089,40885000000.0,2319000000.0,-627000000.0,2812000000.0,122.52,2041000000.0
31,HES,MRQ,2013-09-30,2013-09-30,2013-09-30,2021-09-07,-447000000.0,41896000000.0,,9257000000.0,32639000000.0,,69.237,-1407000000.0,321000000.0,321000000.0,961000000.0,418000000.0,1.337,0.76,6209000000.0,791000000.0,5418000000.0,6209000000.0,0.0,681000000.0,0.0,0.007,0.25,830000000.0,1511000000.0,0.557,1511000000.0,830000000.0,744000000.0,1.24,1.23,1.24,23769000000.0,,23769000000.0,31633656774.0,6.0,3.954,-153000000.0,-0.446,1.0,1753000000.0,0.646,1869000000.0,86000000.0,38992000000.0,,695000000.0,441000000.0,0.0,441000000.0,18054000000.0,6923000000.0,11131000000.0,26558656774.0,-404000000.0,0.0,-500000000.0,372000000.0,-85000000.0,-171000000.0,-1487000000.0,0.0,1254000000.0,0.0,420000000.0,420000000.0,420000000.0,-62000000.0,-2000000.0,0.155,987000000.0,766000000.0,453000000.0,0.202,1.117,7.586,7.501,27414000000.0,0.0,77.34,1.581,1.581,1418000000.0,20279000000.0,2714000000.0,2714000000.0,154000000.0,,,,,18000000.0,152000000.0,1.0,343401303.0,343300000.0,343300000.0,7.906,40027000000.0,2617000000.0,324000000.0,2642000000.0,116.595,2334000000.0
32,HES,MRQ,2013-06-30,2013-06-30,2013-06-30,2021-09-07,-419000000.0,41428000000.0,,9992000000.0,31436000000.0,,69.468,-1466000000.0,725000000.0,725000000.0,1056000000.0,1616000000.0,1.484,0.73,5800000000.0,354000000.0,5446000000.0,5800000000.0,0.0,604000000.0,0.0,0.006,0.1,1955000000.0,2559000000.0,0.615,2559000000.0,1955000000.0,1838000000.0,4.21,4.16,4.21,23897000000.0,,23897000000.0,29757871919.0,5.0,3.56,-219000000.0,-0.637,1.0,3106000000.0,0.746,1869000000.0,117000000.0,37901000000.0,,683000000.0,380000000.0,0.0,380000000.0,17455000000.0,6733000000.0,10722000000.0,22825871919.0,281000000.0,0.0,0.0,-1688000000.0,-34000000.0,-1902000000.0,936000000.0,0.0,1247000000.0,0.0,1431000000.0,1431000000.0,1431000000.0,-16000000.0,185000000.0,0.344,982000000.0,2124000000.0,565000000.0,0.024,0.955,6.274,6.202,26170000000.0,0.0,66.49,1.299,1.301,1640000000.0,20369000000.0,4162000000.0,4162000000.0,200000000.0,,,,,22000000.0,168000000.0,1.0,343297818.0,344000000.0,344000000.0,12.099,39559000000.0,2753000000.0,407000000.0,2464000000.0,114.997,3259000000.0
33,HES,MRQ,2013-03-31,2013-03-31,2013-03-31,2021-09-07,-452000000.0,42379000000.0,,11418000000.0,30961000000.0,,65.435,-1516000000.0,444000000.0,444000000.0,3994000000.0,1273000000.0,1.282,0.886,7376000000.0,1904000000.0,5472000000.0,7376000000.0,0.0,689000000.0,0.0,0.006,0.1,1833000000.0,2522000000.0,0.373,2522000000.0,1833000000.0,1727000000.0,3.76,3.72,3.76,22418000000.0,,22418000000.0,31925792653.0,7.0,4.134,-697000000.0,-2.034,1.0,2766000000.0,0.409,1869000000.0,106000000.0,38536000000.0,,686000000.0,337000000.0,0.0,337000000.0,19854000000.0,8906000000.0,10948000000.0,24456792653.0,-198000000.0,0.0,0.0,-752000000.0,-35000000.0,-756000000.0,-261000000.0,0.0,819000000.0,0.0,1276000000.0,1276000000.0,1276000000.0,-130000000.0,-3000000.0,0.189,1066000000.0,1700000000.0,571000000.0,0.027,1.091,8.874,8.808,25651000000.0,0.0,71.61,1.462,1.466,1567000000.0,18958000000.0,6760000000.0,6760000000.0,219000000.0,,,,,12000000.0,158000000.0,1.0,341527617.0,342600000.0,342600000.0,19.731,40510000000.0,2742000000.0,451000000.0,2961000000.0,118.243,2512000000.0
34,HES,MRQ,2012-12-31,2012-12-31,2012-12-31,2021-09-07,-493000000.0,43441000000.0,,8387000000.0,35054000000.0,,61.975,-1754000000.0,642000000.0,642000000.0,1062000000.0,376000000.0,1.001,1.054,8111000000.0,787000000.0,7324000000.0,8111000000.0,0.0,730000000.0,0.0,0.008,0.1,679000000.0,1409000000.0,0.446,1409000000.0,679000000.0,573000000.0,1.1,1.1,1.1,21090000000.0,,21090000000.0,25401331715.0,6.0,3.714,-184000000.0,-0.541,1.0,2097000000.0,0.664,2208000000.0,106000000.0,40320000000.0,,1259000000.0,443000000.0,0.0,443000000.0,22238000000.0,8382000000.0,13856000000.0,18088331715.0,114000000.0,0.0,0.0,246000000.0,-35000000.0,213000000.0,-1669000000.0,0.0,1570000000.0,0.0,374000000.0,374000000.0,374000000.0,-157000000.0,2000000.0,0.118,1573000000.0,524000000.0,2809000000.0,0.091,0.858,8.933,8.856,28807000000.0,0.0,52.96,1.398,1.393,4057000000.0,17717000000.0,3159000000.0,3159000000.0,362000000.0,,,,,23000000.0,166000000.0,1.0,341547049.0,340300000.0,340300000.0,9.283,41233000000.0,3126000000.0,199000000.0,3622000000.0,121.167,5000000.0
35,HES,MRQ,2012-09-30,2012-09-30,2012-09-30,2021-09-07,-675000000.0,42212000000.0,,8157000000.0,34055000000.0,,60.418,-2135000000.0,528000000.0,528000000.0,1071000000.0,592000000.0,1.039,1.05,7841000000.0,621000000.0,7220000000.0,7841000000.0,0.0,728000000.0,0.0,0.007,0.1,1141000000.0,1869000000.0,0.535,1869000000.0,1141000000.0,1037000000.0,1.65,1.64,1.65,20542000000.0,,20542000000.0,25782048492.0,8.0,4.375,-273000000.0,-0.803,1.0,2423000000.0,0.693,2208000000.0,104000000.0,39469000000.0,,1218000000.0,401000000.0,0.0,401000000.0,21560000000.0,7848000000.0,13712000000.0,18346048492.0,119000000.0,0.0,0.0,-93000000.0,-34000000.0,-126000000.0,-1617000000.0,0.0,1862000000.0,0.0,557000000.0,557000000.0,557000000.0,-82000000.0,35000000.0,0.159,1329000000.0,1094000000.0,2543000000.0,0.061,0.893,12.07,11.991,28144000000.0,0.0,53.72,11.575,11.524,3908000000.0,17377000000.0,3494000000.0,3494000000.0,259000000.0,,,,,23000000.0,134000000.0,1.0,341512444.0,340000000.0,340000000.0,10.276,40004000000.0,2872000000.0,480000000.0,3475000000.0,117.659,309000000.0
36,HES,MRQ,2012-06-30,2012-06-30,2012-06-30,2021-09-07,-779000000.0,40614000000.0,,7925000000.0,32689000000.0,,58.422,-1937000000.0,409000000.0,409000000.0,1009000000.0,535000000.0,1.119,1.039,7845000000.0,299000000.0,7546000000.0,7845000000.0,0.0,746000000.0,0.0,0.009,0.1,1176000000.0,1922000000.0,0.579,1922000000.0,1176000000.0,1071000000.0,1.62,1.61,1.62,19887000000.0,,19887000000.0,21425000644.0,9.0,4.33,-697000000.0,-2.048,1.0,2312000000.0,0.696,2266000000.0,105000000.0,38700000000.0,,1309000000.0,450000000.0,0.0,450000000.0,20655000000.0,7084000000.0,13571000000.0,14843000644.0,13000000.0,0.0,0.0,803000000.0,-34000000.0,766000000.0,-1993000000.0,0.0,1240000000.0,0.0,549000000.0,549000000.0,549000000.0,5000000.0,-14000000.0,0.165,1145000000.0,1167000000.0,2707000000.0,0.062,0.746,11.771,11.68,26556000000.0,0.0,43.45,2.177,2.17,4187000000.0,16854000000.0,3321000000.0,3321000000.0,196000000.0,,,,,24000000.0,144000000.0,1.0,341611062.0,340400000.0,340400000.0,9.756,38348000000.0,2973000000.0,522000000.0,3354000000.0,112.656,841000000.0
37,HES,MRQ,2012-03-31,2012-03-31,2012-03-31,2021-09-07,-1057000000.0,40647000000.0,,8212000000.0,32435000000.0,,56.018,-1856000000.0,396000000.0,396000000.0,943000000.0,560000000.0,1.003,1.127,6978000000.0,38000000.0,6940000000.0,6978000000.0,0.0,662000000.0,0.0,0.007,0.1,977000000.0,1639000000.0,0.554,1639000000.0,977000000.0,873000000.0,1.61,1.6,1.61,19063000000.0,,19063000000.0,25747562210.0,12.0,5.467,-868000000.0,-2.551,1.0,2018000000.0,0.682,2293000000.0,104000000.0,36745000000.0,,1411000000.0,415000000.0,0.0,415000000.0,21490000000.0,8191000000.0,13299000000.0,20041562210.0,45000000.0,0.0,0.0,889000000.0,-68000000.0,829000000.0,-1772000000.0,0.0,988000000.0,0.0,545000000.0,545000000.0,545000000.0,-21000000.0,15000000.0,0.184,1047000000.0,971000000.0,3891000000.0,0.062,1.051,15.195,15.115,26052000000.0,0.0,58.95,1.507,1.508,4743000000.0,16337000000.0,2961000000.0,2961000000.0,253000000.0,,,,,13000000.0,132000000.0,1.0,339975610.0,340300000.0,340300000.0,8.701,38354000000.0,3231000000.0,328000000.0,4086000000.0,112.706,21000000.0
38,HES,MRQ,2011-12-31,2011-12-31,2011-12-31,2021-09-07,-1067000000.0,39136000000.0,,8339000000.0,30797000000.0,,54.427,-2050000000.0,351000000.0,351000000.0,-8903000000.0,-134000000.0,1.03,1.11,6057000000.0,52000000.0,6005000000.0,6057000000.0,0.0,641000000.0,0.0,0.007,0.1,-178000000.0,463000000.0,-0.057,463000000.0,-178000000.0,-271000000.0,-0.4,-0.39,-0.4,18516000000.0,,18516000000.0,24071308640.0,9.0,4.658,-912000000.0,-2.681,1.0,712000000.0,-0.087,2305000000.0,93000000.0,34437000000.0,,1423000000.0,384000000.0,0.0,384000000.0,20544000000.0,8100000000.0,12444000000.0,19306308640.0,-476000000.0,0.0,0.0,458000000.0,0.0,477000000.0,-2091000000.0,0.0,1138000000.0,0.0,-131000000.0,-131000000.0,-131000000.0,-145000000.0,-3000000.0,0.016,1038000000.0,-326000000.0,3712000000.0,-0.25,1.043,11.337,11.248,24712000000.0,0.0,56.8,0.926,0.926,4761000000.0,15826000000.0,-8191000000.0,-8191000000.0,426000000.0,,,,,9000000.0,98000000.0,1.0,339899800.0,340200000.0,340200000.0,-24.077,36831000000.0,2941000000.0,-140000000.0,3655000000.0,108.263,239000000.0
39,HES,MRQ,2011-09-30,2011-09-30,2011-09-30,2021-09-07,-867000000.0,37339000000.0,,7479000000.0,29860000000.0,,55.359,-2434000000.0,827000000.0,827000000.0,7056000000.0,267000000.0,1.132,0.978,5592000000.0,44000000.0,5548000000.0,5592000000.0,0.0,586000000.0,0.0,0.008,0.1,338000000.0,924000000.0,0.106,924000000.0,338000000.0,244000000.0,0.89,0.88,0.89,18833000000.0,,18833000000.0,21177229655.0,6.0,3.67,-1412000000.0,-4.15,1.0,1670000000.0,0.191,2383000000.0,94000000.0,33115000000.0,,1516000000.0,391000000.0,0.0,391000000.0,18425000000.0,6606000000.0,11819000000.0,17830229655.0,-1367000000.0,0.0,0.0,9000000.0,-34000000.0,-69000000.0,-2320000000.0,0.0,1022000000.0,0.0,298000000.0,298000000.0,298000000.0,0.0,-31000000.0,0.034,1363000000.0,307000000.0,3486000000.0,0.112,0.947,9.424,9.335,24167000000.0,0.0,52.46,0.472,0.473,3828000000.0,15991000000.0,8726000000.0,8726000000.0,199000000.0,,,,,29000000.0,177000000.0,1.0,339882380.0,340200000.0,340200000.0,25.65,34956000000.0,2322000000.0,-54000000.0,3975000000.0,102.751,873000000.0
40,HES,MRQ,2011-06-30,2011-06-30,2011-06-30,2021-09-07,-662000000.0,36991000000.0,,8886000000.0,28105000000.0,,55.159,-1375000000.0,2194000000.0,2194000000.0,7687000000.0,569000000.0,1.308,0.963,5541000000.0,35000000.0,5506000000.0,5541000000.0,0.0,588000000.0,0.0,0.005,0.1,1096000000.0,1684000000.0,0.172,1684000000.0,1096000000.0,999000000.0,1.8,1.78,1.8,18776000000.0,,18776000000.0,28983501793.0,6.0,4.214,314000000.0,0.922,1.0,2119000000.0,0.216,2388000000.0,97000000.0,31154000000.0,,1432000000.0,417000000.0,0.0,417000000.0,18087000000.0,6796000000.0,11291000000.0,25399501793.0,226000000.0,0.0,0.0,-14000000.0,-34000000.0,-42000000.0,-1421000000.0,0.0,1689000000.0,0.0,607000000.0,607000000.0,607000000.0,0.0,-38000000.0,0.062,1061000000.0,1058000000.0,3761000000.0,0.056,1.353,9.243,9.04,22528000000.0,0.0,74.76,0.669,0.67,4133000000.0,15725000000.0,9806000000.0,9806000000.0,257000000.0,,,,,28000000.0,174000000.0,1.0,339747215.0,340400000.0,340400000.0,28.807,34603000000.0,2285000000.0,392000000.0,4218000000.0,101.654,2090000000.0
41,HES,MRQ,2011-03-31,2011-03-31,2011-03-31,2021-09-07,-873000000.0,36637000000.0,,9436000000.0,27201000000.0,,52.916,-1082000000.0,1968000000.0,1968000000.0,7854000000.0,974000000.0,1.284,1.032,5552000000.0,35000000.0,5517000000.0,5552000000.0,0.0,558000000.0,0.0,0.005,0.1,1539000000.0,2097000000.0,0.199,2097000000.0,1539000000.0,1440000000.0,2.77,2.74,2.77,17949000000.0,,17949000000.0,32748779264.0,8.0,5.03,53000000.0,0.156,1.0,2661000000.0,0.253,2394000000.0,99000000.0,30476000000.0,,1552000000.0,446000000.0,0.0,446000000.0,18520000000.0,7351000000.0,11169000000.0,28773779264.0,360000000.0,0.0,0.0,-31000000.0,-68000000.0,-41000000.0,-734000000.0,0.0,1135000000.0,0.0,929000000.0,929000000.0,929000000.0,0.0,45000000.0,0.088,1077000000.0,1584000000.0,4304000000.0,0.036,1.603,11.436,11.182,21759000000.0,0.0,85.21,0.801,0.805,4917000000.0,15151000000.0,10515000000.0,10515000000.0,313000000.0,,,,,20000000.0,164000000.0,1.0,337680780.0,339200000.0,339200000.0,30.999,34243000000.0,2123000000.0,511000000.0,4123000000.0,100.952,2085000000.0
42,HES,MRQ,2010-12-31,2010-12-31,2010-12-31,2021-09-07,-1159000000.0,35396000000.0,,8780000000.0,26616000000.0,,50.374,-2341000000.0,1608000000.0,1608000000.0,7044000000.0,83000000.0,1.153,1.114,5583000000.0,46000000.0,5537000000.0,5583000000.0,0.0,633000000.0,0.0,0.005,0.1,432000000.0,1065000000.0,0.123,1065000000.0,432000000.0,332000000.0,0.16,0.16,0.16,16689000000.0,,16689000000.0,28374180893.0,8.0,4.748,-863000000.0,-2.605,1.0,1646000000.0,0.189,2408000000.0,100000000.0,29350000000.0,,1452000000.0,443000000.0,0.0,443000000.0,18587000000.0,7613000000.0,10974000000.0,25143180893.0,-745000000.0,0.0,0.0,5000000.0,0.0,43000000.0,-2266000000.0,0.0,1478000000.0,0.0,58000000.0,58000000.0,58000000.0,0.0,25000000.0,0.007,1189000000.0,457000000.0,4274000000.0,0.625,1.507,11.832,11.739,21127000000.0,0.0,76.54,0.726,0.726,4478000000.0,14254000000.0,8690000000.0,8690000000.0,317000000.0,,,,,28000000.0,197000000.0,1.0,328497268.0,331300000.0,331300000.0,26.23,32988000000.0,2167000000.0,274000000.0,3721000000.0,99.571,1167000000.0
43,HES,MRQ,2010-09-30,2010-09-30,2010-09-30,2021-09-07,-1377000000.0,33485000000.0,,8839000000.0,24646000000.0,,48.016,-1462000000.0,2353000000.0,2353000000.0,6037000000.0,1091000000.0,1.346,1.123,5584000000.0,43000000.0,5541000000.0,5584000000.0,0.0,584000000.0,0.0,0.007,0.1,1448000000.0,2032000000.0,0.227,2032000000.0,1448000000.0,1354000000.0,3.54,3.52,3.54,15730000000.0,,15730000000.0,22379193238.0,6.0,3.561,-216000000.0,-0.659,1.0,2916000000.0,0.326,2045000000.0,94000000.0,28104000000.0,,1682000000.0,775000000.0,0.0,775000000.0,17657000000.0,6567000000.0,11090000000.0,19416193238.0,990000000.0,0.0,0.0,1250000000.0,-33000000.0,1195000000.0,-1451000000.0,0.0,1246000000.0,0.0,1154000000.0,1154000000.0,1154000000.0,0.0,-63000000.0,0.129,1531000000.0,1385000000.0,4071000000.0,0.028,1.234,8.007,7.936,19084000000.0,0.0,59.12,0.563,0.562,3939000000.0,14229000000.0,8953000000.0,8953000000.0,225000000.0,,,,,30000000.0,151000000.0,1.0,328420048.0,327600000.0,327600000.0,27.329,31440000000.0,2470000000.0,200000000.0,3596000000.0,95.971,2272000000.0
44,HES,MRQ,2010-06-30,2010-06-30,2010-06-30,2021-09-07,-1603000000.0,29500000000.0,,8296000000.0,21204000000.0,,43.863,-901000000.0,1363000000.0,1363000000.0,6001000000.0,396000000.0,1.311,1.042,4326000000.0,33000000.0,4293000000.0,4326000000.0,0.0,558000000.0,0.0,0.008,0.1,759000000.0,1317000000.0,0.17,1317000000.0,759000000.0,676000000.0,1.15,1.15,1.15,14365000000.0,,14365000000.0,19493585159.0,6.0,3.58,80000000.0,0.244,1.0,1749000000.0,0.226,1218000000.0,83000000.0,24915000000.0,,1628000000.0,864000000.0,0.0,864000000.0,14970000000.0,6330000000.0,8640000000.0,16528585159.0,-7000000.0,0.0,0.0,-15000000.0,-32000000.0,-68000000.0,-920000000.0,0.0,981000000.0,0.0,375000000.0,375000000.0,375000000.0,0.0,21000000.0,0.048,969000000.0,780000000.0,3855000000.0,0.087,1.151,10.253,10.149,16535000000.0,0.0,50.34,0.502,0.501,3871000000.0,13105000000.0,7750000000.0,7750000000.0,172000000.0,,,,,30000000.0,159000000.0,1.0,328338998.0,327500000.0,327500000.0,23.664,28282000000.0,2316000000.0,301000000.0,2565000000.0,86.357,1966000000.0
45,HES,MRQ,2010-03-31,2010-03-31,2010-03-31,2021-09-07,-1749000000.0,29949000000.0,,8780000000.0,21169000000.0,,42.37,-788000000.0,1370000000.0,1370000000.0,7270000000.0,568000000.0,1.225,1.149,4335000000.0,32000000.0,4303000000.0,4335000000.0,0.0,542000000.0,0.0,0.006,0.1,1020000000.0,1562000000.0,0.169,1562000000.0,1020000000.0,936000000.0,1.66,1.65,1.66,13855000000.0,,13855000000.0,23573204474.0,9.0,4.718,37000000.0,0.113,1.0,1950000000.0,0.211,1218000000.0,84000000.0,24531000000.0,,1405000000.0,847000000.0,0.0,847000000.0,15922000000.0,7165000000.0,8757000000.0,20468204474.0,8000000.0,0.0,0.0,-142000000.0,-66000000.0,-195000000.0,-622000000.0,0.0,825000000.0,0.0,538000000.0,538000000.0,538000000.0,0.0,30000000.0,0.058,900000000.0,1050000000.0,4501000000.0,0.06,1.477,15.309,15.182,16536000000.0,0.0,62.55,0.641,0.641,4503000000.0,12761000000.0,9220000000.0,9220000000.0,151000000.0,,,,,24000000.0,155000000.0,1.0,327229488.0,327000000.0,327000000.0,28.196,28731000000.0,2283000000.0,398000000.0,2798000000.0,87.862,1615000000.0
46,HES,MRQ,2009-12-31,2009-12-31,2009-12-31,2021-09-07,-1675000000.0,29465000000.0,,7987000000.0,21478000000.0,,40.98,-925000000.0,1362000000.0,1362000000.0,6763000000.0,370000000.0,1.166,1.191,4467000000.0,148000000.0,4319000000.0,4467000000.0,0.0,584000000.0,0.0,0.007,0.1,790000000.0,1374000000.0,0.161,1374000000.0,790000000.0,699000000.0,1.1,1.1,1.1,13384000000.0,,13384000000.0,23209821999.0,13.0,5.781,346000000.0,1.059,1.0,1795000000.0,0.21,1225000000.0,91000000.0,24495000000.0,,1438000000.0,913000000.0,0.0,913000000.0,15937000000.0,6850000000.0,9087000000.0,19787821999.0,405000000.0,0.0,0.0,88000000.0,0.0,91000000.0,-957000000.0,0.0,1271000000.0,0.0,358000000.0,358000000.0,358000000.0,0.0,12000000.0,0.042,993000000.0,802000000.0,4223000000.0,0.091,1.478,26.74,26.535,16627000000.0,0.0,60.5,0.669,0.667,3650000000.0,12251000000.0,8558000000.0,8558000000.0,157000000.0,,,,,29000000.0,203000000.0,1.0,327071438.0,326600000.0,326600000.0,26.203,28240000000.0,2409000000.0,341000000.0,2747000000.0,86.467,1137000000.0
47,HES,MRQ,2009-09-30,2009-09-30,2009-09-30,2021-09-07,-1827000000.0,28437000000.0,,6926000000.0,21511000000.0,,39.491,-604000000.0,957000000.0,957000000.0,5769000000.0,352000000.0,1.071,1.199,4379000000.0,136000000.0,4243000000.0,4379000000.0,0.0,572000000.0,0.0,0.007,0.1,620000000.0,1192000000.0,0.161,1192000000.0,620000000.0,523000000.0,1.05,1.05,1.05,12874000000.0,,12874000000.0,20734212376.0,19.0,6.308,-70000000.0,-0.215,1.0,1615000000.0,0.219,1225000000.0,97000000.0,24166000000.0,,1424000000.0,975000000.0,0.0,975000000.0,15430000000.0,6468000000.0,8962000000.0,17484212376.0,-106000000.0,0.0,0.0,1000000.0,-33000000.0,-30000000.0,-610000000.0,0.0,534000000.0,0.0,341000000.0,341000000.0,341000000.0,0.0,11000000.0,0.046,984000000.0,631000000.0,4248000000.0,0.095,1.358,56.767,57.484,16646000000.0,0.0,53.46,0.619,0.617,3552000000.0,11926000000.0,7384000000.0,7384000000.0,167000000.0,,,,,31000000.0,148000000.0,1.0,327052233.0,326000000.0,326000000.0,22.65,27212000000.0,2327000000.0,182000000.0,2662000000.0,83.472,458000000.0
48,HES,MRQ,2009-06-30,2009-06-30,2009-06-30,2021-09-07,-2100000000.0,28916000000.0,,7508000000.0,21408000000.0,,37.627,-685000000.0,1063000000.0,1063000000.0,5394000000.0,102000000.0,0.986,1.349,4313000000.0,135000000.0,4178000000.0,4313000000.0,0.0,558000000.0,0.0,0.007,0.1,310000000.0,868000000.0,0.128,868000000.0,310000000.0,215000000.0,0.31,0.31,0.31,12259000000.0,,12259000000.0,20749300186.0,10.0,4.988,-69000000.0,-0.212,1.0,1361000000.0,0.201,1225000000.0,95000000.0,23328000000.0,,1358000000.0,1013000000.0,0.0,1013000000.0,16538000000.0,7613000000.0,8925000000.0,17578300186.0,-94000000.0,0.0,0.0,-15000000.0,-33000000.0,-43000000.0,-667000000.0,0.0,616000000.0,0.0,100000000.0,100000000.0,100000000.0,0.0,2000000.0,0.015,1049000000.0,312000000.0,5331000000.0,0.323,1.434,23.69,23.575,16421000000.0,0.0,53.75,0.545,0.543,4097000000.0,11617000000.0,6755000000.0,6755000000.0,312000000.0,,,,,28000000.0,136000000.0,1.0,327038143.0,325800000.0,325800000.0,20.734,27691000000.0,2413000000.0,115000000.0,2703000000.0,84.994,-105000000.0
49,HES,MRQ,2009-03-31,2009-03-31,2009-03-31,2021-09-07,-2238000000.0,28433000000.0,,7137000000.0,21296000000.0,,37.168,-704000000.0,1157000000.0,1157000000.0,5848000000.0,-17000000.0,0.959,1.356,4328000000.0,135000000.0,4193000000.0,4328000000.0,0.0,486000000.0,0.0,0.007,0.1,95000000.0,581000000.0,0.085,581000000.0,95000000.0,18000000.0,-0.18,-0.18,-0.18,12020000000.0,,12020000000.0,20723394508.0,6.0,3.733,-79000000.0,-0.244,1.0,1024000000.0,0.149,1225000000.0,77000000.0,22935000000.0,,1102000000.0,1084000000.0,0.0,1084000000.0,16302000000.0,7444000000.0,8858000000.0,17676394508.0,249000000.0,0.0,0.0,373000000.0,-65000000.0,314000000.0,-690000000.0,0.0,625000000.0,0.0,-59000000.0,-59000000.0,-59000000.0,0.0,42000000.0,-0.009,887000000.0,137000000.0,5089000000.0,-0.556,1.471,11.463,11.339,16356000000.0,0.0,54.2,0.475,0.471,3899000000.0,11550000000.0,6872000000.0,6872000000.0,193000000.0,,,,,40000000.0,160000000.0,1.0,326132740.0,323400000.0,323400000.0,21.249,27208000000.0,2298000000.0,77000000.0,2890000000.0,84.131,-307000000.0
50,HES,MRQ,2008-12-31,2008-12-31,2008-12-31,2021-09-07,-2008000000.0,28589000000.0,,7332000000.0,21257000000.0,,37.74,-1156000000.0,908000000.0,908000000.0,6071000000.0,-80000000.0,0.949,1.316,3955000000.0,143000000.0,3812000000.0,3955000000.0,0.0,568000000.0,0.0,0.007,0.1,78000000.0,646000000.0,0.089,646000000.0,78000000.0,11000000.0,-0.25,-0.23,-0.25,12307000000.0,,12307000000.0,20042302968.0,4.0,2.877,-663000000.0,-2.033,1.0,1177000000.0,0.162,1225000000.0,67000000.0,22681000000.0,,1308000000.0,1127000000.0,0.0,1127000000.0,16198000000.0,7730000000.0,8468000000.0,17490302968.0,-472000000.0,0.0,0.0,16000000.0,0.0,247000000.0,-1212000000.0,0.0,493000000.0,0.0,-74000000.0,-74000000.0,-74000000.0,0.0,-6000000.0,-0.01,1105000000.0,72000000.0,5045000000.0,-0.4,1.421,7.411,7.298,16271000000.0,0.0,53.64,0.426,0.426,4059000000.0,11642000000.0,7248000000.0,7248000000.0,258000000.0,,,,,119000000.0,194000000.0,1.0,326068288.0,326100000.0,326100000.0,22.226,27364000000.0,2292000000.0,85000000.0,2878000000.0,83.913,-398000000.0
51,HES,MRQ,2008-09-30,2008-09-30,2008-09-30,2021-09-07,-1918000000.0,29578000000.0,,8166000000.0,21412000000.0,,37.358,-1277000000.0,1380000000.0,1380000000.0,8933000000.0,774000000.0,0.932,1.418,3932000000.0,39000000.0,3893000000.0,3932000000.0,0.0,497000000.0,0.0,0.005,0.1,1568000000.0,2065000000.0,0.181,2065000000.0,1568000000.0,1500000000.0,2.4,2.37,2.4,12231000000.0,,12231000000.0,29169560494.0,5.0,3.643,3000000.0,0.009,1.0,2453000000.0,0.215,1225000000.0,68000000.0,22145000000.0,,1817000000.0,1108000000.0,0.0,1108000000.0,17347000000.0,8760000000.0,8587000000.0,26703560494.0,-99000000.0,0.0,0.0,-13000000.0,-33000000.0,-113000000.0,-1266000000.0,0.0,1280000000.0,0.0,775000000.0,775000000.0,775000000.0,0.0,-1000000.0,0.068,886000000.0,1567000000.0,6108000000.0,0.042,2.183,9.071,8.902,16656000000.0,0.0,82.08,0.615,0.619,4652000000.0,11749000000.0,11386000000.0,11386000000.0,157000000.0,,,,,0.0,170000000.0,1.0,325335776.0,327400000.0,327400000.0,34.777,28353000000.0,2109000000.0,725000000.0,3400000000.0,86.6,-594000000.0
52,HES,MRQ,2008-06-30,2008-06-30,2008-06-30,2021-09-07,-2268000000.0,30739000000.0,,9692000000.0,21047000000.0,,34.034,-1156000000.0,1479000000.0,1479000000.0,9098000000.0,911000000.0,0.863,1.769,3945000000.0,68000000.0,3877000000.0,3945000000.0,0.0,482000000.0,0.0,0.003,0.1,1777000000.0,2259000000.0,0.193,2259000000.0,1777000000.0,1712000000.0,2.81,2.76,2.81,11102000000.0,,11102000000.0,43812444804.0,8.0,6.099,576000000.0,1.766,1.0,2631000000.0,0.224,1225000000.0,65000000.0,20743000000.0,,1473000000.0,1038000000.0,0.0,1038000000.0,19637000000.0,11237000000.0,8400000000.0,40754444804.0,577000000.0,0.0,-31000000.0,-15000000.0,-33000000.0,-24000000.0,-1131000000.0,0.0,1732000000.0,0.0,900000000.0,900000000.0,900000000.0,0.0,11000000.0,0.077,843000000.0,1788000000.0,7804000000.0,0.036,3.671,15.895,15.618,15754000000.0,0.0,126.19,1.031,1.042,6266000000.0,11007000000.0,11729000000.0,11729000000.0,158000000.0,,,,,0.0,156000000.0,1.0,322960970.0,326200000.0,326200000.0,35.956,29514000000.0,2704000000.0,812000000.0,3798000000.0,90.478,-1545000000.0
53,HES,MRQ,2008-03-31,2008-03-31,2008-03-31,2021-09-07,-1652000000.0,27013000000.0,,7294000000.0,19719000000.0,,33.215,-849000000.0,902000000.0,902000000.0,8362000000.0,752000000.0,0.918,1.512,3960000000.0,64000000.0,3896000000.0,3960000000.0,0.0,452000000.0,0.0,0.005,0.1,1544000000.0,1996000000.0,0.187,1996000000.0,1544000000.0,1477000000.0,2.39,2.34,2.39,10755000000.0,,10755000000.0,31643471405.0,7.0,4.949,334000000.0,1.032,1.0,2338000000.0,0.219,1225000000.0,67000000.0,20900000000.0,,1177000000.0,1082000000.0,0.0,1082000000.0,16258000000.0,7946000000.0,8312000000.0,28270471405.0,295000000.0,0.0,31000000.0,-20000000.0,-64000000.0,-53000000.0,-835000000.0,0.0,1183000000.0,0.0,759000000.0,759000000.0,759000000.0,0.0,-7000000.0,0.071,801000000.0,1537000000.0,5387000000.0,0.042,2.629,12.729,12.508,15132000000.0,0.0,88.18,0.8,0.808,4850000000.0,10139000000.0,10700000000.0,10700000000.0,152000000.0,,,,,0.0,152000000.0,1.0,320599585.0,323800000.0,323800000.0,33.045,25788000000.0,1965000000.0,718000000.0,3254000000.0,79.642,-652000000.0
54,HES,MRQ,2007-12-31,2007-12-31,2007-12-31,2021-09-07,-1841000000.0,26131000000.0,,6926000000.0,19205000000.0,,30.411,-805000000.0,607000000.0,607000000.0,7316000000.0,631000000.0,0.863,1.674,3980000000.0,62000000.0,3918000000.0,3980000000.0,0.0,530000000.0,0.0,0.004,0.1,1158000000.0,1688000000.0,0.176,1688000000.0,1158000000.0,1087000000.0,1.62,1.59,1.62,9774000000.0,,9774000000.0,35639657205.0,9.0,6.438,121000000.0,0.376,1.0,2264000000.0,0.236,1225000000.0,71000000.0,20255000000.0,,1250000000.0,1117000000.0,0.0,1117000000.0,16357000000.0,8024000000.0,8333000000.0,32219657205.0,42000000.0,0.0,-81000000.0,-5000000.0,0.0,-96000000.0,-788000000.0,61000000.0,926000000.0,0.0,510000000.0,510000000.0,510000000.0,0.0,121000000.0,0.053,985000000.0,1279000000.0,5741000000.0,0.062,3.296,17.587,17.212,14634000000.0,0.0,100.86,1.007,1.006,4527000000.0,9412000000.0,9580000000.0,9580000000.0,201000000.0,,,,,87000000.0,208000000.0,1.0,319449308.0,321400000.0,321400000.0,29.807,24906000000.0,1873000000.0,577000000.0,2945000000.0,77.492,-1098000000.0
55,HES,MRQ,2007-09-30,2007-09-30,2007-09-30,2021-09-07,-1574000000.0,23936000000.0,,5269000000.0,18667000000.0,,29.725,-735000000.0,565000000.0,565000000.0,5954000000.0,395000000.0,0.823,1.517,3985000000.0,46000000.0,3939000000.0,3985000000.0,0.0,365000000.0,0.0,0.006,0.1,876000000.0,1241000000.0,0.165,1241000000.0,876000000.0,817000000.0,1.26,1.23,1.26,9509000000.0,,9509000000.0,24664968108.0,7.0,4.842,128000000.0,0.4,1.0,1550000000.0,0.207,1225000000.0,59000000.0,19729000000.0,,1341000000.0,1191000000.0,0.0,1191000000.0,14427000000.0,6402000000.0,8025000000.0,21155968108.0,83000000.0,0.0,-4000000.0,-6000000.0,-32000000.0,-42000000.0,-738000000.0,0.0,863000000.0,0.0,395000000.0,395000000.0,395000000.0,0.0,0.0,0.053,674000000.0,876000000.0,4440000000.0,0.079,2.225,12.646,12.23,14273000000.0,0.0,66.53,0.714,0.718,3076000000.0,8933000000.0,7504000000.0,7504000000.0,131000000.0,,,,,0.0,133000000.0,1.0,317991404.0,319900000.0,319900000.0,23.457,22711000000.0,1634000000.0,422000000.0,2768000000.0,70.994,-1133000000.0
56,HES,MRQ,2007-06-30,2007-06-30,2007-06-30,2021-09-07,-1615000000.0,23237000000.0,,5013000000.0,18224000000.0,,28.522,-932000000.0,482000000.0,482000000.0,5808000000.0,557000000.0,0.806,1.557,3991000000.0,30000000.0,3961000000.0,3991000000.0,0.0,354000000.0,0.0,0.007,0.1,1115000000.0,1469000000.0,0.195,1469000000.0,1115000000.0,1053000000.0,1.78,1.75,1.78,9087000000.0,,9087000000.0,22598661648.0,6.0,4.38,267000000.0,0.838,1.0,1738000000.0,0.23,1225000000.0,62000000.0,19303000000.0,,980000000.0,1244000000.0,0.0,1244000000.0,14150000000.0,6218000000.0,7932000000.0,18706661648.0,233000000.0,0.0,38000000.0,-150000000.0,-32000000.0,-144000000.0,-822000000.0,0.0,1199000000.0,0.0,557000000.0,557000000.0,557000000.0,0.0,0.0,0.074,623000000.0,1115000000.0,4255000000.0,0.056,2.059,11.976,11.317,13754000000.0,0.0,58.96,0.639,0.642,3266000000.0,8570000000.0,7546000000.0,7546000000.0,90000000.0,,,,,0.0,142000000.0,1.0,317277165.0,318600000.0,318600000.0,23.685,22012000000.0,1646000000.0,496000000.0,2770000000.0,69.09,-1205000000.0
57,HES,MRQ,2007-03-31,2007-03-31,2007-03-31,2021-09-07,-1505000000.0,22727000000.0,,5227000000.0,17500000000.0,,27.145,-1106000000.0,249000000.0,249000000.0,5979000000.0,370000000.0,0.845,1.639,4141000000.0,30000000.0,4111000000.0,4141000000.0,0.0,327000000.0,0.0,0.007,0.1,811000000.0,1138000000.0,0.154,1138000000.0,811000000.0,747000000.0,1.19,1.17,1.19,8613000000.0,,8613000000.0,20863045742.0,5.0,4.079,-467000000.0,-1.472,1.0,1395000000.0,0.189,1225000000.0,64000000.0,19209000000.0,,1039000000.0,1234000000.0,0.0,1234000000.0,14114000000.0,6185000000.0,7929000000.0,17474045742.0,-134000000.0,0.0,47000000.0,369000000.0,-63000000.0,353000000.0,-1126000000.0,0.0,639000000.0,0.0,370000000.0,370000000.0,370000000.0,0.0,0.0,0.05,584000000.0,811000000.0,4270000000.0,0.084,2.029,11.208,10.197,13143000000.0,0.0,55.47,0.61,0.615,3457000000.0,8046000000.0,7374000000.0,7374000000.0,93000000.0,,,,,0.0,131000000.0,1.0,315017951.0,317300000.0,317300000.0,23.24,21502000000.0,1532000000.0,377000000.0,2636000000.0,67.766,-958000000.0
58,HES,MRQ,2006-12-31,2006-12-31,2006-12-31,2021-09-07,-1564000000.0,22442000000.0,,5848000000.0,16594000000.0,,25.757,-961000000.0,383000000.0,383000000.0,5670000000.0,359000000.0,0.868,1.755,3772000000.0,27000000.0,3745000000.0,3772000000.0,0.0,353000000.0,0.0,0.008,0.1,893000000.0,1246000000.0,0.173,1246000000.0,893000000.0,842000000.0,1.21,1.13,1.21,8147000000.0,,8147000000.0,17165997847.0,4.0,3.138,-182000000.0,-0.575,1.0,1536000000.0,0.213,1253000000.0,51000000.0,17839000000.0,,1005000000.0,1243000000.0,0.0,1243000000.0,14295000000.0,6739000000.0,7556000000.0,13936997847.0,-163000000.0,0.0,-35000000.0,-3000000.0,-13000000.0,-11000000.0,-931000000.0,15000000.0,779000000.0,0.0,359000000.0,351000000.0,351000000.0,0.0,0.0,0.049,643000000.0,893000000.0,4803000000.0,0.083,1.711,7.429,7.344,12308000000.0,8000000.0,49.57,0.485,0.545,3659000000.0,7707000000.0,7206000000.0,7206000000.0,140000000.0,,,,,0.0,117000000.0,1.0,281157915.0,316300000.0,316300000.0,22.782,21189000000.0,1430000000.0,483000000.0,2548000000.0,66.99,-891000000.0
59,HES,MRQ,2006-09-30,2006-09-30,2006-09-30,2021-09-07,-1602000000.0,21627000000.0,,5255000000.0,16372000000.0,,24.462,-788000000.0,546000000.0,546000000.0,5452000000.0,296000000.0,0.823,1.798,3775000000.0,29000000.0,3746000000.0,3775000000.0,0.0,323000000.0,0.0,0.01,0.1,984000000.0,1307000000.0,0.183,1307000000.0,984000000.0,935000000.0,1.03,0.94,1.03,7730000000.0,,7730000000.0,14907400879.0,4.0,2.85,40000000.0,0.127,1.0,1675000000.0,0.235,1249000000.0,49000000.0,17220000000.0,,1234000000.0,1179000000.0,0.0,1179000000.0,13897000000.0,6387000000.0,7510000000.0,11619400879.0,60000000.0,0.0,20000000.0,1000000.0,-40000000.0,-19000000.0,-749000000.0,30000000.0,828000000.0,0.0,296000000.0,284000000.0,284000000.0,0.0,0.0,0.04,691000000.0,984000000.0,4626000000.0,0.097,1.503,5.962,5.842,11942000000.0,12000000.0,41.42,0.406,0.457,3229000000.0,7351000000.0,7127000000.0,7127000000.0,221000000.0,,,,,0.0,115000000.0,1.0,280526337.0,316000000.0,316000000.0,22.554,20378000000.0,1501000000.0,639000000.0,2611000000.0,64.487,-1132000000.0
60,HES,MRQ,2006-06-30,2006-06-30,2006-06-30,2021-09-07,-1880000000.0,21244000000.0,,4993000000.0,16251000000.0,,22.688,-759000000.0,486000000.0,486000000.0,5252000000.0,566000000.0,0.733,1.968,3774000000.0,95000000.0,3679000000.0,3774000000.0,0.0,282000000.0,0.0,0.008,0.1,1142000000.0,1424000000.0,0.206,1424000000.0,1142000000.0,1098000000.0,2.01,1.79,2.01,7158000000.0,,7158000000.0,18089549771.0,5.0,3.773,-73000000.0,-0.231,1.0,1667000000.0,0.241,1249000000.0,44000000.0,16472000000.0,,1148000000.0,1239000000.0,0.0,1239000000.0,14086000000.0,6811000000.0,7275000000.0,14818549771.0,-18000000.0,0.0,8000000.0,-1000000.0,-39000000.0,-32000000.0,-672000000.0,0.0,686000000.0,0.0,566000000.0,554000000.0,554000000.0,0.0,0.0,0.08,525000000.0,1142000000.0,4864000000.0,0.05,2.07,7.698,7.539,11682000000.0,12000000.0,52.85,0.539,0.607,3046000000.0,7094000000.0,6919000000.0,6919000000.0,79000000.0,,,,,0.0,134000000.0,1.0,280388832.0,315500000.0,315500000.0,21.93,19995000000.0,1591000000.0,532000000.0,2717000000.0,63.376,-1818000000.0
61,HES,MRQ,2006-03-31,2006-03-31,2006-03-31,2021-09-07,-1728000000.0,19885000000.0,,4579000000.0,15306000000.0,,21.471,-1336000000.0,504000000.0,504000000.0,5725000000.0,699000000.0,0.742,1.942,3775000000.0,107000000.0,3668000000.0,3775000000.0,0.0,266000000.0,0.0,0.008,0.1,1228000000.0,1494000000.0,0.2,1494000000.0,1228000000.0,1171000000.0,2.5,2.22,2.5,6759000000.0,,6759000000.0,16722544146.0,5.0,4.007,-138000000.0,-0.438,1.0,1741000000.0,0.233,1246000000.0,57000000.0,15742000000.0,,668000000.0,1136000000.0,0.0,1136000000.0,13126000000.0,6168000000.0,6958000000.0,13252544146.0,189000000.0,0.0,7000000.0,-10000000.0,-69000000.0,-72000000.0,-937000000.0,31000000.0,1198000000.0,0.0,699000000.0,687000000.0,687000000.0,0.0,0.0,0.092,513000000.0,1228000000.0,4497000000.0,0.04,1.961,7.993,7.833,10970000000.0,12000000.0,47.467,0.517,0.583,3102000000.0,6570000000.0,7466000000.0,7466000000.0,112000000.0,,,,,0.0,106000000.0,1.0,279196857.0,314800000.0,314800000.0,23.717,18639000000.0,1553000000.0,472000000.0,2430000000.0,59.209,-1589000000.0
62,HES,MRQ,2005-12-31,2005-12-31,2005-12-31,2021-09-07,-1526000000.0,19115000000.0,,5290000000.0,13825000000.0,,20.006,-725000000.0,315000000.0,315000000.0,5890000000.0,436000000.0,0.821,2.041,3785000000.0,26000000.0,3759000000.0,3785000000.0,0.0,258000000.0,0.0,0.009,0.1,748000000.0,1006000000.0,0.141,1006000000.0,748000000.0,693000000.0,1.55,1.39,1.55,6286000000.0,,6286000000.0,14826675746.0,6.0,4.298,-436000000.0,-1.388,1.0,1251000000.0,0.175,977000000.0,55000000.0,15161000000.0,,855000000.0,1389000000.0,0.0,1389000000.0,12829000000.0,6447000000.0,6382000000.0,11798675746.0,-444000000.0,0.0,1000000.0,-2000000.0,-12000000.0,-13000000.0,-720000000.0,0.0,289000000.0,0.0,436000000.0,424000000.0,424000000.0,0.0,0.0,0.059,503000000.0,748000000.0,4995000000.0,0.065,1.877,10.016,9.785,9512000000.0,12000000.0,42.273,0.507,0.567,3517000000.0,5914000000.0,7141000000.0,7141000000.0,87000000.0,,,,,0.0,103000000.0,1.0,279104457.0,314200000.0,314200000.0,22.728,18138000000.0,1544000000.0,257000000.0,1798000000.0,57.728,-1157000000.0
63,HES,MRQ,2005-09-30,2005-09-30,2005-09-30,2021-09-07,-1861000000.0,18855000000.0,,5463000000.0,13392000000.0,,17.637,-657000000.0,759000000.0,759000000.0,4882000000.0,272000000.0,0.762,2.413,3787000000.0,78000000.0,3709000000.0,3787000000.0,0.0,252000000.0,0.0,0.009,0.1,618000000.0,870000000.0,0.146,870000000.0,618000000.0,564000000.0,0.95,0.87,0.95,5524000000.0,,5524000000.0,15641942562.0,7.0,4.948,-173000000.0,-0.552,1.0,1074000000.0,0.18,977000000.0,54000000.0,13736000000.0,,918000000.0,1302000000.0,0.0,1302000000.0,13331000000.0,7170000000.0,6161000000.0,12771942562.0,-157000000.0,0.0,9000000.0,1000000.0,-40000000.0,-30000000.0,-611000000.0,30000000.0,484000000.0,0.0,272000000.0,260000000.0,260000000.0,0.0,0.0,0.044,456000000.0,618000000.0,5760000000.0,0.105,2.312,13.153,12.828,9143000000.0,12000000.0,45.833,0.614,0.69,3082000000.0,5502000000.0,5956000000.0,5956000000.0,91000000.0,,,,,0.0,83000000.0,1.0,278660565.0,313200000.0,313200000.0,19.017,17878000000.0,1568000000.0,292000000.0,1821000000.0,57.082,-1707000000.0
64,HES,MRQ,2005-06-30,2005-06-30,2005-06-30,2021-09-07,-1867000000.0,17459000000.0,,4490000000.0,12969000000.0,,16.925,-492000000.0,916000000.0,916000000.0,4068000000.0,299000000.0,0.736,2.315,3786000000.0,25000000.0,3761000000.0,3786000000.0,0.0,261000000.0,0.0,0.011,0.1,542000000.0,803000000.0,0.158,803000000.0,542000000.0,488000000.0,1.06,0.96,1.06,5267000000.0,,5267000000.0,12824756097.0,7.0,4.431,114000000.0,0.366,1.0,1014000000.0,0.2,977000000.0,54000000.0,13249000000.0,,687000000.0,1344000000.0,0.0,1344000000.0,12192000000.0,6103000000.0,6089000000.0,9832756097.0,82000000.0,-3000000.0,36000000.0,-40000000.0,-40000000.0,-44000000.0,-480000000.0,10000000.0,606000000.0,0.0,299000000.0,287000000.0,287000000.0,0.0,0.0,0.056,472000000.0,542000000.0,4784000000.0,0.094,1.867,11.212,10.958,8780000000.0,12000000.0,35.503,0.524,0.588,2417000000.0,5270000000.0,5082000000.0,5082000000.0,87000000.0,,,,,0.0,86000000.0,1.0,276953040.0,311200000.0,311200000.0,16.33,16482000000.0,1498000000.0,189000000.0,1699000000.0,52.963,-1613000000.0
65,HES,MRQ,2005-03-31,2005-03-31,2005-03-31,2021-09-07,-1799000000.0,16916000000.0,,4412000000.0,12504000000.0,,16.234,-467000000.0,834000000.0,834000000.0,4050000000.0,219000000.0,0.759,2.366,3826000000.0,50000000.0,3776000000.0,3826000000.0,0.0,254000000.0,0.0,0.012,0.1,517000000.0,771000000.0,0.152,771000000.0,517000000.0,456000000.0,0.763,0.707,0.763,5026000000.0,,5026000000.0,11781917468.0,6.0,4.15,-6000000.0,-0.019,1.0,1020000000.0,0.201,977000000.0,61000000.0,13121000000.0,,578000000.0,1246000000.0,10000000.0,1236000000.0,11890000000.0,5810000000.0,6080000000.0,8823917468.0,-43000000.0,3000000.0,16000000.0,-9000000.0,-67000000.0,-60000000.0,-444000000.0,20000000.0,461000000.0,0.0,219000000.0,207000000.0,207000000.0,0.0,0.0,0.041,503000000.0,517000000.0,4362000000.0,0.131,1.756,10.189,9.969,8578000000.0,12000000.0,32.07,0.5,0.563,2548000000.0,5010000000.0,5070000000.0,5070000000.0,133000000.0,,,,,0.0,85000000.0,1.0,275145540.0,309600000.0,309600000.0,16.376,15939000000.0,1354000000.0,237000000.0,1762000000.0,51.483,-1398000000.0
66,HES,MRQ,2004-12-31,2004-12-31,2004-12-31,2021-09-07,-1024000000.0,16312000000.0,,4335000000.0,11977000000.0,,18.113,-429000000.0,877000000.0,877000000.0,3760000000.0,229000000.0,0.923,1.914,3835000000.0,50000000.0,3785000000.0,3835000000.0,0.0,275000000.0,0.0,0.015,0.1,442000000.0,717000000.0,0.153,717000000.0,442000000.0,380000000.0,0.8,0.743,0.8,5597000000.0,,5597000000.0,10449339540.0,6.0,3.764,-175000000.0,-0.566,1.0,937000000.0,0.199,977000000.0,62000000.0,13596000000.0,,596000000.0,1328000000.0,0.0,1328000000.0,10715000000.0,4697000000.0,6018000000.0,7550339540.0,-60000000.0,-57000000.0,5000000.0,0.0,-12000000.0,-7000000.0,-307000000.0,119000000.0,254000000.0,0.0,229000000.0,217000000.0,217000000.0,0.0,0.0,0.046,495000000.0,442000000.0,3280000000.0,0.125,1.349,8.127,7.936,8505000000.0,12000000.0,27.46,0.441,0.491,2372000000.0,4831000000.0,4697000000.0,4697000000.0,83000000.0,,,,,0.0,89000000.0,1.0,274957740.0,309000000.0,309000000.0,15.201,15335000000.0,834000000.0,151000000.0,1631000000.0,49.628,-362000000.0
67,HES,MRQ,2004-09-30,2004-09-30,2004-09-30,2021-09-07,-1162000000.0,15735000000.0,,4078000000.0,11657000000.0,,17.126,-356000000.0,937000000.0,937000000.0,3130000000.0,178000000.0,0.893,1.991,3836000000.0,50000000.0,3786000000.0,3836000000.0,0.0,230000000.0,0.0,0.013,0.1,373000000.0,603000000.0,0.153,603000000.0,373000000.0,311000000.0,0.617,0.58,0.617,5261000000.0,,5261000000.0,11399791970.0,7.0,4.591,461000000.0,1.501,1.0,800000000.0,0.204,977000000.0,62000000.0,13089000000.0,,529000000.0,1426000000.0,119000000.0,1307000000.0,10474000000.0,4568000000.0,5906000000.0,8111791970.0,336000000.0,13000000.0,33000000.0,-54000000.0,-39000000.0,-60000000.0,-421000000.0,-78000000.0,817000000.0,0.0,178000000.0,166000000.0,166000000.0,0.0,0.0,0.042,427000000.0,373000000.0,3168000000.0,0.162,1.542,10.467,10.23,8274000000.0,12000000.0,29.667,0.506,0.568,2065000000.0,4642000000.0,3930000000.0,3930000000.0,64000000.0,,,,,0.0,81000000.0,1.0,273431190.0,307200000.0,307200000.0,12.793,14758000000.0,817000000.0,133000000.0,1601000000.0,48.04,-490000000.0
68,HES,MRQ,2004-06-30,2004-06-30,2004-06-30,2021-09-07,-676000000.0,14546000000.0,,3296000000.0,11250000000.0,,18.3,-372000000.0,601000000.0,601000000.0,2989000000.0,288000000.0,1.04,1.613,3889000000.0,104000000.0,3785000000.0,3889000000.0,0.0,239000000.0,0.0,0.015,0.1,509000000.0,748000000.0,0.19,748000000.0,509000000.0,449000000.0,1.037,0.947,1.037,5567000000.0,,5567000000.0,10564599067.0,7.0,4.346,66000000.0,0.217,1.0,947000000.0,0.241,977000000.0,60000000.0,13687000000.0,,463000000.0,1361000000.0,10000000.0,1351000000.0,8979000000.0,3170000000.0,5809000000.0,7128599067.0,109000000.0,-4000000.0,41000000.0,-39000000.0,-39000000.0,-37000000.0,-292000000.0,84000000.0,438000000.0,0.0,288000000.0,276000000.0,276000000.0,-7000000.0,0.0,0.07,445000000.0,502000000.0,1951000000.0,0.096,1.281,9.442,9.318,8144000000.0,12000000.0,26.397,0.463,0.521,1948000000.0,4503000000.0,3936000000.0,3936000000.0,63000000.0,,,,,0.0,96000000.0,1.0,270056790.0,304200000.0,304200000.0,12.939,13569000000.0,643000000.0,161000000.0,1505000000.0,44.606,126000000.0
69,HES,MRQ,2004-03-31,2004-03-31,2004-03-31,2021-09-07,-454000000.0,14116000000.0,,3196000000.0,10920000000.0,,18.044,-364000000.0,492000000.0,492000000.0,3652000000.0,281000000.0,1.169,1.572,3928000000.0,73000000.0,3855000000.0,3928000000.0,0.0,226000000.0,0.0,0.018,0.1,482000000.0,708000000.0,0.155,708000000.0,482000000.0,425000000.0,1.01,0.923,1.01,5489000000.0,,5489000000.0,9288840806.0,7.0,3.963,30000000.0,0.099,1.0,910000000.0,0.199,977000000.0,57000000.0,13841000000.0,,393000000.0,1348000000.0,65000000.0,1283000000.0,8627000000.0,2734000000.0,5893000000.0,5865840806.0,-26000000.0,48000000.0,11000000.0,-13000000.0,-67000000.0,-69000000.0,-351000000.0,-35000000.0,394000000.0,0.0,281000000.0,269000000.0,269000000.0,0.0,0.0,0.059,428000000.0,482000000.0,1666000000.0,0.099,1.069,8.024,7.921,8036000000.0,12000000.0,21.76,0.4,0.451,2099000000.0,4253000000.0,4562000000.0,4562000000.0,78000000.0,,,,,0.0,76000000.0,1.0,269569890.0,304200000.0,304200000.0,14.997,13139000000.0,503000000.0,144000000.0,1341000000.0,43.192,462000000.0
70,HES,MRQ,2003-12-31,2003-12-31,2003-12-31,2021-09-07,-350000000.0,13983000000.0,,3186000000.0,10797000000.0,,18.956,-343000000.0,518000000.0,518000000.0,2932000000.0,69000000.0,1.194,1.619,3941000000.0,73000000.0,3868000000.0,3941000000.0,0.0,254000000.0,0.0,0.023,0.1,170000000.0,424000000.0,0.118,424000000.0,170000000.0,101000000.0,0.237,0.22,0.237,5340000000.0,,5340000000.0,8929729783.0,7.0,3.877,79000000.0,0.28,1.0,676000000.0,0.187,977000000.0,69000000.0,13760000000.0,,579000000.0,1262000000.0,0.0,1262000000.0,8643000000.0,2669000000.0,5974000000.0,4778729783.0,179000000.0,-525000000.0,0.0,-548000000.0,0.0,105000000.0,-348000000.0,0.0,422000000.0,0.0,69000000.0,64000000.0,64000000.0,-169000000.0,0.0,0.018,506000000.0,170000000.0,1542000000.0,0.422,0.895,7.49,7.394,7978000000.0,5000000.0,17.723,0.33,0.332,1717000000.0,4011000000.0,3608000000.0,3608000000.0,116000000.0,,,,,0.0,88000000.0,1.0,269629290.0,281700000.0,281700000.0,12.808,13006000000.0,306000000.0,32000000.0,1343000000.0,46.17,517000000.0
71,HES,MRQ,2003-09-30,2003-09-30,2003-09-30,2021-09-07,-284000000.0,13211000000.0,,2538000000.0,10673000000.0,,17.636,-306000000.0,339000000.0,339000000.0,2572000000.0,146000000.0,1.167,1.803,4490000000.0,189000000.0,4301000000.0,4490000000.0,0.0,253000000.0,0.0,0.024,0.1,298000000.0,551000000.0,0.167,551000000.0,298000000.0,225000000.0,0.55,0.547,0.55,4714000000.0,,4714000000.0,8471040593.0,12.0,4.802,-206000000.0,-0.771,1.0,724000000.0,0.22,977000000.0,73000000.0,14210000000.0,,560000000.0,1252000000.0,0.0,1252000000.0,8497000000.0,2175000000.0,6322000000.0,4506040593.0,-338000000.0,17000000.0,0.0,-152000000.0,-27000000.0,-179000000.0,-259000000.0,30000000.0,100000000.0,0.0,146000000.0,146000000.0,146000000.0,0.0,0.0,0.044,426000000.0,298000000.0,1098000000.0,0.182,0.956,22.197,22.178,7942000000.0,0.0,16.7,0.319,0.316,1502000000.0,3975000000.0,3296000000.0,3296000000.0,59000000.0,,,,,0.0,70000000.0,1.0,269822790.0,267300000.0,267300000.0,12.331,12234000000.0,404000000.0,79000000.0,1292000000.0,45.769,363000000.0
72,HES,MRQ,2003-06-30,2003-06-30,2003-06-30,2021-09-07,-307000000.0,13600000000.0,,2947000000.0,10653000000.0,,17.127,-368000000.0,677000000.0,677000000.0,2498000000.0,252000000.0,1.159,1.974,4642000000.0,15000000.0,4627000000.0,4642000000.0,0.0,270000000.0,0.0,0.024,0.1,391000000.0,661000000.0,0.206,661000000.0,391000000.0,314000000.0,0.95,0.943,0.95,4573000000.0,,4573000000.0,9075680187.0,24.0,6.229,203000000.0,0.76,1.0,715000000.0,0.223,977000000.0,77000000.0,14045000000.0,,449000000.0,1239000000.0,0.0,1239000000.0,9027000000.0,2543000000.0,6484000000.0,4422680187.0,481000000.0,510000000.0,0.0,-206000000.0,-27000000.0,-233000000.0,143000000.0,1000000.0,571000000.0,0.0,252000000.0,252000000.0,252000000.0,0.0,0.0,0.078,513000000.0,202000000.0,1385000000.0,0.105,0.967,-55.983,-52.882,7655000000.0,0.0,16.393,0.325,0.321,1720000000.0,3856000000.0,3213000000.0,3213000000.0,88000000.0,,,,,0.0,106000000.0,1.0,269785290.0,267000000.0,267000000.0,12.034,12623000000.0,554000000.0,62000000.0,1365000000.0,47.277,404000000.0
73,HES,MRQ,2003-03-31,2003-03-31,2003-03-31,2021-09-07,-266000000.0,13963000000.0,,2968000000.0,10995000000.0,,16.409,-341000000.0,196000000.0,196000000.0,3450000000.0,176000000.0,1.065,2.184,4849000000.0,15000000.0,4834000000.0,4849000000.0,0.0,276000000.0,0.0,0.034,0.1,389000000.0,665000000.0,0.152,665000000.0,389000000.0,315000000.0,0.66,0.66,0.66,4386000000.0,,4386000000.0,8775542132.0,30.0,6.237,147000000.0,0.55,1.0,913000000.0,0.209,977000000.0,74000000.0,14853000000.0,,351000000.0,1225000000.0,0.0,1225000000.0,9577000000.0,2786000000.0,6791000000.0,3980542132.0,-1000000.0,-2000000.0,0.0,-122000000.0,-54000000.0,-176000000.0,-313000000.0,30000000.0,488000000.0,0.0,176000000.0,176000000.0,176000000.0,0.0,0.0,0.04,510000000.0,403000000.0,1719000000.0,0.152,0.908,-21.871,-21.076,7933000000.0,0.0,14.753,0.303,0.301,2316000000.0,3631000000.0,4363000000.0,4363000000.0,106000000.0,,,,,0.0,77000000.0,1.0,269806290.0,267300000.0,267300000.0,16.322,12986000000.0,568000000.0,139000000.0,1309000000.0,48.582,182000000.0
74,HES,MRQ,2002-12-31,2002-12-31,2002-12-31,2021-09-07,-254000000.0,13262000000.0,,2756000000.0,10506000000.0,,15.878,-327000000.0,197000000.0,197000000.0,2468000000.0,-371000000.0,1.08,2.121,4992000000.0,16000000.0,4976000000.0,4992000000.0,0.0,265000000.0,0.0,0.027,0.1,-378000000.0,-113000000.0,-0.035,-113000000.0,-378000000.0,-440000000.0,-1.407,-1.4,-1.407,4249000000.0,,4249000000.0,9945511196.0,46.0,7.444,211000000.0,0.788,1.0,778000000.0,0.24,977000000.0,62000000.0,14527000000.0,,492000000.0,1205000000.0,0.0,1205000000.0,9013000000.0,2553000000.0,6460000000.0,4910511196.0,149000000.0,-363000000.0,0.0,-89000000.0,0.0,-89000000.0,-300000000.0,0.0,538000000.0,0.0,-371000000.0,-371000000.0,-371000000.0,0.0,0.0,-0.114,1185000000.0,-407000000.0,1401000000.0,-0.071,1.156,-22.525,-22.189,7032000000.0,0.0,18.35,0.419,0.419,1785000000.0,3482000000.0,3246000000.0,3246000000.0,110000000.0,,,,,0.0,61000000.0,1.0,267602790.0,267602790.0,,12.13,12285000000.0,512000000.0,-69000000.0,1350000000.0,45.908,203000000.0
75,HES,MRQ,2002-09-30,2002-09-30,2002-09-30,2021-09-07,-218000000.0,13627000000.0,,2474000000.0,11153000000.0,,17.678,-344000000.0,48000000.0,48000000.0,1991000000.0,-136000000.0,1.039,1.91,5083000000.0,18000000.0,5065000000.0,5083000000.0,0.0,273000000.0,0.0,0.022,0.1,-29000000.0,244000000.0,0.087,244000000.0,-29000000.0,-90000000.0,-0.513,-0.513,-0.513,4683000000.0,,4683000000.0,11324233108.0,15.0,6.449,89000000.0,0.336,1.0,807000000.0,0.288,977000000.0,61000000.0,15305000000.0,,522000000.0,1215000000.0,0.0,1215000000.0,8944000000.0,2380000000.0,6564000000.0,6057233108.0,13000000.0,142000000.0,0.0,-215000000.0,-27000000.0,-242000000.0,-178000000.0,24000000.0,433000000.0,0.0,-136000000.0,-136000000.0,-136000000.0,0.0,0.0,-0.049,805000000.0,2000000.0,1267000000.0,-0.195,1.293,29.121,28.751,7741000000.0,0.0,22.627,0.549,0.543,1773000000.0,3880000000.0,2798000000.0,2798000000.0,103000000.0,,,,,0.0,70000000.0,1.0,267703290.0,264900000.0,264900000.0,10.562,12650000000.0,451000000.0,46000000.0,1500000000.0,47.754,94000000.0
76,HES,MRQ,2002-06-30,2002-06-30,2002-06-30,2021-09-07,-116000000.0,13862000000.0,,2373000000.0,11489000000.0,,18.432,-418000000.0,35000000.0,35000000.0,1949000000.0,149000000.0,1.07,1.801,5302000000.0,17000000.0,5285000000.0,5302000000.0,0.0,297000000.0,0.0,0.015,0.2,314000000.0,611000000.0,0.225,611000000.0,314000000.0,247000000.0,0.56,0.553,0.56,4949000000.0,,4949000000.0,12833874850.0,12.0,6.288,165000000.0,0.615,1.0,763000000.0,0.281,982000000.0,67000000.0,15929000000.0,,531000000.0,1216000000.0,0.0,1216000000.0,8913000000.0,2218000000.0,6695000000.0,7339874850.0,-26000000.0,-1000000.0,16000000.0,-179000000.0,-27000000.0,-190000000.0,-419000000.0,0.0,583000000.0,0.0,149000000.0,149000000.0,149000000.0,0.0,0.0,0.055,469000000.0,294000000.0,1046000000.0,0.357,1.483,14.364,14.227,8315000000.0,0.0,27.5,0.657,0.661,1535000000.0,4042000000.0,2712000000.0,2712000000.0,49000000.0,,,,,0.0,60000000.0,1.0,266904540.0,268500000.0,268500000.0,10.101,12880000000.0,239000000.0,98000000.0,1507000000.0,47.97,155000000.0
77,HES,MRQ,2002-03-31,2002-03-31,2002-03-31,2021-09-07,-125000000.0,14162000000.0,,2635000000.0,11527000000.0,,18.026,-445000000.0,61000000.0,61000000.0,2256000000.0,141000000.0,1.076,1.949,5555000000.0,99000000.0,5456000000.0,5555000000.0,0.0,283000000.0,0.0,0.011,0.1,309000000.0,592000000.0,0.198,592000000.0,309000000.0,243000000.0,0.533,0.527,0.533,4802000000.0,,4802000000.0,12673396685.0,10.0,5.635,-34000000.0,-0.128,1.0,738000000.0,0.246,982000000.0,66000000.0,16224000000.0,,474000000.0,1234000000.0,0.0,1234000000.0,9360000000.0,2450000000.0,6910000000.0,7045396685.0,24000000.0,222000000.0,12000000.0,-147000000.0,-53000000.0,-188000000.0,-199000000.0,24000000.0,411000000.0,0.0,141000000.0,141000000.0,141000000.0,-13000000.0,0.0,0.047,442000000.0,296000000.0,1175000000.0,0.188,1.467,9.799,9.736,8292000000.0,0.0,26.453,0.586,0.586,1827000000.0,3921000000.0,2994000000.0,2994000000.0,54000000.0,,,,,0.0,63000000.0,1.0,266333040.0,266400000.0,266400000.0,11.239,13180000000.0,275000000.0,102000000.0,1485000000.0,49.474,185000000.0
78,HES,MRQ,2001-12-31,2001-12-31,2001-12-31,2021-09-07,108000000.0,15369000000.0,,3946000000.0,11423000000.0,,18.442,-520000000.0,37000000.0,37000000.0,2040000000.0,54000000.0,1.061,2.132,5665000000.0,382000000.0,5283000000.0,5665000000.0,0.0,169000000.0,0.0,0.014,0.1,140000000.0,309000000.0,0.122,309000000.0,140000000.0,78000000.0,0.207,0.207,0.207,4907000000.0,,4907000000.0,10974340937.0,7.0,4.492,-194000000.0,-0.729,1.0,492000000.0,0.194,982000000.0,62000000.0,16297000000.0,,550000000.0,1284000000.0,0.0,1284000000.0,10462000000.0,3718000000.0,6744000000.0,5543340937.0,-28000000.0,31000000.0,0.0,167000000.0,0.0,167000000.0,-521000000.0,0.0,326000000.0,0.0,54000000.0,54000000.0,54000000.0,0.0,0.0,0.021,450000000.0,42000000.0,1807000000.0,0.483,1.13,6.065,6.021,8165000000.0,0.0,20.833,0.418,0.418,2841000000.0,3807000000.0,2532000000.0,2532000000.0,115000000.0,,,,,0.0,116000000.0,1.0,266080365.0,266080365.0,,9.516,14387000000.0,245000000.0,24000000.0,1525000000.0,54.07,228000000.0
79,HES,MRQ,2001-09-30,2001-09-30,2001-09-30,2021-09-07,49000000.0,15291000000.0,,3927000000.0,11364000000.0,,17.972,-514000000.0,65000000.0,65000000.0,2205000000.0,167000000.0,1.041,2.172,5496000000.0,334000000.0,5162000000.0,5496000000.0,0.0,254000000.0,0.0,0.012,0.0,275000000.0,529000000.0,0.18,529000000.0,275000000.0,224000000.0,0.633,0.62,0.633,4820000000.0,,4820000000.0,7906726693.0,4.0,2.732,123000000.0,0.459,1.0,729000000.0,0.248,978000000.0,51000000.0,15973000000.0,,553000000.0,1303000000.0,0.0,1303000000.0,10471000000.0,3771000000.0,6700000000.0,5684726693.0,7000000.0,-2696000000.0,-77000000.0,2660000000.0,-27000000.0,2556000000.0,-3186000000.0,24000000.0,637000000.0,0.0,167000000.0,167000000.0,167000000.0,0.0,0.0,0.057,454000000.0,275000000.0,2013000000.0,0.0,1.179,4.733,4.665,8052000000.0,0.0,21.167,0.391,0.391,2914000000.0,3780000000.0,2934000000.0,2934000000.0,75000000.0,,,,,0.0,71000000.0,1.0,268569765.0,268200000.0,268200000.0,10.94,14313000000.0,291000000.0,57000000.0,1614000000.0,53.367,156000000.0
80,HES,MRQ,2001-06-30,2001-06-30,2001-06-30,2021-09-07,-68000000.0,10864000000.0,,3725000000.0,7139000000.0,,17.191,-1136000000.0,58000000.0,58000000.0,2561000000.0,357000000.0,1.093,1.351,2280000000.0,282000000.0,1998000000.0,2280000000.0,0.0,229000000.0,0.0,0.011,0.1,590000000.0,819000000.0,0.23,819000000.0,590000000.0,549000000.0,1.343,1.327,1.343,4621000000.0,,4621000000.0,8544298284.0,4.0,2.837,-868000000.0,-3.229,1.0,1004000000.0,0.282,0.0,41000000.0,9677000000.0,,479000000.0,1316000000.0,0.0,1316000000.0,6243000000.0,3409000000.0,2834000000.0,7202298284.0,-642000000.0,-52000000.0,17000000.0,288000000.0,-27000000.0,278000000.0,-1188000000.0,0.0,268000000.0,0.0,357000000.0,357000000.0,357000000.0,0.0,0.0,0.1,414000000.0,590000000.0,1784000000.0,0.074,1.559,5.579,5.534,5226000000.0,0.0,26.933,0.497,0.5,2827000000.0,3691000000.0,3565000000.0,3565000000.0,73000000.0,,,,,0.0,58000000.0,1.0,267412065.0,268800000.0,268800000.0,13.263,10864000000.0,298000000.0,192000000.0,962000000.0,40.417,316000000.0
81,HES,MRQ,2001-03-31,2001-03-31,2001-03-31,2021-09-07,-70000000.0,10246000000.0,,4021000000.0,6225000000.0,,16.07,-331000000.0,700000000.0,700000000.0,3239000000.0,337000000.0,1.204,1.391,2042000000.0,278000000.0,1764000000.0,2042000000.0,0.0,181000000.0,0.0,0.01,0.1,604000000.0,785000000.0,0.186,785000000.0,604000000.0,564000000.0,1.277,1.263,1.277,4286000000.0,,4286000000.0,8679270965.0,4.0,3.16,398000000.0,1.492,1.0,990000000.0,0.234,0.0,40000000.0,8248000000.0,,342000000.0,1264000000.0,0.0,1264000000.0,5960000000.0,3340000000.0,2620000000.0,6941270965.0,388000000.0,-3000000.0,19000000.0,-10000000.0,-40000000.0,-31000000.0,-310000000.0,24000000.0,729000000.0,0.0,337000000.0,337000000.0,337000000.0,0.0,0.0,0.08,386000000.0,604000000.0,1768000000.0,0.078,1.62,6.11,6.094,4421000000.0,0.0,26.04,0.509,0.509,2800000000.0,3374000000.0,4229000000.0,4229000000.0,84000000.0,,,,,0.0,65000000.0,1.0,266561865.0,266700000.0,266700000.0,15.857,10246000000.0,324000000.0,227000000.0,1024000000.0,38.418,681000000.0
82,HES,MRQ,2000-12-31,2000-12-31,2000-12-31,2021-09-07,-139000000.0,10274000000.0,,4115000000.0,6159000000.0,,14.613,-328000000.0,312000000.0,312000000.0,2835000000.0,340000000.0,1.163,1.646,2050000000.0,65000000.0,1985000000.0,2050000000.0,0.0,198000000.0,0.0,0.008,0.05,563000000.0,761000000.0,0.2,761000000.0,563000000.0,520000000.0,1.283,1.27,1.283,3883000000.0,,3883000000.0,8211253335.0,4.0,3.223,36000000.0,0.135,1.0,971000000.0,0.255,0.0,43000000.0,8474000000.0,,401000000.0,1274000000.0,0.0,1274000000.0,6391000000.0,3538000000.0,2853000000.0,6471253335.0,53000000.0,-12000000.0,-24000000.0,3000000.0,0.0,-21000000.0,-290000000.0,48000000.0,364000000.0,0.0,340000000.0,340000000.0,340000000.0,0.0,0.0,0.089,408000000.0,563000000.0,1875000000.0,0.039,1.667,6.326,6.364,4323000000.0,0.0,24.353,0.527,0.527,2949000000.0,3069000000.0,3806000000.0,3806000000.0,72000000.0,,,,,0.0,72000000.0,1.0,265723515.0,265723515.0,,14.323,10274000000.0,343000000.0,180000000.0,950000000.0,38.664,577000000.0
83,HES,MRQ,2000-09-30,2000-09-30,2000-09-30,2021-09-07,-140000000.0,9069000000.0,,3059000000.0,6010000000.0,,13.151,-205000000.0,259000000.0,259000000.0,2064000000.0,257000000.0,1.133,1.56,1999000000.0,59000000.0,1940000000.0,1999000000.0,0.0,175000000.0,0.0,0.009,0.05,472000000.0,647000000.0,0.224,647000000.0,472000000.0,430000000.0,0.963,0.953,0.963,3543000000.0,,3543000000.0,7966189825.0,5.0,3.585,318000000.0,1.18,1.0,823000000.0,0.285,0.0,42000000.0,8109000000.0,,367000000.0,1324000000.0,0.0,1324000000.0,5526000000.0,2700000000.0,2826000000.0,6030189825.0,81000000.0,0.0,-95000000.0,-118000000.0,-13000000.0,-226000000.0,-217000000.0,0.0,523000000.0,1000000.0,257000000.0,257000000.0,257000000.0,0.0,0.0,0.089,351000000.0,472000000.0,1389000000.0,0.052,1.702,7.408,7.364,4198000000.0,0.0,22.313,0.56,0.558,1848000000.0,2769000000.0,2887000000.0,2887000000.0,65000000.0,,,,,0.0,50000000.0,1.0,270250515.0,269400000.0,269400000.0,10.716,9069000000.0,252000000.0,173000000.0,845000000.0,33.664,359000000.0
84,HES,MRQ,2000-06-30,2000-06-30,2000-06-30,2021-09-07,-130000000.0,8880000000.0,,2872000000.0,6008000000.0,,12.552,-243000000.0,178000000.0,178000000.0,1968000000.0,202000000.0,1.114,1.606,2114000000.0,75000000.0,2039000000.0,2114000000.0,0.0,167000000.0,0.0,0.01,0.05,387000000.0,554000000.0,0.204,554000000.0,387000000.0,348000000.0,0.75,0.747,0.75,3408000000.0,,3408000000.0,7609556484.0,6.0,3.636,228000000.0,0.84,1.0,746000000.0,0.275,0.0,39000000.0,8238000000.0,,242000000.0,1300000000.0,0.0,1300000000.0,5472000000.0,2578000000.0,2894000000.0,5594556484.0,152000000.0,-10000000.0,-37000000.0,-23000000.0,-14000000.0,-74000000.0,-243000000.0,0.0,471000000.0,-2000000.0,202000000.0,202000000.0,202000000.0,0.0,0.0,0.074,359000000.0,387000000.0,1174000000.0,0.067,1.642,7.825,7.747,4209000000.0,0.0,20.583,0.567,0.567,1896000000.0,2633000000.0,2714000000.0,2714000000.0,90000000.0,,,,,0.0,51000000.0,1.0,271800315.0,271500000.0,271500000.0,9.996,8880000000.0,278000000.0,146000000.0,795000000.0,32.707,294000000.0
85,HES,MRQ,2000-03-31,2000-03-31,2000-03-31,2021-09-07,-123000000.0,8034000000.0,,2218000000.0,5816000000.0,,11.971,-162000000.0,26000000.0,26000000.0,2114000000.0,224000000.0,1.128,1.472,2041000000.0,33000000.0,2008000000.0,2041000000.0,0.0,174000000.0,0.0,0.009,0.05,412000000.0,586000000.0,0.204,586000000.0,412000000.0,374000000.0,0.83,0.823,0.83,3250000000.0,,3250000000.0,8129171055.0,7.0,4.459,275000000.0,1.013,1.0,756000000.0,0.263,0.0,38000000.0,8082000000.0,,272000000.0,1259000000.0,0.0,1259000000.0,4784000000.0,1967000000.0,2817000000.0,5860416055.0,-15000000.0,10000000.0,-5000000.0,-269000000.0,-27000000.0,-301000000.0,-152000000.0,0.0,437000000.0,1000000.0,224000000.0,224000000.0,224000000.0,0.0,0.0,0.078,344000000.0,412000000.0,804000000.0,0.06,1.803,9.933,9.824,3977000000.0,0.0,21.543,0.675,0.674,1602000000.0,2489000000.0,2870000000.0,2870000000.0,62000000.0,,,,,0.0,51000000.0,1.0,272029215.0,271500000.0,271500000.0,10.571,8034000000.0,305000000.0,150000000.0,724000000.0,29.591,251000000.0
86,HES,MRQ,1999-12-31,1999-12-31,1999-12-31,2021-09-07,-122000000.0,7728000000.0,,1828000000.0,5900000000.0,,11.166,-180000000.0,41000000.0,41000000.0,1564000000.0,131000000.0,1.158,1.544,2310000000.0,23000000.0,2287000000.0,2310000000.0,0.0,215000000.0,0.0,0.011,0.05,220000000.0,435000000.0,0.189,435000000.0,220000000.0,178000000.0,0.487,0.483,0.487,3038000000.0,,3038000000.0,7522602859.0,9.0,4.985,122000000.0,0.448,1.0,735000000.0,0.32,0.0,42000000.0,8418000000.0,,373000000.0,1249000000.0,0.0,1249000000.0,4690000000.0,1579000000.0,3111000000.0,5146935859.0,15000000.0,-40000000.0,1000000.0,-92000000.0,0.0,-91000000.0,-196000000.0,24000000.0,302000000.0,0.0,131000000.0,131000000.0,131000000.0,0.0,0.0,0.057,515000000.0,220000000.0,772000000.0,0.103,1.694,11.751,11.627,4052000000.0,0.0,18.917,0.69,0.69,1112000000.0,2287000000.0,2299000000.0,2299000000.0,75000000.0,,,,,0.0,48000000.0,1.0,272084715.0,272084715.0,,8.45,7728000000.0,317000000.0,47000000.0,601000000.0,28.403,249000000.0
87,HES,MRQ,1999-09-30,1999-09-30,1999-09-30,2021-09-07,-115751000.0,7938964000.0,,2053862000.0,5885102000.0,,10.78,-197000000.0,25589000.0,25589000.0,1292000000.0,158000000.0,1.1,1.712,2401256000.0,65408000.0,2335848000.0,2401256000.0,86839000.0,159000000.0,0.0,0.01,0.05,359000000.0,518000000.0,0.262,518000000.0,359000000.0,320000000.0,0.59,0.583,0.59,2926823000.0,,2926823000.0,8161098306.0,50.0,10.533,19000000.0,0.07,1.0,685000000.0,0.346,0.0,39000000.0,8447699000.0,,466983000.0,1217113000.0,0.0,1217113000.0,5012141000.0,1866932000.0,3145209000.0,5547045306.0,-56000000.0,228000000.0,7000000.0,-297000000.0,-13000000.0,-303000000.0,31000000.0,0.0,216000000.0,0.0,158000000.0,158000000.0,158000000.0,0.0,0.0,0.08,326000000.0,359000000.0,896123000.0,0.085,1.895,-49.365,-48.961,4227834000.0,0.0,20.417,0.831,0.831,1342107000.0,2169843000.0,1977000000.0,1977000000.0,45000000.0,,,,,0.0,70000000.0,1.0,271692015.0,271500000.0,271500000.0,7.282,7938964000.0,220859000.0,162000000.0,579681000.0,29.241,186930000.0
88,HES,MRQ,1999-06-30,1999-06-30,1999-06-30,2021-09-07,-122127000.0,8205776000.0,,2240161000.0,5965615000.0,,10.242,-219000000.0,82284000.0,82284000.0,1048000000.0,77000000.0,1.101,1.964,2696337000.0,49531000.0,2646806000.0,2696337000.0,174694000.0,137000000.0,0.0,0.01,0.05,147000000.0,284000000.0,0.185,284000000.0,147000000.0,109000000.0,0.287,0.287,0.287,2768485000.0,,2768485000.0,8008235447.0,-50.0,17.748,-98000000.0,-0.363,1.0,485000000.0,0.316,0.0,38000000.0,8785194000.0,,428006000.0,1234112000.0,0.0,1234112000.0,5437291000.0,2034635000.0,3402656000.0,5376878447.0,27000000.0,117000000.0,10000000.0,12000000.0,-14000000.0,8000000.0,-102000000.0,0.0,121000000.0,0.0,77000000.0,77000000.0,77000000.0,0.0,0.0,0.05,338000000.0,147000000.0,1101813000.0,0.174,1.942,-19.433,-19.256,4255143000.0,0.0,19.833,0.86,0.858,1479753000.0,2024962000.0,1533000000.0,1533000000.0,78000000.0,,,,,0.0,64000000.0,1.0,271103115.0,270300000.0,270300000.0,5.671,8205776000.0,252234000.0,32000000.0,518104000.0,30.358,205526000.0
89,HES,MRQ,1999-03-31,1999-03-31,1999-03-31,2021-09-07,-122762000.0,7974309000.0,,1962727000.0,6011582000.0,,9.988,-201000000.0,54558000.0,54558000.0,1211000000.0,71000000.0,1.09,1.96,2685915000.0,76922000.0,2608993000.0,2685915000.0,208953000.0,138000000.0,0.0,0.012,0.05,134000000.0,272000000.0,0.165,272000000.0,134000000.0,95000000.0,0.263,0.263,0.263,2693633000.0,,2693633000.0,7176531950.0,-24.0,20.991,-94000000.0,-0.349,1.0,442000000.0,0.267,0.0,39000000.0,8805816000.0,,405969000.0,1257543000.0,0.0,1257543000.0,5280676000.0,1799850000.0,3480826000.0,4597857950.0,-19000000.0,68000000.0,0.0,34000000.0,-27000000.0,7000000.0,-133000000.0,0.0,107000000.0,0.0,71000000.0,71000000.0,71000000.0,0.0,0.0,0.043,308000000.0,134000000.0,829161000.0,0.19,1.707,-12.248,-12.14,4204335000.0,0.0,16.96,0.724,0.72,1273533000.0,1961090000.0,1653000000.0,1653000000.0,63000000.0,,,,,0.0,50000000.0,1.0,271100115.0,269700000.0,269700000.0,6.129,7974309000.0,317438000.0,24000000.0,564390000.0,29.567,162877000.0
90,HES,MRQ,1998-12-31,1998-12-31,1998-12-31,2021-09-07,-115423000.0,7882983000.0,,1886706000.0,5996277000.0,,9.751,-318640000.0,73791000.0,73791000.0,1372636000.0,-418368000.0,1.05,1.982,2652465000.0,176320000.0,2476145000.0,2652465000.0,251328000.0,176044000.0,0.0,0.012,0.05,-475216000.0,-299172000.0,-0.198,-299172000.0,-475216000.0,-519190000.0,-1.557,-1.557,-1.557,2643412000.0,,2643412000.0,7117946074.0,-20.0,23.648,-316311000.0,-1.167,1.0,137885000.0,0.091,0.0,43974000.0,8664860000.0,,482182000.0,1241081000.0,0.0,1241081000.0,5239571000.0,1796797000.0,3442774000.0,4495644074.0,6973000.0,383712000.0,-333000.0,-59930000.0,-332000.0,-60595000.0,65072000.0,0.0,2329000.0,167000.0,-418368000.0,-418368000.0,-418368000.0,0.0,0.0,-0.277,613101000.0,-475216000.0,713831000.0,-0.032,1.701,-9.794,-9.715,4191938000.0,0.0,16.583,0.679,0.679,1013184000.0,1904066000.0,1510521000.0,1510521000.0,87517000.0,,,,,0.0,75293000.0,1.0,271094115.0,271094115.0,,5.572,7882983000.0,330432000.0,-100822000.0,584529000.0,29.078,89909000.0
91,HES,MRQ,1998-09-30,1998-09-30,1998-09-30,2021-09-07,-84504000.0,8645169000.0,,2353556000.0,6291613000.0,,11.6,-411262000.0,67181000.0,67181000.0,1191013000.0,-6319000.0,1.184,1.783,2689483000.0,176685000.0,2512798000.0,2689483000.0,177023000.0,159536000.0,0.0,0.01,0.05,34843000.0,194379000.0,0.125,194379000.0,34843000.0,-6866000.0,-0.023,-0.023,-0.023,3106566000.0,,3106566000.0,7570643539.0,158.0,11.07,-255861000.0,-0.955,1.0,361049000.0,0.233,0.0,41709000.0,9279927000.0,,925285000.0,266079000.0,0.0,266079000.0,5538603000.0,1987544000.0,3551059000.0,5247361539.0,26287000.0,11021000.0,-30194000.0,316694000.0,-13553000.0,272947000.0,-400241000.0,0.0,155401000.0,-1820000.0,-6319000.0,-6319000.0,-6319000.0,0.0,0.0,-0.004,326206000.0,34843000.0,965390000.0,-2.174,1.689,-51.416,-51.555,5707342000.0,0.0,19.23,0.721,0.708,1083820000.0,2335861000.0,1552062000.0,1552062000.0,57668000.0,,,,,0.0,66442000.0,1.0,272873715.0,267804000.0,267804000.0,5.796,8645169000.0,318192000.0,-547000.0,835972000.0,32.282,366012000.0
92,HES,MRQ,1998-06-30,1998-06-30,1998-06-30,2021-09-07,-109222000.0,7777888000.0,,1722545000.0,6055343000.0,,11.611,-390706000.0,40894000.0,40894000.0,1249584000.0,-21719000.0,1.171,1.484,2364176000.0,215985000.0,2148191000.0,2364176000.0,71185000.0,162193000.0,0.0,0.011,0.05,12482000.0,174675000.0,0.107,174675000.0,12482000.0,-20847000.0,-0.08,-0.08,-0.08,3131518000.0,,3131518000.0,7065394172.0,84.0,9.758,-187824000.0,-0.696,1.0,385614000.0,0.236,0.0,33329000.0,8629993000.0,,826004000.0,262810000.0,0.0,262810000.0,4646370000.0,1471177000.0,3175193000.0,4963391172.0,-38644000.0,1164000.0,-22032000.0,183971000.0,-13670000.0,148269000.0,-389542000.0,0.0,202882000.0,-253000.0,-21719000.0,-21719000.0,-21719000.0,0.0,0.0,-0.013,373132000.0,12482000.0,588111000.0,-0.625,1.585,-67.938,-67.803,5436048000.0,0.0,18.103,0.651,0.64,656053000.0,2379764000.0,1635198000.0,1635198000.0,99596000.0,,,,,0.0,60662000.0,1.0,274170015.0,269712000.0,269712000.0,6.063,7777888000.0,356485000.0,872000.0,718463000.0,28.838,251368000.0
93,HES,MRQ,1998-03-31,1998-03-31,1998-03-31,2021-09-07,-100181000.0,7676447000.0,,1822405000.0,5854042000.0,,11.838,-318392000.0,79538000.0,79538000.0,1387767000.0,-12594000.0,1.212,1.4,2181541000.0,218285000.0,1963256000.0,2181541000.0,123187000.0,164227000.0,0.0,0.01,0.05,66891000.0,231118000.0,0.12,231118000.0,66891000.0,32903000.0,-0.047,-0.047,-0.047,3199061000.0,,3199061000.0,7158767604.0,40.0,8.728,-160004000.0,-0.592,1.0,535452000.0,0.278,0.0,33988000.0,8275406000.0,,826874000.0,259214000.0,0.0,259214000.0,4477386000.0,1503044000.0,2974342000.0,5330420604.0,-11616000.0,107103000.0,-6441000.0,76265000.0,-27445000.0,42379000.0,-211289000.0,0.0,158388000.0,-1094000.0,-12594000.0,-12594000.0,-12594000.0,0.0,0.0,-0.007,468561000.0,66891000.0,602830000.0,-1.064,1.666,-550.55,-525.315,5270579000.0,0.0,19.437,0.678,0.668,726724000.0,2434179000.0,1923219000.0,1923219000.0,104219000.0,,,,,0.0,68603000.0,1.0,274245615.0,270237000.0,270237000.0,7.117,7676447000.0,324249000.0,45497000.0,737637000.0,28.406,319361000.0
94,HES,MRQ,1997-12-31,1997-12-31,1997-12-31,2021-09-07,-113388000.0,7934619000.0,,2203632000.0,5730987000.0,,11.692,-411301000.0,91154000.0,91154000.0,1851729000.0,-61424000.0,1.267,1.467,2127288000.0,124255000.0,2003033000.0,2127288000.0,175684000.0,150159000.0,0.0,0.011,0.05,-66443000.0,83716000.0,0.039,83716000.0,-66443000.0,-101366000.0,-0.223,-0.223,-0.223,3215699000.0,,3215699000.0,6933180762.0,26.0,7.487,-82361000.0,-0.299,1.0,312532000.0,0.144,0.0,34923000.0,8230902000.0,,937949000.0,0.0,0.0,0.0,4718920000.0,1739851000.0,2979069000.0,5031129762.0,-39416000.0,6023000.0,-36043000.0,72971000.0,13000.0,36941000.0,-405278000.0,0.0,328940000.0,-19000.0,-61424000.0,-61424000.0,-61424000.0,0.0,0.0,-0.028,378975000.0,-66443000.0,752576000.0,-0.224,1.565,670.817,677.531,5190794000.0,0.0,18.293,0.602,0.602,951796000.0,2463005000.0,2164261000.0,2164261000.0,144938000.0,,,,,0.0,-228515000.0,1.0,275025315.0,275025315.0,,7.869,7934619000.0,395126000.0,-39942000.0,758063000.0,28.851,463781000.0
95,HES,MRQ,1997-09-30,1997-09-30,1997-09-30,2021-09-07,-127369000.0,7637904000.0,,2073667000.0,5564237000.0,,12.01,-322331000.0,130570000.0,130570000.0,1378358000.0,22679000.0,1.32,1.322,2032621000.0,214214000.0,1818407000.0,2032621000.0,2003000.0,163784000.0,0.0,0.01,0.05,70771000.0,234555000.0,0.123,234555000.0,70771000.0,36952000.0,0.083,0.083,0.083,3289851000.0,,3289851000.0,7355446734.0,13.0,5.782,-193013000.0,-0.705,1.0,522939000.0,0.275,0.0,33819000.0,7969150000.0,,1108311000.0,239745000.0,0.0,239745000.0,4348053000.0,1570805000.0,2777248000.0,5664889734.0,-56387000.0,-2879000.0,-4275000.0,158312000.0,-13749000.0,140288000.0,-325210000.0,0.0,129318000.0,-783000.0,22679000.0,22679000.0,22679000.0,0.0,0.0,0.012,452168000.0,70771000.0,597553000.0,0.602,1.722,30.009,29.702,5009580000.0,0.0,20.583,0.668,0.665,636840000.0,2570558000.0,1901297000.0,1901297000.0,123980000.0,,,,,0.0,164404000.0,1.0,275217315.0,273933000.0,273933000.0,6.941,7637904000.0,314912000.0,14273000.0,886260000.0,27.882,502862000.0
96,HES,MRQ,1997-06-30,1997-06-30,1997-06-30,2021-09-07,-106182000.0,7347805000.0,,1841999000.0,5505806000.0,,12.006,-392421000.0,186957000.0,186957000.0,1361763000.0,41657000.0,1.171,1.223,1877514000.0,344685000.0,1532829000.0,1877514000.0,2003000.0,160892000.0,0.0,0.011,0.05,109956000.0,270848000.0,0.144,270848000.0,109956000.0,76201000.0,0.15,0.15,0.15,3306002000.0,,3306002000.0,6606174747.0,9.0,4.69,-213388000.0,-0.775,1.0,517061000.0,0.275,0.0,33755000.0,7465983000.0,,993253000.0,233159000.0,0.0,233159000.0,4041803000.0,1572379000.0,2469424000.0,5162814747.0,-112770000.0,47772000.0,-68029000.0,134614000.0,-13744000.0,52841000.0,-344649000.0,0.0,179033000.0,5000.0,41657000.0,41657000.0,41657000.0,0.0,0.0,0.022,407105000.0,109956000.0,481099000.0,0.333,1.562,19.562,19.316,4976208000.0,0.0,18.543,0.611,0.604,520339000.0,2565235000.0,1878824000.0,1878824000.0,91157000.0,,,,,0.0,155056000.0,1.0,278418915.0,275361000.0,275361000.0,6.823,7347805000.0,296439000.0,34544000.0,901010000.0,26.684,269620000.0
97,HES,MRQ,1997-03-31,1997-03-31,1997-03-31,2021-09-07,-118358000.0,7378855000.0,,2081255000.0,5297600000.0,,11.933,-219537000.0,299727000.0,299727000.0,1872074000.0,4588000.0,1.324,1.223,1743087000.0,189685000.0,1553402000.0,1743087000.0,50403000.0,188462000.0,0.0,0.011,0.05,148450000.0,336912000.0,0.139,336912000.0,148450000.0,114798000.0,0.017,0.017,0.017,3318969000.0,,3318969000.0,7594322165.0,7.0,4.059,393179000.0,1.414,1.0,544024000.0,0.225,0.0,33652000.0,7250762000.0,,966254000.0,215860000.0,0.0,215860000.0,4059886000.0,1571453000.0,2488433000.0,4924776165.0,187205000.0,12101000.0,-13936000.0,-174524000.0,-27893000.0,-216353000.0,-207436000.0,0.0,612716000.0,-1722000.0,4588000.0,4588000.0,4588000.0,0.0,0.0,0.002,395574000.0,148450000.0,531658000.0,2.941,1.484,8.226,8.19,4823993000.0,0.0,17.667,0.54,0.539,673636000.0,2592023000.0,2416098000.0,2416098000.0,61788000.0,,,,,0.0,145324000.0,1.0,278760915.0,278136000.0,278136000.0,8.687,7378855000.0,257747000.0,110210000.0,933526000.0,26.53,509802000.0
98,HES,MRQ,1996-12-31,1996-12-31,1996-12-31,2021-09-07,0.0,7784481000.0,,2426844000.0,5357637000.0,,12.138,-250587000.0,112522000.0,112522000.0,1547759000.0,119848000.0,1.397,1.301,0.0,207685000.0,1711816000.0,0.0,0.0,178541000.0,0.0,0.01,0.05,251187000.0,429728000.0,0.188,429728000.0,251187000.0,213987000.0,0.443,,0.443,3383631000.0,,3383631000.0,,,,-112561000.0,-0.404,1.0,735752000.0,0.322,0.0,37200000.0,5934979000.0,,1272312000.0,218573000.0,0.0,218573000.0,4400850000.0,1736980000.0,2663870000.0,5378227253.0,27758000.0,38715000.0,-8084000.0,108527000.0,4000.0,100447000.0,-211872000.0,0.0,138026000.0,1157000.0,119848000.0,119848000.0,119848000.0,0.0,0.0,0.052,484565000.0,251187000.0,0.0,0.113,1.589,8.148,8.117,4907283000.0,0.0,19.293,0.602,0.602,812175000.0,2613920000.0,2283511000.0,2283511000.0,155221000.0,,,,,0.0,150803000.0,1.0,278760915.0,278760915.0,,8.192,7784481000.0,231781000.0,94139000.0,0.0,27.925,689864000.0
99,HES,MRQ,1996-09-30,1996-09-30,1996-09-30,2021-09-07,,,,,,,,-279372000.0,,,1284545000.0,97827000.0,,,,,,,,166733000.0,,0.011,0.05,204330000.0,371063000.0,0.198,371063000.0,204330000.0,170736000.0,0.35,,0.35,,,,,,,-185953000.0,-0.665,1.0,585351000.0,0.313,,33594000.0,,,,,,,,,,,50614000.0,121194000.0,-152000.0,129658000.0,-13956000.0,115550000.0,-158178000.0,0.0,93419000.0,-177000.0,97827000.0,97827000.0,97827000.0,0.0,0.0,0.052,381021000.0,204330000.0,,0.143,,,,,0.0,17.627,,,,,1869896000.0,1869896000.0,64464000.0,,,,,0.0,149824000.0,1.0,,279477000.0,,6.691,,,72909000.0,,,
100,HES,MRQ,1996-06-30,1996-06-30,1996-06-30,2021-09-07,,,,,,,,-172476000.0,,,1597520000.0,376447000.0,,,,,,,,183559000.0,,0.011,0.05,549618000.0,733177000.0,0.288,733177000.0,549618000.0,507716000.0,1.347,,1.347,,,,,,,179936000.0,0.644,1.0,946236000.0,0.372,,41902000.0,,,,,,,,,,,-37542000.0,865291000.0,0.0,-1069240000.0,-13926000.0,-1083166000.0,692815000.0,0.0,352412000.0,397000.0,376447000.0,376447000.0,376447000.0,0.0,0.0,0.148,396618000.0,549618000.0,,0.037,,,,,0.0,17.5,,,,,2543756000.0,2543756000.0,61489000.0,,,,,0.0,151570000.0,1.0,,279396000.0,,9.104,,,131269000.0,,,
101,HES,MRQ,1996-03-31,1996-03-31,1996-03-31,2021-09-07,,,,,,,,-158190000.0,,,1644871000.0,65977000.0,,,,,,,,201549000.0,,0.011,0.05,174310000.0,375859000.0,0.168,375859000.0,174310000.0,121505000.0,0.237,,0.237,,,,,,,65674000.0,0.235,1.0,587677000.0,0.263,,52805000.0,,,,,,,,,,,15621000.0,11873000.0,0.0,-35518000.0,-27868000.0,-63386000.0,-146317000.0,0.0,223864000.0,1460000.0,65977000.0,65977000.0,65977000.0,0.0,0.0,0.03,413367000.0,174310000.0,,0.211,,,,,0.0,18.125,,,,,2232548000.0,2232548000.0,61686000.0,,,,,0.0,150132000.0,1.0,,279003000.0,,8.002,,,55528000.0,,,
102,HES,MRQ,1995-12-31,1995-12-31,1995-12-31,2021-09-07,0.0,7756370000.0,,1962544000.0,5793826000.0,,,,56071000.0,56071000.0,,,,,0.0,,,0.0,0.0,,0.0,0.011,0.05,,,,,,,,,,,,,,,,,,1.0,,,0.0,,7700299000.0,,838770000.0,185522000.0,0.0,185522000.0,,,,,,,,,,,,,,,,,,,,,,,0.0,,,,-12.441,5369716000.0,,17.667,,,760947000.0,,,,,,,,,,,1.0,,,,,7756370000.0,238588000.0,,0.0,,
0,HES,MRT,2021-06-30,2021-06-30,2021-06-30,2021-09-07,-836000000.0,19166000000.0,18976750000.0,3969000000.0,15197000000.0,0.322,17.847,-1540000000.0,2430000000.0,2430000000.0,2690000000.0,139000000.0,1.571,2.302,8944000000.0,601000000.0,8343000000.0,8944000000.0,0.0,1785000000.0,0.0,0.011,1.0,632000000.0,2417000000.0,0.396,2417000000.0,632000000.0,161000000.0,-0.54,-0.54,-0.54,5488000000.0,5596500000.0,5488000000.0,34087699630.0,54.0,14.103,458000000.0,1.489,1.0,3420000000.0,0.56,360000000.0,471000000.0,22793000000.0,23966500000.0,241000000.0,0.0,0.0,0.0,12634000000.0,2527000000.0,10107000000.0,26932699630.0,784000000.0,779000000.0,75000000.0,-8000000.0,-309000000.0,-450000000.0,-764000000.0,0.0,1998000000.0,0.0,-161000000.0,-161000000.0,-161000000.0,0.0,300000000.0,-0.026,2488000000.0,932000000.0,178000000.0,-1.852,4.908,-167.284,-161.704,14185000000.0,0.0,87.32,4.408,4.395,1002000000.0,155000000.0,6110000000.0,6110000000.0,212000000.0,-0.008,-0.029,0.026,0.103,76000000.0,344000000.0,1.0,308436780.0,307500000.0,307500000.0,19.87,18806000000.0,21000000.0,322000000.0,586000000.0,61.158,1442000000.0
1,HES,MRT,2021-03-31,2021-03-31,2021-03-31,2021-09-07,-776000000.0,18951000000.0,19071750000.0,3522000000.0,15429000000.0,0.281,18.365,-1764000000.0,1866000000.0,1866000000.0,2375000000.0,-137000000.0,2.084,2.192,9021000000.0,96000000.0,8925000000.0,9021000000.0,0.0,1909000000.0,0.0,0.014,1.0,255000000.0,2164000000.0,0.404,2164000000.0,255000000.0,-217000000.0,-1.35,-1.35,-1.35,5616000000.0,5823250000.0,5616000000.0,29058368490.0,114.0,13.428,-285000000.0,-0.932,1.0,2979000000.0,0.556,360000000.0,472000000.0,24056000000.0,24486250000.0,219000000.0,0.0,0.0,0.0,12308000000.0,1690000000.0,10618000000.0,21722368490.0,-214000000.0,493000000.0,15000000.0,71000000.0,-308000000.0,-419000000.0,-1274000000.0,0.0,1479000000.0,0.0,-408000000.0,-408000000.0,-408000000.0,0.0,271000000.0,-0.076,2453000000.0,526000000.0,172000000.0,-0.741,3.868,-53.241,-52.415,14410000000.0,0.0,70.76,4.057,4.042,1011000000.0,305000000.0,5354000000.0,5354000000.0,195000000.0,-0.021,-0.07,0.01,0.048,75000000.0,349000000.0,1.0,306986553.0,305800000.0,307800000.0,17.508,18591000000.0,41000000.0,191000000.0,492000000.0,60.795,1832000000.0
2,HES,MRT,2020-12-31,2020-12-31,2020-12-31,2021-09-07,-755000000.0,18821000000.0,19513250000.0,3081000000.0,15740000000.0,0.246,17.605,-2197000000.0,1739000000.0,1739000000.0,2278000000.0,-2839000000.0,1.898,2.327,9075000000.0,91000000.0,8984000000.0,9075000000.0,0.0,2074000000.0,0.0,0.019,1.0,-2636000000.0,-562000000.0,-0.117,-562000000.0,-2636000000.0,-3104000000.0,-10.15,-10.15,-10.15,5366000000.0,6219250000.0,5366000000.0,23870617213.0,-9.0,-42.474,-864000000.0,-2.835,1.0,2526000000.0,0.526,360000000.0,468000000.0,24174000000.0,24787250000.0,378000000.0,0.0,0.0,0.0,12486000000.0,1623000000.0,10863000000.0,16210617213.0,194000000.0,493000000.0,0.0,1145000000.0,-309000000.0,568000000.0,-1707000000.0,0.0,1333000000.0,0.0,-3093000000.0,-3093000000.0,-3093000000.0,0.0,254000000.0,-0.644,4908000000.0,-2382000000.0,200000000.0,-0.099,3.021,-5.241,-5.201,14709000000.0,0.0,52.79,3.374,3.349,860000000.0,130000000.0,4804000000.0,4804000000.0,351000000.0,-0.159,-0.497,-0.106,-0.549,79000000.0,357000000.0,1.0,307077424.0,304800000.0,304800000.0,15.761,18461000000.0,59000000.0,-11000000.0,423000000.0,60.568,1458000000.0
3,HES,MRT,2020-09-30,2020-09-30,2020-09-30,2021-09-07,-363000000.0,18969000000.0,20253500000.0,3136000000.0,15833000000.0,0.251,19.397,-2648000000.0,1285000000.0,1285000000.0,2497000000.0,-2995000000.0,2.199,2.043,8945000000.0,107000000.0,8838000000.0,8945000000.0,0.0,2174000000.0,0.0,0.024,1.0,-2737000000.0,-563000000.0,-0.111,-563000000.0,-2737000000.0,-3182000000.0,-10.59,-10.59,-10.59,5916000000.0,7060750000.0,5916000000.0,19821421274.0,-7.0,-35.207,-1515000000.0,-4.967,1.0,2589000000.0,0.509,360000000.0,445000000.0,24843000000.0,25068500000.0,422000000.0,0.0,0.0,0.0,12087000000.0,1426000000.0,10661000000.0,12571421274.0,-578000000.0,11000000.0,15000000.0,1754000000.0,-308000000.0,928000000.0,-2639000000.0,0.0,1133000000.0,0.0,-3218000000.0,-3218000000.0,-3218000000.0,0.0,223000000.0,-0.633,5103000000.0,-2514000000.0,200000000.0,-0.094,2.125,-3.907,-3.865,14734000000.0,0.0,40.93,2.472,2.455,699000000.0,304000000.0,5086000000.0,5086000000.0,397000000.0,-0.159,-0.456,-0.109,-0.538,82000000.0,406000000.0,1.0,307144424.0,305000000.0,305000000.0,16.675,18609000000.0,67000000.0,36000000.0,361000000.0,61.013,1710000000.0
4,HES,MRT,2020-06-30,2020-06-30,2020-06-30,2021-09-07,-187000000.0,19546000000.0,20919000000.0,3115000000.0,16431000000.0,0.259,20.967,-2931000000.0,1646000000.0,1646000000.0,2725000000.0,-2978000000.0,1.992,1.905,8896000000.0,113000000.0,8783000000.0,8896000000.0,0.0,2200000000.0,0.0,0.019,1.0,-2623000000.0,-423000000.0,-0.078,-423000000.0,-2623000000.0,-3040000000.0,-10.49,-10.49,-10.49,6395000000.0,7808750000.0,6395000000.0,22763873595.0,-9.0,-53.815,-1491000000.0,-4.889,1.0,2700000000.0,0.498,360000000.0,417000000.0,24872000000.0,24977250000.0,360000000.0,0.0,0.0,0.0,12180000000.0,1564000000.0,10616000000.0,15913873595.0,-562000000.0,11000000.0,15000000.0,1694000000.0,-309000000.0,932000000.0,-2934000000.0,-10000000.0,1440000000.0,0.0,-3187000000.0,-3187000000.0,-3187000000.0,0.0,209000000.0,-0.587,5114000000.0,-2414000000.0,307000000.0,-0.095,2.488,-4.993,-4.939,15351000000.0,0.0,51.81,2.933,2.913,596000000.0,625000000.0,5425000000.0,5425000000.0,376000000.0,-0.152,-0.408,-0.105,-0.484,84000000.0,412000000.0,1.0,307158340.0,305000000.0,305000000.0,17.787,19186000000.0,78000000.0,147000000.0,353000000.0,62.905,1551000000.0
5,HES,MRT,2020-03-31,2020-03-31,2020-03-31,2021-09-07,239000000.0,20717000000.0,21456250000.0,4270000000.0,16447000000.0,0.293,23.684,-2976000000.0,2080000000.0,2080000000.0,3167000000.0,-2681000000.0,2.193,1.742,8930000000.0,149000000.0,8781000000.0,8930000000.0,0.0,2185000000.0,0.0,0.03,1.0,-2190000000.0,-5000000.0,-0.001,-5000000.0,-2190000000.0,-2585000000.0,-9.46,-9.46,-9.46,7200000000.0,8533500000.0,7200000000.0,16550645747.0,-8.0,-3310.129,-1127000000.0,-3.707,1.0,3113000000.0,0.496,360000000.0,395000000.0,25260000000.0,24831750000.0,230000000.0,0.0,0.0,0.0,12539000000.0,1947000000.0,10592000000.0,10163645747.0,-220000000.0,22000000.0,0.0,1621000000.0,-309000000.0,912000000.0,-2981000000.0,-26000000.0,1849000000.0,0.0,-2873000000.0,-2873000000.0,-2873000000.0,0.0,192000000.0,-0.457,5111000000.0,-1998000000.0,431000000.0,-0.106,1.412,-3.538,-3.52,15384000000.0,0.0,33.3,1.618,1.612,794000000.0,1021000000.0,6280000000.0,6280000000.0,388000000.0,-0.134,-0.337,-0.088,-0.349,87000000.0,412000000.0,1.0,305214587.0,304000000.0,304000000.0,20.658,20357000000.0,77000000.0,288000000.0,361000000.0,66.964,2323000000.0
6,HES,MRT,2019-12-31,2019-12-31,2019-12-31,2021-09-07,-699000000.0,21782000000.0,21706000000.0,3156000000.0,18626000000.0,0.3,28.991,-2829000000.0,1545000000.0,1545000000.0,3157000000.0,-240000000.0,1.257,1.383,7932000000.0,199000000.0,7733000000.0,7932000000.0,0.0,2122000000.0,0.0,0.015,1.0,433000000.0,2555000000.0,0.392,2555000000.0,433000000.0,53000000.0,-1.37,-1.37,-1.37,8732000000.0,9069000000.0,8732000000.0,25908423560.0,60.0,10.14,-1187000000.0,-3.941,1.0,3353000000.0,0.515,360000000.0,380000000.0,25299000000.0,24625500000.0,261000000.0,0.0,0.0,0.0,12076000000.0,2510000000.0,9566000000.0,20357423560.0,-1149000000.0,22000000.0,-25000000.0,735000000.0,-316000000.0,52000000.0,-2843000000.0,-33000000.0,1642000000.0,0.0,-408000000.0,-412000000.0,-412000000.0,0.0,168000000.0,-0.063,2752000000.0,601000000.0,411000000.0,-0.73,2.331,-49.411,-48.766,17560000000.0,4000000.0,66.81,3.127,3.091,1170000000.0,3535000000.0,6510000000.0,6510000000.0,233000000.0,-0.019,-0.045,0.018,0.067,85000000.0,397000000.0,1.0,304706235.0,301200000.0,301200000.0,21.614,21422000000.0,80000000.0,461000000.0,512000000.0,71.122,646000000.0
7,HES,MRT,2019-09-30,2019-09-30,2019-09-30,2021-09-07,-776000000.0,21631000000.0,21618750000.0,3398000000.0,18233000000.0,0.3,29.448,-2668000000.0,1863000000.0,1863000000.0,3119000000.0,-23000000.0,1.45,1.286,7414000000.0,274000000.0,7140000000.0,7414000000.0,0.0,2069000000.0,0.0,0.017,1.0,563000000.0,2632000000.0,0.405,2632000000.0,563000000.0,179000000.0,-0.69,-0.69,-0.69,8908000000.0,9293250000.0,8908000000.0,23701986083.0,42.0,9.005,-431000000.0,-1.425,1.0,3374000000.0,0.52,360000000.0,384000000.0,24478000000.0,24012750000.0,289000000.0,0.0,0.0,0.0,11454000000.0,2344000000.0,9110000000.0,18414986083.0,-1141000000.0,22000000.0,-270000000.0,98000000.0,-324000000.0,-695000000.0,-2683000000.0,-33000000.0,2237000000.0,0.0,-190000000.0,-206000000.0,-206000000.0,0.0,167000000.0,-0.032,2644000000.0,730000000.0,396000000.0,-1.449,2.067,-89.393,-87.652,17284000000.0,16000000.0,60.48,2.836,2.818,1122000000.0,3836000000.0,6493000000.0,6493000000.0,218000000.0,-0.01,-0.022,0.023,0.087,85000000.0,357000000.0,1.0,304480590.0,302500000.0,302500000.0,21.464,21271000000.0,18000000.0,369000000.0,515000000.0,70.317,1054000000.0
8,HES,MRT,2019-06-30,2019-06-30,2019-06-30,2021-09-07,-648000000.0,21695000000.0,21577750000.0,3684000000.0,18011000000.0,0.315,30.754,-2499000000.0,2208000000.0,2208000000.0,3132000000.0,146000000.0,1.58,1.201,7495000000.0,343000000.0,7152000000.0,7495000000.0,0.0,2014000000.0,0.0,0.016,1.0,747000000.0,2761000000.0,0.406,2761000000.0,747000000.0,354000000.0,-0.17,-0.17,-0.17,9294000000.0,9478750000.0,9294000000.0,24693131664.0,33.0,8.944,-282000000.0,-0.933,1.0,3674000000.0,0.54,360000000.0,393000000.0,24290000000.0,23603000000.0,278000000.0,0.0,0.0,0.0,11164000000.0,2332000000.0,8832000000.0,19343131664.0,-700000000.0,596000000.0,-500000000.0,68000000.0,-333000000.0,-960000000.0,-1957000000.0,-49000000.0,2217000000.0,0.0,-20000000.0,-47000000.0,-47000000.0,0.0,166000000.0,-0.007,2761000000.0,913000000.0,353000000.0,-5.882,2.081,-411.556,-373.941,17044000000.0,27000000.0,63.57,2.842,2.823,1060000000.0,4125000000.0,6806000000.0,6806000000.0,337000000.0,-0.002,-0.005,0.032,0.11,88000000.0,410000000.0,1.0,304280819.0,302200000.0,302200000.0,22.522,21335000000.0,21000000.0,374000000.0,513000000.0,70.599,1352000000.0
9,HES,MRT,2019-03-31,2019-03-31,2019-03-31,2021-09-07,-650000000.0,21716000000.0,21520000000.0,3834000000.0,17882000000.0,0.31,31.412,-2368000000.0,2300000000.0,2300000000.0,3104000000.0,25000000.0,1.688,1.195,7650000000.0,414000000.0,7236000000.0,7650000000.0,0.0,1964000000.0,0.0,0.017,1.0,606000000.0,2570000000.0,0.385,2570000000.0,606000000.0,212000000.0,-0.63,-0.63,-0.63,9342000000.0,9648250000.0,9342000000.0,22229753600.0,37.0,8.65,-401000000.0,-1.348,1.0,3571000000.0,0.535,360000000.0,394000000.0,24435000000.0,23203000000.0,274000000.0,0.0,0.0,0.0,11163000000.0,2271000000.0,8892000000.0,18251753600.0,-1426000000.0,601000000.0,-1019000000.0,-26000000.0,-344000000.0,-1569000000.0,-1824000000.0,-50000000.0,1967000000.0,0.0,-144000000.0,-183000000.0,-183000000.0,0.0,169000000.0,-0.027,2770000000.0,801000000.0,399000000.0,-1.587,1.954,-99.736,-95.603,16943000000.0,39000000.0,60.23,2.734,2.684,1116000000.0,4207000000.0,6675000000.0,6675000000.0,356000000.0,-0.009,-0.019,0.026,0.091,86000000.0,450000000.0,1.0,303034262.0,297400000.0,299700000.0,22.445,21356000000.0,22000000.0,356000000.0,509000000.0,71.809,1563000000.0
10,HES,MRT,2018-12-31,2018-12-31,2018-12-31,2021-09-07,-306000000.0,21433000000.0,21609000000.0,4459000000.0,16974000000.0,0.299,32.29,-2097000000.0,2694000000.0,2694000000.0,3076000000.0,-115000000.0,2.024,1.095,6672000000.0,67000000.0,6605000000.0,6672000000.0,0.0,1883000000.0,0.0,0.025,1.0,452000000.0,2335000000.0,0.361,2335000000.0,452000000.0,53000000.0,-1.1,-1.1,-1.1,9629000000.0,9964000000.0,9629000000.0,15688252008.0,35.0,6.719,-158000000.0,-0.53,1.0,3390000000.0,0.524,360000000.0,399000000.0,22848000000.0,22756750000.0,245000000.0,0.0,0.0,0.0,10545000000.0,2203000000.0,8342000000.0,11998252008.0,-2153000000.0,607000000.0,-1365000000.0,-633000000.0,-345000000.0,-2526000000.0,-1566000000.0,-67000000.0,1939000000.0,0.0,-282000000.0,-328000000.0,-328000000.0,0.0,167000000.0,-0.051,2718000000.0,672000000.0,495000000.0,-0.909,1.246,-36.58,-36.818,16083000000.0,46000000.0,40.5,1.856,1.868,1001000000.0,4257000000.0,6466000000.0,6466000000.0,362000000.0,-0.015,-0.033,0.02,0.07,72000000.0,473000000.0,1.0,296253136.0,298200000.0,298200000.0,21.683,21073000000.0,21000000.0,335000000.0,502000000.0,70.667,2256000000.0
11,HES,MRT,2018-09-30,2018-09-30,2018-09-30,2021-09-07,-502000000.0,21467000000.0,22028750000.0,4501000000.0,16966000000.0,0.276,32.79,-1987000000.0,3004000000.0,3004000000.0,3134000000.0,-2784000000.0,2.299,1.08,6694000000.0,85000000.0,6609000000.0,6694000000.0,0.0,1996000000.0,0.0,0.014,1.0,-2109000000.0,-113000000.0,-0.019,-113000000.0,-2109000000.0,-2489000000.0,-9.61,-9.61,-9.61,9650000000.0,10319500000.0,9650000000.0,24982681284.0,-12.0,-221.086,-586000000.0,-1.991,1.0,2941000000.0,0.484,360000000.0,380000000.0,22839000000.0,22656500000.0,263000000.0,0.0,0.0,0.0,10421000000.0,1958000000.0,8463000000.0,21451681284.0,478000000.0,3120000000.0,-1230000000.0,-330000000.0,-352000000.0,-1981000000.0,1058000000.0,-67000000.0,1401000000.0,0.0,-2955000000.0,-3001000000.0,-3001000000.0,0.0,171000000.0,-0.494,4826000000.0,-1885000000.0,383000000.0,-0.104,2.223,-7.148,-7.448,16013000000.0,46000000.0,71.58,3.531,3.468,1182000000.0,4410000000.0,6075000000.0,6075000000.0,627000000.0,-0.136,-0.291,-0.093,-0.347,74000000.0,503000000.0,1.0,299688199.0,294300000.0,294300000.0,20.642,21107000000.0,10000000.0,466000000.0,521000000.0,71.719,2543000000.0
12,HES,MRT,2018-06-30,2018-06-30,2018-06-30,2021-09-07,-522000000.0,21464000000.0,23312000000.0,4694000000.0,16770000000.0,0.253,33.519,-1960000000.0,2908000000.0,2908000000.0,3048000000.0,-3380000000.0,2.413,1.016,6439000000.0,87000000.0,6352000000.0,6439000000.0,0.0,2266000000.0,0.0,0.015,1.0,-4806000000.0,-2540000000.0,-0.431,-2540000000.0,-4806000000.0,-5166000000.0,-11.45,-11.45,-11.45,9972000000.0,11190000000.0,9972000000.0,23447805706.0,-5.0,-9.231,-894000000.0,-3.005,1.0,2843000000.0,0.483,360000000.0,360000000.0,22690000000.0,24000250000.0,231000000.0,0.0,0.0,0.0,10128000000.0,1945000000.0,8183000000.0,20605805706.0,416000000.0,3329000000.0,-1000000000.0,-330000000.0,-357000000.0,-1793000000.0,1143000000.0,-41000000.0,1066000000.0,0.0,-3537000000.0,-3583000000.0,-3583000000.0,0.0,157000000.0,-0.608,7439000000.0,-4596000000.0,363000000.0,-0.087,2.066,-5.751,-5.842,15869000000.0,46000000.0,66.89,3.498,3.378,1075000000.0,4692000000.0,5891000000.0,5891000000.0,499000000.0,-0.154,-0.32,-0.2,-0.816,74000000.0,471000000.0,1.0,308055101.0,297500000.0,297500000.0,19.802,21104000000.0,18000000.0,-1629000000.0,473000000.0,70.938,2749000000.0
13,HES,MRT,2018-03-31,2018-03-31,2018-03-31,2021-09-07,-571000000.0,22072000000.0,24895500000.0,5014000000.0,17058000000.0,0.222,34.265,-1947000000.0,3726000000.0,3726000000.0,2925000000.0,-3710000000.0,2.633,0.956,6568000000.0,196000000.0,6372000000.0,6568000000.0,0.0,2563000000.0,0.0,0.02,1.0,-5263000000.0,-2700000000.0,-0.489,-2700000000.0,-5263000000.0,-5607000000.0,-12.43,-12.43,-12.43,10605000000.0,12142000000.0,10605000000.0,18078013991.0,-3.0,-6.696,-1141000000.0,-3.687,1.0,2602000000.0,0.471,360000000.0,344000000.0,22650000000.0,25720500000.0,239000000.0,0.0,0.0,0.0,10135000000.0,1904000000.0,8231000000.0,15948013991.0,1040000000.0,3302000000.0,-481000000.0,-225000000.0,-360000000.0,-992000000.0,1226000000.0,-24000000.0,806000000.0,0.0,-3856000000.0,-3901000000.0,-3901000000.0,0.0,146000000.0,-0.706,7692000000.0,-5090000000.0,375000000.0,-0.08,1.504,-4.088,-4.072,16181000000.0,45000000.0,50.62,2.885,2.835,997000000.0,5166000000.0,5527000000.0,5527000000.0,489000000.0,-0.157,-0.321,-0.205,-0.952,77000000.0,437000000.0,1.0,315053615.0,309500000.0,309500000.0,17.858,21712000000.0,22000000.0,-1751000000.0,507000000.0,70.152,3110000000.0
14,HES,MRT,2017-12-31,2017-12-31,2017-12-31,2021-09-07,-686000000.0,23112000000.0,26402500000.0,6157000000.0,16955000000.0,0.204,35.183,-1937000000.0,4847000000.0,4847000000.0,2829000000.0,-3941000000.0,2.529,0.973,6977000000.0,580000000.0,6397000000.0,6977000000.0,0.0,2883000000.0,0.0,0.021,1.0,-5586000000.0,-2703000000.0,-0.501,-2703000000.0,-5586000000.0,-5911000000.0,-13.12,-13.12,-13.12,11051000000.0,13027750000.0,11051000000.0,19271783519.0,-3.0,-7.13,-992000000.0,-3.158,1.0,2562000000.0,0.475,360000000.0,325000000.0,22447000000.0,27482500000.0,232000000.0,0.0,0.0,0.0,10758000000.0,2435000000.0,8323000000.0,15083783519.0,2115000000.0,3296000000.0,-110000000.0,188000000.0,-363000000.0,-188000000.0,1358000000.0,0.0,945000000.0,0.0,-4074000000.0,-4120000000.0,-4120000000.0,0.0,133000000.0,-0.764,8015000000.0,-5453000000.0,435000000.0,-0.076,1.365,-3.661,-3.618,16192000000.0,46000000.0,47.47,2.798,2.766,1024000000.0,5597000000.0,5391000000.0,5391000000.0,507000000.0,-0.156,-0.316,-0.203,-1.036,86000000.0,422000000.0,1.0,317754024.0,314100000.0,314100000.0,17.163,22752000000.0,21000000.0,-1837000000.0,512000000.0,72.436,3722000000.0
15,HES,MRT,2017-09-30,2017-09-30,2017-09-30,2021-09-07,-1472000000.0,26600000000.0,27779750000.0,4083000000.0,22517000000.0,0.197,41.755,-1870000000.0,2526000000.0,2526000000.0,2930000000.0,-6204000000.0,1.844,0.927,6714000000.0,122000000.0,6592000000.0,6714000000.0,0.0,3005000000.0,0.0,0.021,1.0,-4766000000.0,-1761000000.0,-0.321,-1761000000.0,-4766000000.0,-5095000000.0,-20.36,-20.36,-20.36,13132000000.0,13898500000.0,13132000000.0,19144689452.0,-4.0,-10.871,-942000000.0,-2.995,1.0,2551000000.0,0.465,360000000.0,329000000.0,28214000000.0,29388000000.0,372000000.0,0.0,0.0,0.0,12172000000.0,2214000000.0,9958000000.0,14903689452.0,-1003000000.0,923000000.0,0.0,-684000000.0,-363000000.0,-906000000.0,-1025000000.0,0.0,928000000.0,0.0,-6289000000.0,-6334000000.0,-6334000000.0,0.0,85000000.0,-1.156,7164000000.0,-4613000000.0,421000000.0,-0.049,1.135,-2.353,-2.303,20279000000.0,45000000.0,46.89,2.719,2.691,933000000.0,8438000000.0,5481000000.0,5481000000.0,1184000000.0,-0.228,-0.456,-0.162,-0.87,69000000.0,405000000.0,1.0,317843665.0,314500000.0,314500000.0,17.428,26240000000.0,1480000000.0,1194000000.0,685000000.0,83.434,1869000000.0
16,HES,MRT,2017-06-30,2017-06-30,2017-06-30,2021-09-07,-1518000000.0,27798000000.0,29744500000.0,4270000000.0,23528000000.0,0.169,43.83,-1886000000.0,2492000000.0,2492000000.0,2882000000.0,-5928000000.0,2.016,0.923,6733000000.0,121000000.0,6612000000.0,6733000000.0,0.0,3057000000.0,0.0,0.023,1.0,-2818000000.0,239000000.0,0.047,239000000.0,-2818000000.0,-3152000000.0,-19.46,-19.46,-19.46,13780000000.0,15575000000.0,13780000000.0,18045988213.0,-6.0,75.506,-714000000.0,-2.271,1.0,2151000000.0,0.427,350000000.0,334000000.0,29571000000.0,31153250000.0,376000000.0,0.0,0.0,0.0,12720000000.0,2118000000.0,10602000000.0,13946988213.0,-603000000.0,140000000.0,0.0,66000000.0,-363000000.0,-134000000.0,-1641000000.0,0.0,1172000000.0,0.0,-6004000000.0,-6050000000.0,-6050000000.0,0.0,76000000.0,-1.202,4745000000.0,-2594000000.0,504000000.0,-0.051,1.012,-2.305,-2.254,22793000000.0,46000000.0,43.87,2.771,2.74,801000000.0,9153000000.0,5033000000.0,5033000000.0,1221000000.0,-0.203,-0.388,-0.09,-0.56,70000000.0,400000000.0,1.0,317916303.0,314400000.0,314400000.0,16.008,27448000000.0,25000000.0,2852000000.0,1178000000.0,87.303,2152000000.0
17,HES,MRT,2017-03-31,2017-03-31,2017-03-31,2021-09-07,-1667000000.0,28100000000.0,31353500000.0,4171000000.0,23929000000.0,0.163,45.072,-2021000000.0,2686000000.0,2686000000.0,2985000000.0,-5884000000.0,1.962,0.909,6785000000.0,116000000.0,6669000000.0,6785000000.0,0.0,3113000000.0,0.0,0.021,1.0,-3055000000.0,58000000.0,0.011,58000000.0,-3055000000.0,-3392000000.0,-19.29,-19.29,-19.29,14148000000.0,17159750000.0,14148000000.0,19333583472.0,-6.0,333.338,-817000000.0,-2.603,1.0,2115000000.0,0.415,375000000.0,337000000.0,29698000000.0,32554750000.0,377000000.0,0.0,0.0,0.0,12867000000.0,2126000000.0,10741000000.0,15259583472.0,-871000000.0,140000000.0,0.0,75000000.0,-362000000.0,-308000000.0,-1767000000.0,0.0,1204000000.0,0.0,-5947000000.0,-5994000000.0,-5994000000.0,0.0,63000000.0,-1.175,4959000000.0,-2844000000.0,565000000.0,-0.052,1.079,-2.546,-2.499,23201000000.0,47000000.0,48.21,2.992,2.967,775000000.0,9692000000.0,5100000000.0,5100000000.0,1368000000.0,-0.191,-0.349,-0.094,-0.599,70000000.0,411000000.0,1.0,316523200.0,313900000.0,313900000.0,16.247,27725000000.0,23000000.0,2555000000.0,1227000000.0,88.324,2045000000.0
18,HES,MRT,2016-12-31,2016-12-31,2016-12-31,2021-09-07,-1704000000.0,28621000000.0,33030500000.0,4276000000.0,24345000000.0,0.147,46.899,-2251000000.0,2732000000.0,2732000000.0,3040000000.0,-6076000000.0,1.9,0.897,6806000000.0,112000000.0,6694000000.0,6806000000.0,0.0,3244000000.0,0.0,0.016,1.0,-3572000000.0,-328000000.0,-0.068,-328000000.0,-3572000000.0,-3910000000.0,-19.92,-19.92,-19.92,14534000000.0,18772250000.0,14534000000.0,23530325703.0,-7.0,-71.739,-1456000000.0,-4.698,1.0,1799000000.0,0.372,375000000.0,338000000.0,30069000000.0,33949000000.0,323000000.0,0.0,0.0,0.0,13030000000.0,2251000000.0,10779000000.0,19722325703.0,16000000.0,140000000.0,1087000000.0,84000000.0,-350000000.0,1311000000.0,-2090000000.0,0.0,795000000.0,0.0,-6132000000.0,-6173000000.0,-6173000000.0,0.0,56000000.0,-1.276,5167000000.0,-3368000000.0,433000000.0,-0.05,1.357,-3.195,-3.127,23595000000.0,41000000.0,62.29,4.076,3.989,940000000.0,10147000000.0,4839000000.0,4839000000.0,1442000000.0,-0.187,-0.329,-0.105,-0.738,73000000.0,414000000.0,1.0,316621058.0,309900000.0,309900000.0,15.615,28246000000.0,59000000.0,2222000000.0,1241000000.0,91.146,2025000000.0
19,HES,MRT,2016-09-30,2016-09-30,2016-09-30,2021-09-07,-1372000000.0,34459000000.0,34414500000.0,4893000000.0,29566000000.0,0.141,63.34,-2699000000.0,3529000000.0,3529000000.0,2926000000.0,-2977000000.0,1.87,0.683,7337000000.0,666000000.0,6671000000.0,7337000000.0,0.0,3459000000.0,0.0,0.019,1.0,-4180000000.0,-721000000.0,-0.149,-721000000.0,-4180000000.0,-4520000000.0,-10.56,-10.56,-10.56,19838000000.0,19985250000.0,19838000000.0,20437079022.0,-5.0,-28.345,-1607000000.0,-5.131,1.0,1919000000.0,0.396,375000000.0,340000000.0,35275000000.0,35189250000.0,403000000.0,0.0,0.0,0.0,13544000000.0,2617000000.0,10927000000.0,16980079022.0,516000000.0,0.0,1087000000.0,770000000.0,-332000000.0,1999000000.0,-2575000000.0,0.0,1092000000.0,0.0,-3061000000.0,-3091000000.0,-3091000000.0,8000000.0,84000000.0,-0.638,5927000000.0,-4008000000.0,458000000.0,-0.095,0.856,-5.493,-5.078,25537000000.0,30000000.0,53.62,3.505,3.466,771000000.0,15129000000.0,4845000000.0,4845000000.0,787000000.0,-0.09,-0.155,-0.119,-0.863,95000000.0,450000000.0,1.0,316674357.0,313200000.0,313200000.0,15.469,34084000000.0,3257000000.0,-1459000000.0,1274000000.0,108.825,2276000000.0
20,HES,MRT,2016-06-30,2016-06-30,2016-06-30,2021-09-07,-1499000000.0,34234000000.0,34913750000.0,4631000000.0,29603000000.0,0.153,64.237,-3133000000.0,3095000000.0,3095000000.0,3149000000.0,-2912000000.0,2.165,0.649,6552000000.0,102000000.0,6450000000.0,6552000000.0,0.0,3636000000.0,0.0,0.017,1.0,-4104000000.0,-468000000.0,-0.088,-468000000.0,-4104000000.0,-4444000000.0,-10.42,-10.42,-10.42,20119000000.0,20358500000.0,20119000000.0,22069834678.0,-5.0,-47.158,-2091000000.0,-6.676,1.0,2189000000.0,0.41,375000000.0,340000000.0,35177000000.0,35345000000.0,377000000.0,0.0,0.0,0.0,13060000000.0,2139000000.0,10921000000.0,19034834678.0,2164000000.0,0.0,1023000000.0,622000000.0,-312000000.0,4127000000.0,-3005000000.0,0.0,1042000000.0,0.0,-3001000000.0,-3019000000.0,-3019000000.0,21000000.0,89000000.0,-0.566,6183000000.0,-3994000000.0,525000000.0,-0.096,0.946,-6.305,-5.768,25769000000.0,18000000.0,60.1,3.566,3.526,843000000.0,15559000000.0,5338000000.0,5338000000.0,853000000.0,-0.086,-0.148,-0.116,-0.769,93000000.0,463000000.0,1.0,316719379.0,313200000.0,313200000.0,17.043,33859000000.0,3043000000.0,-1443000000.0,1318000000.0,108.107,2492000000.0
21,HES,MRT,2016-03-31,2016-03-31,2016-03-31,2021-09-07,-1484000000.0,34808000000.0,35244750000.0,4945000000.0,29863000000.0,0.17,68.706,-3630000000.0,3557000000.0,3557000000.0,3293000000.0,-3106000000.0,2.255,0.64,6592000000.0,94000000.0,6498000000.0,6592000000.0,0.0,3867000000.0,0.0,0.019,1.0,-4129000000.0,-262000000.0,-0.044,-262000000.0,-4129000000.0,-4470000000.0,-11.12,-11.12,-11.12,20598000000.0,20604500000.0,20598000000.0,20511401742.0,-5.0,-78.288,-2145000000.0,-7.155,1.0,2711000000.0,0.452,375000000.0,341000000.0,35275000000.0,35455250000.0,416000000.0,0.0,0.0,0.0,13174000000.0,2193000000.0,10981000000.0,16597401742.0,2051000000.0,0.0,1012000000.0,648000000.0,-295000000.0,4159000000.0,-3593000000.0,0.0,1485000000.0,0.0,-3176000000.0,-3182000000.0,-3182000000.0,35000000.0,70000000.0,-0.53,6735000000.0,-4024000000.0,346000000.0,-0.09,0.806,-5.216,-4.735,26241000000.0,6000000.0,52.65,2.764,2.629,612000000.0,16042000000.0,6004000000.0,6004000000.0,744000000.0,-0.09,-0.154,-0.116,-0.688,96000000.0,508000000.0,1.0,315240299.0,299800000.0,299800000.0,20.027,34433000000.0,2832000000.0,-1294000000.0,1413000000.0,114.853,2752000000.0
22,HES,MRT,2015-12-31,2015-12-31,2015-12-31,2021-09-07,-1664000000.0,34157000000.0,35568000000.0,4404000000.0,29753000000.0,0.184,68.357,-4321000000.0,2716000000.0,2716000000.0,3469000000.0,-3007000000.0,1.676,0.71,6592000000.0,86000000.0,6506000000.0,6592000000.0,0.0,3955000000.0,0.0,0.021,1.0,-4014000000.0,-59000000.0,-0.009,-59000000.0,-4014000000.0,-4355000000.0,-10.78,-10.78,-10.78,19386000000.0,20871750000.0,19386000000.0,17408991917.0,-4.0,-295.068,-2340000000.0,-8.251,1.0,3092000000.0,0.471,375000000.0,341000000.0,35030000000.0,35449000000.0,399000000.0,0.0,0.0,0.0,13756000000.0,2628000000.0,11128000000.0,13869991917.0,272000000.0,0.0,-142000000.0,643000000.0,-287000000.0,2497000000.0,-4206000000.0,0.0,1981000000.0,0.0,-3056000000.0,-3056000000.0,-3056000000.0,48000000.0,49000000.0,-0.466,7009000000.0,-3917000000.0,457000000.0,-0.093,0.715,-4.539,-4.497,26352000000.0,0.0,48.48,2.114,2.096,847000000.0,16637000000.0,6561000000.0,6561000000.0,881000000.0,-0.086,-0.146,-0.113,-0.612,97000000.0,557000000.0,1.0,286097193.0,283600000.0,283600000.0,23.135,33782000000.0,2653000000.0,-1299000000.0,1422000000.0,119.118,1776000000.0
23,HES,MRT,2015-09-30,2015-09-30,2015-09-30,2021-09-07,-1582000000.0,36456000000.0,36630500000.0,5597000000.0,30859000000.0,0.21,75.242,-4914000000.0,3013000000.0,3013000000.0,3677000000.0,-1215000000.0,2.133,0.661,6552000000.0,78000000.0,6474000000.0,6552000000.0,0.0,3847000000.0,0.0,0.02,1.0,-1532000000.0,2315000000.0,0.301,2315000000.0,-1532000000.0,-1869000000.0,-4.25,-4.25,-4.25,21331000000.0,21576500000.0,21331000000.0,19396111516.0,-13.0,8.378,-2482000000.0,-8.755,1.0,4025000000.0,0.523,1473000000.0,337000000.0,35898000000.0,35501750000.0,535000000.0,0.0,0.0,0.0,14093000000.0,2624000000.0,11469000000.0,14370111516.0,-1107000000.0,0.0,-1219000000.0,512000000.0,-286000000.0,1313000000.0,-4852000000.0,0.0,2432000000.0,0.0,-1243000000.0,-1243000000.0,-1243000000.0,42000000.0,28000000.0,-0.161,5487000000.0,-1462000000.0,537000000.0,-0.235,0.674,-11.561,-11.779,26883000000.0,0.0,50.06,1.866,1.843,1211000000.0,18530000000.0,7702000000.0,7702000000.0,674000000.0,-0.034,-0.058,-0.043,-0.199,93000000.0,581000000.0,1.0,287057761.0,283500000.0,283500000.0,27.168,34983000000.0,2109000000.0,-626000000.0,1697000000.0,123.397,2973000000.0
24,HES,MRT,2015-06-30,2015-06-30,2015-06-30,2021-09-07,-1436000000.0,35558000000.0,37760250000.0,3926000000.0,31632000000.0,0.232,74.228,-5297000000.0,931000000.0,931000000.0,3787000000.0,67000000.0,1.124,0.685,5957000000.0,69000000.0,5888000000.0,5957000000.0,0.0,3697000000.0,0.0,0.015,1.0,278000000.0,3975000000.0,0.454,3975000000.0,278000000.0,-50000000.0,0.08,0.04,0.08,21103000000.0,22306000000.0,21103000000.0,23694109029.0,85.0,5.961,-1825000000.0,-6.419,1.0,4962000000.0,0.567,1473000000.0,328000000.0,35618000000.0,35521750000.0,569000000.0,0.0,0.0,0.0,14455000000.0,3493000000.0,10962000000.0,19220109029.0,-1274000000.0,0.0,-2058000000.0,-124000000.0,-291000000.0,-2435000000.0,-2311000000.0,0.0,3472000000.0,0.0,44000000.0,44000000.0,44000000.0,-642000000.0,23000000.0,0.005,5303000000.0,-341000000.0,616000000.0,12.5,0.911,436.821,836.0,27298000000.0,0.0,66.88,2.197,2.173,1492000000.0,18923000000.0,8749000000.0,8749000000.0,620000000.0,0.001,0.002,0.008,0.032,98000000.0,601000000.0,1.0,287382013.0,284300000.0,284300000.0,30.774,34085000000.0,2504000000.0,-94000000.0,2138000000.0,119.891,433000000.0
25,HES,MRT,2015-03-31,2015-03-31,2015-03-31,2021-09-07,-1504000000.0,36101000000.0,39138500000.0,4323000000.0,31778000000.0,0.266,76.427,-5379000000.0,1506000000.0,1506000000.0,3927000000.0,1564000000.0,1.247,0.666,5980000000.0,69000000.0,5911000000.0,5980000000.0,0.0,3454000000.0,0.0,0.015,1.0,2023000000.0,5477000000.0,0.527,5477000000.0,2023000000.0,1696000000.0,5.08,4.99,5.08,21667000000.0,23094500000.0,21667000000.0,22942619007.0,11.0,4.189,-1644000000.0,-5.799,1.0,6470000000.0,0.622,1858000000.0,327000000.0,35250000000.0,36074250000.0,546000000.0,0.0,0.0,0.0,14434000000.0,3467000000.0,10967000000.0,19399619007.0,218000000.0,0.0,-2739000000.0,324000000.0,-296000000.0,-2561000000.0,-956000000.0,0.0,3735000000.0,0.0,1542000000.0,1542000000.0,1542000000.0,-612000000.0,22000000.0,0.148,5037000000.0,1433000000.0,681000000.0,0.197,0.895,12.581,13.36,27208000000.0,0.0,67.87,1.866,1.851,1405000000.0,19578000000.0,10397000000.0,10397000000.0,990000000.0,0.039,0.067,0.056,0.195,91000000.0,593000000.0,1.0,285834964.0,283500000.0,283500000.0,36.674,34243000000.0,2356000000.0,154000000.0,2084000000.0,120.787,856000000.0
26,HES,MRT,2014-12-31,2014-12-31,2014-12-31,2021-09-07,-1410000000.0,38407000000.0,40469250000.0,6313000000.0,32094000000.0,0.283,72.164,-5214000000.0,2444000000.0,2444000000.0,4028000000.0,2374000000.0,1.301,0.724,5987000000.0,68000000.0,5919000000.0,5987000000.0,0.0,3224000000.0,0.0,0.014,1.0,3384000000.0,6608000000.0,0.578,6608000000.0,3384000000.0,3061000000.0,7.63,7.53,7.63,22205000000.0,23713750000.0,22205000000.0,23945859542.0,7.0,3.624,-757000000.0,-2.46,1.0,7411000000.0,0.648,1858000000.0,323000000.0,35241000000.0,36698500000.0,527000000.0,0.0,0.0,0.0,16087000000.0,4851000000.0,11236000000.0,22069859542.0,630000000.0,0.0,-3715000000.0,8000000.0,-303000000.0,-3835000000.0,8000000.0,0.0,4457000000.0,0.0,2317000000.0,2317000000.0,2317000000.0,-682000000.0,57000000.0,0.203,4652000000.0,2759000000.0,708000000.0,0.131,0.994,9.525,9.675,27517000000.0,0.0,73.82,1.929,1.986,1642000000.0,20052000000.0,11439000000.0,11439000000.0,840000000.0,0.057,0.098,0.092,0.296,87000000.0,588000000.0,1.0,298968566.0,307700000.0,307700000.0,37.176,36549000000.0,2371000000.0,744000000.0,2132000000.0,118.781,1462000000.0
27,HES,MRT,2014-09-30,2014-09-30,2014-09-30,2021-09-07,-487000000.0,40975000000.0,41556000000.0,8865000000.0,32110000000.0,0.287,79.505,-5234000000.0,4120000000.0,4120000000.0,3949000000.0,4296000000.0,1.768,0.685,5996000000.0,67000000.0,5929000000.0,5996000000.0,0.0,3062000000.0,0.0,0.011,1.0,4524000000.0,7586000000.0,0.635,7586000000.0,4524000000.0,4186000000.0,13.36,13.18,13.36,24249000000.0,24342500000.0,24249000000.0,32896579839.0,7.0,4.336,-73000000.0,-0.239,1.0,7995000000.0,0.669,1858000000.0,338000000.0,35978000000.0,37466000000.0,817000000.0,145000000.0,0.0,145000000.0,16610000000.0,5015000000.0,11595000000.0,29024579839.0,3799000000.0,0.0,-3631000000.0,-371000000.0,-313000000.0,-4087000000.0,2725000000.0,0.0,5161000000.0,0.0,4250000000.0,4250000000.0,4250000000.0,-1681000000.0,46000000.0,0.356,5106000000.0,2889000000.0,1712000000.0,0.075,1.197,6.829,7.06,27667000000.0,0.0,94.32,2.43,2.409,2674000000.0,21020000000.0,11944000000.0,11944000000.0,1127000000.0,0.102,0.175,0.121,0.379,73000000.0,628000000.0,1.0,307724553.0,305000000.0,305000000.0,39.161,39117000000.0,1940000000.0,-64000000.0,2598000000.0,128.252,3850000000.0
28,HES,MRT,2014-06-30,2014-06-30,2014-06-30,2021-09-07,-384000000.0,41071000000.0,41786250000.0,8767000000.0,32304000000.0,0.285,77.227,-5295000000.0,2205000000.0,2205000000.0,3907000000.0,3684000000.0,1.668,0.689,6077000000.0,124000000.0,5953000000.0,6077000000.0,0.0,2905000000.0,0.0,0.01,1.0,4039000000.0,6944000000.0,0.582,6944000000.0,4039000000.0,3690000000.0,11.25,11.1,11.25,24257000000.0,24222500000.0,24257000000.0,35360061160.0,9.0,5.092,-202000000.0,-0.643,1.0,8015000000.0,0.672,1858000000.0,349000000.0,37828000000.0,38219500000.0,842000000.0,213000000.0,0.0,213000000.0,16717000000.0,5257000000.0,11460000000.0,31072061160.0,1480000000.0,0.0,-3228000000.0,54000000.0,-322000000.0,-3266000000.0,-347000000.0,0.0,5093000000.0,0.0,3662000000.0,3662000000.0,3662000000.0,-1072000000.0,22000000.0,0.307,5026000000.0,2989000000.0,1529000000.0,0.089,1.281,8.485,8.79,27236000000.0,0.0,98.89,2.606,2.605,2348000000.0,20879000000.0,11922000000.0,11922000000.0,1191000000.0,0.088,0.151,0.106,0.339,66000000.0,641000000.0,1.0,314208324.0,314100000.0,314100000.0,37.956,39213000000.0,2499000000.0,28000000.0,2694000000.0,124.842,3510000000.0
29,HES,MRT,2014-03-31,2014-03-31,2014-03-31,2021-09-07,-276000000.0,41424000000.0,41875500000.0,7048000000.0,34376000000.0,0.299,74.842,-5567000000.0,1288000000.0,1288000000.0,3919000000.0,4370000000.0,1.178,0.712,5576000000.0,142000000.0,5434000000.0,5576000000.0,0.0,2724000000.0,0.0,0.01,0.85,4886000000.0,7610000000.0,0.609,7610000000.0,4886000000.0,4505000000.0,12.45,12.3,12.45,24144000000.0,24132500000.0,24144000000.0,30946038990.0,6.0,4.066,-130000000.0,-0.403,1.0,8582000000.0,0.687,1984000000.0,381000000.0,37747000000.0,38237750000.0,1055000000.0,485000000.0,0.0,485000000.0,17182000000.0,5981000000.0,11201000000.0,26962038990.0,844000000.0,0.0,-2536000000.0,-2065000000.0,-279000000.0,-4942000000.0,349000000.0,0.0,5437000000.0,0.0,4162000000.0,4162000000.0,4162000000.0,-1132000000.0,208000000.0,0.333,4620000000.0,3962000000.0,2067000000.0,0.068,1.117,6.478,6.657,29166000000.0,0.0,82.88,2.157,2.139,2808000000.0,20693000000.0,12501000000.0,12501000000.0,931000000.0,0.099,0.172,0.128,0.391,70000000.0,666000000.0,1.0,325314177.0,322600000.0,322600000.0,38.751,39440000000.0,2207000000.0,343000000.0,3047000000.0,122.257,1067000000.0
30,HES,MRT,2013-12-31,2013-12-31,2013-12-31,2021-09-07,-338000000.0,42754000000.0,42114250000.0,8599000000.0,34155000000.0,0.333,72.514,-5937000000.0,1814000000.0,1814000000.0,4341000000.0,5222000000.0,1.311,0.727,5798000000.0,378000000.0,5420000000.0,5798000000.0,0.0,2687000000.0,0.0,0.008,0.7,6023000000.0,8710000000.0,0.621,8710000000.0,6023000000.0,5617000000.0,15.01,14.82,15.01,24720000000.0,23701000000.0,24720000000.0,33906738612.0,6.0,3.893,-839000000.0,-2.461,1.0,9687000000.0,0.691,1869000000.0,406000000.0,38311000000.0,38435000000.0,954000000.0,0.0,0.0,0.0,17970000000.0,6558000000.0,11412000000.0,28018738612.0,1172000000.0,0.0,-1493000000.0,-2484000000.0,-235000000.0,-4276000000.0,350000000.0,0.0,5098000000.0,0.0,5052000000.0,5052000000.0,5052000000.0,-1186000000.0,170000000.0,0.36,4680000000.0,5007000000.0,2109000000.0,0.047,1.133,5.546,5.53,28771000000.0,0.0,83.0,1.997,2.017,3093000000.0,21235000000.0,14028000000.0,14028000000.0,1031000000.0,0.12,0.213,0.157,0.429,60000000.0,673000000.0,1.0,337575164.0,340900000.0,340900000.0,41.15,40885000000.0,2319000000.0,565000000.0,2812000000.0,119.933,2041000000.0
31,HES,MRT,2013-09-30,2013-09-30,2013-09-30,2021-09-07,-447000000.0,41896000000.0,42286000000.0,9257000000.0,32639000000.0,0.397,69.237,-6143000000.0,321000000.0,321000000.0,7073000000.0,3683000000.0,1.337,0.76,6209000000.0,791000000.0,5418000000.0,6209000000.0,0.0,2704000000.0,0.0,0.007,0.55,5297000000.0,8001000000.0,0.476,8001000000.0,5297000000.0,4882000000.0,10.31,10.21,10.31,23769000000.0,22793500000.0,23769000000.0,31633656774.0,6.0,3.954,-1253000000.0,-3.65,1.0,9722000000.0,0.579,1869000000.0,415000000.0,38992000000.0,38937250000.0,695000000.0,441000000.0,0.0,441000000.0,18054000000.0,6923000000.0,11131000000.0,26558656774.0,-207000000.0,0.0,-500000000.0,-1822000000.0,-189000000.0,-2616000000.0,-2481000000.0,0.0,4890000000.0,0.0,3501000000.0,3501000000.0,3501000000.0,-365000000.0,182000000.0,0.208,4608000000.0,5114000000.0,453000000.0,0.053,1.117,7.586,7.501,27414000000.0,0.0,77.34,1.581,1.581,1418000000.0,20279000000.0,16795000000.0,16795000000.0,935000000.0,0.083,0.154,0.136,0.315,75000000.0,644000000.0,1.0,343401303.0,343300000.0,343300000.0,48.922,40027000000.0,2617000000.0,1381000000.0,2642000000.0,116.595,2334000000.0
32,HES,MRT,2013-06-30,2013-06-30,2013-06-30,2021-09-07,-419000000.0,41428000000.0,42365000000.0,9992000000.0,31436000000.0,0.415,69.468,-6871000000.0,725000000.0,725000000.0,7183000000.0,3857000000.0,1.484,0.73,5800000000.0,354000000.0,5446000000.0,5800000000.0,0.0,2751000000.0,0.0,0.006,0.4,5608000000.0,8359000000.0,0.476,8359000000.0,5608000000.0,5175000000.0,10.72,10.62,10.72,23897000000.0,21986750000.0,23897000000.0,29757871919.0,5.0,3.56,-1373000000.0,-3.991,1.0,10392000000.0,0.591,1869000000.0,433000000.0,37901000000.0,39056500000.0,683000000.0,380000000.0,0.0,380000000.0,17455000000.0,6733000000.0,10722000000.0,22825871919.0,316000000.0,0.0,0.0,-2287000000.0,-138000000.0,-2571000000.0,-2611000000.0,0.0,5498000000.0,0.0,3638000000.0,3638000000.0,3638000000.0,-385000000.0,219000000.0,0.207,4950000000.0,5442000000.0,565000000.0,0.037,0.955,6.274,6.202,26170000000.0,0.0,66.49,1.299,1.301,1640000000.0,20369000000.0,17575000000.0,17575000000.0,1040000000.0,0.086,0.165,0.144,0.319,80000000.0,626000000.0,1.0,343297818.0,344000000.0,344000000.0,51.09,39559000000.0,2753000000.0,1537000000.0,2464000000.0,114.997,3259000000.0
33,HES,MRT,2013-03-31,2013-03-31,2013-03-31,2021-09-07,-452000000.0,42379000000.0,42161500000.0,11418000000.0,30961000000.0,0.397,65.435,-7342000000.0,444000000.0,444000000.0,7136000000.0,2776000000.0,1.282,0.886,7376000000.0,1904000000.0,5472000000.0,7376000000.0,0.0,2893000000.0,0.0,0.006,0.4,4829000000.0,7722000000.0,0.461,7722000000.0,4829000000.0,4408000000.0,8.13,8.07,8.13,22418000000.0,20984250000.0,22418000000.0,31925792653.0,7.0,4.134,-1851000000.0,-5.403,1.0,9598000000.0,0.574,1869000000.0,421000000.0,38536000000.0,39256250000.0,686000000.0,337000000.0,0.0,337000000.0,19854000000.0,8906000000.0,10948000000.0,24456792653.0,48000000.0,0.0,0.0,204000000.0,-138000000.0,97000000.0,-5540000000.0,0.0,5491000000.0,0.0,2756000000.0,2756000000.0,2756000000.0,-364000000.0,20000000.0,0.165,5113000000.0,4485000000.0,571000000.0,0.049,1.091,8.874,8.808,25651000000.0,0.0,71.61,1.462,1.466,1567000000.0,18958000000.0,16734000000.0,16734000000.0,1036000000.0,0.065,0.131,0.123,0.289,82000000.0,602000000.0,1.0,341527617.0,342600000.0,342600000.0,48.844,40510000000.0,2742000000.0,1652000000.0,2961000000.0,118.243,2512000000.0
34,HES,MRT,2012-12-31,2012-12-31,2012-12-31,2021-09-07,-493000000.0,43441000000.0,41728500000.0,8387000000.0,35054000000.0,0.31,61.975,-7682000000.0,642000000.0,642000000.0,4085000000.0,2063000000.0,1.001,1.054,8111000000.0,787000000.0,7324000000.0,8111000000.0,0.0,2866000000.0,0.0,0.008,0.4,3973000000.0,6839000000.0,0.529,6839000000.0,3973000000.0,3554000000.0,5.98,5.95,5.98,21090000000.0,20145500000.0,21090000000.0,25401331715.0,6.0,3.714,-2022000000.0,-5.942,1.0,8850000000.0,0.684,2208000000.0,419000000.0,40320000000.0,38808500000.0,1259000000.0,443000000.0,0.0,443000000.0,22238000000.0,8382000000.0,13856000000.0,18088331715.0,291000000.0,0.0,0.0,1845000000.0,-171000000.0,1682000000.0,-7051000000.0,0.0,5660000000.0,0.0,2025000000.0,2025000000.0,2025000000.0,-255000000.0,38000000.0,0.157,5094000000.0,3756000000.0,2809000000.0,0.067,0.858,8.933,8.856,28807000000.0,0.0,52.96,1.398,1.393,4057000000.0,17717000000.0,12935000000.0,12935000000.0,1070000000.0,0.049,0.101,0.102,0.307,83000000.0,576000000.0,1.0,341547049.0,340300000.0,340300000.0,38.011,41233000000.0,3126000000.0,1529000000.0,3622000000.0,121.167,5000000.0
35,HES,MRT,2012-09-30,2012-09-30,2012-09-30,2021-09-07,-675000000.0,42212000000.0,40652250000.0,8157000000.0,34055000000.0,0.039,60.418,-7978000000.0,528000000.0,528000000.0,-5880000000.0,1553000000.0,1.039,1.05,7841000000.0,621000000.0,7220000000.0,7841000000.0,0.0,2777000000.0,0.0,0.007,0.4,3116000000.0,5893000000.0,3.718,5893000000.0,3116000000.0,2710000000.0,4.48,4.46,4.48,20542000000.0,19502000000.0,20542000000.0,25782048492.0,8.0,4.375,-2750000000.0,-8.088,1.0,7465000000.0,4.71,2208000000.0,406000000.0,39469000000.0,37337750000.0,1218000000.0,401000000.0,0.0,401000000.0,21560000000.0,7848000000.0,13712000000.0,18346048492.0,-299000000.0,0.0,0.0,2057000000.0,-136000000.0,1946000000.0,-7473000000.0,0.0,5228000000.0,0.0,1520000000.0,1520000000.0,1520000000.0,-243000000.0,33000000.0,0.959,4559000000.0,2906000000.0,2543000000.0,0.089,0.893,12.07,11.991,28144000000.0,0.0,53.72,11.575,11.524,3908000000.0,17377000000.0,1585000000.0,1585000000.0,1134000000.0,0.037,0.078,0.083,1.966,69000000.0,508000000.0,1.0,341512444.0,340000000.0,340000000.0,4.662,40004000000.0,2872000000.0,1190000000.0,3475000000.0,117.659,309000000.0
36,HES,MRT,2012-06-30,2012-06-30,2012-06-30,2021-09-07,-779000000.0,40614000000.0,39434000000.0,7925000000.0,32689000000.0,0.173,58.422,-8277000000.0,409000000.0,409000000.0,105000000.0,1228000000.0,1.119,1.039,7845000000.0,299000000.0,7546000000.0,7845000000.0,0.0,2635000000.0,0.0,0.009,0.4,2313000000.0,4948000000.0,0.726,4948000000.0,2313000000.0,1917000000.0,3.72,3.7,3.72,19887000000.0,19074750000.0,19887000000.0,21425000644.0,9.0,4.33,-3889000000.0,-11.425,1.0,6712000000.0,0.985,2266000000.0,396000000.0,38700000000.0,35749250000.0,1309000000.0,450000000.0,0.0,450000000.0,20655000000.0,7084000000.0,13571000000.0,14843000644.0,-1785000000.0,0.0,0.0,2159000000.0,-136000000.0,2003000000.0,-8176000000.0,0.0,4388000000.0,0.0,1261000000.0,1261000000.0,1261000000.0,-161000000.0,-33000000.0,0.185,4593000000.0,2119000000.0,2707000000.0,0.108,0.746,11.771,11.68,26556000000.0,0.0,43.45,2.177,2.17,4187000000.0,16854000000.0,6817000000.0,6817000000.0,1074000000.0,0.032,0.066,0.065,0.339,75000000.0,551000000.0,1.0,341611062.0,340400000.0,340400000.0,20.026,38348000000.0,2973000000.0,656000000.0,3354000000.0,112.656,841000000.0
37,HES,MRT,2012-03-31,2012-03-31,2012-03-31,2021-09-07,-1057000000.0,40647000000.0,38528250000.0,8212000000.0,32435000000.0,0.345,56.018,-7715000000.0,396000000.0,396000000.0,6783000000.0,1262000000.0,1.003,1.127,6978000000.0,38000000.0,6940000000.0,6978000000.0,0.0,2477000000.0,0.0,0.007,0.4,2233000000.0,4710000000.0,0.354,4710000000.0,2233000000.0,1845000000.0,3.9,3.87,3.9,19063000000.0,18797000000.0,19063000000.0,25747562210.0,12.0,5.467,-2878000000.0,-8.457,1.0,6519000000.0,0.49,2293000000.0,388000000.0,36745000000.0,33862750000.0,1411000000.0,415000000.0,0.0,415000000.0,21490000000.0,8191000000.0,13299000000.0,20041562210.0,-1572000000.0,0.0,0.0,1342000000.0,-136000000.0,1195000000.0,-7604000000.0,0.0,4837000000.0,0.0,1319000000.0,1319000000.0,1319000000.0,-166000000.0,-57000000.0,0.099,4509000000.0,2010000000.0,3891000000.0,0.103,1.051,15.195,15.115,26052000000.0,0.0,58.95,1.507,1.508,4743000000.0,16337000000.0,13302000000.0,13302000000.0,1135000000.0,0.034,0.07,0.066,0.168,79000000.0,581000000.0,1.0,339975610.0,340300000.0,340300000.0,39.089,38354000000.0,3231000000.0,526000000.0,4086000000.0,112.706,21000000.0
38,HES,MRT,2011-12-31,2011-12-31,2011-12-31,2021-09-07,-1067000000.0,39136000000.0,37525750000.0,8339000000.0,30797000000.0,0.556,54.475,-6941000000.0,351000000.0,351000000.0,13694000000.0,1676000000.0,1.03,1.11,6057000000.0,52000000.0,6005000000.0,6057000000.0,0.0,2373000000.0,0.0,0.007,0.4,2795000000.0,5168000000.0,0.248,5168000000.0,2795000000.0,2412000000.0,5.05,5.01,5.05,18516000000.0,18518500000.0,18516000000.0,24071308640.0,9.0,4.658,-1957000000.0,-5.758,1.0,7162000000.0,0.343,2305000000.0,383000000.0,34437000000.0,32295500000.0,1423000000.0,384000000.0,0.0,384000000.0,20544000000.0,8100000000.0,12444000000.0,19306308640.0,-1257000000.0,0.0,0.0,422000000.0,-136000000.0,325000000.0,-6566000000.0,0.0,4984000000.0,0.0,1703000000.0,1703000000.0,1703000000.0,-145000000.0,-27000000.0,0.082,4539000000.0,2623000000.0,3712000000.0,0.079,1.043,11.337,11.248,24712000000.0,0.0,56.8,0.926,0.926,4761000000.0,15826000000.0,20856000000.0,20856000000.0,1195000000.0,0.045,0.092,0.087,0.134,86000000.0,613000000.0,1.0,339899800.0,339900000.0,339900000.0,61.359,36831000000.0,2941000000.0,709000000.0,3655000000.0,108.358,239000000.0
39,HES,MRT,2011-09-30,2011-09-30,2011-09-30,2021-09-07,-867000000.0,37339000000.0,36590750000.0,7479000000.0,29860000000.0,1.031,55.359,-7232000000.0,827000000.0,827000000.0,29641000000.0,1893000000.0,1.132,0.978,5592000000.0,44000000.0,5548000000.0,5592000000.0,0.0,2365000000.0,0.0,0.008,0.4,3405000000.0,5770000000.0,0.153,5770000000.0,3405000000.0,3015000000.0,5.62,5.56,5.62,18833000000.0,18061750000.0,18833000000.0,21177229655.0,6.0,3.67,-1908000000.0,-5.608,1.0,8096000000.0,0.215,2383000000.0,390000000.0,33115000000.0,31023750000.0,1516000000.0,391000000.0,0.0,391000000.0,18425000000.0,6606000000.0,11819000000.0,17830229655.0,-1526000000.0,0.0,0.0,-31000000.0,-136000000.0,-109000000.0,-6741000000.0,0.0,5324000000.0,0.0,1892000000.0,1892000000.0,1892000000.0,0.0,1000000.0,0.05,4690000000.0,3406000000.0,3486000000.0,0.071,0.947,9.424,9.335,24167000000.0,0.0,52.46,0.472,0.473,3828000000.0,15991000000.0,37737000000.0,37737000000.0,1086000000.0,0.052,0.105,0.11,0.09,105000000.0,712000000.0,1.0,339882380.0,340200000.0,340200000.0,110.926,34956000000.0,2322000000.0,1123000000.0,3975000000.0,102.751,873000000.0
40,HES,MRT,2011-06-30,2011-06-30,2011-06-30,2021-09-07,-662000000.0,36991000000.0,35627250000.0,8886000000.0,28105000000.0,1.066,55.159,-6260000000.0,2194000000.0,2194000000.0,28622000000.0,2717000000.0,1.308,0.963,5541000000.0,35000000.0,5506000000.0,5541000000.0,0.0,2363000000.0,0.0,0.005,0.4,4515000000.0,6878000000.0,0.181,6878000000.0,4515000000.0,4125000000.0,8.27,8.2,8.27,18776000000.0,17286000000.0,18776000000.0,28983501793.0,6.0,4.214,-712000000.0,-2.092,1.0,9342000000.0,0.246,2388000000.0,390000000.0,31154000000.0,29771000000.0,1432000000.0,417000000.0,0.0,417000000.0,18087000000.0,6796000000.0,11291000000.0,25399501793.0,831000000.0,0.0,0.0,1210000000.0,-135000000.0,1155000000.0,-5872000000.0,0.0,5548000000.0,0.0,2748000000.0,2748000000.0,2748000000.0,0.0,-31000000.0,0.072,4858000000.0,4484000000.0,3761000000.0,0.048,1.353,9.243,9.04,22528000000.0,0.0,74.76,0.669,0.67,4133000000.0,15725000000.0,37964000000.0,37964000000.0,1112000000.0,0.077,0.159,0.152,0.119,106000000.0,686000000.0,1.0,339747215.0,340400000.0,340400000.0,111.528,34603000000.0,2285000000.0,1377000000.0,4218000000.0,101.654,2090000000.0
41,HES,MRT,2011-03-31,2011-03-31,2011-03-31,2021-09-07,-873000000.0,36637000000.0,33754500000.0,9436000000.0,27201000000.0,1.064,52.916,-5786000000.0,1968000000.0,1968000000.0,26936000000.0,2544000000.0,1.284,1.032,5552000000.0,35000000.0,5517000000.0,5552000000.0,0.0,2333000000.0,0.0,0.005,0.4,4178000000.0,6511000000.0,0.181,6511000000.0,4178000000.0,3802000000.0,7.62,7.57,7.62,17949000000.0,16183250000.0,17949000000.0,32748779264.0,8.0,5.03,-946000000.0,-2.789,1.0,8972000000.0,0.25,2394000000.0,376000000.0,30476000000.0,28211250000.0,1552000000.0,446000000.0,0.0,446000000.0,18520000000.0,7351000000.0,11169000000.0,28773779264.0,598000000.0,0.0,0.0,1209000000.0,-133000000.0,1129000000.0,-5371000000.0,0.0,4840000000.0,0.0,2516000000.0,2516000000.0,2516000000.0,0.0,28000000.0,0.07,4766000000.0,4206000000.0,4304000000.0,0.052,1.603,11.436,11.182,21759000000.0,0.0,85.21,0.801,0.805,4917000000.0,15151000000.0,35908000000.0,35908000000.0,1027000000.0,0.075,0.155,0.148,0.116,108000000.0,671000000.0,1.0,337680780.0,339200000.0,339200000.0,105.861,34243000000.0,2123000000.0,1286000000.0,4123000000.0,100.952,2085000000.0
42,HES,MRT,2010-12-31,2010-12-31,2010-12-31,2021-09-07,-1159000000.0,35396000000.0,32082500000.0,8780000000.0,26616000000.0,1.079,50.835,-5492000000.0,1608000000.0,1608000000.0,26352000000.0,2138000000.0,1.153,1.114,5583000000.0,46000000.0,5537000000.0,5583000000.0,0.0,2317000000.0,0.0,0.005,0.4,3659000000.0,5976000000.0,0.173,5976000000.0,3659000000.0,3298000000.0,6.52,6.47,6.52,16689000000.0,15159750000.0,16689000000.0,28374180893.0,8.0,4.748,-962000000.0,-2.93,1.0,8261000000.0,0.239,2408000000.0,361000000.0,29350000000.0,26725000000.0,1452000000.0,443000000.0,0.0,443000000.0,18587000000.0,7613000000.0,10974000000.0,25143180893.0,246000000.0,0.0,0.0,1098000000.0,-131000000.0,975000000.0,-5259000000.0,0.0,4530000000.0,0.0,2125000000.0,2125000000.0,2125000000.0,0.0,13000000.0,0.061,4589000000.0,3672000000.0,4274000000.0,0.061,1.507,11.832,11.739,21127000000.0,0.0,76.54,0.726,0.726,4478000000.0,14254000000.0,34613000000.0,34613000000.0,865000000.0,0.066,0.14,0.137,0.106,112000000.0,662000000.0,1.0,328497268.0,328300000.0,328300000.0,105.431,32988000000.0,2167000000.0,1173000000.0,3721000000.0,100.481,1167000000.0
43,HES,MRT,2010-09-30,2010-09-30,2010-09-30,2021-09-07,-1377000000.0,33485000000.0,30599750000.0,8839000000.0,24646000000.0,1.127,48.016,-4076000000.0,2353000000.0,2353000000.0,26071000000.0,2425000000.0,1.346,1.123,5584000000.0,43000000.0,5541000000.0,5584000000.0,0.0,2268000000.0,0.0,0.007,0.4,4017000000.0,6285000000.0,0.182,6285000000.0,4017000000.0,3665000000.0,7.45,7.42,7.45,15730000000.0,14333500000.0,15730000000.0,22379193238.0,6.0,3.561,247000000.0,0.754,1.0,8410000000.0,0.244,2045000000.0,352000000.0,28104000000.0,25511250000.0,1682000000.0,775000000.0,0.0,775000000.0,17657000000.0,6567000000.0,11090000000.0,19416193238.0,1396000000.0,0.0,0.0,1181000000.0,-131000000.0,1023000000.0,-3950000000.0,0.0,4323000000.0,0.0,2425000000.0,2425000000.0,2425000000.0,0.0,0.0,0.07,4393000000.0,4017000000.0,4071000000.0,0.054,1.234,8.007,7.936,19084000000.0,0.0,59.12,0.563,0.562,3939000000.0,14229000000.0,34481000000.0,34481000000.0,705000000.0,0.079,0.169,0.157,0.116,113000000.0,668000000.0,1.0,328420048.0,327600000.0,327600000.0,105.253,31440000000.0,2470000000.0,1240000000.0,3596000000.0,95.971,2272000000.0
44,HES,MRT,2010-06-30,2010-06-30,2010-06-30,2021-09-07,-1603000000.0,29500000000.0,29337750000.0,8296000000.0,21204000000.0,1.122,43.863,-3218000000.0,1363000000.0,1363000000.0,25803000000.0,1686000000.0,1.311,1.042,4326000000.0,33000000.0,4293000000.0,4326000000.0,0.0,2256000000.0,0.0,0.008,0.4,3189000000.0,5445000000.0,0.165,5445000000.0,3189000000.0,2834000000.0,4.96,4.95,4.96,14365000000.0,13619500000.0,14365000000.0,19493585159.0,6.0,3.58,393000000.0,1.2,1.0,7109000000.0,0.216,1218000000.0,355000000.0,24915000000.0,24526750000.0,1628000000.0,864000000.0,0.0,864000000.0,14970000000.0,6330000000.0,8640000000.0,16528585159.0,300000000.0,0.0,0.0,-68000000.0,-131000000.0,-202000000.0,-3109000000.0,0.0,3611000000.0,0.0,1612000000.0,1612000000.0,1612000000.0,0.0,74000000.0,0.049,3846000000.0,3263000000.0,3855000000.0,0.081,1.151,10.253,10.149,16535000000.0,0.0,50.34,0.502,0.501,3871000000.0,13105000000.0,32912000000.0,32912000000.0,647000000.0,0.055,0.118,0.13,0.097,114000000.0,665000000.0,1.0,328338998.0,327500000.0,327500000.0,100.495,28282000000.0,2316000000.0,1222000000.0,2565000000.0,86.357,1966000000.0
45,HES,MRT,2010-03-31,2010-03-31,2010-03-31,2021-09-07,-1749000000.0,29949000000.0,29191750000.0,8780000000.0,21169000000.0,1.093,42.37,-3002000000.0,1370000000.0,1370000000.0,25196000000.0,1392000000.0,1.225,1.149,4335000000.0,32000000.0,4303000000.0,4335000000.0,0.0,2256000000.0,0.0,0.006,0.4,2740000000.0,4996000000.0,0.157,4996000000.0,2740000000.0,2373000000.0,4.12,4.11,4.12,13855000000.0,13093000000.0,13855000000.0,23573204474.0,9.0,4.718,244000000.0,0.746,1.0,6721000000.0,0.211,1218000000.0,367000000.0,24531000000.0,24130000000.0,1405000000.0,847000000.0,0.0,847000000.0,15922000000.0,7165000000.0,8757000000.0,20468204474.0,213000000.0,0.0,0.0,-68000000.0,-132000000.0,-177000000.0,-2856000000.0,0.0,3246000000.0,0.0,1337000000.0,1337000000.0,1337000000.0,0.0,55000000.0,0.042,3926000000.0,2795000000.0,4501000000.0,0.097,1.477,15.309,15.182,16536000000.0,0.0,62.55,0.641,0.641,4503000000.0,12761000000.0,31917000000.0,31917000000.0,787000000.0,0.046,0.102,0.114,0.086,112000000.0,642000000.0,1.0,327229488.0,327000000.0,327000000.0,97.606,28731000000.0,2283000000.0,1036000000.0,2798000000.0,87.862,1615000000.0
46,HES,MRT,2009-12-31,2009-12-31,2009-12-31,2021-09-07,-1675000000.0,29465000000.0,28812750000.0,7987000000.0,21478000000.0,1.026,41.055,-2918000000.0,1362000000.0,1362000000.0,23774000000.0,807000000.0,1.166,1.191,4467000000.0,148000000.0,4319000000.0,4467000000.0,0.0,2200000000.0,0.0,0.007,0.4,1815000000.0,4015000000.0,0.136,4015000000.0,1815000000.0,1455000000.0,2.28,2.27,2.28,13384000000.0,12634250000.0,13384000000.0,23209821999.0,13.0,5.781,128000000.0,0.393,1.0,5795000000.0,0.196,1225000000.0,360000000.0,24495000000.0,23731000000.0,1438000000.0,913000000.0,0.0,913000000.0,15937000000.0,6850000000.0,9087000000.0,19787821999.0,454000000.0,0.0,0.0,447000000.0,-131000000.0,332000000.0,-2924000000.0,0.0,3046000000.0,0.0,740000000.0,740000000.0,740000000.0,0.0,67000000.0,0.025,3913000000.0,1882000000.0,4223000000.0,0.175,1.478,26.74,26.535,16627000000.0,0.0,60.5,0.669,0.667,3650000000.0,12251000000.0,29569000000.0,29569000000.0,829000000.0,0.026,0.059,0.076,0.061,128000000.0,647000000.0,1.0,327071438.0,326000000.0,326000000.0,90.702,28240000000.0,2409000000.0,715000000.0,2747000000.0,86.626,1137000000.0
47,HES,MRT,2009-09-30,2009-09-30,2009-09-30,2021-09-07,-1827000000.0,28437000000.0,28593750000.0,6926000000.0,21511000000.0,0.988,39.491,-3149000000.0,957000000.0,957000000.0,23082000000.0,357000000.0,1.071,1.199,4379000000.0,136000000.0,4243000000.0,4379000000.0,0.0,2184000000.0,0.0,0.007,0.4,1103000000.0,3287000000.0,0.116,3287000000.0,1103000000.0,767000000.0,0.93,0.95,0.93,12874000000.0,12365000000.0,12874000000.0,20734212376.0,19.0,6.308,-881000000.0,-2.702,1.0,5177000000.0,0.183,1225000000.0,336000000.0,24166000000.0,23277500000.0,1424000000.0,975000000.0,0.0,975000000.0,15430000000.0,6468000000.0,8962000000.0,17484212376.0,-423000000.0,0.0,0.0,375000000.0,-131000000.0,488000000.0,-3179000000.0,0.0,2268000000.0,0.0,308000000.0,308000000.0,308000000.0,0.0,49000000.0,0.011,4025000000.0,1152000000.0,4248000000.0,0.43,1.358,56.767,57.484,16646000000.0,0.0,53.46,0.619,0.617,3552000000.0,11926000000.0,28259000000.0,28259000000.0,930000000.0,0.011,0.025,0.047,0.039,218000000.0,638000000.0,1.0,327052233.0,326000000.0,326000000.0,86.684,27212000000.0,2327000000.0,459000000.0,2662000000.0,83.472,458000000.0
48,HES,MRT,2009-06-30,2009-06-30,2009-06-30,2021-09-07,-2100000000.0,28916000000.0,28879000000.0,7508000000.0,21408000000.0,1.117,37.627,-3822000000.0,1063000000.0,1063000000.0,26246000000.0,779000000.0,0.986,1.349,4313000000.0,135000000.0,4178000000.0,4313000000.0,0.0,2109000000.0,0.0,0.007,0.4,2051000000.0,4160000000.0,0.129,4160000000.0,2051000000.0,1744000000.0,2.28,2.27,2.28,12259000000.0,12204250000.0,12259000000.0,20749300186.0,10.0,4.988,-808000000.0,-2.48,1.0,6015000000.0,0.186,1225000000.0,307000000.0,23328000000.0,22772250000.0,1358000000.0,1013000000.0,0.0,1013000000.0,16538000000.0,7613000000.0,8925000000.0,17578300186.0,-416000000.0,0.0,0.0,361000000.0,-131000000.0,405000000.0,-3835000000.0,0.0,3014000000.0,0.0,742000000.0,742000000.0,742000000.0,0.0,37000000.0,0.023,3927000000.0,2088000000.0,5331000000.0,0.175,1.434,23.69,23.575,16421000000.0,0.0,53.75,0.545,0.543,4097000000.0,11617000000.0,32261000000.0,32261000000.0,920000000.0,0.026,0.061,0.09,0.064,187000000.0,660000000.0,1.0,327038143.0,325800000.0,325800000.0,99.021,27691000000.0,2413000000.0,1002000000.0,2703000000.0,84.994,-105000000.0
49,HES,MRT,2009-03-31,2009-03-31,2009-03-31,2021-09-07,-2238000000.0,28433000000.0,29334750000.0,7137000000.0,21296000000.0,1.269,37.168,-4293000000.0,1157000000.0,1157000000.0,29950000000.0,1588000000.0,0.959,1.356,4328000000.0,135000000.0,4193000000.0,4328000000.0,0.0,2033000000.0,0.0,0.007,0.4,3518000000.0,5551000000.0,0.149,5551000000.0,3518000000.0,3241000000.0,4.78,4.72,4.78,12020000000.0,11915000000.0,12020000000.0,20723394508.0,6.0,3.733,-163000000.0,-0.504,1.0,7285000000.0,0.196,1225000000.0,277000000.0,22935000000.0,22126000000.0,1102000000.0,1084000000.0,0.0,1084000000.0,16302000000.0,7444000000.0,8858000000.0,17676394508.0,255000000.0,0.0,-31000000.0,361000000.0,-131000000.0,424000000.0,-4299000000.0,0.0,4130000000.0,0.0,1542000000.0,1542000000.0,1542000000.0,0.0,46000000.0,0.041,3721000000.0,3564000000.0,5089000000.0,0.084,1.471,11.463,11.339,16356000000.0,0.0,54.2,0.475,0.471,3899000000.0,11550000000.0,37235000000.0,37235000000.0,766000000.0,0.053,0.129,0.159,0.094,159000000.0,680000000.0,1.0,326132740.0,323400000.0,323400000.0,115.136,27208000000.0,2298000000.0,1699000000.0,2890000000.0,84.131,-307000000.0
50,HES,MRT,2008-12-31,2008-12-31,2008-12-31,2021-09-07,-2008000000.0,28589000000.0,28979750000.0,7332000000.0,21257000000.0,1.417,37.775,-4438000000.0,908000000.0,908000000.0,32464000000.0,2357000000.0,0.949,1.316,3955000000.0,143000000.0,3812000000.0,3955000000.0,0.0,1999000000.0,0.0,0.007,0.4,4967000000.0,6966000000.0,0.17,6966000000.0,4967000000.0,4700000000.0,7.35,7.24,7.35,12307000000.0,11598750000.0,12307000000.0,20042302968.0,4.0,2.877,250000000.0,0.767,1.0,8599000000.0,0.209,1225000000.0,267000000.0,22681000000.0,21617250000.0,1308000000.0,1127000000.0,0.0,1127000000.0,16198000000.0,7730000000.0,8468000000.0,17490302968.0,301000000.0,0.0,0.0,-32000000.0,-130000000.0,57000000.0,-4444000000.0,0.0,4688000000.0,0.0,2360000000.0,2360000000.0,2360000000.0,0.0,-3000000.0,0.057,3635000000.0,4964000000.0,5045000000.0,0.054,1.421,7.411,7.298,16271000000.0,0.0,53.64,0.426,0.426,4059000000.0,11642000000.0,41063000000.0,41063000000.0,725000000.0,0.081,0.203,0.23,0.121,119000000.0,672000000.0,1.0,326068288.0,325800000.0,325800000.0,126.037,27364000000.0,2292000000.0,2340000000.0,2878000000.0,83.99,-398000000.0
51,HES,MRT,2008-09-30,2008-09-30,2008-09-30,2021-09-07,-1918000000.0,29578000000.0,28365250000.0,8166000000.0,21412000000.0,1.53,37.358,-4087000000.0,1380000000.0,1380000000.0,33709000000.0,3068000000.0,0.932,1.418,3932000000.0,39000000.0,3893000000.0,3932000000.0,0.0,1961000000.0,0.0,0.005,0.4,6047000000.0,8008000000.0,0.185,8008000000.0,6047000000.0,5776000000.0,9.22,9.06,9.22,12231000000.0,10965500000.0,12231000000.0,29169560494.0,5.0,3.643,1034000000.0,3.158,1.0,9686000000.0,0.223,1225000000.0,271000000.0,22145000000.0,21010750000.0,1817000000.0,1108000000.0,0.0,1108000000.0,17347000000.0,8760000000.0,8587000000.0,26703560494.0,815000000.0,0.0,-81000000.0,-53000000.0,-130000000.0,-286000000.0,-4020000000.0,61000000.0,5121000000.0,0.0,2944000000.0,2944000000.0,2944000000.0,0.0,124000000.0,0.068,3515000000.0,6171000000.0,6108000000.0,0.043,2.183,9.071,8.902,16656000000.0,0.0,82.08,0.615,0.619,4652000000.0,11749000000.0,43395000000.0,43395000000.0,668000000.0,0.104,0.268,0.288,0.139,87000000.0,686000000.0,1.0,325335776.0,327400000.0,327400000.0,132.544,28353000000.0,2109000000.0,2832000000.0,3400000000.0,86.6,-594000000.0
52,HES,MRT,2008-06-30,2008-06-30,2008-06-30,2021-09-07,-2268000000.0,30739000000.0,26954750000.0,9692000000.0,21047000000.0,1.466,34.034,-3545000000.0,1479000000.0,1479000000.0,30730000000.0,2689000000.0,0.863,1.769,3945000000.0,68000000.0,3877000000.0,3945000000.0,0.0,1829000000.0,0.0,0.003,0.4,5355000000.0,7184000000.0,0.182,7184000000.0,5355000000.0,5093000000.0,8.08,7.92,8.08,11102000000.0,10285000000.0,11102000000.0,43812444804.0,8.0,6.099,1159000000.0,3.553,1.0,8783000000.0,0.222,1225000000.0,262000000.0,20743000000.0,20406750000.0,1473000000.0,1038000000.0,0.0,1038000000.0,19637000000.0,11237000000.0,8400000000.0,40754444804.0,997000000.0,0.0,-85000000.0,-46000000.0,-129000000.0,-215000000.0,-3492000000.0,61000000.0,4704000000.0,0.0,2564000000.0,2564000000.0,2564000000.0,0.0,125000000.0,0.065,3303000000.0,5480000000.0,7804000000.0,0.05,3.671,15.895,15.618,15754000000.0,0.0,126.19,1.031,1.042,6266000000.0,11007000000.0,39513000000.0,39513000000.0,642000000.0,0.095,0.249,0.262,0.136,87000000.0,649000000.0,1.0,322960970.0,326200000.0,326200000.0,121.131,29514000000.0,2704000000.0,2529000000.0,3798000000.0,90.478,-1545000000.0
53,HES,MRT,2008-03-31,2008-03-31,2008-03-31,2021-09-07,-1652000000.0,27013000000.0,25079250000.0,7294000000.0,19719000000.0,1.409,33.215,-3321000000.0,902000000.0,902000000.0,27440000000.0,2335000000.0,0.918,1.512,3960000000.0,64000000.0,3896000000.0,3960000000.0,0.0,1701000000.0,0.0,0.005,0.4,4693000000.0,6394000000.0,0.181,6394000000.0,4693000000.0,4434000000.0,7.05,6.91,7.05,10755000000.0,9781250000.0,10755000000.0,31643471405.0,7.0,4.949,850000000.0,2.625,1.0,7890000000.0,0.223,1225000000.0,259000000.0,20900000000.0,20046750000.0,1177000000.0,1082000000.0,0.0,1082000000.0,16258000000.0,7946000000.0,8312000000.0,28270471405.0,653000000.0,0.0,-16000000.0,-181000000.0,-128000000.0,-335000000.0,-3183000000.0,61000000.0,4171000000.0,0.0,2221000000.0,2221000000.0,2221000000.0,0.0,114000000.0,0.063,3083000000.0,4807000000.0,5387000000.0,0.057,2.629,12.729,12.508,15132000000.0,0.0,88.18,0.8,0.808,4850000000.0,10139000000.0,35330000000.0,35330000000.0,574000000.0,0.089,0.227,0.234,0.133,87000000.0,635000000.0,1.0,320599585.0,323800000.0,323800000.0,109.111,25788000000.0,1965000000.0,2213000000.0,3254000000.0,79.642,-652000000.0
54,HES,MRT,2007-12-31,2007-12-31,2007-12-31,2021-09-07,-1841000000.0,26131000000.0,24007750000.0,6926000000.0,19205000000.0,1.333,30.611,-3578000000.0,607000000.0,607000000.0,25057000000.0,1953000000.0,0.863,1.674,3980000000.0,62000000.0,3918000000.0,3980000000.0,0.0,1576000000.0,0.0,0.004,0.4,3960000000.0,5536000000.0,0.173,5536000000.0,3960000000.0,3704000000.0,5.86,5.74,5.86,9774000000.0,9245750000.0,9774000000.0,35639657205.0,9.0,6.438,49000000.0,0.153,1.0,6947000000.0,0.217,1225000000.0,256000000.0,20255000000.0,19624000000.0,1250000000.0,1117000000.0,0.0,1117000000.0,16357000000.0,8024000000.0,8333000000.0,32219657205.0,224000000.0,0.0,0.0,208000000.0,-127000000.0,71000000.0,-3474000000.0,61000000.0,3627000000.0,0.0,1832000000.0,1832000000.0,1832000000.0,0.0,121000000.0,0.057,2866000000.0,4081000000.0,5741000000.0,0.068,3.296,17.587,17.212,14634000000.0,0.0,100.86,1.007,1.006,4527000000.0,9412000000.0,32004000000.0,32004000000.0,515000000.0,0.076,0.198,0.202,0.124,87000000.0,614000000.0,1.0,319449308.0,319300000.0,319300000.0,100.232,24906000000.0,1873000000.0,1872000000.0,2945000000.0,78.002,-1098000000.0
55,HES,MRT,2007-09-30,2007-09-30,2007-09-30,2021-09-07,-1574000000.0,23936000000.0,23085500000.0,5269000000.0,18667000000.0,1.283,29.725,-3734000000.0,565000000.0,565000000.0,23411000000.0,1681000000.0,0.823,1.517,3985000000.0,46000000.0,3939000000.0,3985000000.0,0.0,1399000000.0,0.0,0.006,0.4,3695000000.0,5094000000.0,0.172,5094000000.0,3695000000.0,3459000000.0,5.44,5.28,5.44,9509000000.0,8839000000.0,9509000000.0,24664968108.0,7.0,4.842,-254000000.0,-0.794,1.0,6219000000.0,0.21,1225000000.0,236000000.0,19729000000.0,19020000000.0,1341000000.0,1191000000.0,0.0,1191000000.0,14427000000.0,6402000000.0,8025000000.0,21155968108.0,19000000.0,0.0,46000000.0,210000000.0,-140000000.0,156000000.0,-3617000000.0,15000000.0,3480000000.0,0.0,1681000000.0,1673000000.0,1673000000.0,0.0,0.0,0.056,2524000000.0,3695000000.0,4440000000.0,0.074,2.225,12.646,12.23,14273000000.0,8000000.0,66.53,0.714,0.718,3076000000.0,8933000000.0,29630000000.0,29630000000.0,454000000.0,0.072,0.189,0.194,0.125,0.0,523000000.0,1.0,317991404.0,319900000.0,319900000.0,92.623,22711000000.0,1634000000.0,1778000000.0,2768000000.0,70.994,-1133000000.0
56,HES,MRT,2007-06-30,2007-06-30,2007-06-30,2021-09-07,-1615000000.0,23237000000.0,22508250000.0,5013000000.0,18224000000.0,1.3,28.522,-3787000000.0,482000000.0,482000000.0,22909000000.0,1582000000.0,0.806,1.557,3991000000.0,30000000.0,3961000000.0,3991000000.0,0.0,1357000000.0,0.0,0.007,0.4,3803000000.0,5160000000.0,0.176,5160000000.0,3803000000.0,3577000000.0,5.21,4.99,5.21,9087000000.0,8394250000.0,9087000000.0,22598661648.0,6.0,4.38,-342000000.0,-1.073,1.0,6344000000.0,0.217,1225000000.0,226000000.0,19303000000.0,18392750000.0,980000000.0,1244000000.0,0.0,1244000000.0,14150000000.0,6218000000.0,7932000000.0,18706661648.0,-4000000.0,0.0,70000000.0,217000000.0,-148000000.0,179000000.0,-3628000000.0,45000000.0,3445000000.0,0.0,1582000000.0,1562000000.0,1562000000.0,0.0,0.0,0.053,2541000000.0,3803000000.0,4255000000.0,0.077,2.059,11.976,11.317,13754000000.0,20000000.0,58.96,0.639,0.642,3266000000.0,8570000000.0,29253000000.0,29253000000.0,544000000.0,0.069,0.186,0.207,0.13,0.0,505000000.0,1.0,317277165.0,318600000.0,318600000.0,91.817,22012000000.0,1646000000.0,1995000000.0,2770000000.0,69.09,-1205000000.0
57,HES,MRT,2007-03-31,2007-03-31,2007-03-31,2021-09-07,-1505000000.0,22727000000.0,22010000000.0,5227000000.0,17500000000.0,1.301,27.145,-3614000000.0,249000000.0,249000000.0,22353000000.0,1591000000.0,0.845,1.639,4141000000.0,30000000.0,4111000000.0,4141000000.0,0.0,1285000000.0,0.0,0.007,0.4,3830000000.0,5115000000.0,0.179,5115000000.0,3830000000.0,3622000000.0,5.44,5.03,5.44,8613000000.0,7912000000.0,8613000000.0,20863045742.0,5.0,4.079,-682000000.0,-2.149,1.0,6273000000.0,0.219,1225000000.0,208000000.0,19209000000.0,17685000000.0,1039000000.0,1234000000.0,0.0,1234000000.0,14114000000.0,6185000000.0,7929000000.0,17474045742.0,-255000000.0,0.0,40000000.0,366000000.0,-155000000.0,291000000.0,-3478000000.0,45000000.0,2932000000.0,0.0,1591000000.0,1559000000.0,1559000000.0,0.0,0.0,0.054,2443000000.0,3830000000.0,4270000000.0,0.074,2.029,11.208,10.197,13143000000.0,32000000.0,55.47,0.61,0.615,3457000000.0,8046000000.0,28626000000.0,28626000000.0,533000000.0,0.071,0.197,0.217,0.134,0.0,497000000.0,1.0,315017951.0,317300000.0,317300000.0,90.217,21502000000.0,1532000000.0,2031000000.0,2636000000.0,67.766,-958000000.0
58,HES,MRT,2006-12-31,2006-12-31,2006-12-31,2021-09-07,-1564000000.0,22442000000.0,21299500000.0,5848000000.0,16594000000.0,1.348,25.806,-3844000000.0,383000000.0,383000000.0,22102000000.0,1920000000.0,0.868,1.755,3772000000.0,27000000.0,3745000000.0,3772000000.0,0.0,1224000000.0,0.0,0.008,0.4,4247000000.0,5471000000.0,0.191,5471000000.0,4247000000.0,4046000000.0,6.75,6.08,6.75,8147000000.0,7448500000.0,8147000000.0,17165997847.0,4.0,3.138,-353000000.0,-1.118,1.0,6616000000.0,0.23,1253000000.0,201000000.0,17839000000.0,16818250000.0,1005000000.0,1243000000.0,0.0,1243000000.0,14295000000.0,6739000000.0,7556000000.0,13936997847.0,68000000.0,0.0,0.0,-13000000.0,-161000000.0,-134000000.0,-3289000000.0,76000000.0,3491000000.0,0.0,1920000000.0,1876000000.0,1876000000.0,0.0,0.0,0.065,2369000000.0,4247000000.0,4803000000.0,0.059,1.711,7.429,7.344,12308000000.0,44000000.0,49.57,0.485,0.545,3659000000.0,7707000000.0,28718000000.0,28718000000.0,552000000.0,0.088,0.252,0.253,0.148,0.0,471000000.0,1.0,281157915.0,315700000.0,315700000.0,90.966,21189000000.0,1430000000.0,2126000000.0,2548000000.0,67.118,-891000000.0
59,HES,MRT,2006-09-30,2006-09-30,2006-09-30,2021-09-07,-1602000000.0,21627000000.0,20467750000.0,5255000000.0,16372000000.0,1.4,24.462,-3608000000.0,546000000.0,546000000.0,22319000000.0,1997000000.0,0.823,1.798,3775000000.0,29000000.0,3746000000.0,3775000000.0,0.0,1129000000.0,0.0,0.01,0.4,4102000000.0,5231000000.0,0.183,5231000000.0,4102000000.0,3897000000.0,7.09,6.34,7.09,7730000000.0,6983250000.0,7730000000.0,14907400879.0,4.0,2.85,-607000000.0,-1.921,1.0,6334000000.0,0.221,1249000000.0,205000000.0,17220000000.0,16148750000.0,1234000000.0,1179000000.0,0.0,1179000000.0,13897000000.0,6387000000.0,7510000000.0,11619400879.0,-213000000.0,0.0,36000000.0,-12000000.0,-160000000.0,-136000000.0,-3078000000.0,61000000.0,3001000000.0,0.0,1997000000.0,1949000000.0,1949000000.0,0.0,0.0,0.068,2232000000.0,4102000000.0,4626000000.0,0.056,1.503,5.962,5.842,11942000000.0,48000000.0,41.42,0.406,0.457,3229000000.0,7351000000.0,28653000000.0,28653000000.0,499000000.0,0.095,0.279,0.254,0.143,0.0,458000000.0,1.0,280526337.0,316000000.0,316000000.0,90.674,20378000000.0,1501000000.0,1900000000.0,2611000000.0,64.487,-1132000000.0
60,HES,MRT,2006-06-30,2006-06-30,2006-06-30,2021-09-07,-1880000000.0,21244000000.0,19774750000.0,4993000000.0,16251000000.0,1.39,22.688,-3477000000.0,486000000.0,486000000.0,21749000000.0,1973000000.0,0.733,1.968,3774000000.0,95000000.0,3679000000.0,3774000000.0,0.0,1058000000.0,0.0,0.008,0.4,3736000000.0,4794000000.0,0.174,4794000000.0,3736000000.0,3526000000.0,7.01,6.27,7.01,7158000000.0,6431750000.0,7158000000.0,18089549771.0,5.0,3.773,-820000000.0,-2.599,1.0,5733000000.0,0.209,1249000000.0,210000000.0,16472000000.0,15277750000.0,1148000000.0,1239000000.0,0.0,1239000000.0,14086000000.0,6811000000.0,7275000000.0,14818549771.0,-430000000.0,0.0,25000000.0,-12000000.0,-160000000.0,-147000000.0,-2940000000.0,61000000.0,2657000000.0,0.0,1973000000.0,1925000000.0,1925000000.0,0.0,0.0,0.07,1997000000.0,3736000000.0,4864000000.0,0.057,2.07,7.698,7.539,11682000000.0,48000000.0,52.85,0.539,0.607,3046000000.0,7094000000.0,27482000000.0,27482000000.0,369000000.0,0.097,0.299,0.245,0.136,0.0,426000000.0,1.0,280388832.0,315500000.0,315500000.0,87.106,19995000000.0,1591000000.0,1553000000.0,2717000000.0,63.376,-1818000000.0
61,HES,MRT,2006-03-31,2006-03-31,2006-03-31,2021-09-07,-1728000000.0,19885000000.0,18828500000.0,4579000000.0,15306000000.0,1.362,21.471,-3210000000.0,504000000.0,504000000.0,20565000000.0,1706000000.0,0.742,1.942,3775000000.0,107000000.0,3668000000.0,3775000000.0,0.0,1037000000.0,0.0,0.008,0.4,3136000000.0,4173000000.0,0.163,4173000000.0,3136000000.0,2916000000.0,6.06,5.44,6.06,6759000000.0,5959000000.0,6759000000.0,16722544146.0,5.0,4.007,-633000000.0,-2.011,1.0,5080000000.0,0.198,1246000000.0,220000000.0,15742000000.0,14472000000.0,668000000.0,1136000000.0,0.0,1136000000.0,13126000000.0,6168000000.0,6958000000.0,13252544146.0,-330000000.0,-3000000.0,53000000.0,-51000000.0,-161000000.0,-159000000.0,-2748000000.0,71000000.0,2577000000.0,0.0,1706000000.0,1658000000.0,1658000000.0,0.0,0.0,0.065,1944000000.0,3136000000.0,4497000000.0,0.066,1.961,7.993,7.833,10970000000.0,48000000.0,47.467,0.517,0.583,3102000000.0,6570000000.0,25645000000.0,25645000000.0,377000000.0,0.088,0.278,0.217,0.122,0.0,378000000.0,1.0,279196857.0,314800000.0,314800000.0,81.464,18639000000.0,1553000000.0,1210000000.0,2430000000.0,59.209,-1589000000.0
62,HES,MRT,2005-12-31,2005-12-31,2005-12-31,2021-09-07,-1526000000.0,19115000000.0,18086250000.0,5290000000.0,13825000000.0,1.285,20.141,-2341000000.0,315000000.0,315000000.0,18890000000.0,1226000000.0,0.821,2.041,3785000000.0,26000000.0,3759000000.0,3785000000.0,0.0,1025000000.0,0.0,0.009,0.4,2425000000.0,3450000000.0,0.148,3450000000.0,2425000000.0,2201000000.0,4.32,3.93,4.32,6286000000.0,5525750000.0,6286000000.0,14826675746.0,6.0,4.298,-501000000.0,-1.605,1.0,4359000000.0,0.187,977000000.0,224000000.0,15161000000.0,13816750000.0,855000000.0,1389000000.0,0.0,1389000000.0,12829000000.0,6447000000.0,6382000000.0,11798675746.0,-562000000.0,0.0,62000000.0,-50000000.0,-159000000.0,-147000000.0,-2255000000.0,60000000.0,1840000000.0,0.0,1226000000.0,1178000000.0,1178000000.0,0.0,0.0,0.051,1934000000.0,2425000000.0,4995000000.0,0.093,1.877,10.016,9.785,9512000000.0,48000000.0,42.273,0.507,0.567,3517000000.0,5914000000.0,23249000000.0,23249000000.0,397000000.0,0.065,0.213,0.176,0.104,0.0,357000000.0,1.0,279104457.0,312100000.0,312100000.0,74.492,18138000000.0,1544000000.0,975000000.0,1798000000.0,58.116,-1157000000.0
63,HES,MRT,2005-09-30,2005-09-30,2005-09-30,2021-09-07,-1861000000.0,18855000000.0,17385500000.0,5463000000.0,13392000000.0,1.197,17.637,-2045000000.0,759000000.0,759000000.0,16760000000.0,1019000000.0,0.762,2.413,3787000000.0,78000000.0,3709000000.0,3787000000.0,0.0,1042000000.0,0.0,0.009,0.4,2119000000.0,3161000000.0,0.152,3161000000.0,2119000000.0,1888000000.0,3.573,3.28,3.573,5524000000.0,5353500000.0,5524000000.0,15641942562.0,7.0,4.948,-240000000.0,-0.766,1.0,4045000000.0,0.194,977000000.0,231000000.0,13736000000.0,13425500000.0,918000000.0,1302000000.0,0.0,1302000000.0,13331000000.0,7170000000.0,6161000000.0,12771942562.0,-178000000.0,-57000000.0,66000000.0,-48000000.0,-159000000.0,-141000000.0,-1842000000.0,179000000.0,1805000000.0,0.0,1019000000.0,971000000.0,971000000.0,0.0,0.0,0.047,1926000000.0,2119000000.0,5760000000.0,0.112,2.312,13.153,12.828,9143000000.0,48000000.0,45.833,0.614,0.69,3082000000.0,5502000000.0,20805000000.0,20805000000.0,394000000.0,0.056,0.181,0.158,0.102,0.0,343000000.0,1.0,278660565.0,313200000.0,313200000.0,66.427,17878000000.0,1568000000.0,869000000.0,1821000000.0,57.082,-1707000000.0
64,HES,MRT,2005-06-30,2005-06-30,2005-06-30,2021-09-07,-1867000000.0,17459000000.0,16605500000.0,4490000000.0,12969000000.0,1.131,16.925,-1744000000.0,916000000.0,916000000.0,15008000000.0,925000000.0,0.736,2.315,3786000000.0,25000000.0,3761000000.0,3786000000.0,0.0,1020000000.0,0.0,0.011,0.4,1874000000.0,2894000000.0,0.154,2894000000.0,1874000000.0,1635000000.0,3.24,2.99,3.24,5267000000.0,5287750000.0,5267000000.0,12824756097.0,7.0,4.431,394000000.0,1.266,1.0,3771000000.0,0.201,977000000.0,239000000.0,13249000000.0,13263750000.0,687000000.0,1344000000.0,0.0,1344000000.0,12192000000.0,6103000000.0,6089000000.0,9832756097.0,315000000.0,-44000000.0,90000000.0,-103000000.0,-158000000.0,-171000000.0,-1652000000.0,71000000.0,2138000000.0,0.0,925000000.0,877000000.0,877000000.0,0.0,0.0,0.047,1897000000.0,1874000000.0,4784000000.0,0.123,1.867,11.212,10.958,8780000000.0,48000000.0,35.503,0.524,0.588,2417000000.0,5270000000.0,18779000000.0,18779000000.0,367000000.0,0.053,0.166,0.141,0.1,0.0,341000000.0,1.0,276953040.0,311200000.0,311200000.0,60.344,16482000000.0,1498000000.0,710000000.0,1699000000.0,52.963,-1613000000.0
65,HES,MRT,2005-03-31,2005-03-31,2005-03-31,2021-09-07,-1799000000.0,16916000000.0,15877250000.0,4412000000.0,12504000000.0,1.111,16.234,-1624000000.0,834000000.0,834000000.0,13929000000.0,914000000.0,0.759,2.366,3826000000.0,50000000.0,3776000000.0,3826000000.0,0.0,998000000.0,0.0,0.012,0.4,1841000000.0,2839000000.0,0.161,2839000000.0,1841000000.0,1596000000.0,3.217,2.977,3.217,5026000000.0,5362750000.0,5026000000.0,11781917468.0,6.0,4.15,346000000.0,1.118,1.0,3704000000.0,0.21,977000000.0,245000000.0,13121000000.0,13373250000.0,578000000.0,1246000000.0,10000000.0,1236000000.0,11890000000.0,5810000000.0,6080000000.0,8823917468.0,342000000.0,-45000000.0,95000000.0,-102000000.0,-157000000.0,-164000000.0,-1464000000.0,145000000.0,1970000000.0,0.0,914000000.0,866000000.0,866000000.0,-7000000.0,0.0,0.049,1870000000.0,1834000000.0,4362000000.0,0.124,1.756,10.189,9.969,8578000000.0,48000000.0,32.07,0.5,0.563,2548000000.0,5010000000.0,17633000000.0,17633000000.0,343000000.0,0.055,0.161,0.138,0.104,0.0,351000000.0,1.0,275145540.0,309600000.0,309600000.0,56.954,15939000000.0,1354000000.0,682000000.0,1762000000.0,51.483,-1398000000.0
66,HES,MRT,2004-12-31,2004-12-31,2004-12-31,2021-09-07,-1024000000.0,16312000000.0,15177250000.0,4335000000.0,11977000000.0,1.128,18.273,-1521000000.0,877000000.0,877000000.0,13533000000.0,977000000.0,0.923,1.914,3835000000.0,50000000.0,3785000000.0,3835000000.0,0.0,970000000.0,0.0,0.015,0.4,1806000000.0,2776000000.0,0.162,2776000000.0,1806000000.0,1565000000.0,3.46,3.19,3.46,5597000000.0,5478500000.0,5597000000.0,10449339540.0,6.0,3.764,382000000.0,1.247,1.0,3593000000.0,0.21,977000000.0,241000000.0,13596000000.0,13553250000.0,596000000.0,1328000000.0,0.0,1328000000.0,10715000000.0,4697000000.0,6018000000.0,7550339540.0,359000000.0,0.0,90000000.0,-106000000.0,-157000000.0,-173000000.0,-1371000000.0,90000000.0,1903000000.0,0.0,977000000.0,929000000.0,929000000.0,-7000000.0,0.0,0.054,1794000000.0,1799000000.0,3280000000.0,0.116,1.349,8.127,7.936,8505000000.0,48000000.0,27.46,0.441,0.491,2372000000.0,4831000000.0,17126000000.0,17126000000.0,287000000.0,0.061,0.17,0.133,0.105,0.0,342000000.0,1.0,274957740.0,306300000.0,306300000.0,55.913,15335000000.0,834000000.0,588000000.0,1631000000.0,50.065,-362000000.0
67,HES,MRT,2004-09-30,2004-09-30,2004-09-30,2021-09-07,-1162000000.0,15735000000.0,14595000000.0,4078000000.0,11657000000.0,1.099,17.126,-1435000000.0,937000000.0,937000000.0,12703000000.0,816000000.0,0.893,1.991,3836000000.0,50000000.0,3786000000.0,3836000000.0,0.0,949000000.0,0.0,0.013,0.4,1534000000.0,2483000000.0,0.155,2483000000.0,1534000000.0,1286000000.0,2.9,2.67,2.9,5261000000.0,5414250000.0,5261000000.0,11399791970.0,7.0,4.591,636000000.0,2.07,1.0,3333000000.0,0.208,977000000.0,248000000.0,13089000000.0,13594250000.0,529000000.0,1426000000.0,119000000.0,1307000000.0,10474000000.0,4568000000.0,5906000000.0,8111791970.0,598000000.0,-468000000.0,85000000.0,-654000000.0,-145000000.0,-61000000.0,-1412000000.0,-29000000.0,2071000000.0,0.0,816000000.0,775000000.0,775000000.0,-176000000.0,0.0,0.048,1806000000.0,1527000000.0,3168000000.0,0.138,1.542,10.467,10.23,8274000000.0,41000000.0,29.667,0.506,0.568,2065000000.0,4642000000.0,16036000000.0,16036000000.0,321000000.0,0.053,0.143,0.113,0.096,0.0,341000000.0,1.0,273431190.0,307200000.0,307200000.0,52.201,14758000000.0,817000000.0,470000000.0,1601000000.0,48.04,-490000000.0
68,HES,MRT,2004-06-30,2004-06-30,2004-06-30,2021-09-07,-676000000.0,14546000000.0,13964000000.0,3296000000.0,11250000000.0,1.103,18.3,-1385000000.0,601000000.0,601000000.0,12145000000.0,784000000.0,1.04,1.613,3889000000.0,104000000.0,3785000000.0,3889000000.0,0.0,972000000.0,0.0,0.015,0.4,1459000000.0,2431000000.0,0.158,2431000000.0,1459000000.0,1200000000.0,2.833,2.637,2.833,5567000000.0,5277500000.0,5567000000.0,10564599067.0,7.0,4.346,-31000000.0,-0.102,1.0,3257000000.0,0.211,977000000.0,259000000.0,13687000000.0,13874500000.0,463000000.0,1361000000.0,10000000.0,1351000000.0,8979000000.0,3170000000.0,5809000000.0,7128599067.0,-76000000.0,-464000000.0,52000000.0,-752000000.0,-133000000.0,-180000000.0,-1250000000.0,79000000.0,1354000000.0,0.0,784000000.0,755000000.0,755000000.0,-176000000.0,0.0,0.049,1805000000.0,1452000000.0,1951000000.0,0.141,1.281,9.442,9.318,8144000000.0,29000000.0,26.397,0.463,0.521,1948000000.0,4503000000.0,15402000000.0,15402000000.0,316000000.0,0.054,0.143,0.105,0.095,0.0,330000000.0,1.0,270056790.0,304200000.0,304200000.0,50.631,13569000000.0,643000000.0,416000000.0,1505000000.0,44.606,126000000.0
69,HES,MRT,2004-03-31,2004-03-31,2004-03-31,2021-09-07,-454000000.0,14116000000.0,13727500000.0,3196000000.0,10920000000.0,1.069,18.044,-1381000000.0,492000000.0,492000000.0,11654000000.0,748000000.0,1.169,1.572,3928000000.0,73000000.0,3855000000.0,3928000000.0,0.0,1003000000.0,0.0,0.018,0.4,1341000000.0,2344000000.0,0.16,2344000000.0,1341000000.0,1065000000.0,2.747,2.633,2.747,5489000000.0,5029000000.0,5489000000.0,9288840806.0,7.0,3.963,106000000.0,0.348,1.0,3025000000.0,0.206,977000000.0,276000000.0,13841000000.0,13964000000.0,393000000.0,1348000000.0,65000000.0,1283000000.0,8627000000.0,2734000000.0,5893000000.0,5865840806.0,296000000.0,50000000.0,11000000.0,-919000000.0,-121000000.0,-376000000.0,-815000000.0,-4000000.0,1487000000.0,0.0,748000000.0,731000000.0,731000000.0,-169000000.0,0.0,0.05,1873000000.0,1152000000.0,1666000000.0,0.146,1.069,8.024,7.921,8036000000.0,17000000.0,21.76,0.4,0.451,2099000000.0,4253000000.0,14679000000.0,14679000000.0,341000000.0,0.053,0.145,0.096,0.091,0.0,340000000.0,1.0,269569890.0,304200000.0,304200000.0,48.254,13139000000.0,503000000.0,317000000.0,1341000000.0,43.192,462000000.0
70,HES,MRT,2003-12-31,2003-12-31,2003-12-31,2021-09-07,-350000000.0,13983000000.0,13689250000.0,3186000000.0,10797000000.0,1.058,19.712,-1358000000.0,518000000.0,518000000.0,11452000000.0,643000000.0,1.194,1.619,3941000000.0,73000000.0,3868000000.0,3941000000.0,0.0,1053000000.0,0.0,0.023,0.4,1250000000.0,2303000000.0,0.159,2303000000.0,1250000000.0,957000000.0,2.397,2.37,2.397,5340000000.0,4753250000.0,5340000000.0,8929729783.0,7.0,3.877,223000000.0,0.823,1.0,3028000000.0,0.209,977000000.0,293000000.0,13760000000.0,14217000000.0,579000000.0,1262000000.0,0.0,1262000000.0,8643000000.0,2669000000.0,5974000000.0,4778729783.0,321000000.0,0.0,0.0,-1028000000.0,-108000000.0,-483000000.0,-777000000.0,61000000.0,1581000000.0,0.0,643000000.0,638000000.0,638000000.0,-169000000.0,0.0,0.044,1954000000.0,1074000000.0,1542000000.0,0.167,0.895,7.49,7.394,7978000000.0,5000000.0,17.723,0.33,0.332,1717000000.0,4011000000.0,14480000000.0,14480000000.0,369000000.0,0.047,0.134,0.088,0.086,0.0,340000000.0,1.0,269629290.0,270900000.0,270900000.0,53.451,13006000000.0,306000000.0,314000000.0,1343000000.0,48.01,517000000.0
71,HES,MRT,2003-09-30,2003-09-30,2003-09-30,2021-09-07,-284000000.0,13211000000.0,13509000000.0,2538000000.0,10673000000.0,1.045,17.636,-1342000000.0,339000000.0,339000000.0,10988000000.0,203000000.0,1.167,1.803,4490000000.0,189000000.0,4301000000.0,4490000000.0,0.0,1064000000.0,0.0,0.024,0.4,700000000.0,1764000000.0,0.125,1764000000.0,700000000.0,414000000.0,0.753,0.75,0.753,4714000000.0,4480500000.0,4714000000.0,8471040593.0,12.0,4.802,355000000.0,1.328,1.0,3130000000.0,0.222,977000000.0,286000000.0,14210000000.0,14408750000.0,560000000.0,1252000000.0,0.0,1252000000.0,8497000000.0,2175000000.0,6322000000.0,4506040593.0,291000000.0,162000000.0,0.0,-569000000.0,-108000000.0,-677000000.0,-729000000.0,61000000.0,1697000000.0,0.0,203000000.0,203000000.0,203000000.0,0.0,0.0,0.014,2634000000.0,496000000.0,1098000000.0,0.531,0.956,22.197,22.178,7942000000.0,0.0,16.7,0.319,0.316,1502000000.0,3975000000.0,14118000000.0,14118000000.0,363000000.0,0.015,0.045,0.049,0.05,0.0,314000000.0,1.0,269822790.0,267300000.0,,52.817,12234000000.0,404000000.0,211000000.0,1292000000.0,45.769,363000000.0
72,HES,MRT,2003-06-30,2003-06-30,2003-06-30,2021-09-07,-307000000.0,13600000000.0,13613000000.0,2947000000.0,10653000000.0,1.001,17.127,-1380000000.0,677000000.0,677000000.0,10407000000.0,-79000000.0,1.159,1.974,4642000000.0,15000000.0,4627000000.0,4642000000.0,0.0,1084000000.0,0.0,0.024,0.4,373000000.0,1457000000.0,0.107,1457000000.0,373000000.0,99000000.0,-0.31,-0.31,-0.31,4573000000.0,4472750000.0,4573000000.0,9075680187.0,24.0,6.229,650000000.0,2.434,1.0,3213000000.0,0.236,977000000.0,274000000.0,14045000000.0,14682500000.0,449000000.0,1239000000.0,0.0,1239000000.0,9027000000.0,2543000000.0,6484000000.0,4422680187.0,642000000.0,287000000.0,0.0,-632000000.0,-108000000.0,-740000000.0,-648000000.0,55000000.0,2030000000.0,0.0,-79000000.0,-79000000.0,-79000000.0,0.0,0.0,-0.006,3013000000.0,200000000.0,1385000000.0,-1.29,0.967,-55.983,-52.882,7655000000.0,0.0,16.393,0.325,0.321,1720000000.0,3856000000.0,13620000000.0,13620000000.0,407000000.0,-0.006,-0.018,0.025,0.027,0.0,314000000.0,1.0,269785290.0,267000000.0,,51.011,12623000000.0,554000000.0,178000000.0,1365000000.0,47.277,404000000.0
73,HES,MRT,2003-03-31,2003-03-31,2003-03-31,2021-09-07,-266000000.0,13963000000.0,13678500000.0,2968000000.0,10995000000.0,0.959,16.409,-1430000000.0,196000000.0,196000000.0,9858000000.0,-182000000.0,1.065,2.184,4849000000.0,15000000.0,4834000000.0,4849000000.0,0.0,1111000000.0,0.0,0.034,0.5,296000000.0,1407000000.0,0.107,1407000000.0,296000000.0,32000000.0,-0.7,-0.7,-0.7,4386000000.0,4566750000.0,4386000000.0,8775542132.0,30.0,6.237,612000000.0,2.29,1.0,3261000000.0,0.249,977000000.0,264000000.0,14853000000.0,15153500000.0,351000000.0,1225000000.0,0.0,1225000000.0,9577000000.0,2786000000.0,6791000000.0,3980542132.0,135000000.0,-224000000.0,16000000.0,-605000000.0,-108000000.0,-697000000.0,-1210000000.0,54000000.0,2042000000.0,0.0,-182000000.0,-182000000.0,-182000000.0,0.0,0.0,-0.014,2969000000.0,292000000.0,1719000000.0,-0.714,0.908,-21.871,-21.076,7933000000.0,0.0,14.753,0.303,0.301,2316000000.0,3631000000.0,13119000000.0,13119000000.0,368000000.0,-0.013,-0.04,0.02,0.023,0.0,268000000.0,1.0,269806290.0,267300000.0,,49.08,12986000000.0,568000000.0,214000000.0,1309000000.0,48.582,182000000.0
74,HES,MRT,2002-12-31,2002-12-31,2002-12-31,2021-09-07,-254000000.0,13262000000.0,13728250000.0,2756000000.0,10506000000.0,0.855,15.878,-1534000000.0,197000000.0,197000000.0,8665000000.0,-218000000.0,1.08,2.121,4992000000.0,16000000.0,4976000000.0,4992000000.0,0.0,1118000000.0,0.0,0.027,0.5,218000000.0,1336000000.0,0.114,1336000000.0,218000000.0,-38000000.0,-0.827,-0.827,-0.827,4249000000.0,4670750000.0,4249000000.0,9945511196.0,46.0,7.444,431000000.0,1.611,1.0,3067000000.0,0.261,977000000.0,256000000.0,14527000000.0,15496250000.0,492000000.0,1205000000.0,0.0,1205000000.0,9013000000.0,2553000000.0,6460000000.0,4910511196.0,160000000.0,0.0,28000000.0,-630000000.0,-107000000.0,-709000000.0,-1096000000.0,48000000.0,1965000000.0,0.0,-218000000.0,-218000000.0,-218000000.0,0.0,0.0,-0.019,2876000000.0,191000000.0,1401000000.0,-0.605,1.156,-22.525,-22.189,7032000000.0,0.0,18.35,0.419,0.419,1785000000.0,3482000000.0,11732000000.0,11732000000.0,316000000.0,-0.016,-0.047,0.014,0.019,0.0,253000000.0,1.0,267602790.0,267602790.0,,43.841,12285000000.0,512000000.0,180000000.0,1350000000.0,45.908,203000000.0
75,HES,MRT,2002-09-30,2002-09-30,2002-09-30,2021-09-07,-218000000.0,13627000000.0,14255000000.0,2474000000.0,11153000000.0,0.774,17.678,-1727000000.0,48000000.0,48000000.0,8236000000.0,208000000.0,1.039,1.91,5083000000.0,18000000.0,5065000000.0,5083000000.0,0.0,1022000000.0,0.0,0.022,0.5,734000000.0,1756000000.0,0.159,1756000000.0,734000000.0,478000000.0,0.787,0.773,0.787,4683000000.0,4835250000.0,4683000000.0,11324233108.0,15.0,6.449,26000000.0,0.098,1.0,2800000000.0,0.254,977000000.0,256000000.0,15305000000.0,15938750000.0,522000000.0,1215000000.0,0.0,1215000000.0,8944000000.0,2380000000.0,6564000000.0,6057233108.0,-17000000.0,394000000.0,28000000.0,-374000000.0,-107000000.0,-453000000.0,-1317000000.0,48000000.0,1753000000.0,0.0,208000000.0,208000000.0,208000000.0,-13000000.0,0.0,0.019,2166000000.0,634000000.0,1267000000.0,0.635,1.293,29.121,28.751,7741000000.0,0.0,22.627,0.549,0.543,1773000000.0,3880000000.0,11036000000.0,11036000000.0,321000000.0,0.015,0.043,0.046,0.067,0.0,309000000.0,1.0,267703290.0,264900000.0,,41.661,12650000000.0,451000000.0,270000000.0,1500000000.0,47.754,94000000.0
76,HES,MRT,2002-06-30,2002-06-30,2002-06-30,2021-09-07,-116000000.0,13862000000.0,14671000000.0,2373000000.0,11489000000.0,0.762,18.432,-1897000000.0,35000000.0,35000000.0,8450000000.0,511000000.0,1.07,1.801,5302000000.0,17000000.0,5285000000.0,5302000000.0,0.0,1003000000.0,0.0,0.015,0.4,1038000000.0,2041000000.0,0.183,2041000000.0,1038000000.0,792000000.0,1.933,1.907,1.933,4949000000.0,4869500000.0,4949000000.0,12833874850.0,12.0,6.288,60000000.0,0.223,1.0,2722000000.0,0.244,982000000.0,246000000.0,15929000000.0,16105750000.0,531000000.0,1216000000.0,0.0,1216000000.0,8913000000.0,2218000000.0,6695000000.0,7339874850.0,-23000000.0,-2444000000.0,-49000000.0,2501000000.0,-107000000.0,2345000000.0,-4325000000.0,48000000.0,1957000000.0,0.0,511000000.0,511000000.0,511000000.0,-13000000.0,0.0,0.046,1815000000.0,907000000.0,1046000000.0,0.207,1.483,14.364,14.227,8315000000.0,0.0,27.5,0.657,0.661,1535000000.0,4042000000.0,11172000000.0,11172000000.0,293000000.0,0.035,0.105,0.064,0.093,0.0,310000000.0,1.0,266904540.0,268500000.0,,41.609,12880000000.0,239000000.0,281000000.0,1507000000.0,47.97,155000000.0
77,HES,MRT,2002-03-31,2002-03-31,2002-03-31,2021-09-07,-125000000.0,14162000000.0,13921500000.0,2635000000.0,11527000000.0,0.864,18.026,-2615000000.0,61000000.0,61000000.0,9062000000.0,719000000.0,1.076,1.949,5555000000.0,99000000.0,5456000000.0,5555000000.0,0.0,935000000.0,0.0,0.011,0.3,1314000000.0,2249000000.0,0.187,2249000000.0,1314000000.0,1094000000.0,2.717,2.68,2.717,4802000000.0,4787500000.0,4802000000.0,12673396685.0,10.0,5.635,-973000000.0,-3.652,1.0,2963000000.0,0.246,982000000.0,220000000.0,16224000000.0,14542750000.0,474000000.0,1234000000.0,0.0,1234000000.0,9360000000.0,2450000000.0,6910000000.0,7045396685.0,-639000000.0,-2495000000.0,-48000000.0,2968000000.0,-107000000.0,2813000000.0,-5094000000.0,48000000.0,1642000000.0,0.0,719000000.0,719000000.0,719000000.0,-13000000.0,0.0,0.06,1760000000.0,1203000000.0,1175000000.0,0.11,1.467,9.799,9.736,8292000000.0,0.0,26.453,0.586,0.586,1827000000.0,3921000000.0,12025000000.0,12025000000.0,317000000.0,0.052,0.15,0.09,0.109,0.0,308000000.0,1.0,266333040.0,266400000.0,,45.139,13180000000.0,275000000.0,375000000.0,1485000000.0,49.474,185000000.0
78,HES,MRT,2001-12-31,2001-12-31,2001-12-31,2021-09-07,108000000.0,15369000000.0,12942500000.0,3946000000.0,11423000000.0,1.025,18.442,-2501000000.0,37000000.0,37000000.0,10044000000.0,914000000.0,1.061,2.132,5665000000.0,382000000.0,5283000000.0,5665000000.0,0.0,833000000.0,0.0,0.014,0.3,1610000000.0,2443000000.0,0.184,2443000000.0,1610000000.0,1416000000.0,3.46,3.417,3.46,4907000000.0,4658500000.0,4907000000.0,10974340937.0,7.0,4.492,-541000000.0,-2.033,1.0,3216000000.0,0.243,982000000.0,194000000.0,16297000000.0,12548750000.0,550000000.0,1284000000.0,0.0,1284000000.0,10462000000.0,3718000000.0,6744000000.0,5543340937.0,-275000000.0,-2720000000.0,-41000000.0,3105000000.0,-94000000.0,2970000000.0,-5205000000.0,48000000.0,1960000000.0,0.0,914000000.0,914000000.0,914000000.0,0.0,0.0,0.069,1704000000.0,1512000000.0,1807000000.0,0.087,1.13,6.065,6.021,8165000000.0,0.0,20.833,0.418,0.418,2841000000.0,3807000000.0,13260000000.0,13260000000.0,347000000.0,0.071,0.196,0.128,0.121,0.0,311000000.0,1.0,266080365.0,266080365.0,,49.835,14387000000.0,245000000.0,502000000.0,1525000000.0,54.07,228000000.0
79,HES,MRT,2001-09-30,2001-09-30,2001-09-30,2021-09-07,49000000.0,15291000000.0,11668750000.0,3927000000.0,11364000000.0,1.246,17.972,-2309000000.0,65000000.0,65000000.0,10840000000.0,1201000000.0,1.041,2.172,5496000000.0,334000000.0,5162000000.0,5496000000.0,0.0,862000000.0,0.0,0.012,0.25,2032000000.0,2894000000.0,0.199,2894000000.0,2032000000.0,1857000000.0,4.537,4.48,4.537,4820000000.0,4402500000.0,4820000000.0,7906726693.0,4.0,2.732,-311000000.0,-1.16,1.0,3694000000.0,0.254,978000000.0,175000000.0,15973000000.0,10593000000.0,553000000.0,1303000000.0,0.0,1303000000.0,10471000000.0,3771000000.0,6700000000.0,5684726693.0,-194000000.0,-2763000000.0,-65000000.0,2941000000.0,-94000000.0,2782000000.0,-4974000000.0,96000000.0,1998000000.0,0.0,1201000000.0,1201000000.0,1201000000.0,0.0,0.0,0.083,1662000000.0,2032000000.0,2013000000.0,0.055,1.179,4.733,4.665,8052000000.0,0.0,21.167,0.391,0.391,2914000000.0,3780000000.0,14534000000.0,14534000000.0,304000000.0,0.103,0.273,0.192,0.14,0.0,266000000.0,1.0,268569765.0,268200000.0,,54.191,14313000000.0,291000000.0,656000000.0,1614000000.0,53.367,156000000.0
80,HES,MRT,2001-06-30,2001-06-30,2001-06-30,2021-09-07,-68000000.0,10864000000.0,10113250000.0,3725000000.0,7139000000.0,1.432,17.191,-2000000000.0,58000000.0,58000000.0,10699000000.0,1291000000.0,1.093,1.351,2280000000.0,282000000.0,1998000000.0,2280000000.0,0.0,783000000.0,0.0,0.011,0.3,2229000000.0,3012000000.0,0.208,3012000000.0,2229000000.0,2063000000.0,4.867,4.813,4.867,4621000000.0,4083250000.0,4621000000.0,8544298284.0,4.0,2.837,-116000000.0,-0.432,1.0,3788000000.0,0.261,0.0,166000000.0,9677000000.0,8627000000.0,479000000.0,1316000000.0,0.0,1316000000.0,6243000000.0,3409000000.0,2834000000.0,7202298284.0,-120000000.0,-67000000.0,-83000000.0,163000000.0,-80000000.0,0.0,-2005000000.0,72000000.0,1884000000.0,1000000.0,1291000000.0,1291000000.0,1291000000.0,0.0,0.0,0.089,1559000000.0,2229000000.0,1784000000.0,0.062,1.559,5.579,5.534,5226000000.0,0.0,26.933,0.497,0.5,2827000000.0,3691000000.0,14487000000.0,14487000000.0,294000000.0,0.128,0.316,0.258,0.154,0.0,245000000.0,1.0,267412065.0,268800000.0,,53.895,10864000000.0,298000000.0,772000000.0,962000000.0,40.417,316000000.0
81,HES,MRT,2001-03-31,2001-03-31,2001-03-31,2021-09-07,-70000000.0,10246000000.0,9617250000.0,4021000000.0,6225000000.0,1.418,16.07,-1107000000.0,700000000.0,700000000.0,10106000000.0,1136000000.0,1.204,1.391,2042000000.0,278000000.0,1764000000.0,2042000000.0,0.0,721000000.0,0.0,0.01,0.25,2026000000.0,2747000000.0,0.201,2747000000.0,2026000000.0,1862000000.0,4.273,4.233,4.273,4286000000.0,3780000000.0,4286000000.0,8679270965.0,4.0,3.16,980000000.0,3.675,1.0,3530000000.0,0.259,0.0,164000000.0,8248000000.0,8267250000.0,342000000.0,1264000000.0,0.0,1264000000.0,5960000000.0,3340000000.0,2620000000.0,6941270965.0,674000000.0,-25000000.0,-137000000.0,-148000000.0,-67000000.0,-352000000.0,-1060000000.0,72000000.0,2087000000.0,-1000000.0,1136000000.0,1136000000.0,1136000000.0,0.0,0.0,0.083,1504000000.0,2026000000.0,1768000000.0,0.059,1.62,6.11,6.094,4421000000.0,0.0,26.04,0.509,0.509,2800000000.0,3374000000.0,13636000000.0,13636000000.0,311000000.0,0.118,0.301,0.245,0.149,0.0,238000000.0,1.0,266561865.0,266700000.0,,51.129,10246000000.0,324000000.0,726000000.0,1024000000.0,38.418,681000000.0
82,HES,MRT,2000-12-31,2000-12-31,2000-12-31,2021-09-07,-139000000.0,10274000000.0,9064250000.0,4115000000.0,6159000000.0,1.354,14.613,-938000000.0,312000000.0,312000000.0,8982000000.0,1023000000.0,1.163,1.646,2050000000.0,65000000.0,1985000000.0,2050000000.0,0.0,714000000.0,0.0,0.008,0.2,1834000000.0,2548000000.0,0.208,2548000000.0,1834000000.0,1672000000.0,3.827,3.793,3.827,3883000000.0,3521000000.0,3883000000.0,8211253335.0,4.0,3.223,857000000.0,3.225,1.0,3295000000.0,0.268,0.0,162000000.0,8474000000.0,8225750000.0,401000000.0,1274000000.0,0.0,1274000000.0,6391000000.0,3538000000.0,2853000000.0,6471253335.0,271000000.0,-12000000.0,-161000000.0,-407000000.0,-54000000.0,-622000000.0,-902000000.0,48000000.0,1795000000.0,0.0,1023000000.0,1023000000.0,1023000000.0,0.0,0.0,0.083,1461000000.0,1834000000.0,1875000000.0,0.052,1.667,6.326,6.364,4323000000.0,0.0,24.353,0.527,0.527,2949000000.0,3069000000.0,12277000000.0,12277000000.0,289000000.0,0.113,0.291,0.223,0.149,0.0,224000000.0,1.0,265723515.0,265723515.0,,46.202,10274000000.0,343000000.0,649000000.0,950000000.0,38.664,577000000.0
83,HES,MRT,2000-09-30,2000-09-30,2000-09-30,2021-09-07,-140000000.0,9069000000.0,8427750000.0,3059000000.0,6010000000.0,1.278,13.151,-790000000.0,259000000.0,259000000.0,7710000000.0,814000000.0,1.133,1.56,1999000000.0,59000000.0,1940000000.0,1999000000.0,0.0,731000000.0,0.0,0.009,0.2,1491000000.0,2222000000.0,0.206,2222000000.0,1491000000.0,1330000000.0,3.03,3.007,3.03,3543000000.0,3309750000.0,3543000000.0,7966189825.0,5.0,3.585,943000000.0,3.5,1.0,3060000000.0,0.284,0.0,161000000.0,8109000000.0,8211750000.0,367000000.0,1324000000.0,0.0,1324000000.0,5526000000.0,2700000000.0,2826000000.0,6030189825.0,233000000.0,-40000000.0,-136000000.0,-502000000.0,-54000000.0,-692000000.0,-808000000.0,24000000.0,1733000000.0,0.0,814000000.0,814000000.0,814000000.0,0.0,0.0,0.076,1569000000.0,1491000000.0,1389000000.0,0.066,1.702,7.408,7.364,4198000000.0,0.0,22.313,0.56,0.558,1848000000.0,2769000000.0,10770000000.0,10770000000.0,292000000.0,0.097,0.246,0.182,0.138,0.0,200000000.0,1.0,270250515.0,269400000.0,,39.978,9069000000.0,252000000.0,516000000.0,845000000.0,33.664,359000000.0
84,HES,MRT,2000-06-30,2000-06-30,2000-06-30,2021-09-07,-130000000.0,8880000000.0,8145241000.0,2872000000.0,6008000000.0,1.211,12.552,-782000000.0,178000000.0,178000000.0,6938000000.0,715000000.0,1.114,1.606,2114000000.0,75000000.0,2039000000.0,2114000000.0,0.0,715000000.0,0.0,0.01,0.2,1378000000.0,2093000000.0,0.212,2093000000.0,1378000000.0,1220000000.0,2.657,2.637,2.657,3408000000.0,3155705750.0,3408000000.0,7609556484.0,6.0,3.636,644000000.0,2.372,1.0,2922000000.0,0.296,0.0,158000000.0,8238000000.0,8296424750.0,242000000.0,1300000000.0,0.0,1300000000.0,5472000000.0,2578000000.0,2894000000.0,5594556484.0,96000000.0,188000000.0,-34000000.0,-681000000.0,-54000000.0,-769000000.0,-560000000.0,24000000.0,1426000000.0,-1000000.0,715000000.0,715000000.0,715000000.0,0.0,0.0,0.073,1544000000.0,1378000000.0,1174000000.0,0.075,1.642,7.825,7.747,4209000000.0,0.0,20.583,0.567,0.567,1896000000.0,2633000000.0,9860000000.0,9860000000.0,272000000.0,0.088,0.227,0.166,0.14,0.0,220000000.0,1.0,271800315.0,271500000.0,,36.317,8880000000.0,278000000.0,505000000.0,795000000.0,32.707,294000000.0
85,HES,MRT,2000-03-31,2000-03-31,2000-03-31,2021-09-07,-123000000.0,8034000000.0,7976685000.0,2218000000.0,5816000000.0,1.088,11.971,-758000000.0,26000000.0,26000000.0,6018000000.0,590000000.0,1.128,1.472,2041000000.0,33000000.0,2008000000.0,2041000000.0,0.0,685000000.0,0.0,0.009,0.2,1138000000.0,1823000000.0,0.21,1823000000.0,1138000000.0,981000000.0,2.193,2.177,2.193,3250000000.0,2995827000.0,3250000000.0,8129171055.0,7.0,4.459,318000000.0,1.171,1.0,2661000000.0,0.307,0.0,157000000.0,8082000000.0,8433223250.0,272000000.0,1259000000.0,0.0,1259000000.0,4784000000.0,1967000000.0,2817000000.0,5860416055.0,-29000000.0,315000000.0,13000000.0,-646000000.0,-54000000.0,-687000000.0,-419000000.0,24000000.0,1076000000.0,1000000.0,590000000.0,590000000.0,590000000.0,0.0,0.0,0.068,1523000000.0,1138000000.0,804000000.0,0.091,1.803,9.933,9.824,3977000000.0,0.0,21.543,0.675,0.674,1602000000.0,2489000000.0,8679000000.0,8679000000.0,260000000.0,0.074,0.197,0.135,0.131,0.0,233000000.0,1.0,272029215.0,271500000.0,,31.967,8034000000.0,305000000.0,391000000.0,724000000.0,29.591,251000000.0
86,HES,MRT,1999-12-31,1999-12-31,1999-12-31,2021-09-07,-122000000.0,7728000000.0,7961762250.0,1828000000.0,5900000000.0,0.937,11.166,-797000000.0,41000000.0,41000000.0,5114000000.0,438000000.0,1.158,1.544,2310000000.0,23000000.0,2287000000.0,2310000000.0,0.0,649000000.0,0.0,0.011,0.2,860000000.0,1509000000.0,0.202,1509000000.0,860000000.0,702000000.0,1.627,1.617,1.627,3038000000.0,2856735250.0,3038000000.0,7522602859.0,9.0,4.985,-51000000.0,-0.187,1.0,2347000000.0,0.315,0.0,158000000.0,8418000000.0,8614177250.0,373000000.0,1249000000.0,0.0,1249000000.0,4690000000.0,1579000000.0,3111000000.0,5146935859.0,-33000000.0,373000000.0,18000000.0,-343000000.0,-54000000.0,-379000000.0,-400000000.0,24000000.0,746000000.0,0.0,438000000.0,438000000.0,438000000.0,0.0,0.0,0.059,1487000000.0,860000000.0,772000000.0,0.123,1.694,11.751,11.627,4052000000.0,0.0,18.917,0.69,0.69,1112000000.0,2287000000.0,7461000000.0,7461000000.0,261000000.0,0.055,0.153,0.1,0.115,0.0,232000000.0,1.0,272084715.0,272084715.0,,27.422,7728000000.0,317000000.0,264000000.0,601000000.0,28.403,249000000.0
87,HES,MRT,1999-09-30,1999-09-30,1999-09-30,2021-09-07,-115751000.0,7938964000.0,8000508000.0,2053862000.0,5885102000.0,0.834,10.78,-935640000.0,25589000.0,25589000.0,4923636000.0,-112368000.0,1.1,1.712,2401256000.0,65408000.0,2335848000.0,2401256000.0,86839000.0,610044000.0,0.0,0.01,0.2,164784000.0,774828000.0,0.116,774828000.0,164784000.0,4810000.0,-0.417,-0.423,-0.417,2926823000.0,2758088250.0,2926823000.0,8161098306.0,50.0,10.533,-489311000.0,-1.802,1.0,1749885000.0,0.262,0.0,159974000.0,8447699000.0,8675892250.0,466983000.0,1217113000.0,0.0,1217113000.0,5012141000.0,1866932000.0,3145209000.0,5547045306.0,-41027000.0,796712000.0,16667000.0,-310930000.0,-54332000.0,-348595000.0,-138928000.0,0.0,446329000.0,167000.0,-112368000.0,-112368000.0,-112368000.0,0.0,0.0,-0.017,1585101000.0,164784000.0,896123000.0,-0.48,1.895,-49.365,-48.961,4227834000.0,0.0,20.417,0.831,0.831,1342107000.0,2169843000.0,6673521000.0,6673521000.0,273517000.0,-0.014,-0.041,0.019,0.025,0.0,259293000.0,1.0,271692015.0,271500000.0,,24.58,7938964000.0,220859000.0,117178000.0,579681000.0,29.241,186930000.0
88,HES,MRT,1999-06-30,1999-06-30,1999-06-30,2021-09-07,-122127000.0,8205776000.0,8177059250.0,2240161000.0,5965615000.0,0.764,10.242,-1149902000.0,82284000.0,82284000.0,4822649000.0,-276687000.0,1.101,1.964,2696337000.0,49531000.0,2646806000.0,2696337000.0,174694000.0,610580000.0,0.0,0.01,0.2,-159373000.0,451207000.0,0.072,451207000.0,-159373000.0,-322056000.0,-1.03,-1.03,-1.03,2768485000.0,2803024000.0,2768485000.0,8008235447.0,-50.0,17.748,-764172000.0,-2.827,1.0,1425934000.0,0.228,0.0,162683000.0,8785194000.0,8883949250.0,428006000.0,1234112000.0,0.0,1234112000.0,5437291000.0,2034635000.0,3402656000.0,5376878447.0,41260000.0,579733000.0,-20527000.0,302764000.0,-54885000.0,227352000.0,-570169000.0,0.0,385730000.0,-1653000.0,-276687000.0,-276687000.0,-276687000.0,0.0,0.0,-0.044,1585307000.0,-159373000.0,1101813000.0,-0.194,1.942,-19.433,-19.256,4255143000.0,0.0,19.833,0.86,0.858,1479753000.0,2024962000.0,6248583000.0,6248583000.0,286185000.0,-0.034,-0.099,-0.018,-0.026,0.0,255735000.0,1.0,271103115.0,270300000.0,,23.117,8205776000.0,252234000.0,-45369000.0,518104000.0,30.358,205526000.0
89,HES,MRT,1999-03-31,1999-03-31,1999-03-31,2021-09-07,-122762000.0,7974309000.0,8070087250.0,1962727000.0,6011582000.0,0.787,9.988,-1321608000.0,54558000.0,54558000.0,5024233000.0,-375406000.0,1.09,1.96,2685915000.0,76922000.0,2608993000.0,2685915000.0,208953000.0,635773000.0,0.0,0.012,0.2,-293891000.0,341882000.0,0.054,341882000.0,-293891000.0,-451903000.0,-1.397,-1.397,-1.397,2693633000.0,2893782250.0,2693633000.0,7176531950.0,-24.0,20.991,-853996000.0,-3.166,1.0,1326548000.0,0.209,0.0,158012000.0,8805816000.0,8845149000.0,405969000.0,1257543000.0,0.0,1257543000.0,5280676000.0,1799850000.0,3480826000.0,4597857950.0,-24384000.0,463897000.0,-52559000.0,474735000.0,-54555000.0,367621000.0,-857711000.0,0.0,467612000.0,-1906000.0,-375406000.0,-375406000.0,-375406000.0,0.0,0.0,-0.059,1620439000.0,-293891000.0,829161000.0,-0.143,1.707,-12.248,-12.14,4204335000.0,0.0,16.96,0.724,0.72,1273533000.0,1961090000.0,6350781000.0,6350781000.0,307781000.0,-0.047,-0.13,-0.033,-0.046,0.0,252397000.0,1.0,271100115.0,269700000.0,,23.548,7974309000.0,317438000.0,-76497000.0,564390000.0,29.567,162877000.0
90,HES,MRT,1998-12-31,1998-12-31,1998-12-31,2021-09-07,-115423000.0,7882983000.0,7995621750.0,1886706000.0,5996277000.0,0.828,9.751,-1439000000.0,73791000.0,73791000.0,5270000000.0,-459000000.0,1.05,1.982,2652465000.0,176320000.0,2476145000.0,2652465000.0,251328000.0,662000000.0,0.0,0.012,0.2,-361000000.0,301000000.0,0.045,301000000.0,-361000000.0,-514000000.0,-1.707,-1.707,-1.707,2643412000.0,3020139250.0,2643412000.0,7117946074.0,-20.0,23.648,-920000000.0,-3.394,1.0,1351000000.0,0.204,0.0,153000000.0,8664860000.0,8712546500.0,482182000.0,1241081000.0,0.0,1241081000.0,5239571000.0,1796797000.0,3442774000.0,4495644074.0,-17000000.0,503000000.0,-59000000.0,517000000.0,-55000000.0,403000000.0,-936000000.0,0.0,519000000.0,-3000000.0,-459000000.0,-459000000.0,-459000000.0,0.0,0.0,-0.069,1712000000.0,-361000000.0,713831000.0,-0.117,1.701,-9.794,-9.715,4191938000.0,0.0,16.583,0.679,0.679,1013184000.0,1904066000.0,6621000000.0,6621000000.0,349000000.0,-0.057,-0.152,-0.041,-0.055,0.0,271000000.0,1.0,271094115.0,271094115.0,,24.423,7882983000.0,330432000.0,-55000000.0,584529000.0,29.078,89909000.0
91,HES,MRT,1998-09-30,1998-09-30,1998-09-30,2021-09-07,-84504000.0,8645169000.0,8008530750.0,2353556000.0,6291613000.0,0.908,11.6,-1531661000.0,67181000.0,67181000.0,5680093000.0,-102056000.0,1.184,1.783,2689483000.0,176685000.0,2512798000.0,2689483000.0,177023000.0,636115000.0,0.0,0.01,0.2,47773000.0,683888000.0,0.094,683888000.0,47773000.0,-96176000.0,-0.373,-0.373,-0.373,3106566000.0,3163211000.0,3106566000.0,7570643539.0,158.0,11.07,-686050000.0,-2.562,1.0,1594647000.0,0.219,0.0,143949000.0,9279927000.0,8604057000.0,925285000.0,266079000.0,0.0,266079000.0,5538603000.0,1987544000.0,3551059000.0,5247361539.0,-63389000.0,125311000.0,-94710000.0,649901000.0,-54655000.0,500536000.0,-1406350000.0,0.0,845611000.0,-3186000.0,-102056000.0,-102056000.0,-102056000.0,0.0,0.0,-0.014,1546874000.0,47773000.0,965390000.0,-0.536,1.689,-51.416,-51.555,5707342000.0,0.0,19.23,0.721,0.708,1083820000.0,2335861000.0,7274740000.0,7274740000.0,406421000.0,-0.013,-0.032,0.006,0.007,0.0,-32808000.0,1.0,272873715.0,267804000.0,,27.164,8645169000.0,318192000.0,5880000.0,835972000.0,32.282,366012000.0
92,HES,MRT,1998-06-30,1998-06-30,1998-06-30,2021-09-07,-109222000.0,7777888000.0,7756714500.0,1722545000.0,6055343000.0,0.983,11.611,-1442730000.0,40894000.0,40894000.0,5867438000.0,-73058000.0,1.171,1.484,2364176000.0,215985000.0,2148191000.0,2364176000.0,71185000.0,640363000.0,0.0,0.011,0.2,83701000.0,724064000.0,0.095,724064000.0,83701000.0,-52358000.0,-0.267,-0.267,-0.267,3131518000.0,3209032250.0,3131518000.0,7065394172.0,84.0,9.758,-623202000.0,-2.311,1.0,1756537000.0,0.23,0.0,136059000.0,8629993000.0,8276362750.0,826004000.0,262810000.0,0.0,262810000.0,4646370000.0,1471177000.0,3175193000.0,4963391172.0,-146063000.0,111411000.0,-68791000.0,491519000.0,-54851000.0,367877000.0,-1331319000.0,0.0,819528000.0,-2149000.0,-73058000.0,-73058000.0,-73058000.0,0.0,0.0,-0.01,1672836000.0,83701000.0,588111000.0,-0.749,1.585,-67.938,-67.803,5436048000.0,0.0,18.103,0.651,0.64,656053000.0,2379764000.0,7623975000.0,7623975000.0,472733000.0,-0.009,-0.023,0.01,0.011,0.0,65154000.0,1.0,274170015.0,269712000.0,,28.267,7777888000.0,356485000.0,20700000.0,718463000.0,28.838,251368000.0
93,HES,MRT,1998-03-31,1998-03-31,1998-03-31,2021-09-07,-100181000.0,7676447000.0,7649193750.0,1822405000.0,5854042000.0,1.029,11.838,-1444445000.0,79538000.0,79538000.0,5979617000.0,-9682000.0,1.212,1.4,2181541000.0,218285000.0,1963256000.0,2181541000.0,123187000.0,639062000.0,0.0,0.01,0.2,181175000.0,820237000.0,0.104,820237000.0,181175000.0,44690000.0,-0.037,-0.037,-0.037,3199061000.0,3252653250.0,3199061000.0,7158767604.0,40.0,8.728,-648766000.0,-2.401,1.0,1887984000.0,0.24,0.0,136485000.0,8275406000.0,7985360250.0,826874000.0,259214000.0,0.0,259214000.0,4477386000.0,1503044000.0,2974342000.0,5330420604.0,-220189000.0,158019000.0,-114788000.0,442162000.0,-54925000.0,272449000.0,-1286426000.0,0.0,795679000.0,-1891000.0,-9682000.0,-9682000.0,-9682000.0,0.0,0.0,-0.001,1706809000.0,181175000.0,602830000.0,-5.405,1.666,-550.55,-525.315,5270579000.0,0.0,19.437,0.678,0.668,726724000.0,2434179000.0,7867601000.0,7867601000.0,464294000.0,-0.001,-0.003,0.023,0.023,0.0,159548000.0,1.0,274245615.0,270237000.0,,29.114,7676447000.0,324249000.0,54372000.0,737637000.0,28.406,319361000.0
94,HES,MRT,1997-12-31,1997-12-31,1997-12-31,2021-09-07,-113388000.0,7934619000.0,7574795750.0,2203632000.0,5730987000.0,1.104,11.692,-1345590000.0,91154000.0,91154000.0,6463924000.0,7500000.0,1.267,1.467,2127288000.0,124255000.0,2003033000.0,2127288000.0,175684000.0,663297000.0,0.0,0.011,0.2,262734000.0,926031000.0,0.111,926031000.0,262734000.0,126585000.0,0.027,0.027,0.027,3215699000.0,3282630250.0,3215699000.0,6933180762.0,26.0,7.487,-95583000.0,-0.348,1.0,1896556000.0,0.227,0.0,136149000.0,8230902000.0,7729199250.0,937949000.0,0.0,0.0,0.0,4718920000.0,1739851000.0,2979069000.0,5031129762.0,-21368000.0,63017000.0,-122283000.0,191373000.0,-55373000.0,13717000.0,-1282573000.0,0.0,1250007000.0,-2519000.0,7500000.0,7500000.0,7500000.0,0.0,0.0,0.001,1633822000.0,262734000.0,752576000.0,7.407,1.565,670.817,677.531,5190794000.0,0.0,18.293,0.602,0.602,951796000.0,2463005000.0,8360480000.0,8360480000.0,421863000.0,0.001,0.002,0.034,0.031,0.0,236269000.0,1.0,275025315.0,275025315.0,,30.399,7934619000.0,395126000.0,119085000.0,758063000.0,28.851,463781000.0
95,HES,MRT,1997-09-30,1997-09-30,1997-09-30,2021-09-07,-127369000.0,7637904000.0,7537261250.0,2073667000.0,5564237000.0,1.125,12.01,-1184876000.0,130570000.0,130570000.0,6159954000.0,188772000.0,1.32,1.322,2032621000.0,214214000.0,1818407000.0,2032621000.0,2003000.0,691679000.0,0.0,0.01,0.2,580364000.0,1272043000.0,0.15,1272043000.0,580364000.0,441938000.0,0.693,,0.693,3289851000.0,3324613250.0,3289851000.0,7355446734.0,13.0,5.782,-125783000.0,-0.459,1.0,2319776000.0,0.274,0.0,138426000.0,7969150000.0,7155218500.0,1108311000.0,239745000.0,0.0,239745000.0,4348053000.0,1570805000.0,2777248000.0,5664889734.0,45806000.0,95709000.0,-94324000.0,226929000.0,-55382000.0,77223000.0,-1089167000.0,0.0,1059093000.0,-1343000.0,188772000.0,188772000.0,188772000.0,0.0,0.0,0.022,1739412000.0,580364000.0,597553000.0,0.289,1.722,30.009,29.702,5009580000.0,0.0,20.583,0.668,0.665,636840000.0,2570558000.0,8479730000.0,8479730000.0,432146000.0,0.025,0.057,0.081,0.068,0.0,615587000.0,1.0,275217315.0,273933000.0,,30.955,7637904000.0,314912000.0,253166000.0,886260000.0,27.882,502862000.0
96,HES,MRT,1997-06-30,1997-06-30,1997-06-30,2021-09-07,-106182000.0,7347805000.0,,1841999000.0,5505806000.0,,12.006,-1141917000.0,186957000.0,186957000.0,6066141000.0,263920000.0,1.171,1.223,1877514000.0,344685000.0,1532829000.0,1877514000.0,2003000.0,694628000.0,0.0,0.011,0.2,713923000.0,1408551000.0,0.167,1408551000.0,713923000.0,575722000.0,0.96,,0.96,3306002000.0,,3306002000.0,6606174747.0,9.0,4.69,-118723000.0,-0.431,1.0,2382188000.0,0.282,0.0,138201000.0,7465983000.0,,993253000.0,233159000.0,0.0,233159000.0,4041803000.0,1572379000.0,2469424000.0,5162814747.0,152807000.0,219782000.0,-90201000.0,198275000.0,-55589000.0,52485000.0,-922135000.0,0.0,1023194000.0,-737000.0,263920000.0,263920000.0,263920000.0,0.0,0.0,0.031,1668265000.0,713923000.0,481099000.0,0.208,1.562,19.562,19.316,4976208000.0,0.0,18.543,0.611,0.604,520339000.0,2565235000.0,8448329000.0,8448329000.0,372630000.0,,,,0.085,0.0,601007000.0,1.0,278418915.0,275361000.0,,30.681,7347805000.0,296439000.0,311802000.0,901010000.0,26.684,269620000.0
97,HES,MRT,1997-03-31,1997-03-31,1997-03-31,2021-09-07,-118358000.0,7378855000.0,,2081255000.0,5297600000.0,,11.933,-921972000.0,299727000.0,299727000.0,6301898000.0,598710000.0,1.324,1.223,1743087000.0,189685000.0,1553402000.0,1743087000.0,50403000.0,717295000.0,0.0,0.011,0.2,1153585000.0,1870880000.0,0.205,1870880000.0,1153585000.0,1007237000.0,2.157,,2.157,3318969000.0,,3318969000.0,7594322165.0,7.0,4.059,274601000.0,0.987,1.0,2811363000.0,0.308,0.0,146348000.0,7250762000.0,,966254000.0,215860000.0,0.0,215860000.0,4059886000.0,1571453000.0,2488433000.0,4924776165.0,228035000.0,1037301000.0,-22172000.0,-1005579000.0,-55771000.0,-1083522000.0,115329000.0,0.0,1196573000.0,-345000.0,598710000.0,598710000.0,598710000.0,0.0,0.0,0.066,1657778000.0,1153585000.0,531658000.0,0.093,1.484,8.226,8.19,4823993000.0,0.0,17.667,0.54,0.539,673636000.0,2592023000.0,9113261000.0,9113261000.0,342962000.0,,,,0.127,0.0,597521000.0,1.0,278760915.0,278136000.0,,32.765,7378855000.0,257747000.0,408527000.0,933526000.0,26.53,509802000.0
98,HES,MRT,1996-12-31,1996-12-31,1996-12-31,2021-09-07,0.0,7784481000.0,7770425500.0,2426844000.0,5357637000.0,1.149,12.138,-860625000.0,112522000.0,112522000.0,6074695000.0,660099000.0,1.397,1.301,0.0,207685000.0,1711816000.0,0.0,0.0,730382000.0,0.0,0.01,0.2,1179445000.0,1909827000.0,0.214,1909827000.0,1179445000.0,1013944000.0,2.377,2.363,2.377,3383631000.0,,3383631000.0,,,,-52904000.0,-0.19,1.0,2855016000.0,0.32,0.0,165501000.0,5934979000.0,6817639000.0,1272312000.0,218573000.0,0.0,218573000.0,4400850000.0,1736980000.0,2663870000.0,5378227253.0,56451000.0,1037073000.0,-8236000.0,-866573000.0,-55746000.0,-930555000.0,176448000.0,0.0,807721000.0,2837000.0,660099000.0,660099000.0,660099000.0,0.0,0.0,0.074,1675571000.0,1179445000.0,0.0,0.084,1.589,8.148,8.117,4907283000.0,0.0,19.293,0.602,0.602,812175000.0,2613920000.0,8929711000.0,8929711000.0,342860000.0,0.085,,0.173,0.132,0.0,602329000.0,1.0,278760915.0,278760915.0,,32.034,7784481000.0,231781000.0,353845000.0,0.0,27.925,689864000.0
99,HES,MRT,1996-09-30,1996-09-30,1996-09-30,2021-09-07,,,,,,,,,,,,,,,,,,,,,,0.011,0.2,,,,,,,,,,,,,,,,,,1.0,,,,,,,,,,,,,,,,,,,,,,,,,,,,,,,,,,,,,,,,17.627,,,,,,,,,,,,,,1.0,,279477000.0,,,,,,,,
100,HES,MRT,1996-06-30,1996-06-30,1996-06-30,2021-09-07,,,,,,,,,,,,,,,,,,,,,,0.011,0.2,,,,,,,,,,,,,,,,,,1.0,,,,,,,,,,,,,,,,,,,,,,,,,,,,,,,,,,,,,,,,17.5,,,,,,,,,,,,,,1.0,,279396000.0,,,,,,,,
101,HES,MRT,1996-03-31,1996-03-31,1996-03-31,2021-09-07,,,,,,,,,,,,,,,,,,,,,,0.011,0.2,,,,,,,,,,,,,,,,,,1.0,,,,,,,,,,,,,,,,,,,,,,,,,,,,,,,,,,,,,,,,18.125,,,,,,,,,,,,,,1.0,,279003000.0,,,,,,,,
102,HES,MRT,1995-12-31,1995-12-31,1995-12-31,2021-09-07,0.0,7756370000.0,,1962544000.0,5793826000.0,,,-692111000.0,56071000.0,56071000.0,5226157000.0,-394413000.0,,,0.0,,,0.0,0.0,851406000.0,0.0,0.011,0.2,-105184000.0,746222000.0,0.099,746222000.0,-105184000.0,-352649000.0,-1.42,-1.42,-1.42,,,,,,,548896000.0,,1.0,2298632000.0,0.305,0.0,247465000.0,7700299000.0,,838770000.0,185522000.0,0.0,185522000.0,,,,,2936000.0,145792000.0,0.0,-638108000.0,-55788000.0,-693896000.0,-546319000.0,0.0,1241007000.0,2144000.0,-394413000.0,-394413000.0,-394413000.0,0.0,0.0,-0.052,2403816000.0,-105184000.0,0.0,-0.141,,,-12.441,5369716000.0,0.0,17.667,,,760947000.0,,7524789000.0,7524789000.0,350378000.0,,,,-0.014,0.0,617871000.0,1.0,,,,,7756370000.0,238588000.0,41764000.0,0.0,,
103,HES,MRT,1994-12-31,1994-12-31,1994-12-31,2021-09-07,,,,,,,,-596284000.0,,,4449819000.0,73714000.0,,,,,,,,927933000.0,,0.013,0.2,480961000.0,1408894000.0,0.21,1408894000.0,480961000.0,235812000.0,0.263,,0.263,,,,,,,360734000.0,,1.0,2248974000.0,0.336,,245149000.0,,,,,,,,,,,-26500000.0,72804000.0,0.0,-406422000.0,-55711000.0,-462133000.0,-523480000.0,0.0,957018000.0,2095000.0,73714000.0,73714000.0,73714000.0,0.0,0.0,0.011,1768013000.0,480961000.0,,0.76,,,57.833,,0.0,15.21,,,,,6698793000.0,6698793000.0,249433000.0,,,,0.072,0.0,590647000.0,1.0,,,,,,,162098000.0,,,
