None,ticker,dimension,calendardate,datekey,reportperiod,lastupdated,accoci,assets,assetsavg,assetsc,assetsnc,assetturnover,bvps,capex,cashneq,cashnequsd,cor,consolinc,currentratio,de,debt,debtc,debtnc,debtusd,deferredrev,depamor,deposits,divyield,dps,ebit,ebitda,ebitdamargin,ebitdausd,ebitusd,ebt,eps,epsdil,epsusd,equity,equityavg,equityusd,ev,evebit,evebitda,fcf,fcfps,fxusd,gp,grossmargin,intangibles,intexp,invcap,invcapavg,inventory,investments,investmentsc,investmentsnc,liabilities,liabilitiesc,liabilitiesnc,marketcap,ncf,ncfbus,ncfcommon,ncfdebt,ncfdiv,ncff,ncfi,ncfinv,ncfo,ncfx,netinc,netinccmn,netinccmnusd,netincdis,netincnci,netmargin,opex,opinc,payables,payoutratio,pb,pe,pe1,ppnenet,prefdivis,price,ps,ps1,receivables,retearn,revenue,revenueusd,rnd,roa,roe,roic,ros,sbcomp,sgna,sharefactor,sharesbas,shareswa,shareswadil,sps,tangibles,taxassets,taxexp,taxliabilities,tbvps,workingcapital
0,PAYX,MRY,2021-12-31,2021-05-31,2021-05-31,2021-10-01,51800000.0,9227200000.0,8971350000.0,6169500000.0,3057700000.0,0.452,8.191,-114600000.0,1046500000.0,1046500000.0,1271200000.0,1097500000.0,1.249,2.13,897100000.0,7400000.0,889700000.0,897100000.0,37900000.0,192000000.0,3671000000.0,0.025,2.52,1434200000.0,1626200000.0,0.401,1626200000.0,1434200000.0,1434200000.0,3.05,3.03,3.05,2948000000.0,2898175000.0,2948000000.0,36502317278.0,25.0,22.446,1145700000.0,3.183,1.0,2785600000.0,0.687,2096500000.0,0.0,2043100000.0,2149600000.0,0.0,80800000.0,36700000.0,44100000.0,6279200000.0,4938200000.0,1341000000.0,36446817278.0,163300000.0,-19500000.0,-155700000.0,2300000.0,-908700000.0,-636400000.0,-460600000.0,-317800000.0,1260300000.0,0.0,1097500000.0,1097500000.0,1097500000.0,0.0,0.0,0.271,1324900000.0,1460700000.0,89000000.0,0.826,12.363,33.209,33.161,498800000.0,0.0,101.14,8.984,8.973,1029200000.0,1445900000.0,4056800000.0,4056800000.0,0.0,0.122,0.379,0.667,0.354,52500000.0,1324900000.0,1.0,360360068.0,359900000,362100000.0,11.272,7130700000.0,33500000.0,336700000.0,243800000.0,19.813,1231300000.0
1,PAYX,MRY,2020-12-31,2020-05-31,2020-05-31,2021-10-01,56500000.0,8550700000.0,8839375000.0,5464600000.0,3086100000.0,0.457,7.758,-127000000.0,955000000.0,955000000.0,1280800000.0,1098100000.0,1.234,2.074,898800000.0,5100000.0,893700000.0,898800000.0,39200000.0,209700000.0,3331000000.0,0.034,2.48,1437100000.0,1646800000.0,0.408,1646800000.0,1437100000.0,1437100000.0,3.06,3.04,3.06,2781400000.0,2657475000.0,2781400000.0,26041651642.0,18.0,15.813,1313900000.0,3.665,1.0,2759700000.0,0.683,2121700000.0,0.0,1945900000.0,1995600000.0,0.0,58700000.0,27200000.0,31500000.0,5769300000.0,4426900000.0,1342400000.0,25927951642.0,724600000.0,-6100000.0,-171900000.0,5100000.0,-889400000.0,-1488200000.0,771900000.0,914800000.0,1440900000.0,0.0,1098100000.0,1098100000.0,1098100000.0,0.0,0.0,0.272,1299200000.0,1460500000.0,79400000.0,0.81,9.322,23.612,23.621,522200000.0,0.0,72.28,6.417,6.413,764100000.0,1431400000.0,4040500000.0,4040500000.0,0.0,0.124,0.413,0.72,0.356,47400000.0,1299200000.0,1.0,358715435.0,358500000,361000000.0,11.271,6429000000.0,16800000.0,339000000.0,324800000.0,17.933,1037700000.0
2,PAYX,MRY,2019-12-31,2019-05-31,2019-05-31,2021-10-01,100000.0,8676000000.0,8272850000.0,5677700000.0,2998300000.0,0.456,7.293,-123800000.0,724200000.0,724200000.0,1177800000.0,1034400000.0,1.172,2.312,809400000.0,0.0,809400000.0,809400000.0,40300000.0,181500000.0,3784300000.0,0.027,2.3,1368000000.0,1549500000.0,0.411,1549500000.0,1368000000.0,1368000000.0,2.88,2.86,2.88,2619500000.0,2507250000.0,2619500000.0,30920604623.0,23.0,19.955,1147700000.0,3.195,1.0,2594700000.0,0.688,2181700000.0,0.0,1734500000.0,1514450000.0,0.0,55700000.0,39000000.0,16700000.0,6056500000.0,4845000000.0,1211500000.0,30832304623.0,-1365300000.0,-992200000.0,-56900000.0,796300000.0,-826800000.0,-1008500000.0,-1628300000.0,-507000000.0,1271500000.0,0.0,1034400000.0,1034400000.0,1034400000.0,0.0,0.0,0.274,1223400000.0,1371300000.0,75900000.0,0.799,11.77,29.807,29.788,408700000.0,0.0,85.79,8.173,8.169,826800000.0,1409500000.0,3772500000.0,3772500000.0,0.0,0.125,0.413,0.903,0.363,46200000.0,1223400000.0,1.0,359392757.0,359200000,361800000.0,10.503,6494300000.0,22600000.0,333600000.0,250400000.0,18.08,832700000.0
3,PAYX,MRY,2018-12-31,2018-05-31,2018-05-31,2021-10-01,-36200000.0,7915400000.0,7515575000.0,5893600000.0,2021800000.0,0.449,6.565,-154000000.0,358200000.0,358200000.0,1018200000.0,994100000.0,1.113,2.359,0.0,0.0,0.0,0.0,34600000.0,138000000.0,4734900000.0,0.031,2.06,1300100000.0,1438100000.0,0.426,1438100000.0,1300100000.0,1300100000.0,2.77,2.75,2.77,2356800000.0,2078750000.0,2356800000.0,23295078633.0,18.0,16.199,1122400000.0,3.126,1.0,2359500000.0,0.699,955400000.0,0.0,1305100000.0,1204625000.0,0.0,361500000.0,66000000.0,295500000.0,5558600000.0,5296700000.0,261900000.0,23561278633.0,1851100000.0,-180400000.0,-143100000.0,0.0,-739700000.0,-423800000.0,998500000.0,1372700000.0,1276400000.0,0.0,994100000.0,994100000.0,994100000.0,0.0,0.0,0.294,1068000000.0,1291500000.0,73700000.0,0.744,9.997,23.701,23.675,393500000.0,0.0,65.58,6.976,6.97,492400000.0,1262600000.0,3377700000.0,3377700000.0,0.0,0.132,0.478,1.079,0.385,44600000.0,1068000000.0,1.0,359275368.0,359000000,361500000.0,9.409,6960000000.0,17000000.0,306000000.0,172800000.0,19.387,596900000.0
4,PAYX,MRY,2017-12-31,2017-05-31,2017-05-31,2021-10-01,20000000.0,6833700000.0,6504250000.0,5272000000.0,1561700000.0,0.485,5.434,-94300000.0,184600000.0,184600000.0,919400000.0,826300000.0,1.116,2.495,0.0,0.0,0.0,0.0,22900000.0,126900000.0,4272600000.0,0.031,1.84,1264300000.0,1391200000.0,0.441,1391200000.0,1264300000.0,1259100000.0,2.3,2.28,2.3,1955300000.0,1913925000.0,1955300000.0,21143781844.0,17.0,15.198,866100000.0,2.407,1.0,2233600000.0,0.708,714700000.0,5200000.0,1209300000.0,1245750000.0,0.0,592800000.0,138800000.0,454000000.0,4878400000.0,4725100000.0,153300000.0,21278281844.0,-184500000.0,0.0,-166200000.0,0.0,-662300000.0,-482700000.0,-662200000.0,-559300000.0,960400000.0,0.0,826300000.0,826300000.0,826300000.0,0.0,0.0,0.262,979700000.0,1253900000.0,57200000.0,0.8,10.882,25.751,25.752,337200000.0,0.0,59.23,6.749,6.759,507500000.0,901700000.0,3153000000.0,3153000000.0,0.0,0.127,0.432,1.015,0.401,35400000.0,979700000.0,1.0,359248385.0,359800000,362600000.0,8.763,6119000000.0,69900000.0,432800000.0,79500000.0,17.007,546900000.0
5,PAYX,MRY,2016-12-31,2016-05-31,2016-05-31,2021-10-01,29200000.0,6440800000.0,6377025000.0,4863600000.0,1577200000.0,0.463,5.3,-97700000.0,131500000.0,131500000.0,857100000.0,756800000.0,1.114,2.369,0.0,0.0,0.0,0.0,26300000.0,115100000.0,3955300000.0,0.031,1.68,1151100000.0,1266200000.0,0.429,1266200000.0,1151100000.0,1151100000.0,2.1,2.09,2.1,1911700000.0,1858725000.0,1911700000.0,19272663548.0,17.0,15.221,920500000.0,2.552,1.0,2094800000.0,0.71,726600000.0,0.0,1216800000.0,1037575000.0,0.0,661700000.0,220600000.0,441100000.0,4529100000.0,4365900000.0,163200000.0,19525763548.0,-38500000.0,-296100000.0,-107900000.0,0.0,-606500000.0,-993600000.0,-63100000.0,339700000.0,1018200000.0,0.0,756800000.0,756800000.0,756800000.0,0.0,0.0,0.256,948200000.0,1146600000.0,56700000.0,0.8,10.214,25.8,25.819,353000000.0,0.0,54.22,6.615,6.625,408600000.0,926200000.0,2951900000.0,2951900000.0,0.0,0.119,0.407,1.109,0.39,34600000.0,948200000.0,1.0,360121054.0,360700000,362500000.0,8.184,5714200000.0,35400000.0,394300000.0,94900000.0,15.842,497700000.0
6,PAYX,MRY,2015-12-31,2015-05-31,2015-05-31,2021-10-01,7500000.0,6467500000.0,6593200000.0,5088200000.0,1379300000.0,0.416,4.92,-102800000.0,170000000.0,170000000.0,808000000.0,674900000.0,1.113,2.622,0.0,0.0,0.0,0.0,11200000.0,106600000.0,4260100000.0,0.031,1.52,1060000000.0,1166600000.0,0.426,1166600000.0,1060000000.0,1060000000.0,1.86,1.85,1.86,1785500000.0,1819350000.0,1785500000.0,17681811785.0,17.0,15.157,792400000.0,2.184,1.0,1931600000.0,0.705,593900000.0,0.0,1130600000.0,1097075000.0,0.0,766400000.0,366600000.0,399800000.0,4682000000.0,4573000000.0,109000000.0,17947111785.0,17500000.0,-27100000.0,-182400000.0,0.0,-551800000.0,-592700000.0,-285000000.0,-151800000.0,895200000.0,0.0,674900000.0,674900000.0,674900000.0,0.0,0.0,0.246,878000000.0,1053600000.0,51700000.0,0.817,10.052,26.592,26.565,353900000.0,0.0,49.41,6.551,6.545,176600000.0,894300000.0,2739600000.0,2739600000.0,0.0,0.102,0.371,0.966,0.387,31400000.0,878000000.0,1.0,363228330.0,362900000,364600000.0,7.549,5873600000.0,12900000.0,385100000.0,46600000.0,16.185,515200000.0
7,PAYX,MRY,2014-12-31,2014-05-31,2014-05-31,2021-10-01,21500000.0,6370100000.0,6372525000.0,5002500000.0,1367600000.0,0.395,4.875,-84100000.0,152500000.0,152500000.0,732500000.0,627500000.0,1.127,2.585,0.0,0.0,0.0,0.0,0.0,105000000.0,4167100000.0,0.034,1.4,988100000.0,1093100000.0,0.434,1093100000.0,988100000.0,988100000.0,1.72,1.71,1.72,1777000000.0,1768500000.0,1777000000.0,14682013867.0,15.0,13.432,796800000.0,2.186,1.0,1786400000.0,0.709,580900000.0,0.0,1197800000.0,1143350000.0,0.0,784300000.0,398700000.0,385600000.0,4593100000.0,4438900000.0,154200000.0,14953313867.0,45200000.0,-9300000.0,-136400000.0,0.0,-510600000.0,-519600000.0,-316100000.0,-211400000.0,880900000.0,0.0,627500000.0,627500000.0,627500000.0,0.0,0.0,0.249,803700000.0,982700000.0,48800000.0,0.814,8.415,23.83,23.901,342200000.0,0.0,41.11,5.936,5.949,149400000.0,957500000.0,2518900000.0,2518900000.0,0.0,0.098,0.355,0.864,0.392,26300000.0,803700000.0,1.0,363739087.0,364500000,366100000.0,6.911,5789200000.0,66300000.0,360600000.0,104200000.0,15.883,563600000.0
8,PAYX,MRY,2013-12-31,2013-05-31,2013-05-31,2021-10-01,22000000.0,6163700000.0,6276575000.0,4832600000.0,1331100000.0,0.371,4.875,-98700000.0,107300000.0,107300000.0,671300000.0,569000000.0,1.132,2.475,0.0,0.0,0.0,0.0,5200000.0,98200000.0,4039700000.0,0.035,1.31,911400000.0,1009600000.0,0.434,1009600000.0,911400000.0,911400000.0,1.56,1.56,1.56,1773700000.0,1683300000.0,1773700000.0,13447522205.0,15.0,13.32,576600000.0,1.585,1.0,1654900000.0,0.711,579100000.0,0.0,1209100000.0,1124500000.0,0.0,767300000.0,398200000.0,369100000.0,4390000000.0,4268200000.0,121800000.0,13547922205.0,-1500000.0,-21300000.0,72800000.0,0.0,-476700000.0,-858500000.0,181700000.0,306800000.0,675300000.0,0.0,569000000.0,569000000.0,569000000.0,0.0,0.0,0.245,750100000.0,904800000.0,42700000.0,0.84,7.638,23.81,23.865,346000000.0,0.0,37.23,5.824,5.822,133400000.0,1088500000.0,2326200000.0,2326200000.0,0.0,0.091,0.338,0.81,0.392,22800000.0,750100000.0,1.0,363897991.0,363800000,364700000.0,6.394,5584600000.0,86300000.0,342400000.0,81100000.0,15.351,564400000.0
9,PAYX,MRY,2012-12-31,2012-05-31,2012-05-31,2021-10-01,37700000.0,6479600000.0,5624500000.0,5075900000.0,1403700000.0,0.396,4.427,-89600000.0,108800000.0,108800000.0,670100000.0,548000000.0,1.07,3.038,0.0,0.0,0.0,0.0,3000000.0,97800000.0,4494400000.0,0.042,1.27,860300000.0,958100000.0,0.43,958100000.0,860300000.0,860300000.0,1.51,1.51,1.51,1604500000.0,1574475000.0,1604500000.0,10718952881.0,12.0,11.188,617000000.0,1.703,1.0,1559700000.0,0.699,573200000.0,0.0,1051900000.0,1003350000.0,0.0,681200000.0,207500000.0,473700000.0,4875100000.0,4745700000.0,129400000.0,10865452881.0,-10200000.0,-6000000.0,7500000.0,0.0,-460500000.0,527500000.0,-1244300000.0,-1147400000.0,706600000.0,0.0,548000000.0,548000000.0,548000000.0,0.0,0.0,0.246,705800000.0,853900000.0,69700000.0,0.841,6.772,19.827,19.848,324300000.0,0.0,29.97,4.873,4.871,142400000.0,1002100000.0,2229800000.0,2229800000.0,0.0,0.097,0.348,0.857,0.386,22900000.0,705800000.0,1.0,362544307.0,362400000,363000000.0,6.153,5906400000.0,36400000.0,312300000.0,90400000.0,16.298,330200000.0
10,PAYX,MRY,2011-12-31,2011-05-31,2011-05-31,2021-10-01,37500000.0,5393800000.0,5354575000.0,4257900000.0,1135900000.0,0.389,4.135,-100500000.0,119000000.0,119000000.0,651500000.0,515300000.0,1.124,2.605,0.0,0.0,0.0,0.0,3000000.0,88700000.0,3513900000.0,0.038,1.24,792200000.0,880900000.0,0.423,880900000.0,792200000.0,792200000.0,1.42,1.42,1.42,1496200000.0,1462725000.0,1496200000.0,11451744696.0,14.0,13.0,614800000.0,1.699,1.0,1432800000.0,0.687,590900000.0,0.0,895600000.0,810675000.0,0.0,552300000.0,345000000.0,207300000.0,3897600000.0,3788300000.0,109300000.0,11687744696.0,-165300000.0,-126400000.0,12600000.0,0.0,-448800000.0,-471100000.0,-409500000.0,-179800000.0,715300000.0,0.0,515300000.0,515300000.0,515300000.0,0.0,0.0,0.247,646400000.0,786400000.0,45400000.0,0.873,7.812,22.681,22.746,308700000.0,0.0,32.3,5.608,5.607,161100000.0,919500000.0,2084300000.0,2084300000.0,0.0,0.096,0.352,0.977,0.38,24800000.0,646400000.0,1.0,361849681.0,361800000,362400000.0,5.761,4802900000.0,32700000.0,276900000.0,72100000.0,13.275,469600000.0
11,PAYX,MRY,2010-12-31,2010-05-31,2010-05-31,2021-10-01,42400000.0,5226300000.0,5094801500.0,4159100000.0,1067200000.0,0.393,3.879,-61300000.0,284300000.0,284300000.0,653600000.0,477000000.0,1.111,2.728,0.0,0.0,0.0,0.0,3500000.0,86500000.0,3480000000.0,0.043,1.24,729300000.0,815800000.0,0.408,815800000.0,729300000.0,729300000.0,1.32,1.32,1.32,1402000000.0,1389043000.0,1402000000.0,10035695310.0,14.0,12.302,549600000.0,1.521,1.0,1347200000.0,0.673,483200000.0,0.0,716600000.0,699826250.0,0.0,372600000.0,82500000.0,290100000.0,3824300000.0,3742200000.0,82100000.0,10314956310.0,-188500000.0,13100000.0,8200000.0,0.0,-448600000.0,-398100000.0,-401300000.0,-341200000.0,610900000.0,0.0,477000000.0,477000000.0,477000000.0,0.0,0.0,0.238,622400000.0,724800000.0,37300000.0,0.939,7.357,21.625,21.621,269300000.0,0.0,28.54,5.155,5.155,186600000.0,856300000.0,2000800000.0,2000800000.0,0.0,0.094,0.343,1.042,0.365,25600000.0,622400000.0,1.0,361421034.0,361400000,361700000.0,5.536,4743100000.0,31600000.0,252300000.0,52200000.0,13.124,416900000.0
12,PAYX,MRY,2009-12-31,2009-05-31,2009-05-31,2021-10-01,41940000.0,5127415000.0,5311088250.0,4239826000.0,887589000.0,0.392,3.718,-64100000.0,472769000.0,472769000.0,680500000.0,533500000.0,1.145,2.822,0.0,0.0,0.0,0.0,9542000.0,85800000.0,3437679000.0,0.045,1.24,812100000.0,897900000.0,0.431,897900000.0,812100000.0,812100000.0,1.48,1.48,1.48,1341478000.0,1301868750.0,1341478000.0,9436520805.0,12.0,10.51,624700000.0,1.731,1.0,1402300000.0,0.673,509957000.0,0.0,442796000.0,545896750.0,0.0,101944000.0,19710000.0,82234000.0,3785937000.0,3701893000.0,84044000.0,9864927805.0,308600000.0,-6400000.0,9000000.0,0.0,-447700000.0,-784700000.0,404500000.0,491400000.0,688800000.0,0.0,533500000.0,533500000.0,533500000.0,0.0,0.0,0.256,597100000.0,805200000.0,37334000.0,0.838,7.354,18.491,18.473,274530000.0,0.0,27.34,4.736,4.736,177958000.0,829501000.0,2082800000.0,2082800000.0,0.0,0.1,0.41,1.488,0.39,25700000.0,597100000.0,1.0,360823987.0,360800000,361000000.0,5.773,4617458000.0,28865000.0,278600000.0,55662000.0,12.798,537933000.0
13,PAYX,MRY,2008-12-31,2008-05-31,2008-05-31,2021-10-01,16047000.0,5309791000.0,5441524500.0,4465911000.0,843880000.0,0.38,3.248,-81573000.0,164237000.0,164237000.0,660735000.0,576145000.0,1.106,3.437,0.0,0.0,0.0,0.0,10326000.0,80614000.0,3783681000.0,0.035,1.2,854815000.0,935429000.0,0.453,935429000.0,854815000.0,854815000.0,1.56,1.56,1.56,1196642000.0,1309291500.0,1196642000.0,12290578002.0,14.0,13.139,643096000.0,1.746,1.0,1405588000.0,0.68,507816000.0,0.0,600466000.0,752213250.0,0.0,270525000.0,228727000.0,41798000.0,4113149000.0,4037272000.0,75877000.0,12450368002.0,84884000.0,-32940000.0,-932155000.0,0.0,-442146000.0,-1572950000.0,933165000.0,1067277000.0,724669000.0,0.0,576145000.0,576145000.0,576145000.0,0.0,0.0,0.279,577321000.0,828267000.0,40251000.0,0.769,10.404,21.61,22.147,275297000.0,0.0,34.55,6.025,6.16,184686000.0,745351000.0,2066323000.0,2066323000.0,0.0,0.106,0.44,1.136,0.414,25434000.0,577321000.0,1.0,360357974.0,368420000,369528000.0,5.609,4801975000.0,32328000.0,278670000.0,27328000.0,13.034,428639000.0
14,PAYX,MRY,2007-12-31,2007-05-31,2007-05-31,2021-10-01,-9661000.0,6246519000.0,5938578000.0,4861319000.0,1385200000.0,0.318,5.122,-78904000.0,79353000.0,79353000.0,615479000.0,515447000.0,1.147,2.2,0.0,0.0,0.0,0.0,7758000.0,73418000.0,3982330000.0,0.02,0.79,743269000.0,816687000.0,0.433,816687000.0,743269000.0,743269000.0,1.35,1.35,1.35,1952248000.0,1857116250.0,1952248000.0,15349173372.0,21.0,18.794,552323000.0,1.449,1.0,1271485000.0,0.674,474925000.0,0.0,1454771000.0,1282393000.0,0.0,1144858000.0,511772000.0,633086000.0,4294271000.0,4237470000.0,56801000.0,15430094372.0,-58070000.0,-3100000.0,52916000.0,0.0,-301313000.0,127740000.0,-817037000.0,-713447000.0,631227000.0,0.0,515447000.0,515447000.0,515447000.0,0.0,0.0,0.273,569937000.0,701548000.0,46961000.0,0.585,7.904,29.935,29.926,256087000.0,0.0,40.4,8.177,8.16,186273000.0,1595105000.0,1886964000.0,1886964000.0,0.0,0.087,0.278,0.58,0.394,25690000.0,569937000.0,1.0,381933029.0,381149000,382802000.0,4.951,5771594000.0,47894000.0,227822000.0,9567000.0,15.143,623849000.0
15,PAYX,MRY,2006-12-31,2006-05-31,2006-05-31,2021-10-01,-14326000.0,5549302000.0,4871191750.0,4444301000.0,1105001000.0,0.344,4.361,-81101000.0,137423000.0,137423000.0,560255000.0,464914000.0,1.158,2.353,0.0,0.0,0.0,0.0,5809000.0,66517000.0,3606193000.0,0.017,0.61,674766000.0,741283000.0,0.443,741283000.0,674766000.0,674766000.0,1.23,1.22,1.23,1654843000.0,1553621000.0,1654843000.0,13805751657.0,20.0,18.624,488132000.0,1.286,1.0,1114341000.0,0.665,466546000.0,0.0,1106961000.0,907704000.0,0.0,824488000.0,440007000.0,384481000.0,3894459000.0,3838372000.0,56087000.0,13941469657.0,59754000.0,-726000.0,32125000.0,0.0,-231554000.0,421378000.0,-930857000.0,-844783000.0,569233000.0,0.0,464914000.0,464914000.0,464914000.0,0.0,0.0,0.278,464770000.0,649571000.0,46668000.0,0.496,8.425,29.987,29.846,234664000.0,0.0,36.71,8.325,8.319,189835000.0,1380971000.0,1674596000.0,1674596000.0,0.0,0.095,0.299,0.743,0.403,11587000.0,464770000.0,1.0,379773077.0,379465000,381351000.0,4.413,5082756000.0,38671000.0,209852000.0,15481000.0,13.395,605929000.0
16,PAYX,MRY,2005-12-31,2005-05-31,2005-05-31,2021-10-01,-6421000.0,4617418000.0,4305108750.0,3522007000.0,1095411000.0,0.336,3.663,-67180000.0,77669000.0,77669000.0,499025000.0,368849000.0,1.107,2.332,0.0,0.0,0.0,0.0,4271000.0,62004000.0,2985386000.0,0.018,0.51,546166000.0,608170000.0,0.421,608170000.0,546166000.0,546166000.0,0.97,0.97,0.97,1385676000.0,1315543500.0,1385676000.0,10650781234.0,20.0,17.513,399444000.0,1.056,1.0,946118000.0,0.655,477450000.0,0.0,881960000.0,673965750.0,0.0,629871000.0,225719000.0,404152000.0,3231742000.0,3180339000.0,51403000.0,10929893234.0,35088000.0,-444000.0,9026000.0,0.0,-192976000.0,-183950000.0,-247586000.0,-177220000.0,466624000.0,0.0,368849000.0,368849000.0,368849000.0,0.0,0.0,0.255,412343000.0,533775000.0,30385000.0,0.526,7.888,29.632,29.773,205319000.0,0.0,28.88,7.563,7.561,161849000.0,1147611000.0,1445143000.0,1445143000.0,0.0,0.086,0.28,0.81,0.378,4516000.0,412343000.0,1.0,378458907.0,378337000,379763000.0,3.82,4139968000.0,26940000.0,177317000.0,17545000.0,10.943,341668000.0
17,PAYX,MRY,2004-12-31,2004-05-31,2004-05-31,2021-10-01,-2709000.0,3950203000.0,3874527250.0,3280447000.0,669756000.0,0.334,3.18,-50555000.0,219492000.0,219492000.0,463465000.0,302950000.0,1.205,2.292,0.0,0.0,0.0,0.0,3650000.0,55837000.0,2555224000.0,0.013,0.47,449784000.0,505621000.0,0.391,505621000.0,449784000.0,449784000.0,0.8,0.8,0.8,1199973000.0,1164828000.0,1199973000.0,13957544875.0,31.0,27.605,338447000.0,0.897,1.0,830882000.0,0.642,490203000.0,0.0,518605000.0,531913000.0,0.0,304348000.0,304348000.0,0.0,2750230000.0,2721903000.0,28327000.0,14166165875.0,11841000.0,-13213000.0,18270000.0,0.0,-177408000.0,-159138000.0,-218023000.0,-151860000.0,389002000.0,0.0,302950000.0,302950000.0,302950000.0,0.0,0.0,0.234,397567000.0,433315000.0,22589000.0,0.588,11.805,46.761,46.888,171346000.0,0.0,37.51,10.945,10.936,135764000.0,971738000.0,1294347000.0,1294347000.0,0.0,0.078,0.26,0.846,0.347,10194000.0,397567000.0,1.0,377663713.0,377371000,379524000.0,3.43,3460000000.0,27608000.0,146834000.0,14396000.0,9.169,558544000.0
18,PAYX,MRY,2003-12-31,2003-05-31,2003-05-31,2021-10-01,28695000.0,3690783000.0,3438028000.0,3032642000.0,658141000.0,0.32,2.863,-60195000.0,79871000.0,79871000.0,258862000.0,293452000.0,1.172,2.426,0.0,0.0,0.0,0.0,3645000.0,43378000.0,2465622000.0,0.014,0.44,431544000.0,474922000.0,0.432,474922000.0,431544000.0,431544000.0,0.78,0.78,0.78,1077371000.0,1023321250.0,1077371000.0,11318971930.0,26.0,23.833,313365000.0,0.833,1.0,840217000.0,0.764,492045000.0,0.0,531342000.0,634994500.0,0.0,301328000.0,301328000.0,0.0,2613412000.0,2587525000.0,25887000.0,11488574930.0,17974000.0,-492594000.0,8170000.0,0.0,-165448000.0,-157278000.0,-198308000.0,358355000.0,373560000.0,0.0,293452000.0,293452000.0,293452000.0,0.0,0.0,0.267,439176000.0,401041000.0,22213000.0,0.564,10.664,39.15,39.128,159039000.0,0.0,30.52,10.453,10.448,118512000.0,846196000.0,1099079000.0,1099079000.0,0.0,0.085,0.287,0.68,0.393,5545000.0,439176000.0,1.0,376427750.0,376263000,378083000.0,2.921,3198738000.0,600000.0,138092000.0,14533000.0,8.501,445117000.0
19,PAYX,MRY,2002-12-31,2002-05-31,2002-05-31,2021-10-01,17024000.0,2953075000.0,2948224750.0,2814574000.0,138501000.0,0.324,2.466,-54364000.0,61897000.0,61897000.0,220697000.0,274531000.0,1.391,2.196,0.0,0.0,0.0,0.0,4137000.0,29509000.0,1930893000.0,0.012,0.42,395009000.0,424518000.0,0.445,424518000.0,395009000.0,395009000.0,0.73,0.73,0.73,923981000.0,867646250.0,923981000.0,12837695260.0,32.0,30.241,249457000.0,0.666,1.0,734213000.0,0.769,9040000.0,0.0,858732000.0,769866250.0,0.0,663316000.0,663316000.0,0.0,2029094000.0,2023406000.0,5688000.0,12997290260.0,16113000.0,0.0,21031000.0,0.0,-157481000.0,-136450000.0,-151258000.0,-94728000.0,303821000.0,0.0,274531000.0,274531000.0,274531000.0,0.0,0.0,0.287,370519000.0,363694000.0,14104000.0,0.575,14.067,47.344,47.466,121566000.0,0.0,34.65,13.611,13.598,109858000.0,718192000.0,954910000.0,954910000.0,0.0,0.093,0.316,0.513,0.414,24101000.0,370519000.0,1.0,375102172.0,374747000,378002000.0,2.548,2944035000.0,0.0,120478000.0,12701000.0,7.856,791168000.0
20,PAYX,MRY,2001-12-31,2001-05-31,2001-05-31,2021-10-01,13067000.0,2907196000.0,2673264500.0,2791273000.0,115923000.0,0.325,2.033,-45218000.0,45784000.0,45784000.0,200352000.0,254869000.0,1.302,2.836,0.0,0.0,0.0,0.0,4421000.0,26439000.0,2031565000.0,0.009,0.33,363981000.0,390420000.0,0.449,390420000.0,363981000.0,363981000.0,0.68,0.68,0.68,757842000.0,690151750.0,757842000.0,14240007274.0,39.0,36.474,259720000.0,0.697,1.0,669505000.0,0.77,9612000.0,0.0,707958000.0,629313250.0,0.0,568217000.0,568217000.0,0.0,2149354000.0,2143842000.0,5512000.0,14346803274.0,-1352000.0,0.0,14600000.0,0.0,-123112000.0,-108512000.0,-197778000.0,-144270000.0,304938000.0,0.0,254869000.0,254869000.0,254869000.0,0.0,0.0,0.293,332803000.0,336702000.0,16377000.0,0.485,18.931,56.291,56.515,96078000.0,0.0,38.43,16.493,16.469,100640000.0,601142000.0,869857000.0,869857000.0,0.0,0.095,0.369,0.578,0.418,26411000.0,332803000.0,1.0,373323010.0,372777000,377510000.0,2.333,2897584000.0,1361000.0,109112000.0,14779000.0,7.773,647431000.0
21,PAYX,MRY,2000-12-31,2000-05-31,2000-05-31,2021-10-01,-8575000.0,2455577000.0,2230131000.0,2362575000.0,93002000.0,0.326,1.52,-32888000.0,47136000.0,47136000.0,173481000.0,190007000.0,1.252,3.358,0.0,0.0,0.0,0.0,4719000.0,23903000.0,1785140000.0,0.006,0.22,275372000.0,299275000.0,0.411,299275000.0,275372000.0,275372000.0,0.51,0.51,0.51,563432000.0,512498000.0,563432000.0,12930634680.0,47.0,43.207,216140000.0,0.583,1.0,554638000.0,0.762,5584000.0,0.0,515912000.0,465015750.0,0.0,412357000.0,412357000.0,0.0,1892145000.0,1886945000.0,5200000.0,12995473680.0,-5556000.0,0.0,11242000.0,0.0,-81583000.0,-70410000.0,-184174000.0,-144322000.0,249028000.0,0.0,190007000.0,190007000.0,190007000.0,0.0,0.0,0.261,295745000.0,258893000.0,17086000.0,0.431,23.065,68.395,68.627,75375000.0,0.0,35.0,17.848,17.815,87608000.0,469385000.0,728119000.0,728119000.0,0.0,0.085,0.371,0.592,0.378,19440000.0,295745000.0,1.0,371299248.0,370603000,375081000.0,1.965,2449993000.0,12033000.0,85365000.0,2969000.0,6.611,475630000.0
22,PAYX,MRY,1999-12-31,1999-05-31,1999-05-31,2021-10-01,2830000.0,1873101000.0,1733656250.0,1793120000.0,79981000.0,0.345,1.183,-22104000.0,52692000.0,52692000.0,151956000.0,139099000.0,1.252,3.298,0.0,0.0,0.0,0.0,4643000.0,22097000.0,1358605000.0,0.007,0.147,200143000.0,222240000.0,0.372,222240000.0,200143000.0,200143000.0,0.38,0.37,0.38,435800000.0,396331500.0,435800000.0,7232862047.0,36.0,32.545,152016000.0,0.413,1.0,445340000.0,0.746,4418000.0,0.0,383655000.0,353785500.0,0.0,1652078000.0,1652078000.0,0.0,1437301000.0,1432336000.0,4965000.0,7287427047.0,17121000.0,0.0,5535000.0,0.0,-54055000.0,-48581000.0,-108418000.0,-82724000.0,174120000.0,0.0,139099000.0,139099000.0,139099000.0,0.0,0.0,0.233,257778000.0,187562000.0,10328000.0,0.387,16.722,52.39,51.982,65931000.0,0.0,19.753,12.201,12.18,62941000.0,362269000.0,597296000.0,597296000.0,0.0,0.08,0.351,0.566,0.335,0.0,257778000.0,1.0,368921383.0,368282000,373182000.0,1.622,1868683000.0,2781000.0,61044000.0,4281000.0,5.074,360784000.0
23,PAYX,MRY,1998-12-31,1998-05-31,1998-05-31,2021-10-01,3405000.0,1549787000.0,1375555000.0,1478778000.0,71009000.0,0.359,0.899,-28197000.0,35571000.0,35571000.0,131731000.0,102219000.0,1.216,3.702,0.0,0.0,0.0,0.0,4443000.0,18764000.0,1150484000.0,0.006,0.098,144173000.0,162937000.0,0.33,162937000.0,144173000.0,144173000.0,0.28,0.28,0.28,329607000.0,290574500.0,329607000.0,5854792310.0,41.0,35.933,108564000.0,0.296,1.0,361973000.0,0.733,0.0,0.0,298556000.0,251809500.0,0.0,1369468000.0,1369468000.0,0.0,1220180000.0,1215660000.0,4520000.0,5873864310.0,-14642000.0,0.0,1990000.0,0.0,-35871000.0,-33965000.0,-117438000.0,-88728000.0,136761000.0,0.0,102219000.0,102219000.0,102219000.0,0.0,0.0,0.207,227273000.0,134700000.0,10496000.0,0.35,17.821,57.464,57.143,64698000.0,0.0,16.0,11.898,11.886,54596000.0,278107000.0,493704000.0,493704000.0,0.0,0.074,0.352,0.573,0.292,0.0,227273000.0,1.0,367116519.0,366771000,370829000.0,1.346,1549787000.0,2042000.0,41954000.0,2628000.0,4.225,263118000.0
24,PAYX,MRY,1997-12-31,1997-05-31,1997-05-31,2021-10-01,539000.0,1201323000.0,1016454000.0,1140661000.0,60662000.0,0.723,0.69,-18008000.0,50213000.0,50213000.0,450000000.0,75150000.0,1.206,3.776,0.0,0.0,0.0,0.0,4335000.0,15329000.0,896080000.0,0.006,0.065,103656000.0,118985000.0,0.162,118985000.0,103656000.0,103656000.0,0.207,0.207,0.207,251542000.0,221307000.0,251542000.0,3939102496.0,38.0,33.106,89019000.0,0.244,1.0,284699000.0,0.388,0.0,0.0,205063000.0,189651500.0,0.0,1029413000.0,1029413000.0,0.0,949781000.0,946047000.0,3734000.0,3986199496.0,30214000.0,0.0,2180000.0,0.0,-24117000.0,-21719000.0,-55094000.0,-35151000.0,107027000.0,0.0,75150000.0,75150000.0,75150000.0,0.0,0.0,0.102,188074000.0,96625000.0,5649000.0,0.314,15.847,53.043,52.603,54178000.0,0.0,10.889,5.426,5.402,45527000.0,212387000.0,734699000.0,734699000.0,0.0,0.074,0.34,0.547,0.141,0.0,188074000.0,1.0,366079546.0,364503000,368454000.0,2.016,1201323000.0,2632000.0,28506000.0,1774000.0,3.296,194614000.0
25,PAYX,MRY,1996-12-31,1996-05-31,1996-05-31,2021-10-01,0.0,831585000.0,,775985000.0,55600000.0,,0.529,-17511000.0,19999000.0,19999000.0,334370000.0,55035000.0,1.218,3.352,0.0,0.0,0.0,0.0,4934000.0,13940000.0,601360000.0,0.005,0.043,75389000.0,89329000.0,0.158,89329000.0,75389000.0,75389000.0,0.151,0.151,0.151,191072000.0,,191072000.0,,,,52933000.0,0.147,1.0,232073000.0,0.41,0.0,0.0,174240000.0,,0.0,702442000.0,702442000.0,0.0,640513000.0,637346000.0,3167000.0,,4375000.0,812000.0,2813000.0,0.0,-17685000.0,-15337000.0,-50732000.0,-162264000.0,70444000.0,0.0,55035000.0,55035000.0,55035000.0,0.0,0.0,0.097,162151000.0,69922000.0,4183000.0,0.285,,,57.395,50655000.0,0.0,8.667,,5.522,42076000.0,160244000.0,566443000.0,566443000.0,0.0,,,,0.133,0.0,162151000.0,1.0,,360886500,364927500.0,1.57,831585000.0,2180000.0,20354000.0,989000.0,2.304,138639000.0
26,PAYX,MRY,1995-12-31,1995-05-31,1995-05-31,2021-10-01,,,,,,,,-12448000.0,,,221616000.0,40389000.0,,,,,,,,11040000.0,,0.007,0.029,55722000.0,66762000.0,0.162,66762000.0,55722000.0,55722000.0,0.113,,0.113,,,,,,,40634000.0,0.114,1.0,190450000.0,0.462,,0.0,,,,,,,,,,,-247000.0,0.0,1932000.0,-220000.0,-10531000.0,-8819000.0,-44510000.0,-162457000.0,53082000.0,0.0,40389000.0,40389000.0,40389000.0,0.0,0.0,0.098,138186000.0,52264000.0,,0.257,,,34.379,,0.0,3.885,,3.356,,,412066000.0,412066000.0,0.0,,,,0.135,0.0,138186000.0,1.0,,356015250,,1.157,,,15333000.0,,,
0,PAYX,MRQ,2021-09-30,2021-08-31,2021-08-31,2021-10-01,45100000.0,9367300000.0,,6317300000.0,3050000000.0,,8.452,-30400000.0,1150800000.0,1150800000.0,312500000.0,333600000.0,1.274,2.078,897100000.0,7100000.0,890000000.0,897100000.0,38600000.0,45700000.0,3703400000.0,0.022,0.66,443900000.0,489600000.0,0.452,489600000.0,443900000.0,443900000.0,0.93,0.92,0.93,3043500000.0,,3043500000.0,41040361277.0,26.0,22.926,355200000.0,0.986,1.0,770400000.0,0.711,2076700000.0,0.0,2079000000.0,,0.0,81500000.0,39600000.0,41900000.0,6323800000.0,4957900000.0,1365900000.0,41189761277.0,151600000.0,0.0,0.0,-300000.0,-238100000.0,-211700000.0,-22300000.0,9400000.0,385600000.0,0.0,333600000.0,333600000.0,333600000.0,0.0,0.0,0.308,327500000.0,442900000.0,79000000.0,0.71,13.534,33.776,33.767,499600000.0,0.0,114.47,9.79,9.797,1063200000.0,1513300000.0,1082900000.0,1082900000.0,0.0,,,,,12400000.0,327500000.0,1.0,359830185.0,360100000,362800000.0,3.007,7290600000.0,0.0,110300000.0,308900000.0,20.246,1359400000.0
1,PAYX,MRQ,2021-06-30,2021-05-31,2021-05-31,2021-10-01,51800000.0,9227200000.0,,6169500000.0,3057700000.0,,8.184,-31500000.0,1046500000.0,1046500000.0,315800000.0,263000000.0,1.249,2.13,897100000.0,7400000.0,889700000.0,897100000.0,37900000.0,47400000.0,3671000000.0,0.025,0.66,345900000.0,393300000.0,0.382,393300000.0,345900000.0,345900000.0,0.73,0.72,0.73,2948000000.0,,2948000000.0,36502317278.0,25.0,22.446,358200000.0,0.994,1.0,713400000.0,0.693,2096500000.0,0.0,2043100000.0,,0.0,80800000.0,36700000.0,44100000.0,6279200000.0,4938200000.0,1341000000.0,36446817278.0,-229100000.0,0.0,-79700000.0,400000.0,-238200000.0,-758500000.0,139700000.0,176300000.0,389700000.0,0.0,263000000.0,263000000.0,263000000.0,0.0,0.0,0.256,359600000.0,353800000.0,89000000.0,0.904,12.363,33.209,33.161,498800000.0,0.0,101.14,8.984,8.973,1029200000.0,1445900000.0,1029200000.0,1029200000.0,0.0,,,,,14400000.0,359600000.0,1.0,360360068.0,360200000,362400000.0,2.857,7130700000.0,33500000.0,82900000.0,243800000.0,19.797,1231300000.0
2,PAYX,MRQ,2021-03-31,2021-02-28,2021-02-28,2021-10-01,57200000.0,9665900000.0,,6622200000.0,3043700000.0,,8.254,-32300000.0,841400000.0,841400000.0,328400000.0,350500000.0,1.236,2.248,896900000.0,7000000.0,889900000.0,896900000.0,38400000.0,46400000.0,4129500000.0,0.027,0.62,462600000.0,509000000.0,0.458,509000000.0,462600000.0,462600000.0,0.97,0.97,0.97,2976400000.0,,2976400000.0,32986280105.0,24.0,20.928,407600000.0,1.13,1.0,783300000.0,0.705,2107500000.0,0.0,2257900000.0,,0.0,239500000.0,203700000.0,35800000.0,6689500000.0,5356000000.0,1333500000.0,32842680105.0,914500000.0,-19500000.0,-47200000.0,100000.0,-223800000.0,584500000.0,-109900000.0,-55900000.0,439900000.0,0.0,350500000.0,350500000.0,350500000.0,0.0,0.0,0.315,314700000.0,468600000.0,73900000.0,0.639,11.034,31.125,31.082,494900000.0,0.0,91.07,8.33,8.329,1083000000.0,1499300000.0,1111700000.0,1111700000.0,0.0,,,,,12600000.0,314700000.0,1.0,360631164.0,360600000,362800000.0,3.083,7558400000.0,15000000.0,112100000.0,251800000.0,20.961,1266200000.0
3,PAYX,MRQ,2020-12-31,2020-11-30,2020-11-30,2021-10-01,73100000.0,8615400000.0,,5592400000.0,3023000000.0,,8.027,-30100000.0,752500000.0,752500000.0,319900000.0,272400000.0,1.277,1.981,896100000.0,6900000.0,889200000.0,896100000.0,40600000.0,48600000.0,3284600000.0,0.027,0.62,349600000.0,398200000.0,0.405,398200000.0,349600000.0,349600000.0,0.76,0.75,0.76,2889700000.0,,2889700000.0,33499054529.0,24.0,21.182,185600000.0,0.516,1.0,663800000.0,0.675,2096100000.0,0.0,2282900000.0,,0.0,210900000.0,174900000.0,36000000.0,5725700000.0,4380000000.0,1345700000.0,33487454529.0,-118000000.0,0.0,0.0,800000.0,-223500000.0,-79600000.0,-254100000.0,-223200000.0,215700000.0,0.0,272400000.0,272400000.0,272400000.0,0.0,0.0,0.277,309500000.0,354300000.0,70400000.0,0.816,11.589,31.616,31.576,492000000.0,0.0,93.15,8.427,8.439,967000000.0,1418900000.0,983700000.0,983700000.0,0.0,,,,,12200000.0,309500000.0,1.0,359500317.0,360000000,362000000.0,2.732,6519300000.0,38800000.0,77200000.0,254000000.0,18.109,1212400000.0
4,PAYX,MRQ,2020-09-30,2020-08-31,2020-08-31,2021-10-01,79500000.0,8376900000.0,,5340200000.0,3036700000.0,,7.738,-20700000.0,886500000.0,886500000.0,307100000.0,211600000.0,1.253,2.015,898100000.0,6100000.0,892000000.0,898100000.0,39600000.0,49600000.0,3197900000.0,0.032,0.62,276100000.0,325700000.0,0.349,325700000.0,276100000.0,276100000.0,0.59,0.59,0.59,2778600000.0,,2778600000.0,27378917583.0,20.0,17.38,194300000.0,0.541,1.0,625100000.0,0.671,2110900000.0,0.0,2014500000.0,,0.0,65600000.0,30600000.0,35000000.0,5598300000.0,4263100000.0,1335200000.0,27435117583.0,-404100000.0,0.0,-28800000.0,1000000.0,-223200000.0,-382800000.0,-236300000.0,-215000000.0,215000000.0,0.0,211600000.0,211600000.0,211600000.0,0.0,0.0,0.227,341100000.0,284000000.0,62000000.0,1.051,9.874,26.241,26.278,492100000.0,0.0,76.47,6.892,6.898,832300000.0,1370200000.0,932200000.0,932200000.0,0.0,,,,,13300000.0,341100000.0,1.0,358769682.0,359100000,361300000.0,2.596,6266000000.0,0.0,64500000.0,307300000.0,17.449,1077100000.0
5,PAYX,MRQ,2020-06-30,2020-05-31,2020-05-31,2021-10-01,56500000.0,8550700000.0,,5464600000.0,3086100000.0,,7.758,-35100000.0,955000000.0,955000000.0,291700000.0,220700000.0,1.234,2.074,898800000.0,5100000.0,893700000.0,898800000.0,39200000.0,51700000.0,3331000000.0,0.034,0.62,291600000.0,343300000.0,0.375,343300000.0,291600000.0,291600000.0,0.61,0.61,0.61,2781400000.0,,2781400000.0,26041651642.0,18.0,15.813,353100000.0,0.985,1.0,623400000.0,0.681,2121700000.0,0.0,1945900000.0,,0.0,58700000.0,27200000.0,31500000.0,5769300000.0,4426900000.0,1342400000.0,25927951642.0,-412700000.0,200000.0,0.0,-46100000.0,-222600000.0,-1208400000.0,407500000.0,444000000.0,388200000.0,0.0,220700000.0,220700000.0,220700000.0,0.0,0.0,0.241,323800000.0,299600000.0,79400000.0,1.016,9.322,23.612,23.621,522200000.0,0.0,72.28,6.417,6.413,764100000.0,1431400000.0,915100000.0,915100000.0,0.0,,,,,10900000.0,323800000.0,1.0,358715435.0,358500000,360700000.0,2.553,6429000000.0,16800000.0,70900000.0,324800000.0,17.933,1037700000.0
6,PAYX,MRQ,2020-03-31,2020-02-29,2020-02-29,2021-10-01,45200000.0,9466900000.0,,6389400000.0,3077500000.0,,7.698,-32000000.0,839300000.0,839300000.0,340300000.0,354500000.0,1.185,2.43,953000000.0,51200000.0,901800000.0,953000000.0,38800000.0,50100000.0,4272000000.0,0.032,0.62,464200000.0,514300000.0,0.45,514300000.0,464200000.0,464200000.0,0.99,0.98,0.99,2759800000.0,,2759800000.0,28062184470.0,19.0,16.806,456100000.0,1.272,1.0,802400000.0,0.702,2137800000.0,0.0,2053100000.0,,0.0,91100000.0,73800000.0,17300000.0,6707100000.0,5389700000.0,1317400000.0,27767784470.0,652500000.0,-6300000.0,0.0,-100000.0,-222500000.0,365200000.0,-200800000.0,-158500000.0,488100000.0,0.0,354500000.0,354500000.0,354500000.0,0.0,0.0,0.31,332300000.0,470100000.0,67700000.0,0.626,10.062,25.066,25.074,528100000.0,0.0,77.48,6.763,6.765,820900000.0,1433300000.0,1142700000.0,1142700000.0,0.0,,,,,12700000.0,332300000.0,1.0,358386480.0,358500000,361000000.0,3.187,7329100000.0,23600000.0,109700000.0,265300000.0,20.444,999700000.0
7,PAYX,MRQ,2019-12-31,2019-11-30,2019-11-30,2021-10-01,11600000.0,8701700000.0,,5627900000.0,3073800000.0,,7.175,-33500000.0,653600000.0,653600000.0,323400000.0,258700000.0,1.167,2.387,948000000.0,51300000.0,896700000.0,948000000.0,42200000.0,55000000.0,3696300000.0,0.028,0.62,337000000.0,392000000.0,0.396,392000000.0,337000000.0,337000000.0,0.72,0.72,0.72,2569400000.0,,2569400000.0,31130753557.0,22.0,19.051,236300000.0,0.66,1.0,667300000.0,0.674,2145500000.0,0.0,2026700000.0,,0.0,54200000.0,34400000.0,19800000.0,6132300000.0,4823900000.0,1308400000.0,30826153557.0,58500000.0,0.0,0.0,-5200000.0,-222300000.0,-231800000.0,20500000.0,56500000.0,269800000.0,0.0,258700000.0,258700000.0,258700000.0,0.0,0.0,0.261,325600000.0,341700000.0,76300000.0,0.861,11.997,28.598,28.707,520900000.0,0.0,86.12,7.643,7.646,876600000.0,1301400000.0,990700000.0,990700000.0,0.0,,,,,13300000.0,325600000.0,1.0,357944189.0,358100000,360600000.0,2.767,6556200000.0,58600000.0,78300000.0,257400000.0,18.308,804000000.0
8,PAYX,MRQ,2019-09-30,2019-08-31,2019-08-31,2021-10-01,26500000.0,8638200000.0,,5555900000.0,3082300000.0,,7.025,-26400000.0,642200000.0,642200000.0,325400000.0,264200000.0,1.152,2.429,946800000.0,56500000.0,890300000.0,946800000.0,41300000.0,52900000.0,3715900000.0,0.029,0.62,344300000.0,397200000.0,0.4,397200000.0,344300000.0,344300000.0,0.74,0.73,0.74,2519300000.0,,2519300000.0,29430728249.0,21.0,18.531,268400000.0,0.748,1.0,666600000.0,0.672,2162600000.0,0.0,1956700000.0,,0.0,53100000.0,40900000.0,12200000.0,6118900000.0,4823500000.0,1295400000.0,29358528249.0,426300000.0,0.0,-171900000.0,56500000.0,-222000000.0,-413200000.0,544700000.0,572800000.0,294800000.0,0.0,264200000.0,264200000.0,264200000.0,0.0,0.0,0.266,317500000.0,349100000.0,61700000.0,0.838,11.653,27.828,27.789,516200000.0,0.0,81.7,7.525,7.509,834300000.0,1265200000.0,992000000.0,992000000.0,0.0,,,,,10500000.0,317500000.0,1.0,359345511.0,358600000,361500000.0,2.766,6475600000.0,0.0,80100000.0,306300000.0,18.058,732400000.0
9,PAYX,MRQ,2019-06-30,2019-05-31,2019-05-31,2021-10-01,100000.0,8676000000.0,,5677700000.0,2998300000.0,,7.287,-35800000.0,724200000.0,724200000.0,322100000.0,230400000.0,1.172,2.312,809400000.0,0.0,809400000.0,809400000.0,40300000.0,55800000.0,3784300000.0,0.027,0.62,310500000.0,366300000.0,0.374,366300000.0,310500000.0,310500000.0,0.64,0.64,0.64,2619500000.0,,2619500000.0,30920604623.0,23.0,19.955,212900000.0,0.592,1.0,658300000.0,0.671,2181700000.0,0.0,1734500000.0,,0.0,55700000.0,39000000.0,16700000.0,6056500000.0,4845000000.0,1211500000.0,30832304623.0,-2770300000.0,-8100000.0,-24100000.0,-57300000.0,-222900000.0,-1929300000.0,-1089700000.0,-1044000000.0,248700000.0,0.0,230400000.0,230400000.0,230400000.0,0.0,0.0,0.235,343800000.0,314500000.0,75900000.0,0.969,11.77,29.807,29.788,408700000.0,0.0,85.79,8.173,8.169,826800000.0,1409500000.0,980400000.0,980400000.0,0.0,,,,,12600000.0,343800000.0,1.0,359392757.0,359500000,362400000.0,2.727,6494300000.0,22600000.0,80100000.0,250400000.0,18.065,832700000.0
10,PAYX,MRQ,2019-03-31,2019-02-28,2019-02-28,2021-10-01,-19300000.0,10363000000.0,,7292000000.0,3071000000.0,,7.233,-27200000.0,765300000.0,765300000.0,325300000.0,324600000.0,1.113,2.989,853600000.0,53600000.0,800000000.0,853600000.0,39400000.0,53000000.0,5415400000.0,0.029,0.56,425600000.0,478600000.0,0.447,478600000.0,425600000.0,425600000.0,0.9,0.9,0.9,2598000000.0,,2598000000.0,27203902376.0,20.0,17.928,498400000.0,1.388,1.0,745100000.0,0.696,2202400000.0,0.0,1699200000.0,,0.0,121100000.0,35600000.0,85500000.0,7765000000.0,6549700000.0,1215300000.0,27657202376.0,2237700000.0,-984100000.0,0.0,796300000.0,-201200000.0,2304400000.0,-592300000.0,421500000.0,525600000.0,0.0,324600000.0,324600000.0,324600000.0,0.0,0.0,0.303,315800000.0,429300000.0,73900000.0,0.622,10.646,27.07,27.025,404700000.0,0.0,77.02,7.603,7.605,821000000.0,1425800000.0,1070400000.0,1070400000.0,0.0,,,,,10800000.0,315800000.0,1.0,359091176.0,359200000,361600000.0,2.98,8160600000.0,5900000.0,101000000.0,249600000.0,22.719,742300000.0
11,PAYX,MRQ,2018-12-31,2018-11-30,2018-11-30,2021-10-01,-47400000.0,7002400000.0,,5290000000.0,1712400000.0,,6.752,-36400000.0,510600000.0,510600000.0,264900000.0,235800000.0,1.228,1.888,57300000.0,57300000.0,0.0,57300000.0,42500000.0,36800000.0,3717300000.0,0.031,0.56,309300000.0,346100000.0,0.403,346100000.0,309300000.0,309300000.0,0.66,0.65,0.66,2424500000.0,,2424500000.0,25025238074.0,19.0,17.271,187100000.0,0.521,1.0,594000000.0,0.692,938600000.0,0.0,1303700000.0,,0.0,258400000.0,248400000.0,10000000.0,4577900000.0,4306800000.0,271100000.0,25408638074.0,-152100000.0,0.0,0.0,600000.0,-201300000.0,-273300000.0,-102300000.0,-65700000.0,223500000.0,0.0,235800000.0,235800000.0,235800000.0,0.0,0.0,0.275,286800000.0,307200000.0,70600000.0,0.848,10.48,23.874,23.825,394000000.0,0.0,70.76,7.252,7.253,562600000.0,1302600000.0,858900000.0,858900000.0,0.0,,,,,11900000.0,286800000.0,1.0,359081940.0,359100000,361500000.0,2.392,6063800000.0,33300000.0,73500000.0,181300000.0,16.886,983200000.0
12,PAYX,MRQ,2018-09-30,2018-08-31,2018-08-31,2021-10-01,-35800000.0,7050000000.0,,5076200000.0,1973800000.0,,6.647,-24400000.0,440100000.0,440100000.0,265500000.0,243600000.0,1.154,1.953,56700000.0,56700000.0,0.0,56700000.0,36600000.0,35900000.0,3792500000.0,0.029,0.56,322600000.0,358500000.0,0.416,358500000.0,322600000.0,322600000.0,0.68,0.67,0.68,2387000000.0,,2387000000.0,25938486199.0,20.0,17.995,249300000.0,0.694,1.0,597300000.0,0.692,948800000.0,0.0,1320400000.0,,0.0,347500000.0,82900000.0,264600000.0,4663000000.0,4397400000.0,265600000.0,26296686199.0,-680600000.0,0.0,-32800000.0,56700000.0,-201400000.0,-1110300000.0,156000000.0,181200000.0,273700000.0,0.0,243600000.0,243600000.0,243600000.0,0.0,0.0,0.282,277000000.0,320300000.0,62600000.0,0.824,11.017,25.598,25.612,389100000.0,0.0,73.25,7.628,7.63,535200000.0,1268100000.0,862800000.0,862800000.0,0.0,,,,,10900000.0,277000000.0,1.0,358999129.0,359100000,361500000.0,2.403,6101200000.0,0.0,79000000.0,226200000.0,16.99,678800000.0
13,PAYX,MRQ,2018-06-30,2018-05-31,2018-05-31,2021-10-01,-36200000.0,7915400000.0,,5893600000.0,2021800000.0,,6.57,-32000000.0,358200000.0,358200000.0,265400000.0,217700000.0,1.113,2.359,0.0,0.0,0.0,0.0,34600000.0,35700000.0,4734900000.0,0.031,0.56,298500000.0,334200000.0,0.395,334200000.0,298500000.0,304600000.0,0.61,0.6,0.61,2356800000.0,,2356800000.0,23295078633.0,18.0,16.199,255500000.0,0.712,1.0,580300000.0,0.686,955400000.0,-6100000.0,1305100000.0,,0.0,361500000.0,66000000.0,295500000.0,5558600000.0,5296700000.0,261900000.0,23561278633.0,1302700000.0,-1900000.0,-49000000.0,-57700000.0,-201000000.0,450200000.0,565000000.0,632000000.0,287500000.0,0.0,217700000.0,217700000.0,217700000.0,0.0,0.0,0.257,278200000.0,302100000.0,73700000.0,0.918,9.997,23.701,23.675,393500000.0,0.0,65.58,6.976,6.97,492400000.0,1262600000.0,845700000.0,845700000.0,0.0,,,,,15200000.0,278200000.0,1.0,359275368.0,358700000,361200000.0,2.358,6960000000.0,17000000.0,86900000.0,172800000.0,19.403,596900000.0
14,PAYX,MRQ,2018-03-31,2018-02-28,2018-02-28,2021-10-01,-26700000.0,6842800000.0,,5048700000.0,1794100000.0,,5.695,-26500000.0,323900000.0,323900000.0,272200000.0,367200000.0,1.092,2.345,57700000.0,57700000.0,0.0,57700000.0,23700000.0,36600000.0,3971900000.0,0.03,0.5,373600000.0,410200000.0,0.438,410200000.0,373600000.0,371300000.0,1.02,1.01,1.02,2045500000.0,,2045500000.0,23269949140.0,18.0,15.979,443000000.0,1.233,1.0,663900000.0,0.709,932500000.0,2300000.0,1020400000.0,,0.0,502700000.0,97300000.0,405400000.0,4797300000.0,4623700000.0,173600000.0,23393749140.0,475800000.0,-160600000.0,0.0,-75700000.0,-179800000.0,-1178300000.0,1184600000.0,1374300000.0,469500000.0,0.0,367200000.0,367200000.0,367200000.0,0.0,0.0,0.392,294900000.0,369000000.0,71900000.0,0.49,11.437,23.854,23.857,397200000.0,0.0,65.13,7.02,7.021,550500000.0,961400000.0,936100000.0,936100000.0,0.0,,,,,10300000.0,294900000.0,1.0,359185462.0,359200000,362000000.0,2.606,5910300000.0,47800000.0,4100000.0,93700000.0,16.454,425000000.0
15,PAYX,MRQ,2017-12-31,2017-11-30,2017-11-30,2021-10-01,-9200000.0,7684600000.0,,5993000000.0,1691600000.0,,5.483,-77500000.0,257200000.0,257200000.0,248600000.0,198800000.0,1.089,2.903,133400000.0,133400000.0,0.0,133400000.0,27000000.0,33700000.0,4897900000.0,0.029,0.5,304800000.0,338500000.0,0.422,338500000.0,304800000.0,304800000.0,0.55,0.55,0.55,1968900000.0,,1968900000.0,23986729016.0,19.0,17.32,98300000.0,0.274,1.0,554400000.0,0.69,775500000.0,0.0,1283600000.0,,0.0,562300000.0,81400000.0,480900000.0,5715700000.0,5501700000.0,214000000.0,24163929016.0,22800000.0,-9700000.0,0.0,76200000.0,-179800000.0,-112900000.0,-40100000.0,50800000.0,175800000.0,0.0,198800000.0,198800000.0,198800000.0,0.0,0.0,0.248,251300000.0,303100000.0,58400000.0,0.909,12.273,29.613,29.652,377100000.0,0.0,67.31,7.57,7.572,595200000.0,881000000.0,803000000.0,803000000.0,0.0,,,,,10400000.0,251300000.0,1.0,358994637.0,359100000,361400000.0,2.236,6909100000.0,87300000.0,106000000.0,135100000.0,19.24,491300000.0
16,PAYX,MRQ,2017-09-30,2017-08-31,2017-08-31,2021-10-01,24400000.0,7619500000.0,,5973500000.0,1646000000.0,,5.416,-18000000.0,234400000.0,234400000.0,232000000.0,210400000.0,1.095,2.92,57200000.0,57200000.0,0.0,57200000.0,24700000.0,32000000.0,4918100000.0,0.033,0.5,319400000.0,351400000.0,0.443,351400000.0,319400000.0,319400000.0,0.59,0.58,0.59,1943800000.0,,1943800000.0,20311738539.0,16.0,14.63,325600000.0,0.907,1.0,560900000.0,0.707,777200000.0,0.0,1209400000.0,,0.0,617000000.0,133800000.0,483200000.0,5675700000.0,5455700000.0,220000000.0,20496338539.0,49800000.0,-8200000.0,-94100000.0,57200000.0,-179100000.0,417200000.0,-711000000.0,-684400000.0,343600000.0,0.0,210400000.0,210400000.0,210400000.0,0.0,0.0,0.265,243600000.0,317300000.0,74600000.0,0.847,10.544,25.017,25.013,328600000.0,0.0,57.03,6.485,6.476,538600000.0,843700000.0,792900000.0,792900000.0,0.0,,,,,8700000.0,243600000.0,1.0,359395731.0,358900000,361300000.0,2.209,6842300000.0,24900000.0,109000000.0,147400000.0,19.065,517800000.0
17,PAYX,MRQ,2017-06-30,2017-05-31,2017-05-31,2021-10-01,20000000.0,6833700000.0,,5272000000.0,1561700000.0,,5.443,-27500000.0,184600000.0,184600000.0,231200000.0,204300000.0,1.116,2.495,0.0,0.0,0.0,0.0,22900000.0,36200000.0,4272600000.0,0.031,0.46,320000000.0,356200000.0,0.445,356200000.0,320000000.0,314800000.0,0.57,0.57,0.57,1955300000.0,,1955300000.0,21143781844.0,17.0,15.198,163600000.0,0.455,1.0,569100000.0,0.711,714700000.0,5200000.0,1209300000.0,,0.0,592800000.0,138800000.0,454000000.0,4878400000.0,4725100000.0,153300000.0,21278281844.0,-242900000.0,0.0,0.0,-55400000.0,-165400000.0,-718900000.0,284900000.0,312600000.0,191100000.0,0.0,204300000.0,204300000.0,204300000.0,0.0,0.0,0.255,255900000.0,313200000.0,57200000.0,0.807,10.882,25.751,25.752,337200000.0,0.0,59.23,6.749,6.759,507500000.0,901700000.0,800300000.0,800300000.0,0.0,,,,,8900000.0,255900000.0,1.0,359248385.0,359200000,362000000.0,2.228,6119000000.0,69900000.0,110500000.0,79500000.0,17.035,546900000.0
18,PAYX,MRQ,2017-03-31,2017-02-28,2017-02-28,2021-10-01,4600000.0,7310300000.0,,5751800000.0,1558500000.0,,5.283,-20000000.0,189900000.0,189900000.0,236800000.0,202500000.0,1.091,2.854,55400000.0,55400000.0,0.0,55400000.0,25100000.0,31000000.0,4775100000.0,0.029,0.46,307800000.0,338800000.0,0.426,338800000.0,307800000.0,307800000.0,0.56,0.56,0.56,1896700000.0,,1896700000.0,21978248116.0,18.0,16.388,335900000.0,0.936,1.0,559000000.0,0.702,719100000.0,0.0,1183000000.0,,0.0,654200000.0,214000000.0,440200000.0,5413600000.0,5273700000.0,139900000.0,22040148116.0,24900000.0,0.0,0.0,-47700000.0,-165400000.0,1314000000.0,-1645000000.0,-1621200000.0,355900000.0,0.0,202500000.0,202500000.0,202500000.0,0.0,0.0,0.254,252400000.0,306600000.0,55900000.0,0.821,11.62,27.547,27.667,341600000.0,0.0,61.42,7.095,7.098,429900000.0,871900000.0,795800000.0,795800000.0,0.0,,,,,8900000.0,252400000.0,1.0,358843180.0,359000000,361800000.0,2.217,6591200000.0,58300000.0,105300000.0,65700000.0,18.36,478100000.0
19,PAYX,MRQ,2016-12-31,2016-11-30,2016-11-30,2021-10-01,-16800000.0,5776100000.0,,4215700000.0,1560400000.0,,5.041,-26500000.0,165000000.0,165000000.0,226300000.0,202100000.0,1.114,2.181,103100000.0,103100000.0,0.0,103100000.0,28500000.0,30000000.0,3261800000.0,0.03,0.46,312000000.0,342000000.0,0.443,342000000.0,312000000.0,312000000.0,0.56,0.56,0.56,1815600000.0,,1815600000.0,21240654392.0,18.0,16.16,92200000.0,0.256,1.0,545100000.0,0.707,722300000.0,0.0,1207800000.0,,0.0,560100000.0,128000000.0,432100000.0,3960500000.0,3784100000.0,176400000.0,21319354392.0,35000000.0,0.0,-166200000.0,51800000.0,-165200000.0,-401300000.0,317600000.0,348700000.0,118700000.0,0.0,202100000.0,202100000.0,202100000.0,0.0,0.0,0.262,234000000.0,311100000.0,48600000.0,0.821,11.742,27.403,27.292,349300000.0,0.0,58.95,6.959,6.931,528900000.0,834900000.0,771400000.0,771400000.0,0.0,,,,,8500000.0,234000000.0,1.0,361651474.0,360200000,362600000.0,2.142,5053800000.0,75600000.0,109900000.0,102200000.0,14.031,431600000.0
20,PAYX,MRQ,2016-09-30,2016-08-31,2016-08-31,2021-10-01,39200000.0,6096900000.0,,4521000000.0,1575900000.0,,5.507,-20300000.0,130000000.0,130000000.0,225100000.0,217400000.0,1.155,2.067,51300000.0,51300000.0,0.0,51300000.0,26800000.0,29700000.0,3387600000.0,0.028,0.46,324500000.0,354200000.0,0.451,354200000.0,324500000.0,324500000.0,0.6,0.6,0.6,1988100000.0,,1988100000.0,21741976501.0,18.0,16.778,274400000.0,0.76,1.0,560400000.0,0.713,722100000.0,0.0,1382900000.0,,0.0,814000000.0,367700000.0,446300000.0,4108800000.0,3913200000.0,195600000.0,21873476501.0,-1500000.0,0.0,0.0,51300000.0,-166300000.0,-676500000.0,380300000.0,400600000.0,294700000.0,0.0,217400000.0,217400000.0,217400000.0,0.0,0.0,0.277,237400000.0,323000000.0,51200000.0,0.767,11.002,28.589,28.618,348400000.0,0.0,60.67,7.256,7.266,485600000.0,958900000.0,785500000.0,785500000.0,0.0,,,,,9100000.0,237400000.0,1.0,360532001.0,361000000,364100000.0,2.176,5374800000.0,24900000.0,107100000.0,188900000.0,14.889,607800000.0
21,PAYX,MRQ,2016-06-30,2016-05-31,2016-05-31,2021-10-01,29200000.0,6440800000.0,,4863600000.0,1577200000.0,,5.304,-27700000.0,131500000.0,131500000.0,220300000.0,178100000.0,1.114,2.369,0.0,0.0,0.0,0.0,26300000.0,30000000.0,3955300000.0,0.031,0.42,276100000.0,306100000.0,0.406,306100000.0,276100000.0,276100000.0,0.5,0.49,0.5,1911700000.0,,1911700000.0,19272663548.0,17.0,15.221,199300000.0,0.553,1.0,533600000.0,0.708,726600000.0,0.0,1216800000.0,,0.0,661700000.0,220600000.0,441100000.0,4529100000.0,4365900000.0,163200000.0,19525763548.0,-121600000.0,0.0,0.0,0.0,-151500000.0,-849100000.0,500500000.0,529900000.0,227000000.0,0.0,178100000.0,178100000.0,178100000.0,0.0,0.0,0.236,257300000.0,276300000.0,56700000.0,0.84,10.214,25.8,25.819,353000000.0,0.0,54.22,6.615,6.625,408600000.0,926200000.0,753900000.0,753900000.0,0.0,,,,,8500000.0,257300000.0,1.0,360121054.0,360400000,362800000.0,2.092,5714200000.0,35400000.0,98000000.0,94900000.0,15.855,497700000.0
22,PAYX,MRQ,2016-03-31,2016-02-29,2016-02-29,2021-10-01,37500000.0,7067500000.0,,5503600000.0,1563900000.0,,5.199,-21500000.0,253100000.0,253100000.0,225900000.0,180400000.0,1.092,2.771,0.0,0.0,0.0,0.0,0.0,30400000.0,4663900000.0,0.032,0.42,281700000.0,312100000.0,0.415,312100000.0,281700000.0,281700000.0,0.5,0.5,0.5,1874100000.0,,1874100000.0,18136725886.0,16.0,14.612,349800000.0,0.97,1.0,526700000.0,0.7,729700000.0,0.0,1045500000.0,,0.0,502700000.0,74100000.0,428600000.0,5193400000.0,5039200000.0,154200000.0,18549025886.0,-159200000.0,-296100000.0,-45000000.0,0.0,-151400000.0,781800000.0,-1312300000.0,-992300000.0,371300000.0,0.0,180400000.0,180400000.0,180400000.0,0.0,0.0,0.24,246700000.0,280000000.0,55800000.0,0.84,9.898,25.07,25.068,350000000.0,0.0,51.39,6.418,6.41,353400000.0,899600000.0,752600000.0,752600000.0,0.0,,,,,8600000.0,246700000.0,1.0,360946213.0,360500000,362200000.0,2.088,6337800000.0,34300000.0,101300000.0,88100000.0,17.581,464400000.0
23,PAYX,MRQ,2015-12-31,2015-11-30,2015-11-30,2021-10-01,20300000.0,6016800000.0,,4602500000.0,1414300000.0,,5.152,-27300000.0,412300000.0,412300000.0,205200000.0,189200000.0,1.148,2.238,0.0,0.0,0.0,0.0,0.0,27700000.0,3689500000.0,0.029,0.42,295800000.0,323500000.0,0.448,323500000.0,295800000.0,295800000.0,0.52,0.52,0.52,1858300000.0,,1858300000.0,19103391962.0,17.0,15.638,114300000.0,0.317,1.0,517200000.0,0.716,592800000.0,0.0,1001800000.0,,0.0,500600000.0,64100000.0,436500000.0,4158500000.0,4009900000.0,148600000.0,19559291962.0,-43600000.0,0.0,0.0,0.0,-151700000.0,-174000000.0,-11200000.0,17500000.0,141600000.0,0.0,189200000.0,189200000.0,189200000.0,0.0,0.0,0.262,223000000.0,294200000.0,47400000.0,0.808,10.525,26.834,26.856,352700000.0,0.0,54.25,6.882,6.886,241100000.0,913900000.0,722400000.0,722400000.0,0.0,,,,,8700000.0,223000000.0,1.0,360539944.0,360700000,362300000.0,2.003,5424000000.0,65500000.0,106600000.0,97400000.0,15.037,592600000.0
24,PAYX,MRQ,2015-09-30,2015-08-31,2015-08-31,2021-10-01,13800000.0,5983000000.0,,4588200000.0,1394800000.0,,4.959,-21200000.0,455900000.0,455900000.0,205700000.0,209100000.0,1.134,2.341,0.0,0.0,0.0,0.0,0.0,27000000.0,3726800000.0,0.035,0.42,297500000.0,324500000.0,0.449,324500000.0,297500000.0,297500000.0,0.58,0.58,0.58,1790800000.0,,1790800000.0,15961474742.0,15.0,13.349,257100000.0,0.712,1.0,517300000.0,0.715,594500000.0,0.0,886200000.0,,0.0,498000000.0,81800000.0,416200000.0,4192200000.0,4046400000.0,145800000.0,16131474742.0,285900000.0,0.0,-62900000.0,0.0,-151900000.0,-752300000.0,759900000.0,784600000.0,278300000.0,0.0,209100000.0,209100000.0,209100000.0,0.0,0.0,0.289,221200000.0,296100000.0,43000000.0,0.724,9.008,22.634,22.556,350100000.0,0.0,44.66,5.77,5.768,206600000.0,876400000.0,723000000.0,723000000.0,0.0,,,,,8800000.0,221200000.0,1.0,361206331.0,361100000,362800000.0,2.002,5388500000.0,0.0,88400000.0,111900000.0,14.922,541800000.0
25,PAYX,MRQ,2015-06-30,2015-05-31,2015-05-31,2021-10-01,7500000.0,6467500000.0,,5088200000.0,1379300000.0,,4.928,-30800000.0,170000000.0,170000000.0,203600000.0,161200000.0,1.113,2.622,0.0,0.0,0.0,0.0,11200000.0,27500000.0,4260100000.0,0.031,0.38,253600000.0,281100000.0,0.406,281100000.0,253600000.0,253600000.0,0.45,0.44,0.45,1785500000.0,,1785500000.0,17681811785.0,17.0,15.157,171600000.0,0.474,1.0,488600000.0,0.706,593900000.0,0.0,1130600000.0,,0.0,766400000.0,366600000.0,399800000.0,4682000000.0,4573000000.0,109000000.0,17947111785.0,-95300000.0,0.0,-152200000.0,0.0,-137400000.0,-1039900000.0,742200000.0,774100000.0,202400000.0,0.0,161200000.0,161200000.0,161200000.0,0.0,0.0,0.233,237000000.0,251600000.0,51700000.0,0.844,10.052,26.592,26.565,353900000.0,0.0,49.41,6.551,6.545,176600000.0,894300000.0,692200000.0,692200000.0,0.0,,,,,7400000.0,237000000.0,1.0,363228330.0,362300000,364000000.0,1.911,5873600000.0,12900000.0,92400000.0,46600000.0,16.212,515200000.0
26,PAYX,MRQ,2015-03-31,2015-02-28,2015-02-28,2021-10-01,21800000.0,7344200000.0,,5957400000.0,1386800000.0,,5.154,-26400000.0,265300000.0,265300000.0,211000000.0,169400000.0,1.114,2.923,0.0,0.0,0.0,0.0,0.0,26600000.0,5058900000.0,0.03,0.38,265900000.0,292500000.0,0.415,292500000.0,265900000.0,265900000.0,0.47,0.46,0.47,1872000000.0,,1872000000.0,17957044948.0,17.0,15.704,261700000.0,0.721,1.0,493300000.0,0.7,599400000.0,0.0,1131500000.0,,0.0,764100000.0,355500000.0,408600000.0,5472200000.0,5348000000.0,124200000.0,18097444948.0,124900000.0,0.0,-1800000.0,0.0,-138200000.0,918700000.0,-1081900000.0,-1054900000.0,288100000.0,0.0,169400000.0,169400000.0,169400000.0,0.0,0.0,0.241,229000000.0,264300000.0,40100000.0,0.809,9.667,27.437,27.382,347700000.0,0.0,49.835,6.737,6.738,148400000.0,978300000.0,704300000.0,704300000.0,0.0,,,,,8600000.0,229000000.0,1.0,363147285.0,363200000,365000000.0,1.939,6744800000.0,11200000.0,96500000.0,72100000.0,18.57,609400000.0
27,PAYX,MRQ,2014-12-31,2014-11-30,2014-11-30,2021-10-01,22400000.0,6274500000.0,,4859900000.0,1414600000.0,,5.053,-20700000.0,140400000.0,140400000.0,199100000.0,173000000.0,1.136,2.421,0.0,0.0,0.0,0.0,0.0,26000000.0,4000300000.0,0.031,0.38,271600000.0,297600000.0,0.44,297600000.0,271600000.0,271600000.0,0.48,0.47,0.48,1834300000.0,,1834300000.0,16739059598.0,16.0,14.82,120900000.0,0.333,1.0,477200000.0,0.706,602600000.0,0.0,1252200000.0,,0.0,787100000.0,388600000.0,398500000.0,4440200000.0,4279300000.0,160900000.0,17201659598.0,-322200000.0,400000.0,8100000.0,0.0,-137900000.0,-159600000.0,-304200000.0,-283800000.0,141600000.0,0.0,173000000.0,173000000.0,173000000.0,0.0,0.0,0.256,207000000.0,270200000.0,39800000.0,0.792,9.378,26.452,26.486,344400000.0,0.0,47.41,6.534,6.537,205600000.0,964300000.0,676300000.0,676300000.0,0.0,,,,,7900000.0,207000000.0,1.0,362827665.0,363000000,364600000.0,1.863,5671900000.0,46100000.0,98600000.0,114700000.0,15.625,580600000.0
28,PAYX,MRQ,2014-09-30,2014-08-31,2014-08-31,2021-10-01,26000000.0,6286600000.0,,4872000000.0,1414600000.0,,4.918,-24900000.0,462600000.0,462600000.0,194300000.0,171300000.0,1.122,2.521,0.0,0.0,0.0,0.0,0.0,26500000.0,4030100000.0,0.034,0.38,268900000.0,295400000.0,0.443,295400000.0,268900000.0,268900000.0,0.47,0.47,0.47,1785600000.0,,1785600000.0,14970586553.0,15.0,13.514,238200000.0,0.656,1.0,472500000.0,0.709,606000000.0,0.0,874000000.0,,0.0,493200000.0,96700000.0,396500000.0,4501000000.0,4344000000.0,157000000.0,15123086553.0,310100000.0,-27500000.0,-36500000.0,0.0,-138300000.0,-311900000.0,358900000.0,412800000.0,263100000.0,0.0,171300000.0,171300000.0,171300000.0,0.0,0.0,0.257,205000000.0,267500000.0,40100000.0,0.809,8.469,23.778,23.937,346600000.0,0.0,41.65,5.879,5.879,168900000.0,943700000.0,666800000.0,666800000.0,0.0,,,,,7500000.0,205000000.0,1.0,363099317.0,363100000,364700000.0,1.836,5680600000.0,36200000.0,97600000.0,168600000.0,15.645,528000000.0
29,PAYX,MRQ,2014-06-30,2014-05-31,2014-05-31,2021-10-01,21500000.0,6370100000.0,,5002500000.0,1367600000.0,,4.887,-21300000.0,152500000.0,152500000.0,198000000.0,145900000.0,1.127,2.585,0.0,0.0,0.0,0.0,0.0,28300000.0,4167100000.0,0.034,0.35,229700000.0,258000000.0,0.404,258000000.0,229700000.0,229700000.0,0.4,0.4,0.4,1777000000.0,,1777000000.0,14682013867.0,15.0,13.432,153800000.0,0.423,1.0,441000000.0,0.69,580900000.0,0.0,1197800000.0,,0.0,784300000.0,398700000.0,385600000.0,4593100000.0,4438900000.0,154200000.0,14953313867.0,-118800000.0,0.0,-31200000.0,0.0,-127200000.0,-872000000.0,578100000.0,603600000.0,175100000.0,0.0,145900000.0,145900000.0,145900000.0,0.0,0.0,0.228,212700000.0,228300000.0,48800000.0,0.875,8.415,23.83,23.901,342200000.0,0.0,41.11,5.936,5.949,149400000.0,957500000.0,639000000.0,639000000.0,0.0,,,,,4600000.0,212700000.0,1.0,363739087.0,363600000,365500000.0,1.757,5789200000.0,66300000.0,83800000.0,104200000.0,15.922,563600000.0
30,PAYX,MRQ,2014-03-31,2014-02-28,2014-02-28,2021-10-01,24600000.0,7069400000.0,,5719300000.0,1350100000.0,,4.91,-15900000.0,271300000.0,271300000.0,191000000.0,160100000.0,1.113,2.953,0.0,0.0,0.0,0.0,0.0,26300000.0,4880700000.0,0.025,0.35,252200000.0,278500000.0,0.428,278500000.0,252200000.0,252200000.0,0.44,0.44,0.44,1788200000.0,,1788200000.0,14996506859.0,15.0,13.974,289700000.0,0.795,1.0,459400000.0,0.706,580500000.0,0.0,1078700000.0,,0.0,692200000.0,314400000.0,377800000.0,5281200000.0,5138900000.0,142300000.0,15209506859.0,58300000.0,0.0,-22300000.0,0.0,-127700000.0,841200000.0,-1088500000.0,-1071200000.0,305600000.0,0.0,160100000.0,160100000.0,160100000.0,0.0,0.0,0.246,208700000.0,250700000.0,34700000.0,0.795,8.505,25.136,25.309,345100000.0,0.0,41.76,6.17,6.169,129600000.0,983700000.0,650400000.0,650400000.0,0.0,,,,,7100000.0,208700000.0,1.0,364212329.0,364200000,365800000.0,1.786,6488900000.0,44300000.0,92100000.0,103100000.0,17.817,580400000.0
31,PAYX,MRQ,2013-12-31,2013-11-30,2013-11-30,2021-10-01,13700000.0,6019400000.0,,4663800000.0,1355600000.0,,4.824,-21800000.0,213000000.0,213000000.0,173600000.0,158700000.0,1.132,2.419,0.0,0.0,0.0,0.0,0.0,26000000.0,3889600000.0,0.031,0.35,249900000.0,275900000.0,0.448,275900000.0,249900000.0,249900000.0,0.43,0.43,0.43,1760400000.0,,1760400000.0,15858426196.0,17.0,15.16,111700000.0,0.306,1.0,442800000.0,0.718,583600000.0,0.0,1103700000.0,,0.0,626300000.0,250400000.0,375900000.0,4259000000.0,4119100000.0,139900000.0,15970026196.0,101400000.0,-9300000.0,-44200000.0,0.0,-127800000.0,-195600000.0,163500000.0,199600000.0,133500000.0,0.0,158700000.0,158700000.0,158700000.0,0.0,0.0,0.257,194200000.0,248600000.0,36400000.0,0.814,9.072,27.091,27.161,351400000.0,0.0,43.73,6.632,6.626,178800000.0,993200000.0,616400000.0,616400000.0,0.0,,,,,7100000.0,194200000.0,1.0,365196117.0,364900000,366400000.0,1.689,5435800000.0,67800000.0,91200000.0,101300000.0,14.897,544700000.0
32,PAYX,MRQ,2013-09-30,2013-08-31,2013-08-31,2021-10-01,-4900000.0,6031200000.0,,4698300000.0,1332900000.0,,4.786,-25100000.0,111600000.0,111600000.0,169900000.0,162800000.0,1.132,2.45,0.0,0.0,0.0,0.0,4500000.0,24400000.0,3913200000.0,0.035,0.35,256300000.0,280700000.0,0.458,280700000.0,256300000.0,256300000.0,0.45,0.44,0.45,1748400000.0,,1748400000.0,14031473776.0,15.0,13.672,241600000.0,0.661,1.0,443200000.0,0.723,576000000.0,0.0,1193200000.0,,0.0,813200000.0,447600000.0,365600000.0,4282800000.0,4150400000.0,132400000.0,14138773776.0,4300000.0,0.0,-38700000.0,0.0,-127900000.0,-293200000.0,30800000.0,56600000.0,266700000.0,0.0,162800000.0,162800000.0,162800000.0,0.0,0.0,0.266,188100000.0,255100000.0,40400000.0,0.778,8.087,24.432,24.327,350500000.0,0.0,38.68,5.988,5.984,154700000.0,1034200000.0,613100000.0,613100000.0,0.0,,,,,7500000.0,188100000.0,1.0,365531897.0,365300000,366700000.0,1.678,5455200000.0,38300000.0,93500000.0,108000000.0,14.933,547900000.0
33,PAYX,MRQ,2013-06-30,2013-05-31,2013-05-31,2021-10-01,22000000.0,6163700000.0,,4832600000.0,1331100000.0,,4.863,-24500000.0,107300000.0,107300000.0,173000000.0,123500000.0,1.132,2.475,0.0,0.0,0.0,0.0,5200000.0,24900000.0,4039700000.0,0.035,0.0,213200000.0,238100000.0,0.407,238100000.0,213200000.0,213200000.0,0.33,0.34,0.33,1773700000.0,,1773700000.0,13447522205.0,15.0,13.32,44400000.0,0.122,1.0,412300000.0,0.704,579100000.0,0.0,1209100000.0,,0.0,767300000.0,398200000.0,369100000.0,4390000000.0,4268200000.0,121800000.0,13547922205.0,6900000.0,0.0,51100000.0,0.0,0.0,-1419300000.0,1357300000.0,1381800000.0,68900000.0,0.0,123500000.0,123500000.0,123500000.0,0.0,0.0,0.211,200500000.0,211800000.0,42700000.0,0.0,7.638,23.81,23.865,346000000.0,0.0,37.23,5.824,5.822,133400000.0,1088500000.0,585300000.0,585300000.0,0.0,,,,,5900000.0,200500000.0,1.0,363897991.0,364700000,366200000.0,1.605,5584600000.0,86300000.0,89700000.0,81100000.0,15.313,564400000.0
34,PAYX,MRQ,2013-03-31,2013-02-28,2013-02-28,2021-10-01,32700000.0,7507500000.0,,6319600000.0,1187900000.0,,4.414,-19700000.0,100400000.0,100400000.0,171200000.0,144500000.0,1.098,3.675,0.0,0.0,0.0,0.0,3900000.0,25000000.0,5510200000.0,0.049,0.66,226400000.0,251400000.0,0.424,251400000.0,226400000.0,226400000.0,0.4,0.4,0.4,1605900000.0,,1605900000.0,11918231753.0,13.0,11.989,260700000.0,0.717,1.0,422100000.0,0.711,583800000.0,0.0,1066800000.0,,0.0,697200000.0,470200000.0,227000000.0,5901600000.0,5756500000.0,145100000.0,12040831753.0,-22200000.0,-9300000.0,5300000.0,0.0,-240300000.0,1610600000.0,-1913200000.0,-1879600000.0,280400000.0,0.0,144500000.0,144500000.0,144500000.0,0.0,0.0,0.244,197100000.0,225000000.0,47600000.0,1.65,7.498,21.169,21.086,341700000.0,0.0,33.105,5.253,5.254,125100000.0,964900000.0,593300000.0,593300000.0,0.0,,,,,5400000.0,197100000.0,1.0,363716410.0,363800000,364600000.0,1.631,6923700000.0,39400000.0,81900000.0,117600000.0,19.032,563100000.0
35,PAYX,MRQ,2012-12-31,2012-11-30,2012-11-30,2021-10-01,39700000.0,5724200000.0,,4268800000.0,1455400000.0,,4.671,-32500000.0,122600000.0,122600000.0,163600000.0,147900000.0,1.098,2.371,0.0,0.0,0.0,0.0,2500000.0,24200000.0,3664600000.0,0.04,0.33,231900000.0,256100000.0,0.45,256100000.0,231900000.0,231900000.0,0.41,0.41,0.41,1698200000.0,,1698200000.0,11677874087.0,13.0,11.925,75800000.0,0.208,1.0,405800000.0,0.713,564400000.0,0.0,1148600000.0,,0.0,682900000.0,178600000.0,504300000.0,4026000000.0,3888600000.0,137400000.0,11826874087.0,-26400000.0,-12000000.0,1900000.0,0.0,-120000000.0,-100400000.0,-34300000.0,10600000.0,108300000.0,0.0,147900000.0,147900000.0,147900000.0,0.0,0.0,0.26,175800000.0,230000000.0,43600000.0,0.805,6.964,21.131,21.13,351800000.0,0.0,32.54,5.213,5.215,169300000.0,1060800000.0,569400000.0,569400000.0,0.0,,,,,5100000.0,175800000.0,1.0,363456487.0,363600000,364400000.0,1.566,5159800000.0,43200000.0,84000000.0,117800000.0,14.191,380200000.0
36,PAYX,MRQ,2012-09-30,2012-08-31,2012-08-31,2021-10-01,37300000.0,5710900000.0,,4300400000.0,1410500000.0,,4.56,-22000000.0,149000000.0,149000000.0,163500000.0,153100000.0,1.097,2.45,0.0,0.0,0.0,0.0,2700000.0,24100000.0,3646900000.0,0.038,0.32,239900000.0,264000000.0,0.457,264000000.0,239900000.0,239900000.0,0.42,0.42,0.42,1655400000.0,,1655400000.0,11956556923.0,14.0,12.368,195700000.0,0.539,1.0,414700000.0,0.717,568700000.0,0.0,1073500000.0,,0.0,722300000.0,241900000.0,480400000.0,4055500000.0,3919700000.0,135800000.0,12065356923.0,40200000.0,0.0,14500000.0,0.0,-116400000.0,-949400000.0,771900000.0,794000000.0,217700000.0,0.0,153100000.0,153100000.0,153100000.0,0.0,0.0,0.265,176700000.0,238000000.0,40700000.0,0.762,7.288,21.85,21.882,326900000.0,0.0,33.26,5.375,5.378,153100000.0,1033000000.0,578200000.0,578200000.0,0.0,,,,,6400000.0,176700000.0,1.0,362758777.0,363000000,363800000.0,1.593,5142200000.0,30500000.0,86800000.0,168000000.0,14.166,380700000.0
37,PAYX,MRQ,2012-06-30,2012-05-31,2012-05-31,2021-10-01,37700000.0,6479600000.0,,5075900000.0,1403700000.0,,4.427,-27100000.0,108800000.0,108800000.0,169100000.0,123300000.0,1.07,3.038,0.0,0.0,0.0,0.0,3000000.0,24900000.0,4494400000.0,0.042,0.32,197700000.0,222600000.0,0.404,222600000.0,197700000.0,197700000.0,0.34,0.34,0.34,1604500000.0,,1604500000.0,10718952881.0,12.0,11.188,116900000.0,0.323,1.0,382400000.0,0.693,573200000.0,0.0,1051900000.0,,0.0,681200000.0,207500000.0,473700000.0,4875100000.0,4745700000.0,129400000.0,10865452881.0,-37700000.0,0.0,2600000.0,0.0,-116200000.0,271400000.0,-453100000.0,-425600000.0,144000000.0,0.0,123300000.0,123300000.0,123300000.0,0.0,0.0,0.224,186500000.0,195900000.0,69700000.0,0.941,6.772,19.827,19.848,324300000.0,0.0,29.97,4.873,4.871,142400000.0,1002100000.0,551500000.0,551500000.0,0.0,,,,,5300000.0,186500000.0,1.0,362544307.0,362400000,363300000.0,1.522,5906400000.0,36400000.0,74400000.0,90400000.0,16.298,330200000.0
38,PAYX,MRQ,2012-03-31,2012-02-29,2012-02-29,2021-10-01,43100000.0,6094900000.0,,4872200000.0,1222700000.0,,4.401,-18400000.0,146500000.0,146500000.0,174200000.0,135400000.0,1.114,2.82,0.0,0.0,0.0,0.0,3400000.0,24600000.0,4109400000.0,0.04,0.32,212000000.0,236600000.0,0.415,236600000.0,212000000.0,212000000.0,0.37,0.37,0.37,1595400000.0,,1595400000.0,11247647315.0,13.0,11.914,247000000.0,0.681,1.0,395300000.0,0.694,579300000.0,0.0,996700000.0,,0.0,652200000.0,356800000.0,295400000.0,4499500000.0,4372400000.0,127100000.0,11343747315.0,50400000.0,-5000000.0,3100000.0,0.0,-115900000.0,1011000000.0,-1226000000.0,-1201700000.0,265400000.0,0.0,135400000.0,135400000.0,135400000.0,0.0,0.0,0.238,184900000.0,210400000.0,46000000.0,0.865,7.11,20.868,21.007,316800000.0,0.0,31.3,5.154,5.155,135800000.0,995000000.0,569500000.0,569500000.0,0.0,,,,,5700000.0,184900000.0,1.0,362420042.0,362500000,363100000.0,1.571,5515600000.0,36600000.0,76600000.0,108800000.0,15.215,499800000.0
39,PAYX,MRQ,2011-12-31,2011-11-30,2011-11-30,2021-10-01,33900000.0,4932000000.0,,3740000000.0,1192000000.0,,4.301,-23900000.0,96100000.0,96100000.0,162700000.0,140400000.0,1.151,2.164,0.0,0.0,0.0,0.0,2500000.0,24100000.0,2985500000.0,0.043,0.32,219400000.0,243500000.0,0.446,243500000.0,219400000.0,219400000.0,0.39,0.39,0.39,1558700000.0,,1558700000.0,10435837837.0,12.0,11.213,86100000.0,0.238,1.0,383000000.0,0.702,579300000.0,0.0,1008400000.0,,0.0,580200000.0,315000000.0,265200000.0,3373300000.0,3248200000.0,125100000.0,10548937837.0,-17000000.0,-1000000.0,800000.0,0.0,-116000000.0,-163800000.0,36800000.0,60900000.0,110000000.0,0.0,140400000.0,140400000.0,140400000.0,0.0,0.0,0.257,165100000.0,217900000.0,54900000.0,0.821,6.768,19.579,19.669,316000000.0,0.0,29.11,4.877,4.878,221500000.0,975800000.0,545700000.0,545700000.0,0.0,,,,,5300000.0,165100000.0,1.0,362381925.0,362400000,362800000.0,1.506,4352700000.0,40600000.0,79000000.0,94200000.0,12.011,491800000.0
40,PAYX,MRQ,2011-09-30,2011-08-31,2011-08-31,2021-10-01,44200000.0,4991500000.0,,3833400000.0,1158100000.0,,4.25,-20200000.0,113100000.0,113100000.0,164100000.0,148900000.0,1.149,2.243,0.0,0.0,0.0,0.0,2700000.0,24200000.0,3034100000.0,0.046,0.31,231200000.0,255400000.0,0.454,255400000.0,231200000.0,231200000.0,0.41,0.41,0.41,1539300000.0,,1539300000.0,9650867610.0,12.0,10.568,167000000.0,0.461,1.0,399000000.0,0.709,584900000.0,0.0,956400000.0,,0.0,604900000.0,372000000.0,232900000.0,3452200000.0,3337100000.0,115100000.0,9769867610.0,-5900000.0,0.0,1000000.0,0.0,-112400000.0,-591100000.0,398000000.0,419000000.0,187200000.0,0.0,148900000.0,148900000.0,148900000.0,0.0,0.0,0.264,169300000.0,229700000.0,38500000.0,0.756,6.347,18.354,18.479,310500000.0,0.0,26.98,4.589,4.59,197900000.0,951500000.0,563100000.0,563100000.0,0.0,,,,,6600000.0,169300000.0,1.0,362115182.0,362200000,362800000.0,1.555,4406600000.0,25900000.0,82300000.0,142900000.0,12.166,496300000.0
41,PAYX,MRQ,2011-06-30,2011-05-31,2011-05-31,2021-10-01,37500000.0,5393800000.0,,4257900000.0,1135900000.0,,4.132,-21500000.0,119000000.0,119000000.0,165700000.0,118900000.0,1.124,2.605,0.0,0.0,0.0,0.0,3000000.0,24400000.0,3513900000.0,0.038,0.31,184200000.0,208600000.0,0.399,208600000.0,184200000.0,184200000.0,0.32,0.33,0.32,1496200000.0,,1496200000.0,11451744696.0,14.0,13.0,140900000.0,0.389,1.0,357000000.0,0.683,590900000.0,0.0,895600000.0,,0.0,552300000.0,345000000.0,207300000.0,3897600000.0,3788300000.0,109300000.0,11687744696.0,-117000000.0,-11100000.0,7600000.0,0.0,-112400000.0,-739200000.0,459800000.0,492100000.0,162400000.0,0.0,118900000.0,118900000.0,118900000.0,0.0,0.0,0.227,174200000.0,182800000.0,45400000.0,0.969,7.812,22.681,22.746,308700000.0,0.0,32.3,5.608,5.607,161100000.0,919500000.0,522700000.0,522700000.0,0.0,,,,,6000000.0,174200000.0,1.0,361849681.0,362100000,363000000.0,1.444,4802900000.0,32700000.0,65300000.0,72100000.0,13.264,469600000.0
42,PAYX,MRQ,2011-03-31,2011-02-28,2011-02-28,2021-10-01,29300000.0,5962800000.0,,4864800000.0,1098000000.0,,4.058,-34900000.0,236000000.0,236000000.0,166600000.0,130600000.0,1.108,3.061,0.0,0.0,0.0,0.0,3400000.0,22800000.0,4148300000.0,0.037,0.31,200400000.0,223200000.0,0.42,223200000.0,200400000.0,200400000.0,0.36,0.36,0.36,1468200000.0,,1468200000.0,11930216811.0,15.0,13.732,198800000.0,0.549,1.0,364700000.0,0.686,583100000.0,0.0,753200000.0,,0.0,416300000.0,233700000.0,182600000.0,4494600000.0,4390500000.0,104100000.0,12163416811.0,2800000.0,-115300000.0,4600000.0,0.0,-112200000.0,767000000.0,-997900000.0,-845600000.0,233700000.0,0.0,130600000.0,130600000.0,130600000.0,0.0,0.0,0.246,165800000.0,198900000.0,35700000.0,0.861,8.285,23.761,23.851,303700000.0,0.0,33.63,5.911,5.913,141600000.0,913000000.0,531300000.0,531300000.0,0.0,,,,,5300000.0,165800000.0,1.0,361683521.0,361800000,362600000.0,1.468,5379700000.0,37200000.0,69800000.0,67200000.0,14.869,474300000.0
43,PAYX,MRQ,2010-12-31,2010-11-30,2010-11-30,2021-10-01,39100000.0,5022700000.0,,4013900000.0,1008800000.0,,4.007,-27500000.0,233200000.0,233200000.0,159000000.0,133900000.0,1.152,2.465,0.0,0.0,0.0,0.0,2700000.0,20600000.0,3204900000.0,0.043,0.31,205400000.0,226000000.0,0.441,226000000.0,205400000.0,205400000.0,0.37,0.37,0.37,1449500000.0,,1449500000.0,10049189998.0,13.0,12.012,97400000.0,0.269,1.0,353000000.0,0.689,475800000.0,0.0,828000000.0,,0.0,456700000.0,230300000.0,226400000.0,3573200000.0,3485700000.0,87500000.0,10322089998.0,-39700000.0,0.0,200000.0,0.0,-112200000.0,-120700000.0,-43900000.0,-16000000.0,124900000.0,0.0,133900000.0,133900000.0,133900000.0,0.0,0.0,0.262,149100000.0,203900000.0,33800000.0,0.838,7.121,20.925,20.985,279500000.0,0.0,28.54,5.074,5.074,224600000.0,894500000.0,512000000.0,512000000.0,0.0,,,,,6400000.0,149100000.0,1.0,361670988.0,361700000,362100000.0,1.416,4546900000.0,28400000.0,71500000.0,60400000.0,12.571,528200000.0
44,PAYX,MRQ,2010-09-30,2010-08-31,2010-08-31,2021-10-01,54200000.0,5039000000.0,,3999900000.0,1039100000.0,,3.974,-16600000.0,272900000.0,272900000.0,160200000.0,131900000.0,1.136,2.507,0.0,0.0,0.0,0.0,2900000.0,20900000.0,3213600000.0,0.05,0.31,202200000.0,223100000.0,0.43,223100000.0,202200000.0,202200000.0,0.36,0.36,0.36,1437000000.0,,1437000000.0,8712499414.0,12.0,10.541,177700000.0,0.491,1.0,358100000.0,0.691,480000000.0,0.0,765900000.0,,0.0,443500000.0,177200000.0,266300000.0,3602000000.0,3520200000.0,81800000.0,8996815414.0,-11400000.0,0.0,200000.0,0.0,-112000000.0,-378200000.0,172500000.0,189700000.0,194300000.0,0.0,131900000.0,131900000.0,131900000.0,0.0,0.0,0.254,157300000.0,200800000.0,34400000.0,0.861,6.261,18.542,18.575,268000000.0,0.0,24.89,4.456,4.458,208600000.0,873000000.0,518300000.0,518300000.0,0.0,,,,,7100000.0,157300000.0,1.0,361463054.0,361600000,362000000.0,1.433,4559000000.0,21300000.0,70300000.0,115100000.0,12.608,479700000.0
45,PAYX,MRQ,2010-06-30,2010-05-31,2010-05-31,2021-10-01,42400000.0,5226300000.0,,4159100000.0,1067200000.0,,3.876,-19900000.0,284300000.0,284300000.0,163100000.0,115500000.0,1.111,2.728,0.0,0.0,0.0,0.0,3500000.0,21600000.0,3480000000.0,0.043,0.31,174900000.0,196500000.0,0.396,196500000.0,174900000.0,174900000.0,0.32,0.32,0.32,1402000000.0,,1402000000.0,10035695310.0,14.0,12.302,88000000.0,0.243,1.0,333100000.0,0.671,483200000.0,0.0,716600000.0,,0.0,372600000.0,82500000.0,290100000.0,3824300000.0,3742200000.0,82100000.0,10314956310.0,5000000.0,0.0,1200000.0,0.0,-112200000.0,-652400000.0,549500000.0,570000000.0,107900000.0,0.0,115500000.0,115500000.0,115500000.0,0.0,0.0,0.233,159500000.0,173600000.0,37300000.0,0.969,7.357,21.625,21.621,269300000.0,0.0,28.54,5.155,5.155,186600000.0,856300000.0,496200000.0,496200000.0,0.0,,,,,6500000.0,159500000.0,1.0,361421034.0,361700000,362000000.0,1.372,4743100000.0,31600000.0,59400000.0,52200000.0,13.113,416900000.0
46,PAYX,MRQ,2010-03-31,2010-02-28,2010-02-28,2021-10-01,48562000.0,5788031000.0,,4716531000.0,1071500000.0,,3.866,-18300000.0,279261000.0,279261000.0,164500000.0,112000000.0,1.094,3.143,0.0,0.0,0.0,0.0,3792000.0,21600000.0,4021401000.0,0.041,0.31,169400000.0,191000000.0,0.376,191000000.0,169400000.0,169400000.0,0.31,0.31,0.31,1397120000.0,,1397120000.0,10595216251.0,15.0,12.967,205600000.0,0.569,1.0,343300000.0,0.676,489644000.0,0.0,706703000.0,,0.0,409853000.0,115765000.0,294088000.0,4390911000.0,4312423000.0,78488000.0,10820520251.0,54000000.0,0.0,400000.0,0.0,-112200000.0,986600000.0,-1156500000.0,-1136100000.0,223900000.0,0.0,112000000.0,112000000.0,112000000.0,0.0,0.0,0.221,175100000.0,168200000.0,35081000.0,1.0,7.745,22.772,22.682,264273000.0,0.0,29.94,5.409,5.409,159131000.0,852936000.0,507800000.0,507800000.0,0.0,,,,,5800000.0,175100000.0,1.0,361406822.0,361400000,361900000.0,1.405,5298387000.0,42944000.0,57400000.0,76085000.0,14.661,404108000.0
47,PAYX,MRQ,2009-12-31,2009-11-30,2009-11-30,2021-10-01,49639000.0,4657132000.0,,3562206000.0,1094926000.0,,3.852,-13000000.0,225304000.0,225304000.0,162600000.0,125800000.0,1.118,2.345,0.0,0.0,0.0,0.0,2516000.0,21700000.0,2922986000.0,0.04,0.31,194200000.0,215900000.0,0.435,215900000.0,194200000.0,194200000.0,0.35,0.35,0.35,1392190000.0,,1392190000.0,11013996587.0,15.0,13.018,79500000.0,0.22,1.0,334000000.0,0.673,493037000.0,0.0,752062000.0,,0.0,379441000.0,62011000.0,317430000.0,3264942000.0,3186729000.0,78213000.0,11329319587.0,-90000000.0,13100000.0,700000.0,0.0,-112100000.0,-140700000.0,-41800000.0,-36800000.0,92500000.0,0.0,125800000.0,125800000.0,125800000.0,0.0,0.0,0.253,140900000.0,193100000.0,36494000.0,0.886,8.138,22.936,22.883,262024000.0,0.0,31.35,5.605,5.605,221711000.0,853084000.0,496600000.0,496600000.0,0.0,,,,,6600000.0,140900000.0,1.0,361381805.0,361400000,361700000.0,1.374,4164095000.0,18488000.0,68400000.0,59745000.0,11.522,375477000.0
48,PAYX,MRQ,2009-09-30,2009-08-31,2009-08-31,2021-10-01,43201000.0,4707743000.0,,3603869000.0,1103874000.0,,3.779,-10100000.0,315323000.0,315323000.0,163300000.0,123600000.0,1.106,2.449,0.0,0.0,0.0,0.0,9596000.0,21600000.0,2952240000.0,0.044,0.31,190800000.0,212400000.0,0.425,212400000.0,190800000.0,190800000.0,0.34,0.34,0.34,1364862000.0,,1364862000.0,9742609795.0,13.0,11.263,176500000.0,0.489,1.0,336900000.0,0.674,508826000.0,0.0,623940000.0,,0.0,318727000.0,13853000.0,304874000.0,3342881000.0,3259654000.0,83227000.0,10215378795.0,-157500000.0,0.0,5900000.0,0.0,-112100000.0,-591600000.0,247500000.0,261700000.0,186600000.0,0.0,123600000.0,123600000.0,123600000.0,0.0,0.0,0.247,147000000.0,189900000.0,33301000.0,0.912,7.485,20.094,20.064,268317000.0,0.0,28.29,4.986,4.987,201330000.0,839366000.0,500200000.0,500200000.0,0.0,,,,,6700000.0,147000000.0,1.0,361095044.0,361200000,361400000.0,1.385,4198917000.0,21805000.0,67200000.0,115213000.0,11.625,344215000.0
49,PAYX,MRQ,2009-06-30,2009-05-31,2009-05-31,2021-10-01,41940000.0,5127415000.0,,4239826000.0,887589000.0,,3.716,-10819000.0,472769000.0,472769000.0,166854000.0,113759000.0,1.145,2.822,0.0,0.0,0.0,0.0,9542000.0,22636000.0,3437679000.0,0.045,0.31,175164000.0,197800000.0,0.399,197800000.0,175164000.0,175164000.0,0.32,0.32,0.32,1341478000.0,,1341478000.0,9436520805.0,12.0,10.51,114658000.0,0.318,1.0,329120000.0,0.664,509957000.0,0.0,442796000.0,,0.0,101944000.0,19710000.0,82234000.0,3785937000.0,3701893000.0,84044000.0,9864927805.0,44430000.0,66000.0,3190000.0,0.0,-111921000.0,-760620000.0,679573000.0,688629000.0,125477000.0,0.0,113759000.0,113759000.0,113759000.0,0.0,0.0,0.229,154806000.0,174314000.0,37334000.0,0.969,7.354,18.491,18.473,274530000.0,0.0,27.34,4.736,4.736,177958000.0,829501000.0,495974000.0,495974000.0,0.0,,,,,6390000.0,154806000.0,1.0,360823987.0,360971000,361102000.0,1.374,4617458000.0,28865000.0,61405000.0,55662000.0,12.792,537933000.0
50,PAYX,MRQ,2009-03-31,2009-02-28,2009-02-28,2021-10-01,43125000.0,5775468000.0,,4872887000.0,902581000.0,,3.689,-14074000.0,428407000.0,428407000.0,174503000.0,130790000.0,1.116,3.339,0.0,0.0,0.0,0.0,10812000.0,21486000.0,4089570000.0,0.056,0.31,198468000.0,219954000.0,0.416,219954000.0,198468000.0,198468000.0,0.36,0.36,0.36,1331149000.0,,1331149000.0,7629036456.0,9.0,8.271,220864000.0,0.612,1.0,354078000.0,0.67,519345000.0,0.0,462069000.0,,0.0,143384000.0,61163000.0,82221000.0,4444319000.0,4365647000.0,78672000.0,7959669456.0,97774000.0,-6466000.0,153000.0,0.0,-111939000.0,473105000.0,-610269000.0,-585077000.0,234938000.0,0.0,130790000.0,130790000.0,130790000.0,0.0,0.0,0.247,156677000.0,197401000.0,37484000.0,0.861,5.98,14.336,14.418,280956000.0,0.0,22.06,3.779,3.779,165154000.0,827726000.0,528581000.0,528581000.0,0.0,,,,,5368000.0,156677000.0,1.0,360819105.0,360821000,360913000.0,1.465,5256123000.0,30589000.0,67678000.0,68544000.0,14.567,507240000.0
51,PAYX,MRQ,2008-12-31,2008-11-30,2008-11-30,2021-10-01,20995000.0,5111860000.0,,4220354000.0,891506000.0,,3.561,-23000000.0,330633000.0,330633000.0,170675000.0,140242000.0,1.125,2.979,0.0,0.0,0.0,0.0,11545000.0,20991000.0,3504679000.0,0.043,0.31,213832000.0,234823000.0,0.448,234823000.0,213832000.0,213832000.0,0.39,0.39,0.39,1284723000.0,,1284723000.0,10134488572.0,12.0,10.816,90834000.0,0.252,1.0,353485000.0,0.674,511075000.0,0.0,518644000.0,,0.0,148082000.0,71044000.0,77038000.0,3827137000.0,3751508000.0,75629000.0,10196070572.0,269051000.0,0.0,550000.0,0.0,-111936000.0,-229852000.0,385069000.0,420240000.0,113834000.0,0.0,140242000.0,140242000.0,140242000.0,0.0,0.0,0.268,141585000.0,211900000.0,38858000.0,0.795,7.936,17.985,18.115,283029000.0,0.0,28.26,4.833,4.833,219438000.0,808875000.0,524160000.0,524160000.0,0.0,,,,,7020000.0,141585000.0,1.0,360795137.0,360812000,360977000.0,1.453,4600785000.0,20192000.0,73590000.0,40907000.0,12.751,468846000.0
52,PAYX,MRQ,2008-09-30,2008-08-31,2008-08-31,2021-10-01,22303000.0,5229610000.0,,4375400000.0,854210000.0,,3.467,-16207000.0,61582000.0,61582000.0,168468000.0,148709000.0,1.121,3.183,0.0,0.0,0.0,0.0,10216000.0,20687000.0,3623145000.0,0.036,0.31,224636000.0,245323000.0,0.459,245323000.0,224636000.0,224636000.0,0.41,0.41,0.41,1250125000.0,,1250125000.0,12121798074.0,14.0,12.912,198344000.0,0.55,1.0,365617000.0,0.685,504268000.0,0.0,760078000.0,,0.0,457564000.0,402553000.0,55011000.0,3979485000.0,3903682000.0,75803000.0,12286035074.0,-102655000.0,0.0,5107000.0,0.0,-111904000.0,-267333000.0,-49873000.0,-32392000.0,214551000.0,0.0,148709000.0,148709000.0,148709000.0,0.0,0.0,0.278,144032000.0,221585000.0,35041000.0,0.756,9.828,21.412,21.707,275628000.0,0.0,34.08,5.869,5.871,197128000.0,780570000.0,534085000.0,534085000.0,0.0,,,,,6922000.0,144032000.0,1.0,360505724.0,360629000,361040000.0,1.481,4725342000.0,14499000.0,75927000.0,87805000.0,13.103,471718000.0
53,PAYX,MRQ,2008-06-30,2008-05-31,2008-05-31,2021-10-01,16047000.0,5309791000.0,,4465911000.0,843880000.0,,3.313,-17661000.0,164237000.0,164237000.0,167973000.0,135484000.0,1.106,3.437,0.0,0.0,0.0,0.0,10326000.0,21252000.0,3783681000.0,0.035,0.3,201015000.0,222267000.0,0.428,222267000.0,201015000.0,201015000.0,0.37,0.38,0.37,1196642000.0,,1196642000.0,12290578002.0,14.0,13.139,116633000.0,0.323,1.0,351255000.0,0.676,507816000.0,0.0,600466000.0,,0.0,270525000.0,228727000.0,41798000.0,4113149000.0,4037272000.0,75877000.0,12450368002.0,4447000.0,0.0,3911000.0,0.0,-108186000.0,-714341000.0,584494000.0,603716000.0,134294000.0,0.0,135484000.0,135484000.0,135484000.0,0.0,0.0,0.261,153451000.0,197804000.0,40251000.0,0.811,10.404,21.61,22.147,275297000.0,0.0,34.55,6.025,6.16,184686000.0,745351000.0,519228000.0,519228000.0,0.0,,,,,6445000.0,153451000.0,1.0,360357974.0,361238000,361872000.0,1.437,4801975000.0,32328000.0,65531000.0,27328000.0,13.293,428639000.0
54,PAYX,MRQ,2008-03-31,2008-02-29,2008-02-29,2021-10-01,8771000.0,5872015000.0,,5048274000.0,823741000.0,,3.19,-24922000.0,159790000.0,159790000.0,170995000.0,142474000.0,1.086,4.097,0.0,0.0,0.0,0.0,8830000.0,20566000.0,4393747000.0,0.035,0.3,213996000.0,234562000.0,0.441,234562000.0,213996000.0,213996000.0,0.39,0.39,0.39,1151991000.0,,1151991000.0,11388223434.0,14.0,12.596,207209000.0,0.574,1.0,361177000.0,0.679,511427000.0,0.0,552948000.0,,0.0,267123000.0,248210000.0,18913000.0,4720024000.0,4647850000.0,72174000.0,11441149434.0,106864000.0,0.0,-124268000.0,0.0,-108163000.0,695109000.0,-820376000.0,-781934000.0,232131000.0,0.0,142474000.0,142474000.0,142474000.0,0.0,0.0,0.268,150778000.0,210399000.0,34456000.0,0.769,9.932,20.367,20.973,274366000.0,0.0,31.46,5.624,5.585,158042000.0,718053000.0,532172000.0,532172000.0,0.0,,,,,6084000.0,150778000.0,1.0,363672900.0,361178000,361770000.0,1.473,5360588000.0,30632000.0,71522000.0,46282000.0,14.842,400424000.0
55,PAYX,MRQ,2007-12-31,2007-11-30,2007-11-30,2021-10-01,9005000.0,5026355000.0,,4229604000.0,796751000.0,,3.364,-18923000.0,52926000.0,52926000.0,162452000.0,147112000.0,1.14,3.039,0.0,0.0,0.0,0.0,5948000.0,19665000.0,3457867000.0,0.026,0.3,216979000.0,236644000.0,0.466,236644000.0,216979000.0,216979000.0,0.4,0.4,0.4,1244411000.0,,1244411000.0,14503303409.0,18.0,16.624,86108000.0,0.233,1.0,345341000.0,0.68,503008000.0,0.0,758681000.0,,0.0,423145000.0,414028000.0,9117000.0,3781944000.0,3711740000.0,70204000.0,14613917409.0,-57688000.0,-344000.0,-459716000.0,0.0,-110809000.0,-637059000.0,474340000.0,496441000.0,105031000.0,0.0,147112000.0,147112000.0,147112000.0,0.0,0.0,0.29,135865000.0,209476000.0,63359000.0,0.75,11.744,26.771,27.083,264902000.0,0.0,39.0,7.353,7.258,213787000.0,815147000.0,507793000.0,507793000.0,0.0,,,,,6583000.0,135865000.0,1.0,374715831.0,369914000,371404000.0,1.373,4523347000.0,28415000.0,69867000.0,24057000.0,12.228,517864000.0
56,PAYX,MRQ,2007-09-30,2007-08-31,2007-08-31,2021-10-01,-4096000.0,5557937000.0,,4259861000.0,1298076000.0,,4.321,-20067000.0,110614000.0,110614000.0,159315000.0,151075000.0,1.108,2.38,0.0,0.0,0.0,0.0,6705000.0,19131000.0,3528373000.0,0.021,0.3,222825000.0,241956000.0,0.477,241956000.0,222825000.0,222825000.0,0.4,0.4,0.4,1644122000.0,,1644122000.0,16901907763.0,22.0,19.979,233146000.0,0.613,1.0,347815000.0,0.686,505075000.0,0.0,1096758000.0,,0.0,849104000.0,338639000.0,510465000.0,3913815000.0,3845490000.0,68325000.0,16981260763.0,31261000.0,-32596000.0,-352082000.0,0.0,-114988000.0,-916659000.0,694707000.0,749054000.0,253213000.0,0.0,151075000.0,151075000.0,151075000.0,0.0,0.0,0.298,137227000.0,210588000.0,91807000.0,0.75,10.328,31.953,31.964,260943000.0,0.0,44.43,8.777,8.739,210982000.0,1235588000.0,507130000.0,507130000.0,0.0,,,,,6322000.0,137227000.0,1.0,382202583.0,380539000,382255000.0,1.333,5052862000.0,28153000.0,71750000.0,68146000.0,13.278,414371000.0
57,PAYX,MRQ,2007-06-30,2007-05-31,2007-05-31,2021-10-01,-9661000.0,6246519000.0,,4861319000.0,1385200000.0,,5.111,-17564000.0,79353000.0,79353000.0,157982000.0,121100000.0,1.147,2.2,0.0,0.0,0.0,0.0,7758000.0,19179000.0,3982330000.0,0.02,0.21,171752000.0,190931000.0,0.392,190931000.0,171752000.0,171752000.0,0.31,0.32,0.31,1952248000.0,,1952248000.0,15349173372.0,21.0,18.794,81417000.0,0.213,1.0,329366000.0,0.676,474925000.0,0.0,1454771000.0,,0.0,1144858000.0,511772000.0,633086000.0,4294271000.0,4237470000.0,56801000.0,15430094372.0,-1568000.0,0.0,15104000.0,0.0,-80249000.0,303514000.0,-404063000.0,-383151000.0,98981000.0,0.0,121100000.0,121100000.0,121100000.0,0.0,0.0,0.248,169484000.0,159882000.0,46961000.0,0.677,7.904,29.935,29.926,256087000.0,0.0,40.4,8.177,8.16,186273000.0,1595105000.0,487348000.0,487348000.0,0.0,,,,,6430000.0,169484000.0,1.0,381933029.0,381959000,383510000.0,1.276,5771594000.0,47894000.0,50652000.0,9567000.0,15.111,623849000.0
58,PAYX,MRQ,2007-03-31,2007-02-28,2007-02-28,2021-10-01,-3966000.0,5771814000.0,,4443641000.0,1328173000.0,,4.989,-21572000.0,80921000.0,80921000.0,158543000.0,126600000.0,1.166,2.033,0.0,0.0,0.0,0.0,7731000.0,19437000.0,3551790000.0,0.018,0.21,183478000.0,202915000.0,0.418,202915000.0,183478000.0,183478000.0,0.33,0.33,0.33,1903036000.0,,1903036000.0,15355066236.0,21.0,18.747,231851000.0,0.608,1.0,326744000.0,0.673,476211000.0,0.0,1403198000.0,,0.0,1145784000.0,566888000.0,578896000.0,3868778000.0,3811484000.0,57294000.0,15484335236.0,-48348000.0,-3100000.0,20007000.0,0.0,-80172000.0,-56056000.0,-245715000.0,-218503000.0,253423000.0,0.0,126600000.0,126600000.0,126600000.0,0.0,0.0,0.261,153760000.0,172984000.0,55954000.0,0.636,8.137,29.945,29.657,253485000.0,0.0,40.63,8.415,8.423,163673000.0,1554254000.0,485287000.0,485287000.0,0.0,,,,,6972000.0,153760000.0,1.0,381105962.0,381475000,383335000.0,1.272,5295603000.0,34135000.0,56878000.0,24175000.0,13.882,632157000.0
59,PAYX,MRQ,2006-12-31,2006-11-30,2006-11-30,2021-10-01,-1879000.0,5871239000.0,,4586017000.0,1285222000.0,,4.8,-23714000.0,129269000.0,129269000.0,150870000.0,132666000.0,1.151,2.213,0.0,0.0,0.0,0.0,5288000.0,17933000.0,3772928000.0,0.018,0.21,192269000.0,210202000.0,0.462,210202000.0,192269000.0,192269000.0,0.35,0.35,0.35,1827607000.0,,1827607000.0,14648835655.0,20.0,18.311,55194000.0,0.145,1.0,304085000.0,0.668,475083000.0,0.0,1281434000.0,,0.0,933658000.0,389831000.0,543827000.0,4043632000.0,3985453000.0,58179000.0,14992746655.0,-214642000.0,0.0,14879000.0,0.0,-80016000.0,-62070000.0,-231480000.0,-194718000.0,78908000.0,0.0,132666000.0,132666000.0,132666000.0,0.0,0.0,0.292,121757000.0,182328000.0,39908000.0,0.6,8.203,29.687,29.41,246638000.0,0.0,39.41,8.397,8.404,215563000.0,1507826000.0,454955000.0,454955000.0,0.0,,,,,5761000.0,121757000.0,1.0,380430009.0,380747000,382433000.0,1.195,5396156000.0,27474000.0,59603000.0,13240000.0,14.173,600564000.0
60,PAYX,MRQ,2006-09-30,2006-08-31,2006-08-31,2021-10-01,-7555000.0,5864740000.0,,4711249000.0,1153491000.0,,4.589,-16054000.0,343911000.0,343911000.0,148084000.0,135081000.0,1.159,2.36,0.0,0.0,0.0,0.0,5748000.0,16869000.0,3805798000.0,0.018,0.16,195770000.0,212639000.0,0.463,212639000.0,195770000.0,195770000.0,0.36,0.35,0.36,1745574000.0,,1745574000.0,13535574414.0,19.0,17.573,183861000.0,0.483,1.0,311290000.0,0.678,465815000.0,0.0,990169000.0,,0.0,740115000.0,309322000.0,430793000.0,4119166000.0,4064845000.0,54321000.0,13672997414.0,206488000.0,0.0,2926000.0,0.0,-60876000.0,-57648000.0,64221000.0,82925000.0,199915000.0,0.0,135081000.0,135081000.0,135081000.0,0.0,0.0,0.294,124936000.0,186354000.0,47067000.0,0.444,7.833,28.194,27.868,237131000.0,0.0,35.95,7.902,7.903,194891000.0,1455176000.0,459374000.0,459374000.0,0.0,,,,,6527000.0,124936000.0,1.0,380333725.0,380360000,381876000.0,1.208,5398925000.0,25595000.0,60689000.0,65834000.0,14.194,646404000.0
61,PAYX,MRQ,2006-06-30,2006-05-31,2006-05-31,2021-10-01,-14326000.0,5549302000.0,,4444301000.0,1105001000.0,,4.353,-24810000.0,137423000.0,137423000.0,145998000.0,122740000.0,1.158,2.353,0.0,0.0,0.0,0.0,5809000.0,17352000.0,3606193000.0,0.017,0.16,175972000.0,193324000.0,0.439,193324000.0,175972000.0,175972000.0,0.33,0.32,0.33,1654843000.0,,1654843000.0,13805751657.0,20.0,18.624,86545000.0,0.228,1.0,294482000.0,0.669,466546000.0,0.0,1106961000.0,,0.0,824488000.0,440007000.0,384481000.0,3894459000.0,3838372000.0,56087000.0,13941469657.0,1705000.0,0.0,10552000.0,0.0,-60843000.0,570516000.0,-680166000.0,-654482000.0,111355000.0,0.0,122740000.0,122740000.0,122740000.0,0.0,0.0,0.279,126936000.0,167546000.0,46668000.0,0.485,8.425,29.987,29.846,234664000.0,0.0,36.71,8.325,8.319,189835000.0,1380971000.0,440480000.0,440480000.0,0.0,,,,,4056000.0,126936000.0,1.0,379773077.0,380125000,382239000.0,1.159,5082756000.0,38671000.0,53232000.0,15481000.0,13.371,605929000.0
62,PAYX,MRQ,2006-03-31,2006-02-28,2006-02-28,2021-10-01,-12074000.0,5719595000.0,,5020201000.0,699394000.0,,4.163,-17764000.0,135718000.0,135718000.0,145486000.0,114534000.0,1.23,2.619,0.0,0.0,0.0,0.0,5339000.0,16889000.0,3851815000.0,0.014,0.16,166958000.0,183847000.0,0.427,183847000.0,166958000.0,166958000.0,0.3,0.3,0.3,1580590000.0,,1580590000.0,14887017537.0,23.0,20.862,206229000.0,0.543,1.0,285100000.0,0.662,469492000.0,0.0,1033634000.0,,0.0,798824000.0,798824000.0,0.0,4139005000.0,4080751000.0,58254000.0,15202833537.0,91013000.0,-320000.0,3716000.0,0.0,-60751000.0,-57035000.0,-75945000.0,-56885000.0,223993000.0,0.0,114534000.0,114534000.0,114534000.0,0.0,0.0,0.266,124500000.0,160600000.0,28005000.0,0.533,9.618,34.267,34.526,223561000.0,0.0,40.05,9.424,9.426,155321000.0,1319074000.0,430586000.0,430586000.0,0.0,,,,,1112000.0,124500000.0,1.0,379596343.0,379680000,381751000.0,1.134,5250103000.0,37108000.0,52424000.0,37929000.0,13.828,939450000.0
63,PAYX,MRQ,2005-12-31,2005-11-30,2005-11-30,2021-10-01,-12935000.0,4120028000.0,,3422281000.0,697747000.0,,4.011,-17961000.0,315816000.0,315816000.0,135350000.0,112612000.0,1.346,1.709,0.0,0.0,0.0,0.0,3505000.0,16261000.0,2352684000.0,0.013,0.16,164157000.0,180418000.0,0.451,180418000.0,164157000.0,164157000.0,0.3,0.3,0.3,1521118000.0,,1521118000.0,15735548120.0,25.0,23.04,54593000.0,0.144,1.0,264465000.0,0.661,472322000.0,0.0,789456000.0,,0.0,476691000.0,476691000.0,0.0,2598910000.0,2542434000.0,56476000.0,16072869120.0,-154668000.0,0.0,12498000.0,0.0,-60698000.0,-48200000.0,-179022000.0,-159311000.0,72554000.0,0.0,112612000.0,112612000.0,112612000.0,0.0,0.0,0.282,105860000.0,158605000.0,25346000.0,0.533,10.566,38.096,38.207,218900000.0,0.0,42.41,10.327,10.335,210401000.0,1265291000.0,399815000.0,399815000.0,0.0,,,,,3963000.0,105860000.0,1.0,378987718.0,379268000,381256000.0,1.054,3647706000.0,25785000.0,51545000.0,17056000.0,9.618,879847000.0
64,PAYX,MRQ,2005-09-30,2005-08-31,2005-08-31,2021-10-01,-7745000.0,4095842000.0,,3401229000.0,694613000.0,,3.849,-20566000.0,337321000.0,337321000.0,133421000.0,115028000.0,1.317,1.809,0.0,0.0,0.0,0.0,3542000.0,16015000.0,2356191000.0,0.015,0.13,167679000.0,183694000.0,0.455,183694000.0,167679000.0,167679000.0,0.3,0.3,0.3,1457933000.0,,1457933000.0,12644281575.0,22.0,19.55,140765000.0,0.372,1.0,270294000.0,0.67,474254000.0,0.0,700765000.0,,0.0,459853000.0,459853000.0,0.0,2637909000.0,2583502000.0,54407000.0,12925225575.0,121704000.0,-406000.0,5359000.0,0.0,-49262000.0,-43903000.0,4276000.0,25895000.0,161331000.0,0.0,115028000.0,115028000.0,115028000.0,0.0,0.0,0.285,107474000.0,162820000.0,28978000.0,0.433,8.865,32.627,32.817,213573000.0,0.0,34.13,8.595,8.597,189317000.0,1213377000.0,403715000.0,403715000.0,0.0,,,,,2456000.0,107474000.0,1.0,378705701.0,378810000,380180000.0,1.066,3621588000.0,24563000.0,52651000.0,61222000.0,9.56,817727000.0
65,PAYX,MRQ,2005-06-30,2005-05-31,2005-05-31,2021-10-01,-6421000.0,4617418000.0,,3522007000.0,1095411000.0,,3.66,-29703000.0,77669000.0,77669000.0,124734000.0,101481000.0,1.107,2.332,0.0,0.0,0.0,0.0,4271000.0,18537000.0,2985386000.0,0.018,0.13,147109000.0,165646000.0,0.437,165646000.0,147109000.0,147109000.0,0.26,0.27,0.26,1385676000.0,,1385676000.0,10650781234.0,20.0,17.513,70471000.0,0.186,1.0,254288000.0,0.671,477450000.0,0.0,881960000.0,,0.0,629871000.0,225719000.0,404152000.0,3231742000.0,3180339000.0,51403000.0,10929893234.0,-35048000.0,-444000.0,2445000.0,0.0,-49219000.0,-46774000.0,-88448000.0,-56829000.0,100174000.0,0.0,101481000.0,101481000.0,101481000.0,0.0,0.0,0.268,111461000.0,142827000.0,30385000.0,0.5,7.888,29.632,29.773,205319000.0,0.0,28.88,7.563,7.561,161849000.0,1147611000.0,379022000.0,379022000.0,0.0,,,,,1142000.0,111461000.0,1.0,378458907.0,378577000,379841000.0,1.001,4139968000.0,26940000.0,45628000.0,17545000.0,10.936,341668000.0
66,PAYX,MRQ,2005-03-31,2005-02-28,2005-02-28,2021-10-01,-4857000.0,4629165000.0,,3965113000.0,664052000.0,,3.518,-13872000.0,279112000.0,279112000.0,129847000.0,92782000.0,1.218,2.477,0.0,0.0,0.0,0.0,5081000.0,14735000.0,3063172000.0,0.016,0.13,138481000.0,153216000.0,0.41,153216000.0,138481000.0,138481000.0,0.25,0.24,0.25,1331391000.0,,1331391000.0,11848395549.0,24.0,21.621,152112000.0,0.402,1.0,244014000.0,0.653,480039000.0,0.0,613321000.0,,0.0,414269000.0,414269000.0,0.0,3297774000.0,3256693000.0,41081000.0,12080302549.0,57721000.0,0.0,1811000.0,0.0,-49196000.0,-47385000.0,-60878000.0,-46692000.0,165984000.0,0.0,92782000.0,92782000.0,92782000.0,0.0,0.0,0.248,108632000.0,135382000.0,23385000.0,0.52,9.073,36.744,36.701,176578000.0,0.0,31.93,8.65,8.652,146827000.0,1095349000.0,373861000.0,373861000.0,0.0,,,,,676000.0,108632000.0,1.0,378337067.0,378403000,379814000.0,0.988,4149126000.0,26162000.0,45699000.0,35033000.0,10.965,708420000.0
67,PAYX,MRQ,2004-12-31,2004-11-30,2004-11-30,2021-10-01,-440000.0,4035097000.0,,3370041000.0,665056000.0,,3.41,-12930000.0,231907000.0,231907000.0,122852000.0,86865000.0,1.245,2.129,0.0,0.0,0.0,0.0,3915000.0,14551000.0,2529098000.0,0.015,0.13,129649000.0,144200000.0,0.415,144200000.0,129649000.0,129649000.0,0.23,0.23,0.23,1289735000.0,,1289735000.0,12327856109.0,26.0,23.327,62168000.0,0.164,1.0,224433000.0,0.646,483411000.0,0.0,612366000.0,,0.0,365773000.0,365773000.0,0.0,2745362000.0,2707413000.0,37949000.0,12540989109.0,18774000.0,0.0,1977000.0,0.0,-49181000.0,-47204000.0,-9120000.0,4473000.0,75098000.0,0.0,86865000.0,86865000.0,86865000.0,0.0,0.0,0.25,97535000.0,126898000.0,25438000.0,0.565,9.724,39.623,39.952,173842000.0,0.0,33.16,9.186,9.187,182730000.0,1051763000.0,347285000.0,347285000.0,0.0,,,,,897000.0,97535000.0,1.0,378196294.0,378265000,379696000.0,0.918,3551686000.0,14865000.0,42784000.0,15581000.0,9.389,662628000.0
68,PAYX,MRQ,2004-09-30,2004-08-31,2004-08-31,2021-10-01,5755000.0,3938755000.0,,3272342000.0,666413000.0,,3.32,-10675000.0,213133000.0,213133000.0,121592000.0,87721000.0,1.235,2.138,0.0,0.0,0.0,0.0,3829000.0,14181000.0,2449484000.0,0.016,0.12,130927000.0,145108000.0,0.421,145108000.0,130927000.0,130927000.0,0.23,0.23,0.23,1255372000.0,,1255372000.0,10998530396.0,24.0,21.233,114693000.0,0.303,1.0,223383000.0,0.648,486665000.0,0.0,588216000.0,,0.0,379735000.0,379735000.0,0.0,2683383000.0,2650741000.0,32642000.0,11218022396.0,-6359000.0,0.0,2793000.0,0.0,-45380000.0,-42587000.0,-89140000.0,-78172000.0,125368000.0,0.0,87721000.0,87721000.0,87721000.0,0.0,0.0,0.254,94715000.0,128668000.0,24583000.0,0.522,8.936,36.149,36.63,171573000.0,0.0,29.67,8.434,8.434,165770000.0,1014079000.0,344975000.0,344975000.0,0.0,,,,,1801000.0,94715000.0,1.0,378093104.0,378107000,379706000.0,0.912,3452090000.0,16898000.0,43206000.0,43994000.0,9.13,621601000.0
69,PAYX,MRQ,2004-06-30,2004-05-31,2004-05-31,2021-10-01,-2709000.0,3950203000.0,,3280447000.0,669756000.0,,3.176,-11333000.0,219492000.0,219492000.0,238120000.0,61405000.0,1.205,2.292,0.0,0.0,0.0,0.0,3650000.0,14256000.0,2555224000.0,0.013,0.12,91232000.0,105488000.0,0.319,105488000.0,91232000.0,91232000.0,0.16,0.16,0.16,1199973000.0,,1199973000.0,13957544875.0,31.0,27.605,52743000.0,0.14,1.0,92269000.0,0.279,490203000.0,0.0,518605000.0,,0.0,304348000.0,304348000.0,0.0,2750230000.0,2721903000.0,28327000.0,14166165875.0,-116909000.0,-12608000.0,4776000.0,0.0,-45350000.0,-40574000.0,-140411000.0,-116133000.0,64076000.0,0.0,61405000.0,61405000.0,61405000.0,0.0,0.0,0.186,5320000.0,86949000.0,22589000.0,0.75,11.805,46.761,46.888,171346000.0,0.0,37.51,10.945,10.936,135764000.0,971738000.0,330389000.0,330389000.0,0.0,,,,,2352000.0,5320000.0,1.0,377663713.0,377812000,379866000.0,0.874,3460000000.0,27608000.0,29827000.0,14396000.0,9.158,558544000.0
70,PAYX,MRQ,2004-03-31,2004-02-29,2004-02-29,2021-10-01,16013000.0,4275062000.0,,3616734000.0,658328000.0,,3.166,-9951000.0,208621000.0,208621000.0,79239000.0,80518000.0,1.185,2.576,0.0,0.0,0.0,0.0,3610000.0,14036000.0,2901200000.0,0.014,0.12,119639000.0,133675000.0,0.39,133675000.0,119639000.0,119639000.0,0.21,0.21,0.21,1195512000.0,,1195512000.0,11965455813.0,26.0,23.079,131939000.0,0.349,1.0,263367000.0,0.769,482724000.0,0.0,531009000.0,,0.0,328574000.0,328574000.0,0.0,3079550000.0,3052708000.0,26842000.0,12099693813.0,74383000.0,-605000.0,2342000.0,0.0,-45318000.0,-42976000.0,-24531000.0,-13557000.0,141890000.0,0.0,80518000.0,80518000.0,80518000.0,0.0,0.0,0.235,146894000.0,116473000.0,20500000.0,0.571,10.121,38.671,39.085,169054000.0,0.0,32.05,9.651,9.653,115726000.0,955683000.0,342606000.0,342606000.0,0.0,,,,,993000.0,146894000.0,1.0,377525548.0,377601000,379795000.0,0.907,3792338000.0,10629000.0,39121000.0,32904000.0,10.043,564026000.0
71,PAYX,MRQ,2003-12-31,2003-11-30,2003-11-30,2021-10-01,13636000.0,3660508000.0,,2998451000.0,662057000.0,,3.06,-18561000.0,134238000.0,134238000.0,74435000.0,80684000.0,1.21,2.17,0.0,0.0,0.0,0.0,2608000.0,13841000.0,2349175000.0,0.012,0.12,119886000.0,133727000.0,0.428,133727000.0,119886000.0,119886000.0,0.21,0.21,0.21,1154600000.0,,1154600000.0,14361432924.0,32.0,28.635,52049000.0,0.138,1.0,237664000.0,0.762,486444000.0,0.0,562320000.0,,0.0,315505000.0,315505000.0,0.0,2505908000.0,2477506000.0,28402000.0,14493251924.0,2419000.0,0.0,6318000.0,0.0,-45286000.0,-38968000.0,-29223000.0,-9781000.0,70610000.0,0.0,80684000.0,80684000.0,80684000.0,0.0,0.0,0.259,122849000.0,114815000.0,22487000.0,0.571,12.553,47.693,48.05,169021000.0,0.0,38.44,12.088,12.096,148760000.0,920483000.0,312099000.0,312099000.0,0.0,,,,,4543000.0,122849000.0,1.0,377035690.0,377263000,379649000.0,0.827,3174064000.0,0.0,39202000.0,24018000.0,8.413,520945000.0
72,PAYX,MRQ,2003-09-30,2003-08-31,2003-08-31,2021-10-01,14522000.0,3612336000.0,,2956641000.0,655695000.0,,2.944,-10710000.0,131819000.0,131819000.0,71671000.0,80343000.0,1.194,2.257,0.0,0.0,0.0,0.0,2706000.0,13704000.0,2343579000.0,0.012,0.11,119027000.0,132731000.0,0.429,132731000.0,119027000.0,119027000.0,0.21,0.21,0.21,1109227000.0,,1109227000.0,13498242176.0,31.0,27.599,101716000.0,0.27,1.0,237582000.0,0.768,488710000.0,0.0,515718000.0,,0.0,306253000.0,306253000.0,0.0,2503109000.0,2476089000.0,27020000.0,13578113176.0,51948000.0,0.0,4834000.0,0.0,-41454000.0,-36620000.0,-23858000.0,-12389000.0,112426000.0,0.0,80343000.0,80343000.0,80343000.0,0.0,0.0,0.26,122504000.0,115078000.0,21107000.0,0.524,12.241,45.586,45.62,160138000.0,0.0,36.04,11.749,11.752,128169000.0,885085000.0,309253000.0,309253000.0,0.0,,,,,2306000.0,122504000.0,1.0,376751198.0,376836000,378815000.0,0.821,3123626000.0,0.0,38684000.0,40777000.0,8.289,480552000.0
73,PAYX,MRQ,2003-06-30,2003-05-31,2003-05-31,2021-10-01,28695000.0,3690783000.0,,3032642000.0,658141000.0,,2.861,-11670000.0,79871000.0,79871000.0,69610000.0,71340000.0,1.172,2.426,0.0,0.0,0.0,0.0,3645000.0,13410000.0,2465622000.0,0.014,0.11,104908000.0,118318000.0,0.408,118318000.0,104908000.0,104908000.0,0.19,0.19,0.19,1077371000.0,,1077371000.0,11318971930.0,26.0,23.833,51690000.0,0.137,1.0,220198000.0,0.76,492045000.0,0.0,531342000.0,,0.0,301328000.0,301328000.0,0.0,2613412000.0,2587525000.0,25887000.0,11488574930.0,-89732000.0,-179901000.0,2995000.0,0.0,-41427000.0,-38432000.0,-114660000.0,76994000.0,63360000.0,0.0,71340000.0,71340000.0,71340000.0,0.0,0.0,0.246,122247000.0,97951000.0,22213000.0,0.579,10.664,39.15,39.128,159039000.0,0.0,30.52,10.453,10.448,118512000.0,846196000.0,289808000.0,289808000.0,0.0,,,,,1910000.0,122247000.0,1.0,376427750.0,376569000,378386000.0,0.77,3198738000.0,600000.0,33568000.0,14533000.0,8.494,445117000.0
74,PAYX,MRQ,2003-03-31,2003-02-28,2003-02-28,2021-10-01,29453000.0,3675174000.0,,3204435000.0,470739000.0,,2.772,-11112000.0,169603000.0,169603000.0,69006000.0,71521000.0,1.224,2.523,0.0,0.0,0.0,0.0,4885000.0,11586000.0,2492505000.0,0.017,0.11,105179000.0,116765000.0,0.406,116765000.0,105179000.0,105179000.0,0.19,0.19,0.19,1043311000.0,,1043311000.0,9775492221.0,23.0,21.111,124344000.0,0.33,1.0,218783000.0,0.76,309770000.0,0.0,577086000.0,,0.0,382673000.0,382673000.0,0.0,2631863000.0,2618715000.0,13148000.0,9874008221.0,71087000.0,0.0,1656000.0,0.0,-41401000.0,-39745000.0,-24624000.0,-10533000.0,135456000.0,0.0,71521000.0,71521000.0,71521000.0,0.0,0.0,0.249,117364000.0,101419000.0,21627000.0,0.579,9.464,33.957,34.078,153815000.0,0.0,26.24,9.372,9.373,98839000.0,816283000.0,287789000.0,287789000.0,0.0,,,,,721000.0,117364000.0,1.0,376296045.0,376356000,378081000.0,0.765,3365404000.0,0.0,33658000.0,21976000.0,8.942,585720000.0
75,PAYX,MRQ,2002-12-31,2002-11-30,2002-11-30,2021-10-01,19105000.0,3317018000.0,,2847704000.0,469314000.0,,2.659,-14918000.0,98516000.0,98516000.0,63782000.0,74651000.0,1.235,2.315,0.0,0.0,0.0,0.0,2464000.0,10676000.0,2203187000.0,0.015,0.11,110595000.0,121271000.0,0.451,121271000.0,110595000.0,110595000.0,0.2,0.2,0.2,1000466000.0,,1000466000.0,10840562795.0,26.0,24.127,44066000.0,0.117,1.0,205025000.0,0.763,310030000.0,0.0,603283000.0,,0.0,372234000.0,372234000.0,0.0,2316552000.0,2305189000.0,11363000.0,10982184795.0,-43106000.0,-312693000.0,1893000.0,0.0,-41383000.0,-39490000.0,-62600000.0,265333000.0,58984000.0,0.0,74651000.0,74651000.0,74651000.0,0.0,0.0,0.278,105831000.0,99194000.0,19023000.0,0.55,10.977,38.368,38.421,151786000.0,0.0,29.2,10.889,10.891,122521000.0,786163000.0,268807000.0,268807000.0,0.0,,,,,1196000.0,105831000.0,1.0,376102219.0,376191000,377934000.0,0.715,3006988000.0,0.0,35944000.0,13564000.0,7.993,542515000.0
76,PAYX,MRQ,2002-09-30,2002-08-31,2002-08-31,2021-10-01,27133000.0,3069137000.0,,2915508000.0,153629000.0,,2.586,-22495000.0,141622000.0,141622000.0,56464000.0,75940000.0,1.395,2.157,0.0,0.0,0.0,0.0,2596000.0,7706000.0,1964913000.0,0.019,0.11,110862000.0,118568000.0,0.469,118568000.0,110862000.0,110862000.0,0.2,0.2,0.2,972137000.0,,972137000.0,8733923454.0,22.0,20.093,93265000.0,0.248,1.0,196211000.0,0.777,8726000.0,0.0,828267000.0,,0.0,642237000.0,642237000.0,0.0,2097000000.0,2090522000.0,6478000.0,8795820454.0,79725000.0,0.0,1626000.0,0.0,-41237000.0,-39611000.0,3576000.0,26561000.0,115760000.0,0.0,75940000.0,75940000.0,75940000.0,0.0,0.0,0.301,93734000.0,102477000.0,14956000.0,0.55,9.048,31.382,31.622,136981000.0,0.0,23.4,9.042,9.044,112177000.0,752895000.0,252675000.0,252675000.0,0.0,,,,,1718000.0,93734000.0,1.0,375889763.0,375955000,377949000.0,0.672,3060411000.0,170000.0,34922000.0,49458000.0,8.14,824986000.0
77,PAYX,MRQ,2002-06-30,2002-05-31,2002-05-31,2021-10-01,17024000.0,2953075000.0,,2814574000.0,138501000.0,,2.46,-21666000.0,61897000.0,61897000.0,55471000.0,68667000.0,1.391,2.196,0.0,0.0,0.0,0.0,4137000.0,7642000.0,1930893000.0,0.012,0.11,98802000.0,106444000.0,0.436,106444000.0,98802000.0,98802000.0,0.18,0.19,0.18,923981000.0,,923981000.0,12837695260.0,32.0,30.241,4807000.0,0.013,1.0,188837000.0,0.773,9040000.0,0.0,858732000.0,,0.0,663316000.0,663316000.0,0.0,2029094000.0,2023406000.0,5688000.0,12997290260.0,-97698000.0,0.0,7220000.0,0.0,-41340000.0,-34120000.0,-90051000.0,-67487000.0,26473000.0,0.0,68667000.0,68667000.0,68667000.0,0.0,0.0,0.281,97205000.0,91632000.0,14104000.0,0.611,14.067,47.344,47.466,121566000.0,0.0,34.65,13.611,13.598,109858000.0,718192000.0,244308000.0,244308000.0,0.0,,,,,8651000.0,97205000.0,1.0,375102172.0,375608000,378581000.0,0.65,2944035000.0,0.0,30135000.0,12701000.0,7.838,791168000.0
78,PAYX,MRQ,2002-03-31,2002-02-28,2002-02-28,2021-10-01,20539000.0,3275035000.0,,3149088000.0,125947000.0,,2.359,-6615000.0,159595000.0,159595000.0,56739000.0,66973000.0,1.32,2.704,0.0,0.0,0.0,0.0,5189000.0,7377000.0,2255740000.0,0.011,0.11,95644000.0,103021000.0,0.424,103021000.0,95644000.0,95644000.0,0.18,0.18,0.18,884298000.0,,884298000.0,13750367004.0,35.0,32.639,134876000.0,0.36,1.0,186061000.0,0.766,8852000.0,0.0,721286000.0,,0.0,600499000.0,600499000.0,0.0,2390737000.0,2385302000.0,5435000.0,13846657004.0,63305000.0,0.0,4190000.0,0.0,-41253000.0,-37063000.0,-41123000.0,-34352000.0,141491000.0,0.0,66973000.0,66973000.0,66973000.0,0.0,0.0,0.276,98844000.0,87217000.0,15056000.0,0.611,15.658,50.605,50.616,106914000.0,0.0,36.95,14.743,14.75,86424000.0,690865000.0,242800000.0,242800000.0,0.0,,,,,3422000.0,98844000.0,1.0,374740379.0,374922000,378096000.0,0.648,3266183000.0,1247000.0,28671000.0,28904000.0,8.712,763786000.0
79,PAYX,MRQ,2001-12-31,2001-11-30,2001-11-30,2021-10-01,16145000.0,2772540000.0,,2647440000.0,125100000.0,,2.26,-18934000.0,96290000.0,96290000.0,54731000.0,68698000.0,1.379,2.275,0.0,0.0,0.0,0.0,3344000.0,7360000.0,1829619000.0,0.011,0.11,99274000.0,106634000.0,0.458,106634000.0,99274000.0,99274000.0,0.18,0.18,0.18,846572000.0,,846572000.0,13044927488.0,33.0,31.122,48849000.0,0.13,1.0,178257000.0,0.765,9316000.0,0.0,746832000.0,,0.0,563893000.0,563893000.0,0.0,1925968000.0,1920102000.0,5866000.0,13104252488.0,36965000.0,0.0,3244000.0,0.0,-41209000.0,-37965000.0,7147000.0,26629000.0,67783000.0,0.0,68698000.0,68698000.0,68698000.0,0.0,0.0,0.295,87174000.0,91083000.0,12179000.0,0.611,15.479,48.0,47.959,107071000.0,0.0,35.01,14.156,14.164,112911000.0,665145000.0,232988000.0,232988000.0,0.0,,,,,4313000.0,87174000.0,1.0,374300271.0,374512000,377614000.0,0.622,2763224000.0,0.0,30576000.0,21039000.0,7.378,727338000.0
80,PAYX,MRQ,2001-09-30,2001-08-31,2001-08-31,2021-10-01,20353000.0,2792249000.0,,2676899000.0,115350000.0,,2.181,-7149000.0,59325000.0,59325000.0,53756000.0,70193000.0,1.358,2.423,0.0,0.0,0.0,0.0,3239000.0,7130000.0,1864581000.0,0.01,0.09,101289000.0,108419000.0,0.462,108419000.0,101289000.0,101289000.0,0.19,0.19,0.19,815734000.0,,815734000.0,13826424065.0,36.0,33.871,60925000.0,0.163,1.0,181058000.0,0.771,9476000.0,0.0,752615000.0,,0.0,593649000.0,593649000.0,0.0,1976515000.0,1970833000.0,5682000.0,13872208065.0,13541000.0,0.0,6377000.0,0.0,-33679000.0,-27302000.0,-27231000.0,-19518000.0,68074000.0,0.0,70193000.0,70193000.0,70193000.0,0.0,0.0,0.299,87296000.0,93762000.0,13136000.0,0.474,17.006,52.067,51.486,96699000.0,0.0,37.07,15.4,15.39,112682000.0,637656000.0,234814000.0,234814000.0,0.0,,,,,7715000.0,87296000.0,1.0,374216565.0,373978000,377747000.0,0.628,2782773000.0,266000.0,31096000.0,35870000.0,7.441,706066000.0
81,PAYX,MRQ,2001-06-30,2001-05-31,2001-05-31,2021-10-01,13067000.0,2907196000.0,,2791273000.0,115923000.0,,2.029,-16288000.0,45784000.0,45784000.0,52954000.0,67761000.0,1.302,2.836,0.0,0.0,0.0,0.0,4421000.0,7095000.0,2031565000.0,0.009,0.09,96115000.0,103210000.0,0.451,103210000.0,96115000.0,96115000.0,0.18,0.18,0.18,757842000.0,,757842000.0,14240007274.0,39.0,36.474,32411000.0,0.087,1.0,175666000.0,0.768,9612000.0,0.0,707958000.0,,0.0,568217000.0,568217000.0,0.0,2149354000.0,2143842000.0,5512000.0,14346803274.0,-61012000.0,0.0,3120000.0,0.0,-33655000.0,-30535000.0,-79176000.0,-61371000.0,48699000.0,0.0,67761000.0,67761000.0,67761000.0,0.0,0.0,0.296,88097000.0,87569000.0,16377000.0,0.5,18.931,56.291,56.515,96078000.0,0.0,38.43,16.493,16.469,100640000.0,601142000.0,228620000.0,228620000.0,0.0,,,,,3346000.0,88097000.0,1.0,373323010.0,373428000,377366000.0,0.612,2897584000.0,1361000.0,28354000.0,14779000.0,7.759,647431000.0
82,PAYX,MRQ,2001-03-31,2001-02-28,2001-02-28,2021-10-01,13231000.0,2671131000.0,,2564742000.0,106389000.0,,1.923,-12219000.0,106796000.0,106796000.0,54376000.0,66352000.0,1.316,2.723,0.0,0.0,0.0,0.0,6093000.0,6770000.0,1823693000.0,0.008,0.09,94116000.0,100886000.0,0.44,100886000.0,94116000.0,94116000.0,0.18,0.18,0.18,717391000.0,,717391000.0,14861475104.0,43.0,40.363,113080000.0,0.303,1.0,174880000.0,0.763,8843000.0,0.0,606886000.0,,0.0,2339690000.0,2339690000.0,0.0,1953740000.0,1948606000.0,5134000.0,14894036104.0,74235000.0,0.0,2628000.0,0.0,-33574000.0,-30946000.0,-20118000.0,-4615000.0,125299000.0,0.0,66352000.0,66352000.0,66352000.0,0.0,0.0,0.289,87998000.0,86882000.0,14116000.0,0.5,20.761,62.405,61.446,86291000.0,0.0,39.94,17.764,17.771,89898000.0,566993000.0,229256000.0,229256000.0,0.0,,,,,23065000.0,87998000.0,1.0,372910268.0,373057000,377681000.0,0.615,2662288000.0,2294000.0,27764000.0,23153000.0,7.136,616136000.0
83,PAYX,MRQ,2000-12-31,2000-11-30,2000-11-30,2021-10-01,2192000.0,2603829000.0,,2505069000.0,98760000.0,,1.785,-10648000.0,32561000.0,32561000.0,47095000.0,62126000.0,1.296,2.914,0.0,0.0,0.0,0.0,4521000.0,6302000.0,1842179000.0,0.005,0.09,89390000.0,95692000.0,0.46,95692000.0,89390000.0,89390000.0,0.17,0.16,0.17,665263000.0,,665263000.0,21591189683.0,67.0,62.54,46702000.0,0.125,1.0,161003000.0,0.774,6442000.0,0.0,631417000.0,,0.0,2334738000.0,2334738000.0,0.0,1938566000.0,1933409000.0,5157000.0,21639192683.0,-15442000.0,0.0,5299000.0,0.0,-33549000.0,-28250000.0,-44542000.0,-33399000.0,57350000.0,0.0,62126000.0,62126000.0,62126000.0,0.0,0.0,0.299,77578000.0,83425000.0,14346000.0,0.529,32.527,97.502,96.883,80272000.0,0.0,58.13,27.003,27.03,108251000.0,534215000.0,208098000.0,208098000.0,0.0,,,,,0.0,77578000.0,1.0,372255164.0,372618000,377839000.0,0.558,2597387000.0,2915000.0,27264000.0,5141000.0,6.971,571660000.0
84,PAYX,MRQ,2000-09-30,2000-08-31,2000-08-31,2021-10-01,2766000.0,2510902000.0,,2416332000.0,94570000.0,,1.667,-6063000.0,48003000.0,48003000.0,45927000.0,58630000.0,1.282,3.049,0.0,0.0,0.0,0.0,3514000.0,6272000.0,1783446000.0,0.005,0.06,84360000.0,90632000.0,0.445,90632000.0,84360000.0,84360000.0,0.16,0.16,0.16,620111000.0,,620111000.0,16564785799.0,56.0,51.465,67527000.0,0.182,1.0,157956000.0,0.775,6731000.0,0.0,570992000.0,,0.0,2247206000.0,2247206000.0,0.0,1890791000.0,1885176000.0,5615000.0,16611921799.0,867000.0,0.0,3553000.0,0.0,-22334000.0,-18781000.0,-53942000.0,-44885000.0,73590000.0,0.0,58630000.0,58630000.0,58630000.0,0.0,0.0,0.288,79130000.0,78826000.0,14020000.0,0.375,26.789,80.797,81.145,75576000.0,0.0,44.63,21.698,21.686,93970000.0,505681000.0,203883000.0,203883000.0,0.0,,,,,0.0,79130000.0,1.0,372214246.0,372015000,377165000.0,0.548,2504171000.0,2770000.0,25730000.0,18611000.0,6.731,531156000.0
85,PAYX,MRQ,2000-06-30,2000-05-31,2000-05-31,2021-10-01,-8575000.0,2455577000.0,,2362575000.0,93002000.0,,1.516,-8466000.0,47136000.0,47136000.0,46795000.0,51559000.0,1.252,3.358,0.0,0.0,0.0,0.0,4719000.0,6264000.0,1785140000.0,0.006,0.06,74723000.0,80987000.0,0.411,80987000.0,74723000.0,74723000.0,0.14,0.14,0.14,563432000.0,,563432000.0,12930634680.0,47.0,43.207,47677000.0,0.128,1.0,150391000.0,0.763,5584000.0,0.0,515912000.0,,0.0,412357000.0,412357000.0,0.0,1892145000.0,1886945000.0,5200000.0,12995473680.0,-17703000.0,0.0,2319000.0,0.0,-22302000.0,-20052000.0,-53794000.0,-44780000.0,56143000.0,0.0,51559000.0,51559000.0,51559000.0,0.0,0.0,0.261,80593000.0,69798000.0,17086000.0,0.429,23.065,68.395,68.627,75375000.0,0.0,35.0,17.848,17.815,87608000.0,469385000.0,197186000.0,197186000.0,0.0,,,,,19440000.0,80593000.0,1.0,371299248.0,371560000,374397000.0,0.531,2449993000.0,12033000.0,23164000.0,2969000.0,6.594,475630000.0
86,PAYX,MRQ,2000-03-31,2000-02-29,2000-02-29,2021-10-01,-6976000.0,2469605000.0,,2378966000.0,90639000.0,,1.424,-11954000.0,64839000.0,64839000.0,45964000.0,49621000.0,1.229,3.675,0.0,0.0,0.0,0.0,5963000.0,6010000.0,1837599000.0,0.006,0.06,71915000.0,77925000.0,0.405,77925000.0,71915000.0,71915000.0,0.13,0.13,0.13,528283000.0,,528283000.0,12347823458.0,48.0,44.076,83673000.0,0.226,1.0,146219000.0,0.761,0.0,0.0,468598000.0,,0.0,2204167000.0,2204167000.0,0.0,1941322000.0,1936168000.0,5154000.0,12371668458.0,40994000.0,0.0,3355000.0,0.0,-22265000.0,-18910000.0,-35723000.0,-22009000.0,95627000.0,0.0,49621000.0,49621000.0,49621000.0,0.0,0.0,0.258,78316000.0,67903000.0,12810000.0,0.462,23.419,70.159,69.965,72757000.0,0.0,33.373,17.993,18.006,77337000.0,441435000.0,192183000.0,192183000.0,0.0,,,,,0.0,78316000.0,1.0,370705208.0,370973000,377723000.0,0.518,2469605000.0,11976000.0,22294000.0,12062000.0,6.657,442798000.0
87,PAYX,MRQ,1999-12-31,1999-11-30,1999-11-30,2021-10-01,-3239000.0,2027398000.0,,1942086000.0,85312000.0,,1.339,-7513000.0,23845000.0,23845000.0,41356000.0,45790000.0,1.272,3.089,0.0,0.0,0.0,0.0,3732000.0,5960000.0,1451733000.0,0.007,0.06,66362000.0,72322000.0,0.42,72322000.0,66362000.0,66362000.0,0.12,0.12,0.12,495820000.0,,495820000.0,9779601388.0,41.0,37.698,29147000.0,0.079,1.0,131002000.0,0.76,0.0,0.0,477277000.0,,0.0,1806473000.0,1806473000.0,0.0,1531578000.0,1526276000.0,5302000.0,9848839388.0,-45393000.0,0.0,4151000.0,0.0,-22232000.0,-18081000.0,-63972000.0,-52228000.0,36660000.0,0.0,45790000.0,45790000.0,45790000.0,0.0,0.0,0.266,68494000.0,62508000.0,10946000.0,0.5,19.864,60.453,59.567,67357000.0,0.0,26.627,15.064,15.079,84260000.0,414080000.0,172358000.0,172358000.0,0.0,,,,,0.0,68494000.0,1.0,369886306.0,370258000,374717000.0,0.466,2027398000.0,2762000.0,20572000.0,0.0,5.476,415810000.0
88,PAYX,MRQ,1999-09-30,1999-08-31,1999-08-31,2021-10-01,-2407000.0,1967944000.0,,1889395000.0,78549000.0,,1.251,-4955000.0,69238000.0,69238000.0,39366000.0,43037000.0,1.259,3.255,0.0,0.0,0.0,0.0,3286000.0,5669000.0,1416452000.0,0.008,0.04,62372000.0,68041000.0,0.409,68041000.0,62372000.0,62372000.0,0.12,0.12,0.12,462457000.0,,462457000.0,7201142296.0,33.0,29.941,55643000.0,0.151,1.0,127026000.0,0.763,0.0,0.0,398276000.0,,0.0,1723813000.0,1723813000.0,0.0,1505487000.0,1500430000.0,5057000.0,7253834296.0,16546000.0,0.0,1417000.0,0.0,-14784000.0,-13367000.0,-30685000.0,-25305000.0,60598000.0,0.0,43037000.0,43037000.0,43037000.0,0.0,0.0,0.259,68342000.0,58684000.0,11756000.0,0.333,15.685,48.123,46.73,65500000.0,0.0,19.627,11.617,11.618,74720000.0,390522000.0,166392000.0,166392000.0,0.0,,,,,0.0,68342000.0,1.0,369590742.0,369627000,373493000.0,0.45,1967944000.0,4360000.0,19335000.0,17425000.0,5.324,388965000.0
89,PAYX,MRQ,1999-06-30,1999-05-31,1999-05-31,2021-10-01,2830000.0,1873101000.0,,1793120000.0,79981000.0,,1.18,-3622000.0,52692000.0,52692000.0,38219000.0,37890000.0,1.252,3.298,0.0,0.0,0.0,0.0,4643000.0,5891000.0,1358605000.0,0.007,0.04,55971000.0,61862000.0,0.395,61862000.0,55971000.0,55971000.0,0.107,0.097,0.107,435800000.0,,435800000.0,7232862047.0,36.0,32.545,41816000.0,0.113,1.0,118417000.0,0.756,4418000.0,0.0,383655000.0,,0.0,1652078000.0,1652078000.0,0.0,1437301000.0,1432336000.0,4965000.0,7287427047.0,-1873000.0,0.0,2107000.0,0.0,-14775000.0,-12729000.0,-34582000.0,-30788000.0,45438000.0,0.0,37890000.0,37890000.0,37890000.0,0.0,0.0,0.242,65987000.0,52430000.0,10328000.0,0.374,16.722,52.39,51.982,65931000.0,0.0,19.753,12.201,12.18,62941000.0,362269000.0,156636000.0,156636000.0,0.0,,,,,0.0,65987000.0,1.0,368921383.0,369228500,373654500.0,0.424,1868683000.0,2781000.0,18081000.0,4281000.0,5.061,360784000.0
90,PAYX,MRQ,1999-03-31,1999-02-28,1999-02-28,2021-10-01,6618000.0,1960332000.0,,1878301000.0,82031000.0,,1.114,-4906000.0,54565000.0,54565000.0,40989000.0,36200000.0,1.216,3.774,0.0,0.0,0.0,0.0,5876000.0,5630000.0,1471233000.0,0.007,0.04,51566000.0,57196000.0,0.361,57196000.0,51566000.0,51566000.0,0.1,0.1,0.1,410630000.0,,410630000.0,6904771792.0,38.0,33.672,65850000.0,0.179,1.0,117434000.0,0.741,0.0,0.0,361161000.0,,0.0,1742980000.0,1742980000.0,0.0,1549702000.0,1544606000.0,5096000.0,6934147792.0,25189000.0,0.0,1154000.0,0.0,-14758000.0,-13604000.0,-31963000.0,-24304000.0,70756000.0,0.0,36200000.0,36200000.0,36200000.0,0.0,0.0,0.229,68941000.0,48493000.0,8171000.0,0.4,16.887,53.645,52.909,67904000.0,0.0,18.836,33.145,33.181,59296000.0,340036000.0,158423000.0,158423000.0,0.0,,,,,0.0,68941000.0,1.0,368141400.0,368539500,373401000.0,0.43,1960332000.0,2250000.0,15366000.0,7965000.0,5.319,333695000.0
91,PAYX,MRQ,1998-12-31,1998-11-30,1998-11-30,2021-10-01,6365000.0,1570235000.0,,1494617000.0,75618000.0,,1.038,-10419000.0,29376000.0,29376000.0,36863000.0,33608000.0,1.263,3.112,0.0,0.0,0.0,0.0,3637000.0,5411000.0,1123335000.0,0.005,0.04,48002000.0,53413000.0,0.374,53413000.0,48002000.0,48002000.0,0.093,0.093,0.093,381909000.0,,381909000.0,8086465058.0,48.0,42.572,15894000.0,0.043,1.0,106085000.0,0.742,0.0,0.0,357748000.0,,0.0,1371613000.0,1371613000.0,0.0,1188326000.0,1183111000.0,5215000.0,8135984058.0,-20143000.0,0.0,1674000.0,0.0,-14723000.0,-13049000.0,-33407000.0,-22587000.0,26313000.0,0.0,33608000.0,33608000.0,33608000.0,0.0,0.0,0.235,61089000.0,44996000.0,7574000.0,0.43,21.303,68.12,67.618,68313000.0,0.0,22.111,25.256,25.255,74065000.0,318594000.0,142948000.0,142948000.0,0.0,,,,,0.0,61089000.0,1.0,367959078.0,367942500,373197000.0,0.389,1570235000.0,1107000.0,14394000.0,6051000.0,4.268,311506000.0
92,PAYX,MRQ,1998-09-30,1998-08-31,1998-08-31,2021-10-01,5655000.0,1530957000.0,,1461125000.0,69832000.0,,0.972,-3157000.0,49519000.0,49519000.0,35885000.0,31401000.0,1.25,3.289,0.0,0.0,0.0,0.0,3014000.0,5165000.0,1103784000.0,0.006,0.027,44604000.0,49769000.0,0.357,49769000.0,44604000.0,44604000.0,0.087,0.087,0.087,356987000.0,,356987000.0,6171001756.0,39.0,35.068,28456000.0,0.077,1.0,103404000.0,0.742,0.0,0.0,312578000.0,,0.0,1329555000.0,1329555000.0,0.0,1173970000.0,1168860000.0,5110000.0,6206572756.0,13948000.0,0.0,600000.0,0.0,-9799000.0,-9199000.0,-8466000.0,-5045000.0,31613000.0,0.0,31401000.0,31401000.0,31401000.0,0.0,0.0,0.225,61761000.0,41643000.0,6589000.0,0.31,17.386,56.145,56.296,62986000.0,0.0,16.889,14.977,14.972,66332000.0,299709000.0,139289000.0,139289000.0,0.0,,,,,0.0,61761000.0,1.0,367494440.0,367374000,372432000.0,0.379,1530957000.0,866000.0,13203000.0,12092000.0,4.167,292265000.0
93,PAYX,MRQ,1998-06-30,1998-05-31,1998-05-31,2021-10-01,3405000.0,1549787000.0,,1478778000.0,71009000.0,,0.898,-6433000.0,35571000.0,35571000.0,-328979000.0,28051000.0,1.216,3.702,0.0,0.0,0.0,0.0,4443000.0,5118000.0,1150484000.0,0.006,0.027,39564000.0,44682000.0,-0.193,44682000.0,39564000.0,39564000.0,0.076,0.08,0.076,329607000.0,,329607000.0,5854792310.0,41.0,35.933,26923000.0,0.073,1.0,97524000.0,-0.421,0.0,0.0,298556000.0,,0.0,1369468000.0,1369468000.0,0.0,1220180000.0,1215660000.0,4520000.0,5873864310.0,16499000.0,0.0,415000.0,0.0,-9790000.0,-9433000.0,-7424000.0,455766000.0,33356000.0,0.0,28051000.0,28051000.0,28051000.0,0.0,0.0,-0.121,60605000.0,36919000.0,10496000.0,0.355,17.821,57.464,57.143,64698000.0,0.0,16.0,11.898,11.886,54596000.0,278107000.0,-231455000.0,-231455000.0,0.0,,,,,0.0,60605000.0,1.0,367116519.0,367110750,371982500.0,-0.63,1549787000.0,2042000.0,11513000.0,2628000.0,4.222,263118000.0
94,PAYX,MRQ,1998-03-31,1998-02-28,1998-02-28,2021-10-01,0.0,1733146000.0,,1663375000.0,69771000.0,,0.848,-8354000.0,19072000.0,19072000.0,174829000.0,26376000.0,1.174,4.57,0.0,0.0,0.0,0.0,5861000.0,4883000.0,1352712000.0,0.006,0.027,37201000.0,42084000.0,0.155,42084000.0,37201000.0,37201000.0,0.071,0.071,0.071,311179000.0,,311179000.0,5560186687.0,42.0,36.794,42507000.0,0.116,1.0,96526000.0,0.356,0.0,0.0,297172000.0,,0.0,1574422000.0,1574422000.0,0.0,1421967000.0,1416902000.0,5065000.0,5612248687.0,-32990000.0,0.0,450000.0,0.0,-9786000.0,-10095000.0,-73756000.0,-452404000.0,50861000.0,0.0,26376000.0,26376000.0,26376000.0,0.0,0.0,0.097,61674000.0,34852000.0,4787000.0,0.38,18.035,59.144,59.065,63095000.0,0.0,15.298,6.043,6.044,51293000.0,264892000.0,271355000.0,271355000.0,0.0,,,,,0.0,61674000.0,1.0,366866925.0,366927750,371227500.0,0.74,1733146000.0,2679000.0,10825000.0,8132000.0,4.723,246473000.0
95,PAYX,MRQ,1997-12-31,1997-11-30,1997-11-30,2021-10-01,0.0,1312072000.0,,1245945000.0,66127000.0,,0.787,-8137000.0,52062000.0,52062000.0,149939000.0,24718000.0,1.224,3.545,0.0,0.0,0.0,0.0,3042000.0,4574000.0,965594000.0,0.007,0.027,34863000.0,39437000.0,0.168,39437000.0,34863000.0,34863000.0,0.067,0.067,0.067,288662000.0,,288662000.0,4401673272.0,36.0,31.656,14781000.0,0.04,1.0,85282000.0,0.363,0.0,0.0,242069000.0,,0.0,1121396000.0,1121396000.0,0.0,1023410000.0,1017941000.0,5469000.0,4451886272.0,-1254000.0,0.0,927000.0,0.0,-9779000.0,-8093000.0,-16079000.0,-55315000.0,22918000.0,0.0,24718000.0,24718000.0,24718000.0,0.0,0.0,0.105,52710000.0,32572000.0,3686000.0,0.403,15.422,50.704,50.407,59352000.0,0.0,12.148,5.219,5.222,56806000.0,246677000.0,235221000.0,235221000.0,0.0,,,,,0.0,52710000.0,1.0,366466248.0,366655500,370127250.0,0.642,1312072000.0,673000.0,10145000.0,5953000.0,3.578,228004000.0
96,PAYX,MRQ,1997-09-30,1997-08-31,1997-08-31,2021-10-01,,,,,,,,-5273000.0,,,135942000.0,23074000.0,,,,,,,,4189000.0,,0.007,0.018,32545000.0,36734000.0,0.168,36734000.0,32545000.0,32545000.0,0.062,0.062,0.062,,,,3668740776.0,33.0,,24353000.0,0.066,1.0,82641000.0,0.378,,0.0,,,,,,,,,,3718953776.0,3103000.0,0.0,198000.0,0.0,-6516000.0,-6344000.0,-20179000.0,-36775000.0,29626000.0,0.0,23074000.0,23074000.0,23074000.0,0.0,0.0,0.106,52284000.0,30357000.0,,0.29,,45.828,45.304,,0.0,10.148,4.724,4.723,,,218583000.0,218583000.0,0.0,,,,,0.0,52284000.0,1.0,366466248.0,366401250,369992250.0,0.597,,,9471000.0,,,
97,PAYX,MRQ,1997-06-30,1997-05-31,1997-05-31,2021-10-01,539000.0,1201323000.0,,1140661000.0,60662000.0,,0.687,-4789000.0,50213000.0,50213000.0,126934000.0,20723000.0,1.206,3.776,0.0,0.0,0.0,0.0,4335000.0,4669000.0,896080000.0,0.006,0.018,28194000.0,32863000.0,0.161,32863000.0,28194000.0,28194000.0,0.059,0.059,0.059,251542000.0,,251542000.0,3939102496.0,38.0,33.106,22381000.0,0.061,1.0,76662000.0,0.377,0.0,0.0,205063000.0,,0.0,1029413000.0,1029413000.0,0.0,949781000.0,946047000.0,3734000.0,3986199496.0,3116000.0,0.0,-5235000.0,0.0,-6510000.0,-11933000.0,-12121000.0,334527000.0,27170000.0,0.0,20723000.0,20723000.0,20723000.0,0.0,0.0,0.102,50505000.0,26157000.0,5649000.0,0.305,15.847,53.043,52.603,54178000.0,0.0,10.889,5.426,5.402,45527000.0,212387000.0,203596000.0,203596000.0,0.0,,,,,0.0,50505000.0,1.0,366079546.0,366000375,369472125.0,0.556,1201323000.0,2632000.0,7471000.0,1774000.0,3.282,194614000.0
98,PAYX,MRQ,1997-03-31,1997-02-28,1997-02-28,2021-10-01,0.0,294012000.0,,233686000.0,60326000.0,,0.648,-4408000.0,47097000.0,47097000.0,119441000.0,19286000.0,4.399,0.24,0.0,0.0,0.0,0.0,4836000.0,3226000.0,1519000.0,0.007,0.018,26786000.0,30012000.0,0.153,30012000.0,26786000.0,26786000.0,0.053,0.053,0.053,237111000.0,,237111000.0,3118877651.0,,,30989000.0,0.085,1.0,76121000.0,0.389,0.0,0.0,193792000.0,,0.0,128888000.0,128888000.0,0.0,56901000.0,53123000.0,3778000.0,3138436651.0,27538000.0,0.0,7014000.0,0.0,-6506000.0,620000.0,-8479000.0,-232371000.0,35397000.0,0.0,19286000.0,19286000.0,19286000.0,0.0,0.0,0.099,51099000.0,25022000.0,3821000.0,0.34,13.236,,,53482000.0,0.0,8.593,,,42076000.0,199075000.0,195562000.0,195562000.0,0.0,,,,,0.0,51099000.0,1.0,365249093.0,365667750,369525375.0,0.535,294012000.0,4041000.0,7500000.0,4995000.0,0.804,180563000.0
99,PAYX,MRQ,1996-12-31,1996-11-30,1996-11-30,2021-10-01,0.0,263303000.0,,203569000.0,59734000.0,,0.598,,19559000.0,19559000.0,102292000.0,18068000.0,4.805,0.211,0.0,0.0,0.0,0.0,3467000.0,,1318000.0,0.005,0.018,25094000.0,,,,25094000.0,25094000.0,0.05,,0.05,217402000.0,,217402000.0,,,,,,1.0,67207000.0,0.397,0.0,0.0,201380000.0,,0.0,125328000.0,125328000.0,0.0,45901000.0,42364000.0,3537000.0,3895990326.0,,,,,,,,,,,18068000.0,18068000.0,18068000.0,0.0,0.0,0.107,43858000.0,23349000.0,4606000.0,0.36,17.921,60.951,60.606,52383000.0,0.0,10.667,6.007,5.974,46071000.0,186018000.0,169499000.0,169499000.0,0.0,,,,,,43858000.0,1.0,365249093.0,363629250,,0.466,263303000.0,509000.0,7026000.0,3827000.0,0.724,161205000.0
100,PAYX,MRQ,1996-06-30,1996-05-31,1996-05-31,2021-10-01,0.0,831585000.0,,775985000.0,55600000.0,,0.528,-3328000.0,19999000.0,19999000.0,97590000.0,14990000.0,1.218,3.352,0.0,0.0,0.0,0.0,4934000.0,3388000.0,601360000.0,0.005,0.012,20620000.0,24008000.0,0.15,24008000.0,20620000.0,20620000.0,0.04,,0.04,191072000.0,,191072000.0,,,,4897000.0,0.014,1.0,61980000.0,0.388,0.0,0.0,174240000.0,,0.0,702442000.0,702442000.0,0.0,640513000.0,637346000.0,3167000.0,,-8114000.0,0.0,840000.0,728000.0,-6267000.0,-5165000.0,-11174000.0,-137507000.0,8225000.0,0.0,14990000.0,14990000.0,14990000.0,0.0,0.0,0.094,42529000.0,19451000.0,4183000.0,0.3,,,57.395,50655000.0,0.0,8.667,,5.522,42076000.0,160244000.0,159570000.0,159570000.0,0.0,,,,,0.0,42529000.0,1.0,,362104875,,0.441,831585000.0,2180000.0,5630000.0,989000.0,2.297,138639000.0
101,PAYX,MRQ,1996-03-31,1996-02-29,1996-02-29,2021-10-01,,,,,,,,-2470000.0,,,93145000.0,13789000.0,,,,,,,,3342000.0,,0.006,0.012,18555000.0,21897000.0,0.143,21897000.0,18555000.0,18555000.0,0.038,,0.038,,,,,,,28705000.0,0.079,1.0,60330000.0,0.393,,0.0,,,,,,,,,,,14354000.0,0.0,889000.0,0.0,-4530000.0,-4380000.0,-13169000.0,-10983000.0,31175000.0,0.0,13789000.0,13789000.0,13789000.0,0.0,0.0,0.09,43222000.0,17108000.0,,0.316,,,,,0.0,7.259,,,,,153475000.0,153475000.0,0.0,,,,,0.0,43222000.0,1.0,,361432125,,0.425,,,4766000.0,,,
102,PAYX,MRQ,1995-12-31,1995-11-30,1995-11-30,2021-10-01,,,,,,,,,,,74632000.0,13475000.0,,,,,,,,,,0.006,0.012,18545000.0,,,,18545000.0,18545000.0,0.038,,0.038,,,,,,,,,1.0,55279000.0,0.426,,0.0,,,,,,,,,,,,,,,,,,,,,13475000.0,13475000.0,13475000.0,0.0,0.0,0.104,38199000.0,17080000.0,,0.316,,,,,0.0,5.943,,,,,129911000.0,129911000.0,0.0,,,,,,38199000.0,1.0,,360475312,,0.36,,,5070000.0,,,
0,PAYX,MRT,2021-09-30,2021-08-31,2021-08-31,2021-10-01,45100000.0,9367300000.0,9218950000.0,6317300000.0,3050000000.0,0.456,8.452,-124300000.0,1150800000.0,1150800000.0,1276600000.0,1219500000.0,1.274,2.078,897100000.0,7100000.0,890000000.0,897100000.0,38600000.0,188100000.0,3703400000.0,0.022,2.56,1602000000.0,1790100000.0,0.425,1790100000.0,1602000000.0,1602000000.0,3.39,3.36,3.39,3043500000.0,2964400000.0,3043500000.0,41040361277.0,26.0,22.926,1306600000.0,3.628,1.0,2930900000.0,0.697,2076700000.0,0.0,2079000000.0,2165725000.0,0.0,81500000.0,39600000.0,41900000.0,6323800000.0,4957900000.0,1365900000.0,41189761277.0,719000000.0,-19500000.0,-126900000.0,1000000.0,-923600000.0,-465300000.0,-246600000.0,-93400000.0,1430900000.0,0.0,1219500000.0,1219500000.0,1219500000.0,0.0,0.0,0.29,1311300000.0,1619600000.0,79000000.0,0.755,13.534,33.776,33.767,499600000.0,0.0,114.47,9.79,9.797,1063200000.0,1513300000.0,4207500000.0,4207500000.0,0.0,0.132,0.411,0.74,0.381,51600000.0,1311300000.0,1.0,359830185.0,360100000,362800000.0,11.684,7290600000.0,0.0,382500000.0,308900000.0,20.246,1359400000.0
1,PAYX,MRT,2021-06-30,2021-05-31,2021-05-31,2021-10-01,51800000.0,9227200000.0,8971350000.0,6169500000.0,3057700000.0,0.452,8.191,-114600000.0,1046500000.0,1046500000.0,1271200000.0,1097500000.0,1.249,2.13,897100000.0,7400000.0,889700000.0,897100000.0,37900000.0,192000000.0,3671000000.0,0.025,2.52,1434200000.0,1626200000.0,0.401,1626200000.0,1434200000.0,1434200000.0,3.05,3.03,3.05,2948000000.0,2898175000.0,2948000000.0,36502317278.0,25.0,22.446,1145700000.0,3.183,1.0,2785600000.0,0.687,2096500000.0,0.0,2043100000.0,2149600000.0,0.0,80800000.0,36700000.0,44100000.0,6279200000.0,4938200000.0,1341000000.0,36446817278.0,163300000.0,-19500000.0,-155700000.0,2300000.0,-908700000.0,-636400000.0,-460600000.0,-317800000.0,1260300000.0,0.0,1097500000.0,1097500000.0,1097500000.0,0.0,0.0,0.271,1324900000.0,1460700000.0,89000000.0,0.826,12.363,33.209,33.161,498800000.0,0.0,101.14,8.984,8.973,1029200000.0,1445900000.0,4056800000.0,4056800000.0,0.0,0.122,0.379,0.667,0.354,52500000.0,1324900000.0,1.0,360360068.0,359900000,362100000.0,11.272,7130700000.0,33500000.0,336700000.0,243800000.0,19.813,1231300000.0
2,PAYX,MRT,2021-03-31,2021-02-28,2021-02-28,2021-10-01,57200000.0,9665900000.0,8802225000.0,6622200000.0,3043700000.0,0.448,8.254,-118200000.0,841400000.0,841400000.0,1247100000.0,1055200000.0,1.236,2.248,896900000.0,7000000.0,889900000.0,896900000.0,38400000.0,196300000.0,4129500000.0,0.027,2.48,1379900000.0,1576200000.0,0.4,1576200000.0,1379900000.0,1379900000.0,2.93,2.92,2.93,2976400000.0,2856525000.0,2976400000.0,32986280105.0,24.0,20.928,1140600000.0,3.163,1.0,2695600000.0,0.684,2107500000.0,0.0,2257900000.0,2125300000.0,0.0,239500000.0,203700000.0,35800000.0,6689500000.0,5356000000.0,1333500000.0,32842680105.0,-20300000.0,-19300000.0,-76000000.0,-44200000.0,-893100000.0,-1086300000.0,-192800000.0,-50100000.0,1258800000.0,0.0,1055200000.0,1055200000.0,1055200000.0,0.0,0.0,0.268,1289100000.0,1406500000.0,73900000.0,0.846,11.034,31.125,31.082,494900000.0,0.0,91.07,8.33,8.329,1083000000.0,1499300000.0,3942700000.0,3942700000.0,0.0,0.12,0.369,0.649,0.35,49000000.0,1289100000.0,1.0,360631164.0,360600000,362800000.0,10.934,7558400000.0,15000000.0,324700000.0,251800000.0,20.961,1266200000.0
3,PAYX,MRT,2020-12-31,2020-11-30,2020-11-30,2021-10-01,73100000.0,8615400000.0,8752475000.0,5592400000.0,3023000000.0,0.454,8.027,-117900000.0,752500000.0,752500000.0,1259000000.0,1059200000.0,1.277,1.981,896100000.0,6900000.0,889200000.0,896100000.0,40600000.0,200000000.0,3284600000.0,0.027,2.48,1381500000.0,1581500000.0,0.398,1581500000.0,1381500000.0,1381500000.0,2.95,2.93,2.95,2889700000.0,2802375000.0,2889700000.0,33499054529.0,24.0,21.182,1189100000.0,3.303,1.0,2714700000.0,0.683,2096100000.0,0.0,2282900000.0,2074100000.0,0.0,210900000.0,174900000.0,36000000.0,5725700000.0,4380000000.0,1345700000.0,33487454529.0,-282300000.0,-6100000.0,-28800000.0,-44400000.0,-891800000.0,-1305600000.0,-283700000.0,-152700000.0,1307000000.0,0.0,1059200000.0,1059200000.0,1059200000.0,0.0,0.0,0.267,1306700000.0,1408000000.0,70400000.0,0.841,11.589,31.616,31.576,492000000.0,0.0,93.15,8.427,8.439,967000000.0,1418900000.0,3973700000.0,3973700000.0,0.0,0.121,0.378,0.666,0.348,49100000.0,1306700000.0,1.0,359500317.0,360000000,362000000.0,11.038,6519300000.0,38800000.0,322300000.0,254000000.0,18.109,1212400000.0
4,PAYX,MRT,2020-09-30,2020-08-31,2020-08-31,2021-10-01,79500000.0,8376900000.0,8774050000.0,5340200000.0,3036700000.0,0.454,7.738,-121300000.0,886500000.0,886500000.0,1262500000.0,1045500000.0,1.253,2.015,898100000.0,6100000.0,892000000.0,898100000.0,39600000.0,206400000.0,3197900000.0,0.032,2.48,1368900000.0,1575300000.0,0.396,1575300000.0,1368900000.0,1368900000.0,2.91,2.9,2.91,2778600000.0,2722300000.0,2778600000.0,27378917583.0,20.0,17.38,1239800000.0,3.453,1.0,2718200000.0,0.683,2110900000.0,0.0,2014500000.0,2010050000.0,0.0,65600000.0,30600000.0,35000000.0,5598300000.0,4263100000.0,1335200000.0,27435117583.0,-105800000.0,-6100000.0,-28800000.0,-50400000.0,-890600000.0,-1457800000.0,-9100000.0,127000000.0,1361100000.0,0.0,1045500000.0,1045500000.0,1045500000.0,0.0,0.0,0.263,1322800000.0,1395400000.0,62000000.0,0.852,9.874,26.241,26.278,492100000.0,0.0,76.47,6.892,6.898,832300000.0,1370200000.0,3980700000.0,3980700000.0,0.0,0.119,0.384,0.681,0.344,50200000.0,1322800000.0,1.0,358769682.0,359100000,361300000.0,11.085,6266000000.0,0.0,323400000.0,307300000.0,17.449,1077100000.0
5,PAYX,MRT,2020-06-30,2020-05-31,2020-05-31,2021-10-01,56500000.0,8550700000.0,8839375000.0,5464600000.0,3086100000.0,0.457,7.758,-127000000.0,955000000.0,955000000.0,1280800000.0,1098100000.0,1.234,2.074,898800000.0,5100000.0,893700000.0,898800000.0,39200000.0,209700000.0,3331000000.0,0.034,2.48,1437100000.0,1646800000.0,0.408,1646800000.0,1437100000.0,1437100000.0,3.06,3.04,3.06,2781400000.0,2657475000.0,2781400000.0,26041651642.0,18.0,15.813,1313900000.0,3.665,1.0,2759700000.0,0.683,2121700000.0,0.0,1945900000.0,1995600000.0,0.0,58700000.0,27200000.0,31500000.0,5769300000.0,4426900000.0,1342400000.0,25927951642.0,724600000.0,-6100000.0,-171900000.0,5100000.0,-889400000.0,-1488200000.0,771900000.0,914800000.0,1440900000.0,0.0,1098100000.0,1098100000.0,1098100000.0,0.0,0.0,0.272,1299200000.0,1460500000.0,79400000.0,0.81,9.322,23.612,23.621,522200000.0,0.0,72.28,6.417,6.413,764100000.0,1431400000.0,4040500000.0,4040500000.0,0.0,0.124,0.413,0.72,0.356,47400000.0,1299200000.0,1.0,358715435.0,358500000,361000000.0,11.271,6429000000.0,16800000.0,339000000.0,324800000.0,17.933,1037700000.0
6,PAYX,MRT,2020-03-31,2020-02-29,2020-02-29,2021-10-01,45200000.0,9466900000.0,8870700000.0,6389400000.0,3077500000.0,0.463,7.698,-127700000.0,839300000.0,839300000.0,1311200000.0,1107800000.0,1.185,2.43,953000000.0,51200000.0,901800000.0,953000000.0,38800000.0,213800000.0,4272000000.0,0.032,2.48,1456000000.0,1669800000.0,0.407,1669800000.0,1456000000.0,1456000000.0,3.09,3.07,3.09,2759800000.0,2617000000.0,2759800000.0,28062184470.0,19.0,16.806,1173700000.0,3.274,1.0,2794600000.0,0.681,2137800000.0,0.0,2053100000.0,1942750000.0,0.0,91100000.0,73800000.0,17300000.0,6707100000.0,5389700000.0,1317400000.0,27767784470.0,-1633000000.0,-14400000.0,-196000000.0,-6100000.0,-889700000.0,-2209100000.0,-725300000.0,-573200000.0,1301400000.0,0.0,1107800000.0,1107800000.0,1107800000.0,0.0,0.0,0.27,1319200000.0,1475400000.0,67700000.0,0.803,10.062,25.066,25.074,528100000.0,0.0,77.48,6.763,6.765,820900000.0,1433300000.0,4105800000.0,4105800000.0,0.0,0.125,0.423,0.749,0.355,49100000.0,1319200000.0,1.0,358386480.0,358500000,361000000.0,11.453,7329100000.0,23600000.0,348200000.0,265300000.0,20.444,999700000.0
7,PAYX,MRT,2019-12-31,2019-11-30,2019-11-30,2021-10-01,11600000.0,8701700000.0,9094725000.0,5627900000.0,3073800000.0,0.443,7.175,-122900000.0,653600000.0,653600000.0,1296200000.0,1077900000.0,1.167,2.387,948000000.0,51300000.0,896700000.0,948000000.0,42200000.0,216700000.0,3696300000.0,0.028,2.42,1417400000.0,1634100000.0,0.405,1634100000.0,1417400000.0,1417400000.0,3.0,2.99,3.0,2569400000.0,2576550000.0,2569400000.0,31130753557.0,22.0,19.051,1216000000.0,3.396,1.0,2737300000.0,0.679,2145500000.0,0.0,2026700000.0,1854275000.0,0.0,54200000.0,34400000.0,19800000.0,6132300000.0,4823900000.0,1308400000.0,30826153557.0,-47800000.0,-992200000.0,-196000000.0,790300000.0,-868400000.0,-269900000.0,-1116800000.0,6800000.0,1338900000.0,0.0,1077900000.0,1077900000.0,1077900000.0,0.0,0.0,0.267,1302700000.0,1434600000.0,76300000.0,0.807,11.997,28.598,28.707,520900000.0,0.0,86.12,7.643,7.646,876600000.0,1301400000.0,4033500000.0,4033500000.0,0.0,0.119,0.418,0.764,0.351,47200000.0,1302700000.0,1.0,357944189.0,358100000,360600000.0,11.264,6556200000.0,58600000.0,339500000.0,257400000.0,18.308,804000000.0
8,PAYX,MRT,2019-09-30,2019-08-31,2019-08-31,2021-10-01,26500000.0,8638200000.0,8669900000.0,5555900000.0,3082300000.0,0.45,7.025,-125800000.0,642200000.0,642200000.0,1237700000.0,1055000000.0,1.152,2.429,946800000.0,56500000.0,890300000.0,946800000.0,41300000.0,198500000.0,3715900000.0,0.029,2.36,1389700000.0,1588200000.0,0.407,1588200000.0,1389700000.0,1389700000.0,2.94,2.92,2.94,2519300000.0,2540325000.0,2519300000.0,29430728249.0,21.0,18.531,1166800000.0,3.254,1.0,2664000000.0,0.683,2162600000.0,0.0,1956700000.0,1673525000.0,0.0,53100000.0,40900000.0,12200000.0,6118900000.0,4823500000.0,1295400000.0,29358528249.0,-258400000.0,-992200000.0,-196000000.0,796100000.0,-847400000.0,-311400000.0,-1239600000.0,-115400000.0,1292600000.0,0.0,1055000000.0,1055000000.0,1055000000.0,0.0,0.0,0.27,1263900000.0,1400100000.0,61700000.0,0.803,11.653,27.828,27.789,516200000.0,0.0,81.7,7.525,7.509,834300000.0,1265200000.0,3901700000.0,3901700000.0,0.0,0.122,0.415,0.83,0.356,45800000.0,1263900000.0,1.0,359345511.0,358600000,361500000.0,10.88,6475600000.0,0.0,334700000.0,306300000.0,18.058,732400000.0
9,PAYX,MRT,2019-06-30,2019-05-31,2019-05-31,2021-10-01,100000.0,8676000000.0,8272850000.0,5677700000.0,2998300000.0,0.456,7.293,-123800000.0,724200000.0,724200000.0,1177800000.0,1034400000.0,1.172,2.312,809400000.0,0.0,809400000.0,809400000.0,40300000.0,181500000.0,3784300000.0,0.027,2.3,1368000000.0,1549500000.0,0.411,1549500000.0,1368000000.0,1368000000.0,2.88,2.86,2.88,2619500000.0,2507250000.0,2619500000.0,30920604623.0,23.0,19.955,1147700000.0,3.195,1.0,2594700000.0,0.688,2181700000.0,0.0,1734500000.0,1514450000.0,0.0,55700000.0,39000000.0,16700000.0,6056500000.0,4845000000.0,1211500000.0,30832304623.0,-1365300000.0,-992200000.0,-56900000.0,796300000.0,-826800000.0,-1008500000.0,-1628300000.0,-507000000.0,1271500000.0,0.0,1034400000.0,1034400000.0,1034400000.0,0.0,0.0,0.274,1223400000.0,1371300000.0,75900000.0,0.799,11.77,29.807,29.788,408700000.0,0.0,85.79,8.173,8.169,826800000.0,1409500000.0,3772500000.0,3772500000.0,0.0,0.125,0.413,0.903,0.363,46200000.0,1223400000.0,1.0,359392757.0,359200000,361800000.0,10.503,6494300000.0,22600000.0,333600000.0,250400000.0,18.08,832700000.0
10,PAYX,MRT,2019-03-31,2019-02-28,2019-02-28,2021-10-01,-19300000.0,10363000000.0,8082700000.0,7292000000.0,3071000000.0,0.45,7.233,-120000000.0,765300000.0,765300000.0,1121100000.0,1021700000.0,1.113,2.989,853600000.0,53600000.0,800000000.0,853600000.0,39400000.0,161400000.0,5415400000.0,0.029,2.24,1356000000.0,1517400000.0,0.417,1517400000.0,1356000000.0,1362100000.0,2.85,2.82,2.85,2598000000.0,2441575000.0,2598000000.0,27203902376.0,20.0,17.928,1190300000.0,3.314,1.0,2516700000.0,0.692,2202400000.0,-6100000.0,1699200000.0,1407100000.0,0.0,121100000.0,35600000.0,85500000.0,7765000000.0,6549700000.0,1215300000.0,27657202376.0,2707700000.0,-986000000.0,-81800000.0,795900000.0,-804900000.0,1371000000.0,26400000.0,1169000000.0,1310300000.0,0.0,1021700000.0,1021700000.0,1021700000.0,0.0,0.0,0.281,1157800000.0,1358900000.0,73900000.0,0.786,10.646,27.07,27.025,404700000.0,0.0,77.02,7.603,7.605,821000000.0,1425800000.0,3637800000.0,3637800000.0,0.0,0.126,0.418,0.964,0.373,48800000.0,1157800000.0,1.0,359091176.0,359200000,361600000.0,10.128,8160600000.0,5900000.0,340400000.0,249600000.0,22.719,742300000.0
11,PAYX,MRT,2018-12-31,2018-11-30,2018-11-30,2021-10-01,-47400000.0,7002400000.0,7202650000.0,5290000000.0,1712400000.0,0.486,6.752,-119300000.0,510600000.0,510600000.0,1068000000.0,1064300000.0,1.228,1.888,57300000.0,57300000.0,0.0,57300000.0,42500000.0,145000000.0,3717300000.0,0.031,2.18,1304000000.0,1449000000.0,0.414,1449000000.0,1304000000.0,1307800000.0,2.97,2.93,2.97,2424500000.0,2303450000.0,2424500000.0,25025238074.0,19.0,17.271,1134900000.0,3.16,1.0,2435500000.0,0.695,938600000.0,-3800000.0,1303700000.0,1237400000.0,0.0,258400000.0,248400000.0,10000000.0,4577900000.0,4306800000.0,271100000.0,25408638074.0,945800000.0,-162500000.0,-81800000.0,-76100000.0,-783500000.0,-2111700000.0,1803300000.0,2121800000.0,1254200000.0,0.0,1064300000.0,1064300000.0,1064300000.0,0.0,0.0,0.304,1136900000.0,1298600000.0,70600000.0,0.734,10.48,23.874,23.825,394000000.0,0.0,70.76,7.252,7.253,562600000.0,1302600000.0,3503500000.0,3503500000.0,0.0,0.148,0.462,1.054,0.372,48300000.0,1136900000.0,1.0,359081940.0,359100000,361500000.0,9.756,6063800000.0,33300000.0,243500000.0,181300000.0,16.886,983200000.0
12,PAYX,MRT,2018-09-30,2018-08-31,2018-08-31,2021-10-01,-35800000.0,7050000000.0,7373200000.0,5076200000.0,1973800000.0,0.468,6.647,-160400000.0,440100000.0,440100000.0,1051700000.0,1027300000.0,1.154,1.953,56700000.0,56700000.0,0.0,56700000.0,36600000.0,141900000.0,3792500000.0,0.029,2.12,1299500000.0,1441400000.0,0.418,1441400000.0,1299500000.0,1303300000.0,2.86,2.83,2.86,2387000000.0,2189550000.0,2387000000.0,25938486199.0,20.0,17.995,1046100000.0,2.913,1.0,2395900000.0,0.695,948800000.0,-3800000.0,1320400000.0,1232375000.0,0.0,347500000.0,82900000.0,264600000.0,4663000000.0,4397400000.0,265600000.0,26296686199.0,1120700000.0,-172200000.0,-81800000.0,-500000.0,-762000000.0,-1951300000.0,1865500000.0,2238300000.0,1206500000.0,0.0,1027300000.0,1027300000.0,1027300000.0,0.0,0.0,0.298,1101400000.0,1294500000.0,62600000.0,0.741,11.017,25.598,25.612,389100000.0,0.0,73.25,7.628,7.63,535200000.0,1268100000.0,3447600000.0,3447600000.0,0.0,0.139,0.469,1.054,0.377,46800000.0,1101400000.0,1.0,358999129.0,359100000,361500000.0,9.601,6101200000.0,0.0,276000000.0,226200000.0,16.99,678800000.0
13,PAYX,MRT,2018-06-30,2018-05-31,2018-05-31,2021-10-01,-36200000.0,7915400000.0,7515575000.0,5893600000.0,2021800000.0,0.449,6.565,-154000000.0,358200000.0,358200000.0,1018200000.0,994100000.0,1.113,2.359,0.0,0.0,0.0,0.0,34600000.0,138000000.0,4734900000.0,0.031,2.06,1300100000.0,1438100000.0,0.426,1438100000.0,1300100000.0,1300100000.0,2.77,2.75,2.77,2356800000.0,2078750000.0,2356800000.0,23295078633.0,18.0,16.199,1122400000.0,3.126,1.0,2359500000.0,0.699,955400000.0,0.0,1305100000.0,1204625000.0,0.0,361500000.0,66000000.0,295500000.0,5558600000.0,5296700000.0,261900000.0,23561278633.0,1851100000.0,-180400000.0,-143100000.0,0.0,-739700000.0,-423800000.0,998500000.0,1372700000.0,1276400000.0,0.0,994100000.0,994100000.0,994100000.0,0.0,0.0,0.294,1068000000.0,1291500000.0,73700000.0,0.744,9.997,23.701,23.675,393500000.0,0.0,65.58,6.976,6.97,492400000.0,1262600000.0,3377700000.0,3377700000.0,0.0,0.132,0.478,1.079,0.385,44600000.0,1068000000.0,1.0,359275368.0,359000000,361500000.0,9.409,6960000000.0,17000000.0,306000000.0,172800000.0,19.387,596900000.0
14,PAYX,MRT,2018-03-31,2018-02-28,2018-02-28,2021-10-01,-26700000.0,6842800000.0,7245150000.0,5048700000.0,1794100000.0,0.46,5.695,-149500000.0,323900000.0,323900000.0,984000000.0,980700000.0,1.092,2.345,57700000.0,57700000.0,0.0,57700000.0,23700000.0,138500000.0,3971900000.0,0.03,1.96,1317800000.0,1456300000.0,0.437,1456300000.0,1317800000.0,1310300000.0,2.73,2.71,2.73,2045500000.0,1978375000.0,2045500000.0,23269949140.0,18.0,15.979,1030500000.0,2.869,1.0,2348300000.0,0.705,932500000.0,7500000.0,1020400000.0,1180675000.0,0.0,502700000.0,97300000.0,405400000.0,4797300000.0,4623700000.0,173600000.0,23393749140.0,305500000.0,-178500000.0,-94100000.0,2300000.0,-704100000.0,-1592900000.0,718400000.0,1053300000.0,1180000000.0,0.0,980700000.0,980700000.0,980700000.0,0.0,0.0,0.294,1045700000.0,1302600000.0,71900000.0,0.718,11.437,23.854,23.857,397200000.0,0.0,65.13,7.02,7.021,550500000.0,961400000.0,3332300000.0,3332300000.0,0.0,0.135,0.496,1.116,0.395,38300000.0,1045700000.0,1.0,359185462.0,359200000,362000000.0,9.277,5910300000.0,47800000.0,329600000.0,93700000.0,16.454,425000000.0
15,PAYX,MRT,2017-12-31,2017-11-30,2017-11-30,2021-10-01,-9200000.0,7684600000.0,7362025000.0,5993000000.0,1691600000.0,0.434,5.483,-143000000.0,257200000.0,257200000.0,948600000.0,816000000.0,1.089,2.903,133400000.0,133400000.0,0.0,133400000.0,27000000.0,132900000.0,4897900000.0,0.029,1.92,1252000000.0,1384900000.0,0.434,1384900000.0,1252000000.0,1246800000.0,2.27,2.26,2.27,1968900000.0,1941175000.0,1968900000.0,23986729016.0,19.0,17.32,923400000.0,2.571,1.0,2243400000.0,0.703,775500000.0,5200000.0,1283600000.0,1221325000.0,0.0,562300000.0,81400000.0,480900000.0,5715700000.0,5501700000.0,214000000.0,24163929016.0,-145400000.0,-17900000.0,-94100000.0,30300000.0,-689700000.0,899400000.0,-2111200000.0,-1942200000.0,1066400000.0,0.0,816000000.0,816000000.0,816000000.0,0.0,0.0,0.256,1003200000.0,1240200000.0,58400000.0,0.846,12.273,29.613,29.652,377100000.0,0.0,67.31,7.57,7.572,595200000.0,881000000.0,3192000000.0,3192000000.0,0.0,0.111,0.42,1.025,0.392,36900000.0,1003200000.0,1.0,358994637.0,359100000,361400000.0,8.889,6909100000.0,87300000.0,430800000.0,135100000.0,19.24,491300000.0
16,PAYX,MRT,2017-09-30,2017-08-31,2017-08-31,2021-10-01,24400000.0,7619500000.0,6884900000.0,5973500000.0,1646000000.0,0.459,5.416,-92000000.0,234400000.0,234400000.0,926300000.0,819300000.0,1.095,2.92,57200000.0,57200000.0,0.0,57200000.0,24700000.0,129200000.0,4918100000.0,0.033,1.88,1259200000.0,1388400000.0,0.439,1388400000.0,1259200000.0,1254000000.0,2.28,2.27,2.28,1943800000.0,1902850000.0,1943800000.0,20311738539.0,16.0,14.63,917300000.0,2.556,1.0,2234100000.0,0.707,777200000.0,5200000.0,1209400000.0,1202375000.0,0.0,617000000.0,133800000.0,483200000.0,5675700000.0,5455700000.0,220000000.0,20496338539.0,-133200000.0,-8200000.0,-260300000.0,5900000.0,-675100000.0,611000000.0,-1753500000.0,-1644300000.0,1009300000.0,0.0,819300000.0,819300000.0,819300000.0,0.0,0.0,0.259,985900000.0,1248200000.0,74600000.0,0.825,10.544,25.017,25.013,328600000.0,0.0,57.03,6.485,6.476,538600000.0,843700000.0,3160400000.0,3160400000.0,0.0,0.119,0.431,1.047,0.398,35000000.0,985900000.0,1.0,359395731.0,358900000,361300000.0,8.806,6842300000.0,24900000.0,434700000.0,147400000.0,19.065,517800000.0
17,PAYX,MRT,2017-06-30,2017-05-31,2017-05-31,2021-10-01,20000000.0,6833700000.0,6504250000.0,5272000000.0,1561700000.0,0.485,5.434,-94300000.0,184600000.0,184600000.0,919400000.0,826300000.0,1.116,2.495,0.0,0.0,0.0,0.0,22900000.0,126900000.0,4272600000.0,0.031,1.84,1264300000.0,1391200000.0,0.441,1391200000.0,1264300000.0,1259100000.0,2.3,2.28,2.3,1955300000.0,1913925000.0,1955300000.0,21143781844.0,17.0,15.198,866100000.0,2.407,1.0,2233600000.0,0.708,714700000.0,5200000.0,1209300000.0,1245750000.0,0.0,592800000.0,138800000.0,454000000.0,4878400000.0,4725100000.0,153300000.0,21278281844.0,-184500000.0,0.0,-166200000.0,0.0,-662300000.0,-482700000.0,-662200000.0,-559300000.0,960400000.0,0.0,826300000.0,826300000.0,826300000.0,0.0,0.0,0.262,979700000.0,1253900000.0,57200000.0,0.8,10.882,25.751,25.752,337200000.0,0.0,59.23,6.749,6.759,507500000.0,901700000.0,3153000000.0,3153000000.0,0.0,0.127,0.432,1.015,0.401,35400000.0,979700000.0,1.0,359248385.0,359800000,362600000.0,8.763,6119000000.0,69900000.0,432800000.0,79500000.0,17.007,546900000.0
18,PAYX,MRT,2017-03-31,2017-02-28,2017-02-28,2021-10-01,4600000.0,7310300000.0,6406025000.0,5751800000.0,1558500000.0,0.485,5.283,-94500000.0,189900000.0,189900000.0,908500000.0,800100000.0,1.091,2.854,55400000.0,55400000.0,0.0,55400000.0,25100000.0,120700000.0,4775100000.0,0.029,1.8,1220400000.0,1341100000.0,0.432,1341100000.0,1220400000.0,1220400000.0,2.22,2.21,2.22,1896700000.0,1903025000.0,1896700000.0,21978248116.0,18.0,16.388,901800000.0,2.512,1.0,2198100000.0,0.708,719100000.0,0.0,1183000000.0,1247625000.0,0.0,654200000.0,214000000.0,440200000.0,5413600000.0,5273700000.0,139900000.0,22040148116.0,-63200000.0,0.0,-166200000.0,55400000.0,-648400000.0,-612900000.0,-446600000.0,-342000000.0,996300000.0,0.0,800100000.0,800100000.0,800100000.0,0.0,0.0,0.258,981100000.0,1217000000.0,55900000.0,0.811,11.62,27.547,27.667,341600000.0,0.0,61.42,7.095,7.098,429900000.0,871900000.0,3106600000.0,3106600000.0,0.0,0.125,0.42,0.978,0.393,35000000.0,981100000.0,1.0,358843180.0,359000000,361800000.0,8.653,6591200000.0,58300000.0,420300000.0,65700000.0,18.36,478100000.0
19,PAYX,MRT,2016-12-31,2016-11-30,2016-11-30,2021-10-01,-16800000.0,5776100000.0,6345325000.0,4215700000.0,1560400000.0,0.483,5.041,-96000000.0,165000000.0,165000000.0,897600000.0,778000000.0,1.114,2.181,103100000.0,103100000.0,0.0,103100000.0,28500000.0,120100000.0,3261800000.0,0.03,1.76,1194300000.0,1314400000.0,0.429,1314400000.0,1194300000.0,1194300000.0,2.16,2.15,2.16,1815600000.0,1897375000.0,1815600000.0,21240654392.0,18.0,16.16,915700000.0,2.542,1.0,2165800000.0,0.707,722300000.0,0.0,1207800000.0,1213250000.0,0.0,560100000.0,128000000.0,432100000.0,3960500000.0,3784100000.0,176400000.0,21319354392.0,-247300000.0,-296100000.0,-211200000.0,103100000.0,-634400000.0,-1145100000.0,-113900000.0,286900000.0,1011700000.0,0.0,778000000.0,778000000.0,778000000.0,0.0,0.0,0.254,975400000.0,1190400000.0,48600000.0,0.815,11.742,27.403,27.292,349300000.0,0.0,58.95,6.959,6.931,528900000.0,834900000.0,3063400000.0,3063400000.0,0.0,0.123,0.41,0.984,0.39,34700000.0,975400000.0,1.0,361651474.0,360200000,362600000.0,8.505,5053800000.0,75600000.0,416300000.0,102200000.0,14.031,431600000.0
20,PAYX,MRT,2016-09-30,2016-08-31,2016-08-31,2021-10-01,39200000.0,6096900000.0,6405500000.0,4521000000.0,1575900000.0,0.471,5.507,-96800000.0,130000000.0,130000000.0,876500000.0,765100000.0,1.155,2.067,51300000.0,51300000.0,0.0,51300000.0,26800000.0,117800000.0,3387600000.0,0.028,1.72,1178100000.0,1295900000.0,0.43,1295900000.0,1178100000.0,1178100000.0,2.12,2.11,2.12,1988100000.0,1908050000.0,1988100000.0,21741976501.0,18.0,16.778,937800000.0,2.598,1.0,2137900000.0,0.709,722100000.0,0.0,1382900000.0,1161750000.0,0.0,814000000.0,367700000.0,446300000.0,4108800000.0,3913200000.0,195600000.0,21873476501.0,-325900000.0,-296100000.0,-45000000.0,51300000.0,-620900000.0,-917800000.0,-442700000.0,-44300000.0,1034600000.0,0.0,765100000.0,765100000.0,765100000.0,0.0,0.0,0.254,964400000.0,1173500000.0,51200000.0,0.811,11.002,28.589,28.618,348400000.0,0.0,60.67,7.256,7.266,485600000.0,958900000.0,3014400000.0,3014400000.0,0.0,0.119,0.401,1.014,0.391,34900000.0,964400000.0,1.0,360532001.0,361000000,364100000.0,8.35,5374800000.0,24900000.0,413000000.0,188900000.0,14.889,607800000.0
21,PAYX,MRT,2016-06-30,2016-05-31,2016-05-31,2021-10-01,29200000.0,6440800000.0,6377025000.0,4863600000.0,1577200000.0,0.463,5.3,-97700000.0,131500000.0,131500000.0,857100000.0,756800000.0,1.114,2.369,0.0,0.0,0.0,0.0,26300000.0,115100000.0,3955300000.0,0.031,1.68,1151100000.0,1266200000.0,0.429,1266200000.0,1151100000.0,1151100000.0,2.1,2.09,2.1,1911700000.0,1858725000.0,1911700000.0,19272663548.0,17.0,15.221,920500000.0,2.552,1.0,2094800000.0,0.71,726600000.0,0.0,1216800000.0,1037575000.0,0.0,661700000.0,220600000.0,441100000.0,4529100000.0,4365900000.0,163200000.0,19525763548.0,-38500000.0,-296100000.0,-107900000.0,0.0,-606500000.0,-993600000.0,-63100000.0,339700000.0,1018200000.0,0.0,756800000.0,756800000.0,756800000.0,0.0,0.0,0.256,948200000.0,1146600000.0,56700000.0,0.8,10.214,25.8,25.819,353000000.0,0.0,54.22,6.615,6.625,408600000.0,926200000.0,2951900000.0,2951900000.0,0.0,0.119,0.407,1.109,0.39,34600000.0,948200000.0,1.0,360121054.0,360700000,362500000.0,8.184,5714200000.0,35400000.0,394300000.0,94900000.0,15.842,497700000.0
22,PAYX,MRT,2016-03-31,2016-02-29,2016-02-29,2021-10-01,37500000.0,7067500000.0,6383700000.0,5503600000.0,1563900000.0,0.453,5.199,-100800000.0,253100000.0,253100000.0,840400000.0,739900000.0,1.092,2.771,0.0,0.0,0.0,0.0,0.0,112600000.0,4663900000.0,0.032,1.64,1128600000.0,1241200000.0,0.429,1241200000.0,1128600000.0,1128600000.0,2.05,2.04,2.05,1874100000.0,1827175000.0,1874100000.0,18136725886.0,16.0,14.612,892800000.0,2.477,1.0,2049800000.0,0.709,729700000.0,0.0,1045500000.0,1016025000.0,0.0,502700000.0,74100000.0,428600000.0,5193400000.0,5039200000.0,154200000.0,18549025886.0,-12200000.0,-296100000.0,-260100000.0,0.0,-592400000.0,-1184400000.0,178600000.0,583900000.0,993600000.0,0.0,739900000.0,739900000.0,739900000.0,0.0,0.0,0.256,927900000.0,1121900000.0,55800000.0,0.8,9.898,25.07,25.068,350000000.0,0.0,51.39,6.418,6.41,353400000.0,899600000.0,2890200000.0,2890200000.0,0.0,0.116,0.405,1.111,0.39,33500000.0,927900000.0,1.0,360946213.0,360500000,362200000.0,8.017,6337800000.0,34300000.0,388700000.0,88100000.0,17.581,464400000.0
23,PAYX,MRT,2015-12-31,2015-11-30,2015-11-30,2021-10-01,20300000.0,6016800000.0,6452875000.0,4602500000.0,1414300000.0,0.44,5.152,-105700000.0,412300000.0,412300000.0,825500000.0,728900000.0,1.148,2.238,0.0,0.0,0.0,0.0,0.0,108800000.0,3689500000.0,0.029,1.6,1112800000.0,1221600000.0,0.43,1221600000.0,1112800000.0,1112800000.0,2.02,2.0,2.02,1858300000.0,1826650000.0,1858300000.0,19103391962.0,17.0,15.638,804700000.0,2.231,1.0,2016400000.0,0.71,592800000.0,0.0,1001800000.0,1037525000.0,0.0,500600000.0,64100000.0,436500000.0,4158500000.0,4009900000.0,148600000.0,19559291962.0,271900000.0,0.0,-216900000.0,0.0,-579200000.0,-1047500000.0,409000000.0,521300000.0,910400000.0,0.0,728900000.0,728900000.0,728900000.0,0.0,0.0,0.256,910200000.0,1106200000.0,47400000.0,0.792,10.525,26.834,26.856,352700000.0,0.0,54.25,6.882,6.886,241100000.0,913900000.0,2841900000.0,2841900000.0,0.0,0.113,0.399,1.073,0.392,33500000.0,910200000.0,1.0,360539944.0,360700000,362300000.0,7.879,5424000000.0,65500000.0,383900000.0,97400000.0,15.037,592600000.0
24,PAYX,MRT,2015-09-30,2015-08-31,2015-08-31,2021-10-01,13800000.0,5983000000.0,6517300000.0,4588200000.0,1394800000.0,0.429,4.959,-99100000.0,455900000.0,455900000.0,819400000.0,712700000.0,1.134,2.341,0.0,0.0,0.0,0.0,0.0,107100000.0,3726800000.0,0.035,1.56,1088600000.0,1195700000.0,0.428,1195700000.0,1088600000.0,1088600000.0,1.98,1.95,1.98,1790800000.0,1820650000.0,1790800000.0,15961474742.0,15.0,13.349,811300000.0,2.247,1.0,1976400000.0,0.707,594500000.0,0.0,886200000.0,1100125000.0,0.0,498000000.0,81800000.0,416200000.0,4192200000.0,4046400000.0,145800000.0,16131474742.0,-6700000.0,400000.0,-208800000.0,0.0,-565400000.0,-1033100000.0,116000000.0,220000000.0,910400000.0,0.0,712700000.0,712700000.0,712700000.0,0.0,0.0,0.255,894200000.0,1082200000.0,43000000.0,0.788,9.008,22.634,22.556,350100000.0,0.0,44.66,5.77,5.768,206600000.0,876400000.0,2795800000.0,2795800000.0,0.0,0.109,0.391,0.99,0.389,32700000.0,894200000.0,1.0,361206331.0,361100000,362800000.0,7.742,5388500000.0,0.0,375900000.0,111900000.0,14.922,541800000.0
25,PAYX,MRT,2015-06-30,2015-05-31,2015-05-31,2021-10-01,7500000.0,6467500000.0,6593200000.0,5088200000.0,1379300000.0,0.416,4.92,-102800000.0,170000000.0,170000000.0,808000000.0,674900000.0,1.113,2.622,0.0,0.0,0.0,0.0,11200000.0,106600000.0,4260100000.0,0.031,1.52,1060000000.0,1166600000.0,0.426,1166600000.0,1060000000.0,1060000000.0,1.86,1.85,1.86,1785500000.0,1819350000.0,1785500000.0,17681811785.0,17.0,15.157,792400000.0,2.184,1.0,1931600000.0,0.705,593900000.0,0.0,1130600000.0,1097075000.0,0.0,766400000.0,366600000.0,399800000.0,4682000000.0,4573000000.0,109000000.0,17947111785.0,17500000.0,-27100000.0,-182400000.0,0.0,-551800000.0,-592700000.0,-285000000.0,-151800000.0,895200000.0,0.0,674900000.0,674900000.0,674900000.0,0.0,0.0,0.246,878000000.0,1053600000.0,51700000.0,0.817,10.052,26.592,26.565,353900000.0,0.0,49.41,6.551,6.545,176600000.0,894300000.0,2739600000.0,2739600000.0,0.0,0.102,0.371,0.966,0.387,31400000.0,878000000.0,1.0,363228330.0,362900000,364600000.0,7.549,5873600000.0,12900000.0,385100000.0,46600000.0,16.185,515200000.0
26,PAYX,MRT,2015-03-31,2015-02-28,2015-02-28,2021-10-01,21800000.0,7344200000.0,6568850000.0,5957400000.0,1386800000.0,0.409,5.154,-93300000.0,265300000.0,265300000.0,802400000.0,659600000.0,1.114,2.923,0.0,0.0,0.0,0.0,0.0,107400000.0,5058900000.0,0.03,1.49,1036100000.0,1143500000.0,0.426,1143500000.0,1036100000.0,1036100000.0,1.82,1.8,1.82,1872000000.0,1817225000.0,1872000000.0,17957044948.0,17.0,15.704,774600000.0,2.133,1.0,1884000000.0,0.701,599400000.0,0.0,1131500000.0,1113875000.0,0.0,764100000.0,355500000.0,408600000.0,5472200000.0,5348000000.0,124200000.0,18097444948.0,-6000000.0,-27100000.0,-61400000.0,0.0,-541600000.0,-424800000.0,-449100000.0,-322300000.0,867900000.0,0.0,659600000.0,659600000.0,659600000.0,0.0,0.0,0.246,853700000.0,1030300000.0,40100000.0,0.819,9.667,27.437,27.382,347700000.0,0.0,49.835,6.737,6.738,148400000.0,978300000.0,2686400000.0,2686400000.0,0.0,0.1,0.363,0.93,0.386,28600000.0,853700000.0,1.0,363147285.0,363200000,365000000.0,7.396,6744800000.0,11200000.0,376500000.0,72100000.0,18.57,609400000.0
27,PAYX,MRT,2014-12-31,2014-11-30,2014-11-30,2021-10-01,22400000.0,6274500000.0,6500150000.0,4859900000.0,1414600000.0,0.405,5.053,-82800000.0,140400000.0,140400000.0,782400000.0,650300000.0,1.136,2.421,0.0,0.0,0.0,0.0,0.0,107100000.0,4000300000.0,0.031,1.46,1022400000.0,1129500000.0,0.429,1129500000.0,1022400000.0,1022400000.0,1.79,1.78,1.79,1834300000.0,1796275000.0,1834300000.0,16739059598.0,16.0,14.82,802600000.0,2.211,1.0,1850100000.0,0.703,602600000.0,0.0,1252200000.0,1100675000.0,0.0,787100000.0,388600000.0,398500000.0,4440200000.0,4279300000.0,160900000.0,17201659598.0,-72600000.0,-27100000.0,-81900000.0,0.0,-531100000.0,-502300000.0,-455700000.0,-338600000.0,885400000.0,0.0,650300000.0,650300000.0,650300000.0,0.0,0.0,0.247,833400000.0,1016700000.0,39800000.0,0.816,9.378,26.452,26.486,344400000.0,0.0,47.41,6.534,6.537,205600000.0,964300000.0,2632500000.0,2632500000.0,0.0,0.1,0.362,0.929,0.388,27100000.0,833400000.0,1.0,362827665.0,363000000,364600000.0,7.252,5671900000.0,46100000.0,372100000.0,114700000.0,15.625,580600000.0
28,PAYX,MRT,2014-09-30,2014-08-31,2014-08-31,2021-10-01,26000000.0,6286600000.0,6436375000.0,4872000000.0,1414600000.0,0.4,4.918,-83900000.0,462600000.0,462600000.0,756900000.0,636000000.0,1.122,2.521,0.0,0.0,0.0,0.0,0.0,107100000.0,4030100000.0,0.034,1.43,1000700000.0,1107800000.0,0.431,1107800000.0,1000700000.0,1000700000.0,1.74,1.74,1.74,1785600000.0,1777800000.0,1785600000.0,14970586553.0,15.0,13.514,793400000.0,2.185,1.0,1815700000.0,0.706,606000000.0,0.0,874000000.0,1063550000.0,0.0,493200000.0,96700000.0,396500000.0,4501000000.0,4344000000.0,157000000.0,15123086553.0,351000000.0,-36800000.0,-134200000.0,0.0,-521000000.0,-538300000.0,12000000.0,144800000.0,877300000.0,0.0,636000000.0,636000000.0,636000000.0,0.0,0.0,0.247,820600000.0,995100000.0,40100000.0,0.822,8.469,23.778,23.937,346600000.0,0.0,41.65,5.879,5.879,168900000.0,943700000.0,2572600000.0,2572600000.0,0.0,0.099,0.358,0.941,0.389,26300000.0,820600000.0,1.0,363099317.0,363100000,364700000.0,7.085,5680600000.0,36200000.0,364700000.0,168600000.0,15.645,528000000.0
29,PAYX,MRT,2014-06-30,2014-05-31,2014-05-31,2021-10-01,21500000.0,6370100000.0,6372525000.0,5002500000.0,1367600000.0,0.395,4.875,-84100000.0,152500000.0,152500000.0,732500000.0,627500000.0,1.127,2.585,0.0,0.0,0.0,0.0,0.0,105000000.0,4167100000.0,0.034,1.4,988100000.0,1093100000.0,0.434,1093100000.0,988100000.0,988100000.0,1.72,1.71,1.72,1777000000.0,1768500000.0,1777000000.0,14682013867.0,15.0,13.432,796800000.0,2.186,1.0,1786400000.0,0.709,580900000.0,0.0,1197800000.0,1143350000.0,0.0,784300000.0,398700000.0,385600000.0,4593100000.0,4438900000.0,154200000.0,14953313867.0,45200000.0,-9300000.0,-136400000.0,0.0,-510600000.0,-519600000.0,-316100000.0,-211400000.0,880900000.0,0.0,627500000.0,627500000.0,627500000.0,0.0,0.0,0.249,803700000.0,982700000.0,48800000.0,0.814,8.415,23.83,23.901,342200000.0,0.0,41.11,5.936,5.949,149400000.0,957500000.0,2518900000.0,2518900000.0,0.0,0.098,0.355,0.864,0.392,26300000.0,803700000.0,1.0,363739087.0,364500000,366100000.0,6.911,5789200000.0,66300000.0,360600000.0,104200000.0,15.883,563600000.0
30,PAYX,MRT,2014-03-31,2014-02-28,2014-02-28,2021-10-01,24600000.0,7069400000.0,6320925000.0,5719300000.0,1350100000.0,0.39,4.91,-87300000.0,271300000.0,271300000.0,707500000.0,605100000.0,1.113,2.953,0.0,0.0,0.0,0.0,0.0,101600000.0,4880700000.0,0.025,1.05,971600000.0,1073200000.0,0.435,1073200000.0,971600000.0,971600000.0,1.65,1.65,1.65,1788200000.0,1767675000.0,1788200000.0,14996506859.0,15.0,13.974,687400000.0,1.887,1.0,1757700000.0,0.713,580500000.0,0.0,1078700000.0,1146175000.0,0.0,692200000.0,314400000.0,377800000.0,5281200000.0,5138900000.0,142300000.0,15209506859.0,170900000.0,-9300000.0,-54100000.0,0.0,-383400000.0,-1066900000.0,463100000.0,566800000.0,774700000.0,0.0,605100000.0,605100000.0,605100000.0,0.0,0.0,0.245,791500000.0,966200000.0,34700000.0,0.636,8.505,25.136,25.309,345100000.0,0.0,41.76,6.17,6.169,129600000.0,983700000.0,2465200000.0,2465200000.0,0.0,0.096,0.342,0.848,0.394,27600000.0,791500000.0,1.0,364212329.0,364200000,365800000.0,6.769,6488900000.0,44300000.0,366500000.0,103100000.0,17.817,580400000.0
31,PAYX,MRT,2013-12-31,2013-11-30,2013-11-30,2021-10-01,13700000.0,6019400000.0,6430450000.0,4663800000.0,1355600000.0,0.374,4.824,-91100000.0,213000000.0,213000000.0,687700000.0,589500000.0,1.132,2.419,0.0,0.0,0.0,0.0,0.0,100300000.0,3889600000.0,0.031,1.36,945800000.0,1046100000.0,0.434,1046100000.0,945800000.0,945800000.0,1.61,1.61,1.61,1760400000.0,1722100000.0,1760400000.0,15858426196.0,17.0,15.16,658400000.0,1.804,1.0,1720400000.0,0.714,583600000.0,0.0,1103700000.0,1143200000.0,0.0,626300000.0,250400000.0,375900000.0,4259000000.0,4119100000.0,139900000.0,15970026196.0,90400000.0,-18600000.0,-26500000.0,0.0,-496000000.0,-297500000.0,-361600000.0,-241600000.0,749500000.0,0.0,589500000.0,589500000.0,589500000.0,0.0,0.0,0.245,779900000.0,940500000.0,36400000.0,0.845,9.072,27.091,27.161,351400000.0,0.0,43.73,6.632,6.626,178800000.0,993200000.0,2408100000.0,2408100000.0,0.0,0.092,0.342,0.827,0.393,25900000.0,779900000.0,1.0,365196117.0,364900000,366400000.0,6.599,5435800000.0,67800000.0,356300000.0,101300000.0,14.897,544700000.0
32,PAYX,MRT,2013-09-30,2013-08-31,2013-08-31,2021-10-01,-4900000.0,6031200000.0,6356650000.0,4698300000.0,1332900000.0,0.371,4.786,-101800000.0,111600000.0,111600000.0,677700000.0,578700000.0,1.132,2.45,0.0,0.0,0.0,0.0,4500000.0,98500000.0,3913200000.0,0.035,1.34,927800000.0,1026300000.0,0.435,1026300000.0,927800000.0,927800000.0,1.59,1.59,1.59,1748400000.0,1706550000.0,1748400000.0,14031473776.0,15.0,13.672,622500000.0,1.704,1.0,1683400000.0,0.713,576000000.0,0.0,1193200000.0,1154425000.0,0.0,813200000.0,447600000.0,365600000.0,4282800000.0,4150400000.0,132400000.0,14138773776.0,-37400000.0,-21300000.0,19600000.0,0.0,-488200000.0,-202300000.0,-559400000.0,-430600000.0,724300000.0,0.0,578700000.0,578700000.0,578700000.0,0.0,0.0,0.245,761500000.0,921900000.0,40400000.0,0.843,8.087,24.432,24.327,350500000.0,0.0,38.68,5.988,5.984,154700000.0,1034200000.0,2361100000.0,2361100000.0,0.0,0.091,0.339,0.804,0.393,23900000.0,761500000.0,1.0,365531897.0,365300000,366700000.0,6.463,5455200000.0,38300000.0,349100000.0,108000000.0,14.933,547900000.0
33,PAYX,MRT,2013-06-30,2013-05-31,2013-05-31,2021-10-01,22000000.0,6163700000.0,6276575000.0,4832600000.0,1331100000.0,0.371,4.875,-98700000.0,107300000.0,107300000.0,671300000.0,569000000.0,1.132,2.475,0.0,0.0,0.0,0.0,5200000.0,98200000.0,4039700000.0,0.035,1.31,911400000.0,1009600000.0,0.434,1009600000.0,911400000.0,911400000.0,1.56,1.56,1.56,1773700000.0,1683300000.0,1773700000.0,13447522205.0,15.0,13.32,576600000.0,1.585,1.0,1654900000.0,0.711,579100000.0,0.0,1209100000.0,1124500000.0,0.0,767300000.0,398200000.0,369100000.0,4390000000.0,4268200000.0,121800000.0,13547922205.0,-1500000.0,-21300000.0,72800000.0,0.0,-476700000.0,-858500000.0,181700000.0,306800000.0,675300000.0,0.0,569000000.0,569000000.0,569000000.0,0.0,0.0,0.245,750100000.0,904800000.0,42700000.0,0.84,7.638,23.81,23.865,346000000.0,0.0,37.23,5.824,5.822,133400000.0,1088500000.0,2326200000.0,2326200000.0,0.0,0.091,0.338,0.81,0.392,22800000.0,750100000.0,1.0,363897991.0,363800000,364700000.0,6.394,5584600000.0,86300000.0,342400000.0,81100000.0,15.351,564400000.0
34,PAYX,MRT,2013-03-31,2013-02-28,2013-02-28,2021-10-01,32700000.0,7507500000.0,6355550000.0,6319600000.0,1187900000.0,0.361,4.414,-101300000.0,100400000.0,100400000.0,667400000.0,568800000.0,1.098,3.675,0.0,0.0,0.0,0.0,3900000.0,98200000.0,5510200000.0,0.049,1.63,895900000.0,994100000.0,0.434,994100000.0,895900000.0,895900000.0,1.57,1.57,1.57,1605900000.0,1641000000.0,1605900000.0,11918231753.0,13.0,11.989,649100000.0,1.784,1.0,1625000000.0,0.709,583800000.0,0.0,1066800000.0,1085200000.0,0.0,697200000.0,470200000.0,227000000.0,5901600000.0,5756500000.0,145100000.0,12040831753.0,-46100000.0,-21300000.0,24300000.0,0.0,-592900000.0,832200000.0,-1628700000.0,-1500600000.0,750400000.0,0.0,568800000.0,568800000.0,568800000.0,0.0,0.0,0.248,736100000.0,888900000.0,47600000.0,1.038,7.498,21.169,21.086,341700000.0,0.0,33.105,5.253,5.254,125100000.0,964900000.0,2292400000.0,2292400000.0,0.0,0.089,0.347,0.826,0.391,22200000.0,736100000.0,1.0,363716410.0,363800000,364600000.0,6.301,6923700000.0,39400000.0,327100000.0,117600000.0,19.032,563100000.0
35,PAYX,MRT,2012-12-31,2012-11-30,2012-11-30,2021-10-01,39700000.0,5724200000.0,6002400000.0,4268800000.0,1455400000.0,0.378,4.671,-100000000.0,122600000.0,122600000.0,670400000.0,559700000.0,1.098,2.371,0.0,0.0,0.0,0.0,2500000.0,97800000.0,3664600000.0,0.04,1.29,881500000.0,979300000.0,0.432,979300000.0,881500000.0,881500000.0,1.54,1.54,1.54,1698200000.0,1638375000.0,1698200000.0,11677874087.0,13.0,11.925,635400000.0,1.748,1.0,1598200000.0,0.704,564400000.0,0.0,1148600000.0,1067675000.0,0.0,682900000.0,178600000.0,504300000.0,4026000000.0,3888600000.0,137400000.0,11826874087.0,26500000.0,-17000000.0,22100000.0,0.0,-468500000.0,232600000.0,-941500000.0,-822700000.0,735400000.0,0.0,559700000.0,559700000.0,559700000.0,0.0,0.0,0.247,723900000.0,874300000.0,43600000.0,0.838,6.964,21.131,21.13,351800000.0,0.0,32.54,5.213,5.215,169300000.0,1060800000.0,2268600000.0,2268600000.0,0.0,0.093,0.342,0.826,0.389,22500000.0,723900000.0,1.0,363456487.0,363600000,364400000.0,6.239,5159800000.0,43200000.0,321800000.0,117800000.0,14.191,380200000.0
36,PAYX,MRT,2012-09-30,2012-08-31,2012-08-31,2021-10-01,37300000.0,5710900000.0,5804350000.0,4300400000.0,1410500000.0,0.387,4.56,-91400000.0,149000000.0,149000000.0,669500000.0,552200000.0,1.097,2.45,0.0,0.0,0.0,0.0,2700000.0,97700000.0,3646900000.0,0.038,1.28,869000000.0,966700000.0,0.431,966700000.0,869000000.0,869000000.0,1.52,1.52,1.52,1655400000.0,1603500000.0,1655400000.0,11956556923.0,14.0,12.368,645700000.0,1.779,1.0,1575400000.0,0.702,568700000.0,0.0,1073500000.0,1032625000.0,0.0,722300000.0,241900000.0,480400000.0,4055500000.0,3919700000.0,135800000.0,12065356923.0,35900000.0,-6000000.0,21000000.0,0.0,-464500000.0,169200000.0,-870400000.0,-772400000.0,737100000.0,0.0,552200000.0,552200000.0,552200000.0,0.0,0.0,0.246,713200000.0,862200000.0,40700000.0,0.842,7.288,21.85,21.882,326900000.0,0.0,33.26,5.375,5.378,153100000.0,1033000000.0,2244900000.0,2244900000.0,0.0,0.095,0.344,0.842,0.387,22700000.0,713200000.0,1.0,362758777.0,363000000,363800000.0,6.184,5142200000.0,30500000.0,316800000.0,168000000.0,14.166,380700000.0
37,PAYX,MRT,2012-06-30,2012-05-31,2012-05-31,2021-10-01,37700000.0,6479600000.0,5624500000.0,5075900000.0,1403700000.0,0.396,4.427,-89600000.0,108800000.0,108800000.0,670100000.0,548000000.0,1.07,3.038,0.0,0.0,0.0,0.0,3000000.0,97800000.0,4494400000.0,0.042,1.27,860300000.0,958100000.0,0.43,958100000.0,860300000.0,860300000.0,1.51,1.51,1.51,1604500000.0,1574475000.0,1604500000.0,10718952881.0,12.0,11.188,617000000.0,1.703,1.0,1559700000.0,0.699,573200000.0,0.0,1051900000.0,1003350000.0,0.0,681200000.0,207500000.0,473700000.0,4875100000.0,4745700000.0,129400000.0,10865452881.0,-10200000.0,-6000000.0,7500000.0,0.0,-460500000.0,527500000.0,-1244300000.0,-1147400000.0,706600000.0,0.0,548000000.0,548000000.0,548000000.0,0.0,0.0,0.246,705800000.0,853900000.0,69700000.0,0.841,6.772,19.827,19.848,324300000.0,0.0,29.97,4.873,4.871,142400000.0,1002100000.0,2229800000.0,2229800000.0,0.0,0.097,0.348,0.857,0.386,22900000.0,705800000.0,1.0,362544307.0,362400000,363000000.0,6.153,5906400000.0,36400000.0,312300000.0,90400000.0,16.298,330200000.0
38,PAYX,MRT,2012-03-31,2012-02-29,2012-02-29,2021-10-01,43100000.0,6094900000.0,5353050000.0,4872200000.0,1222700000.0,0.411,4.401,-84000000.0,146500000.0,146500000.0,666700000.0,543600000.0,1.114,2.82,0.0,0.0,0.0,0.0,3400000.0,97300000.0,4109400000.0,0.04,1.26,846800000.0,944100000.0,0.429,944100000.0,846800000.0,846800000.0,1.49,1.5,1.49,1595400000.0,1547400000.0,1595400000.0,11247647315.0,13.0,11.914,641000000.0,1.768,1.0,1534300000.0,0.697,579300000.0,0.0,996700000.0,964275000.0,0.0,652200000.0,356800000.0,295400000.0,4499500000.0,4372400000.0,127100000.0,11343747315.0,-89500000.0,-17100000.0,12500000.0,0.0,-456700000.0,-483100000.0,-331400000.0,-229700000.0,725000000.0,0.0,543600000.0,543600000.0,543600000.0,0.0,0.0,0.247,693500000.0,840800000.0,46000000.0,0.846,7.11,20.868,21.007,316800000.0,0.0,31.3,5.154,5.155,135800000.0,995000000.0,2201000000.0,2201000000.0,0.0,0.102,0.351,0.878,0.385,23600000.0,693500000.0,1.0,362420042.0,362500000,363100000.0,6.072,5515600000.0,36600000.0,303200000.0,108800000.0,15.215,499800000.0
39,PAYX,MRT,2011-12-31,2011-11-30,2011-11-30,2021-10-01,33900000.0,4932000000.0,5320025000.0,3740000000.0,1192000000.0,0.407,4.301,-100500000.0,96100000.0,96100000.0,659100000.0,538800000.0,1.151,2.164,0.0,0.0,0.0,0.0,2500000.0,95500000.0,2985500000.0,0.043,1.25,835200000.0,930700000.0,0.43,930700000.0,835200000.0,835200000.0,1.48,1.49,1.48,1558700000.0,1515600000.0,1558700000.0,10435837837.0,12.0,11.213,592800000.0,1.636,1.0,1503700000.0,0.695,579300000.0,0.0,1008400000.0,903400000.0,0.0,580200000.0,315000000.0,265200000.0,3373300000.0,3248200000.0,125100000.0,10548937837.0,-137100000.0,-127400000.0,14000000.0,0.0,-453000000.0,-727100000.0,-103300000.0,126400000.0,693300000.0,0.0,538800000.0,538800000.0,538800000.0,0.0,0.0,0.249,674400000.0,829300000.0,54900000.0,0.845,6.768,19.579,19.669,316000000.0,0.0,29.11,4.877,4.878,221500000.0,975800000.0,2162800000.0,2162800000.0,0.0,0.101,0.356,0.925,0.386,23200000.0,674400000.0,1.0,362381925.0,362400000,362800000.0,5.968,4352700000.0,40600000.0,296400000.0,94200000.0,12.011,491800000.0
40,PAYX,MRT,2011-09-30,2011-08-31,2011-08-31,2021-10-01,44200000.0,4991500000.0,5342700000.0,3833400000.0,1158100000.0,0.399,4.25,-104100000.0,113100000.0,113100000.0,655400000.0,532300000.0,1.149,2.243,0.0,0.0,0.0,0.0,2700000.0,92000000.0,3034100000.0,0.046,1.24,821200000.0,913200000.0,0.429,913200000.0,821200000.0,821200000.0,1.46,1.47,1.46,1539300000.0,1488300000.0,1539300000.0,9650867610.0,12.0,10.568,604100000.0,1.668,1.0,1473700000.0,0.692,584900000.0,0.0,956400000.0,858300000.0,0.0,604900000.0,372000000.0,232900000.0,3452200000.0,3337100000.0,115100000.0,9769867610.0,-159800000.0,-126400000.0,13400000.0,0.0,-449200000.0,-684000000.0,-184000000.0,49500000.0,708200000.0,0.0,532300000.0,532300000.0,532300000.0,0.0,0.0,0.25,658400000.0,815300000.0,38500000.0,0.849,6.347,18.354,18.479,310500000.0,0.0,26.98,4.589,4.59,197900000.0,951500000.0,2129100000.0,2129100000.0,0.0,0.1,0.358,0.957,0.386,24300000.0,658400000.0,1.0,362115182.0,362200000,362800000.0,5.878,4406600000.0,25900000.0,288900000.0,142900000.0,12.166,496300000.0
41,PAYX,MRT,2011-06-30,2011-05-31,2011-05-31,2021-10-01,37500000.0,5393800000.0,5354575000.0,4257900000.0,1135900000.0,0.389,4.135,-100500000.0,119000000.0,119000000.0,651500000.0,515300000.0,1.124,2.605,0.0,0.0,0.0,0.0,3000000.0,88700000.0,3513900000.0,0.038,1.24,792200000.0,880900000.0,0.423,880900000.0,792200000.0,792200000.0,1.42,1.42,1.42,1496200000.0,1462725000.0,1496200000.0,11451744696.0,14.0,13.0,614800000.0,1.699,1.0,1432800000.0,0.687,590900000.0,0.0,895600000.0,810675000.0,0.0,552300000.0,345000000.0,207300000.0,3897600000.0,3788300000.0,109300000.0,11687744696.0,-165300000.0,-126400000.0,12600000.0,0.0,-448800000.0,-471100000.0,-409500000.0,-179800000.0,715300000.0,0.0,515300000.0,515300000.0,515300000.0,0.0,0.0,0.247,646400000.0,786400000.0,45400000.0,0.873,7.812,22.681,22.746,308700000.0,0.0,32.3,5.608,5.607,161100000.0,919500000.0,2084300000.0,2084300000.0,0.0,0.096,0.352,0.977,0.38,24800000.0,646400000.0,1.0,361849681.0,361800000,362400000.0,5.761,4802900000.0,32700000.0,276900000.0,72100000.0,13.275,469600000.0
42,PAYX,MRT,2011-03-31,2011-02-28,2011-02-28,2021-10-01,29300000.0,5962800000.0,5312700000.0,4864800000.0,1098000000.0,0.387,4.058,-98900000.0,236000000.0,236000000.0,648900000.0,511900000.0,1.108,3.061,0.0,0.0,0.0,0.0,3400000.0,85900000.0,4148300000.0,0.037,1.24,782900000.0,868800000.0,0.422,868800000.0,782900000.0,782900000.0,1.41,1.41,1.41,1468200000.0,1439175000.0,1468200000.0,11930216811.0,15.0,13.732,561900000.0,1.553,1.0,1408900000.0,0.685,583100000.0,0.0,753200000.0,765925000.0,0.0,416300000.0,233700000.0,182600000.0,4494600000.0,4390500000.0,104100000.0,12163416811.0,-43300000.0,-115300000.0,6200000.0,0.0,-448600000.0,-384300000.0,-319800000.0,-101900000.0,660800000.0,0.0,511900000.0,511900000.0,511900000.0,0.0,0.0,0.249,631700000.0,777200000.0,35700000.0,0.879,8.285,23.761,23.851,303700000.0,0.0,33.63,5.911,5.913,141600000.0,913000000.0,2057800000.0,2057800000.0,0.0,0.096,0.356,1.022,0.38,25300000.0,631700000.0,1.0,361683521.0,361800000,362600000.0,5.688,5379700000.0,37200000.0,271000000.0,67200000.0,14.869,474300000.0
43,PAYX,MRT,2010-12-31,2010-11-30,2010-11-30,2021-10-01,39100000.0,5022700000.0,5269007750.0,4013900000.0,1008800000.0,0.386,4.007,-82300000.0,233200000.0,233200000.0,646800000.0,493300000.0,1.152,2.465,0.0,0.0,0.0,0.0,2700000.0,84700000.0,3204900000.0,0.043,1.24,751900000.0,836600000.0,0.411,836600000.0,751900000.0,751900000.0,1.36,1.36,1.36,1449500000.0,1421405000.0,1449500000.0,10049189998.0,13.0,12.012,568700000.0,1.572,1.0,1387500000.0,0.682,475800000.0,0.0,828000000.0,754300750.0,0.0,456700000.0,230300000.0,226400000.0,3573200000.0,3485700000.0,87500000.0,10322089998.0,7900000.0,0.0,2000000.0,0.0,-448600000.0,-164700000.0,-478400000.0,-392400000.0,651000000.0,0.0,493300000.0,493300000.0,493300000.0,0.0,0.0,0.242,641000000.0,746500000.0,33800000.0,0.912,7.121,20.925,20.985,279500000.0,0.0,28.54,5.074,5.074,224600000.0,894500000.0,2034300000.0,2034300000.0,0.0,0.094,0.347,0.997,0.37,25800000.0,641000000.0,1.0,361670988.0,361700000,362100000.0,5.624,4546900000.0,28400000.0,258600000.0,60400000.0,12.571,528200000.0
44,PAYX,MRT,2010-09-30,2010-08-31,2010-08-31,2021-10-01,54200000.0,5039000000.0,5177615750.0,3999900000.0,1039100000.0,0.39,3.974,-67800000.0,272900000.0,272900000.0,650400000.0,485200000.0,1.136,2.507,0.0,0.0,0.0,0.0,2900000.0,85800000.0,3213600000.0,0.05,1.24,740700000.0,826500000.0,0.409,826500000.0,740700000.0,740700000.0,1.34,1.34,1.34,1437000000.0,1407077500.0,1437000000.0,8712499414.0,12.0,10.541,550800000.0,1.523,1.0,1368500000.0,0.678,480000000.0,0.0,765900000.0,735316250.0,0.0,443500000.0,177200000.0,266300000.0,3602000000.0,3520200000.0,81800000.0,8996815414.0,-42400000.0,13100000.0,2500000.0,0.0,-448500000.0,-184700000.0,-476300000.0,-413200000.0,618600000.0,0.0,485200000.0,485200000.0,485200000.0,0.0,0.0,0.24,632800000.0,735700000.0,34400000.0,0.925,6.261,18.542,18.575,268000000.0,0.0,24.89,4.456,4.458,208600000.0,873000000.0,2018900000.0,2018900000.0,0.0,0.094,0.345,1.007,0.367,26000000.0,632800000.0,1.0,361463054.0,361600000,362000000.0,5.583,4559000000.0,21300000.0,255500000.0,115100000.0,12.608,479700000.0
45,PAYX,MRT,2010-06-30,2010-05-31,2010-05-31,2021-10-01,42400000.0,5226300000.0,5094801500.0,4159100000.0,1067200000.0,0.393,3.879,-61300000.0,284300000.0,284300000.0,653600000.0,477000000.0,1.111,2.728,0.0,0.0,0.0,0.0,3500000.0,86500000.0,3480000000.0,0.043,1.24,729300000.0,815800000.0,0.408,815800000.0,729300000.0,729300000.0,1.32,1.32,1.32,1402000000.0,1389043000.0,1402000000.0,10035695310.0,14.0,12.302,549600000.0,1.521,1.0,1347200000.0,0.673,483200000.0,0.0,716600000.0,699826250.0,0.0,372600000.0,82500000.0,290100000.0,3824300000.0,3742200000.0,82100000.0,10314956310.0,-188500000.0,13100000.0,8200000.0,0.0,-448600000.0,-398100000.0,-401300000.0,-341200000.0,610900000.0,0.0,477000000.0,477000000.0,477000000.0,0.0,0.0,0.238,622400000.0,724800000.0,37300000.0,0.939,7.357,21.625,21.621,269300000.0,0.0,28.54,5.155,5.155,186600000.0,856300000.0,2000800000.0,2000800000.0,0.0,0.094,0.343,1.042,0.365,25600000.0,622400000.0,1.0,361421034.0,361400000,361700000.0,5.536,4743100000.0,31600000.0,252300000.0,52200000.0,13.124,416900000.0
46,PAYX,MRT,2010-03-31,2010-02-28,2010-02-28,2021-10-01,48562000.0,5788031000.0,5070080250.0,4716531000.0,1071500000.0,0.395,3.866,-52219000.0,279261000.0,279261000.0,657254000.0,475159000.0,1.094,3.143,0.0,0.0,0.0,0.0,3792000.0,87536000.0,4021401000.0,0.041,1.24,729564000.0,817100000.0,0.408,817100000.0,729564000.0,729564000.0,1.32,1.32,1.32,1397120000.0,1373912500.0,1397120000.0,10595216251.0,15.0,12.967,576258000.0,1.595,1.0,1343320000.0,0.671,489644000.0,0.0,706703000.0,631375250.0,0.0,409853000.0,115765000.0,294088000.0,4390911000.0,4312423000.0,78488000.0,10820520251.0,-149070000.0,13166000.0,10190000.0,0.0,-448321000.0,-506320000.0,-271227000.0,-222571000.0,628477000.0,0.0,475159000.0,475159000.0,475159000.0,0.0,0.0,0.238,617806000.0,725514000.0,35081000.0,0.939,7.745,22.772,22.682,264273000.0,0.0,29.94,5.409,5.409,159131000.0,852936000.0,2000574000.0,2000574000.0,0.0,0.094,0.346,1.156,0.365,25490000.0,617806000.0,1.0,361406822.0,361400000,361900000.0,5.536,5298387000.0,42944000.0,254405000.0,76085000.0,14.661,404108000.0
47,PAYX,MRT,2009-12-31,2009-11-30,2009-11-30,2021-10-01,49639000.0,4657132000.0,5066939500.0,3562206000.0,1094926000.0,0.399,3.852,-47993000.0,225304000.0,225304000.0,667257000.0,493949000.0,1.118,2.345,0.0,0.0,0.0,0.0,2516000.0,87422000.0,2922986000.0,0.04,1.24,758632000.0,846054000.0,0.419,846054000.0,758632000.0,758632000.0,1.37,1.37,1.37,1392190000.0,1357419750.0,1392190000.0,11013996587.0,15.0,13.018,591522000.0,1.637,1.0,1354098000.0,0.67,493037000.0,0.0,752062000.0,570216750.0,0.0,379441000.0,62011000.0,317430000.0,3264942000.0,3186729000.0,78213000.0,11329319587.0,-105296000.0,6700000.0,9943000.0,0.0,-448060000.0,-1019815000.0,275004000.0,328452000.0,639515000.0,0.0,493949000.0,493949000.0,493949000.0,0.0,0.0,0.244,599383000.0,754715000.0,36494000.0,0.905,8.138,22.936,22.883,262024000.0,0.0,31.35,5.605,5.605,221711000.0,853084000.0,2021355000.0,2021355000.0,0.0,0.097,0.364,1.33,0.375,25058000.0,599383000.0,1.0,361381805.0,361400000,361700000.0,5.593,4164095000.0,18488000.0,264683000.0,59745000.0,11.522,375477000.0
48,PAYX,MRT,2009-09-30,2009-08-31,2009-08-31,2021-10-01,43201000.0,4707743000.0,5180621500.0,3603869000.0,1103874000.0,0.395,3.779,-57993000.0,315323000.0,315323000.0,675332000.0,508391000.0,1.106,2.449,0.0,0.0,0.0,0.0,9596000.0,86713000.0,2952240000.0,0.044,1.24,778264000.0,864977000.0,0.422,864977000.0,778264000.0,778264000.0,1.41,1.41,1.41,1364862000.0,1330553000.0,1364862000.0,9742609795.0,13.0,11.263,602856000.0,1.669,1.0,1373583000.0,0.67,508826000.0,0.0,623940000.0,511862250.0,0.0,318727000.0,13853000.0,304874000.0,3342881000.0,3259654000.0,83227000.0,10215378795.0,253755000.0,-6400000.0,9793000.0,0.0,-447896000.0,-1108967000.0,701873000.0,785492000.0,660849000.0,0.0,508391000.0,508391000.0,508391000.0,0.0,0.0,0.248,600068000.0,773515000.0,33301000.0,0.879,7.485,20.094,20.064,268317000.0,0.0,28.29,4.986,4.987,201330000.0,839366000.0,2048915000.0,2048915000.0,0.0,0.098,0.382,1.52,0.38,25478000.0,600068000.0,1.0,361095044.0,361200000,361400000.0,5.673,4198917000.0,21805000.0,269873000.0,115213000.0,11.625,344215000.0
49,PAYX,MRT,2009-06-30,2009-05-31,2009-05-31,2021-10-01,41940000.0,5127415000.0,5311088250.0,4239826000.0,887589000.0,0.392,3.718,-64100000.0,472769000.0,472769000.0,680500000.0,533500000.0,1.145,2.822,0.0,0.0,0.0,0.0,9542000.0,85800000.0,3437679000.0,0.045,1.24,812100000.0,897900000.0,0.431,897900000.0,812100000.0,812100000.0,1.48,1.48,1.48,1341478000.0,1301868750.0,1341478000.0,9436520805.0,12.0,10.51,624700000.0,1.731,1.0,1402300000.0,0.673,509957000.0,0.0,442796000.0,545896750.0,0.0,101944000.0,19710000.0,82234000.0,3785937000.0,3701893000.0,84044000.0,9864927805.0,308600000.0,-6400000.0,9000000.0,0.0,-447700000.0,-784700000.0,404500000.0,491400000.0,688800000.0,0.0,533500000.0,533500000.0,533500000.0,0.0,0.0,0.256,597100000.0,805200000.0,37334000.0,0.838,7.354,18.491,18.473,274530000.0,0.0,27.34,4.736,4.736,177958000.0,829501000.0,2082800000.0,2082800000.0,0.0,0.1,0.41,1.488,0.39,25700000.0,597100000.0,1.0,360823987.0,360800000,361000000.0,5.773,4617458000.0,28865000.0,278600000.0,55662000.0,12.798,537933000.0
50,PAYX,MRT,2009-03-31,2009-02-28,2009-02-28,2021-10-01,43125000.0,5775468000.0,5356682250.0,4872887000.0,902581000.0,0.393,3.689,-70942000.0,428407000.0,428407000.0,681619000.0,555225000.0,1.116,3.339,0.0,0.0,0.0,0.0,10812000.0,84416000.0,4089570000.0,0.056,1.23,837951000.0,922367000.0,0.438,922367000.0,837951000.0,837951000.0,1.53,1.54,1.53,1331149000.0,1265659750.0,1331149000.0,7629036456.0,9.0,8.271,626675000.0,1.737,1.0,1424435000.0,0.676,519345000.0,0.0,462069000.0,585314250.0,0.0,143384000.0,61163000.0,82221000.0,4444319000.0,4365647000.0,78672000.0,7959669456.0,268617000.0,-6466000.0,9721000.0,0.0,-443965000.0,-738421000.0,309421000.0,406487000.0,697617000.0,0.0,555225000.0,555225000.0,555225000.0,0.0,0.0,0.264,595745000.0,828690000.0,37484000.0,0.804,5.98,14.336,14.418,280956000.0,0.0,22.06,3.779,3.779,165154000.0,827726000.0,2106054000.0,2106054000.0,0.0,0.104,0.439,1.432,0.398,25755000.0,595745000.0,1.0,360819105.0,360821000,360913000.0,5.837,5256123000.0,30589000.0,282726000.0,68544000.0,14.567,507240000.0
51,PAYX,MRT,2008-12-31,2008-11-30,2008-11-30,2021-10-01,20995000.0,5111860000.0,5380819000.0,4220354000.0,891506000.0,0.392,3.561,-81790000.0,330633000.0,330633000.0,678111000.0,566909000.0,1.125,2.979,0.0,0.0,0.0,0.0,11545000.0,83496000.0,3504679000.0,0.043,1.22,853479000.0,936975000.0,0.444,936975000.0,853479000.0,853479000.0,1.56,1.57,1.56,1284723000.0,1220870250.0,1284723000.0,10134488572.0,12.0,10.816,613020000.0,1.699,1.0,1431534000.0,0.679,511075000.0,0.0,518644000.0,608034000.0,0.0,148082000.0,71044000.0,77038000.0,3827137000.0,3751508000.0,75629000.0,10196070572.0,277707000.0,0.0,-114700000.0,0.0,-440189000.0,-516417000.0,99314000.0,209630000.0,694810000.0,0.0,566909000.0,566909000.0,566909000.0,0.0,0.0,0.269,589846000.0,841688000.0,38858000.0,0.782,7.936,17.985,18.115,283029000.0,0.0,28.26,4.833,4.833,219438000.0,808875000.0,2109645000.0,2109645000.0,0.0,0.105,0.464,1.404,0.405,26471000.0,589846000.0,1.0,360795137.0,360812000,360977000.0,5.847,4600785000.0,20192000.0,286570000.0,40907000.0,12.751,468846000.0
52,PAYX,MRT,2008-09-30,2008-08-31,2008-08-31,2021-10-01,22303000.0,5229610000.0,5359442750.0,4375400000.0,854210000.0,0.391,3.467,-77713000.0,61582000.0,61582000.0,669888000.0,573779000.0,1.121,3.183,0.0,0.0,0.0,0.0,10216000.0,82170000.0,3623145000.0,0.036,1.21,856626000.0,938796000.0,0.448,938796000.0,856626000.0,856626000.0,1.57,1.58,1.57,1250125000.0,1210792250.0,1250125000.0,12121798074.0,14.0,12.912,608294000.0,1.687,1.0,1423390000.0,0.68,504268000.0,0.0,760078000.0,668043250.0,0.0,457564000.0,402553000.0,55011000.0,3979485000.0,3903682000.0,75803000.0,12286035074.0,-49032000.0,-344000.0,-574966000.0,0.0,-439062000.0,-923624000.0,188585000.0,285831000.0,686007000.0,0.0,573779000.0,573779000.0,573779000.0,0.0,0.0,0.274,584126000.0,839264000.0,35041000.0,0.771,9.828,21.412,21.707,275628000.0,0.0,34.08,5.869,5.871,197128000.0,780570000.0,2093278000.0,2093278000.0,0.0,0.107,0.474,1.282,0.409,26034000.0,584126000.0,1.0,360505724.0,360629000,361040000.0,5.805,4725342000.0,14499000.0,282847000.0,87805000.0,13.103,471718000.0
53,PAYX,MRT,2008-06-30,2008-05-31,2008-05-31,2021-10-01,16047000.0,5309791000.0,5441524500.0,4465911000.0,843880000.0,0.38,3.248,-81573000.0,164237000.0,164237000.0,660735000.0,576145000.0,1.106,3.437,0.0,0.0,0.0,0.0,10326000.0,80614000.0,3783681000.0,0.035,1.2,854815000.0,935429000.0,0.453,935429000.0,854815000.0,854815000.0,1.56,1.56,1.56,1196642000.0,1309291500.0,1196642000.0,12290578002.0,14.0,13.139,643096000.0,1.746,1.0,1405588000.0,0.68,507816000.0,0.0,600466000.0,752213250.0,0.0,270525000.0,228727000.0,41798000.0,4113149000.0,4037272000.0,75877000.0,12450368002.0,84884000.0,-32940000.0,-932155000.0,0.0,-442146000.0,-1572950000.0,933165000.0,1067277000.0,724669000.0,0.0,576145000.0,576145000.0,576145000.0,0.0,0.0,0.279,577321000.0,828267000.0,40251000.0,0.769,10.404,21.61,22.147,275297000.0,0.0,34.55,6.025,6.16,184686000.0,745351000.0,2066323000.0,2066323000.0,0.0,0.106,0.44,1.136,0.414,25434000.0,577321000.0,1.0,360357974.0,368420000,369528000.0,5.609,4801975000.0,32328000.0,278670000.0,27328000.0,13.034,428639000.0
54,PAYX,MRT,2008-03-31,2008-02-29,2008-02-29,2021-10-01,8771000.0,5872015000.0,5675706500.0,5048274000.0,823741000.0,0.358,3.19,-81476000.0,159790000.0,159790000.0,650744000.0,561761000.0,1.086,4.097,0.0,0.0,0.0,0.0,8830000.0,78541000.0,4393747000.0,0.035,1.11,825552000.0,904093000.0,0.444,904093000.0,825552000.0,825552000.0,1.5,1.51,1.5,1151991000.0,1498193000.0,1151991000.0,11388223434.0,14.0,12.596,607880000.0,1.683,1.0,1383699000.0,0.68,511427000.0,0.0,552948000.0,965789500.0,0.0,267123000.0,248210000.0,18913000.0,4720024000.0,4647850000.0,72174000.0,11441149434.0,78869000.0,-32940000.0,-920962000.0,0.0,-414209000.0,-555095000.0,-55392000.0,80410000.0,689356000.0,0.0,561761000.0,561761000.0,561761000.0,0.0,0.0,0.276,593354000.0,790345000.0,34456000.0,0.74,9.932,20.367,20.973,274366000.0,0.0,31.46,5.624,5.585,158042000.0,718053000.0,2034443000.0,2034443000.0,0.0,0.099,0.375,0.855,0.406,25419000.0,593354000.0,1.0,363672900.0,361178000,361770000.0,5.633,5360588000.0,30632000.0,263791000.0,46282000.0,14.842,400424000.0
55,PAYX,MRT,2007-12-31,2007-11-30,2007-11-30,2021-10-01,9005000.0,5026355000.0,5650656250.0,4229604000.0,796751000.0,0.352,3.364,-78126000.0,52926000.0,52926000.0,638292000.0,545887000.0,1.14,3.039,0.0,0.0,0.0,0.0,5948000.0,77412000.0,3457867000.0,0.026,1.02,795034000.0,872446000.0,0.439,872446000.0,795034000.0,795034000.0,1.44,1.45,1.44,1244411000.0,1685954250.0,1244411000.0,14503303409.0,18.0,16.624,632522000.0,1.71,1.0,1349266000.0,0.679,503008000.0,0.0,758681000.0,1178352000.0,0.0,423145000.0,414028000.0,9117000.0,3781944000.0,3711740000.0,70204000.0,14613917409.0,-76343000.0,-36040000.0,-776687000.0,0.0,-386218000.0,-1306260000.0,519269000.0,643841000.0,710648000.0,0.0,545887000.0,545887000.0,545887000.0,0.0,0.0,0.275,596336000.0,752930000.0,63359000.0,0.708,11.744,26.771,27.083,264902000.0,0.0,39.0,7.353,7.258,213787000.0,815147000.0,1987558000.0,1987558000.0,0.0,0.097,0.324,0.675,0.4,26307000.0,596336000.0,1.0,374715831.0,369914000,371404000.0,5.373,4523347000.0,28415000.0,249147000.0,24057000.0,12.228,517864000.0
56,PAYX,MRT,2007-09-30,2007-08-31,2007-08-31,2021-10-01,-4096000.0,5557937000.0,5861877250.0,4259861000.0,1298076000.0,0.33,4.321,-82917000.0,110614000.0,110614000.0,626710000.0,531441000.0,1.108,2.38,0.0,0.0,0.0,0.0,6705000.0,75680000.0,3528373000.0,0.021,0.93,770324000.0,846004000.0,0.437,846004000.0,770324000.0,770324000.0,1.39,1.4,1.39,1644122000.0,1831753250.0,1644122000.0,16901907763.0,22.0,19.979,601608000.0,1.581,1.0,1308010000.0,0.676,505075000.0,0.0,1096758000.0,1309040250.0,0.0,849104000.0,338639000.0,510465000.0,3913815000.0,3845490000.0,68325000.0,16981260763.0,-233297000.0,-35696000.0,-302092000.0,0.0,-355425000.0,-731271000.0,-186551000.0,-47318000.0,684525000.0,0.0,531441000.0,531441000.0,531441000.0,0.0,0.0,0.275,582228000.0,725782000.0,91807000.0,0.669,10.328,31.953,31.964,260943000.0,0.0,44.43,8.777,8.739,210982000.0,1235588000.0,1934720000.0,1934720000.0,0.0,0.091,0.29,0.588,0.398,25485000.0,582228000.0,1.0,382202583.0,380539000,382255000.0,5.084,5052862000.0,28153000.0,238883000.0,68146000.0,13.278,414371000.0
57,PAYX,MRT,2007-06-30,2007-05-31,2007-05-31,2021-10-01,-9661000.0,6246519000.0,5938578000.0,4861319000.0,1385200000.0,0.318,5.122,-78904000.0,79353000.0,79353000.0,615479000.0,515447000.0,1.147,2.2,0.0,0.0,0.0,0.0,7758000.0,73418000.0,3982330000.0,0.02,0.79,743269000.0,816687000.0,0.433,816687000.0,743269000.0,743269000.0,1.35,1.35,1.35,1952248000.0,1857116250.0,1952248000.0,15349173372.0,21.0,18.794,552323000.0,1.449,1.0,1271485000.0,0.674,474925000.0,0.0,1454771000.0,1282393000.0,0.0,1144858000.0,511772000.0,633086000.0,4294271000.0,4237470000.0,56801000.0,15430094372.0,-58070000.0,-3100000.0,52916000.0,0.0,-301313000.0,127740000.0,-817037000.0,-713447000.0,631227000.0,0.0,515447000.0,515447000.0,515447000.0,0.0,0.0,0.273,569937000.0,701548000.0,46961000.0,0.585,7.904,29.935,29.926,256087000.0,0.0,40.4,8.177,8.16,186273000.0,1595105000.0,1886964000.0,1886964000.0,0.0,0.087,0.278,0.58,0.394,25690000.0,569937000.0,1.0,381933029.0,381149000,382802000.0,4.951,5771594000.0,47894000.0,227822000.0,9567000.0,15.143,623849000.0
58,PAYX,MRT,2007-03-31,2007-02-28,2007-02-28,2021-10-01,-3966000.0,5771814000.0,5764273750.0,4443641000.0,1328173000.0,0.319,4.989,-86150000.0,80921000.0,80921000.0,603495000.0,517087000.0,1.166,2.033,0.0,0.0,0.0,0.0,7731000.0,71591000.0,3551790000.0,0.018,0.74,747489000.0,819080000.0,0.445,819080000.0,747489000.0,747489000.0,1.37,1.35,1.37,1903036000.0,1782765000.0,1903036000.0,15355066236.0,21.0,18.747,557451000.0,1.461,1.0,1236601000.0,0.672,476211000.0,0.0,1403198000.0,1195440500.0,0.0,1145784000.0,566888000.0,578896000.0,3868778000.0,3811484000.0,57294000.0,15484335236.0,-54797000.0,-3100000.0,48364000.0,0.0,-281907000.0,394742000.0,-1093140000.0,-984778000.0,643601000.0,0.0,517087000.0,517087000.0,517087000.0,0.0,0.0,0.281,527389000.0,709212000.0,55954000.0,0.54,8.137,29.945,29.657,253485000.0,0.0,40.63,8.415,8.423,163673000.0,1554254000.0,1840096000.0,1840096000.0,0.0,0.09,0.29,0.625,0.406,23316000.0,527389000.0,1.0,381105962.0,381475000,383335000.0,4.824,5295603000.0,34135000.0,230402000.0,24175000.0,13.882,632157000.0
59,PAYX,MRT,2006-12-31,2006-11-30,2006-11-30,2021-10-01,-1879000.0,5871239000.0,5751219000.0,4586017000.0,1285222000.0,0.31,4.8,-82342000.0,129269000.0,129269000.0,590438000.0,505021000.0,1.151,2.213,0.0,0.0,0.0,0.0,5288000.0,69043000.0,3772928000.0,0.018,0.69,730969000.0,800012000.0,0.448,800012000.0,730969000.0,730969000.0,1.34,1.32,1.34,1827607000.0,1702153500.0,1827607000.0,14648835655.0,20.0,18.311,531829000.0,1.397,1.0,1194957000.0,0.669,475083000.0,0.0,1281434000.0,1103049500.0,0.0,933658000.0,389831000.0,543827000.0,4043632000.0,3985453000.0,58179000.0,14992746655.0,84564000.0,-320000.0,32073000.0,0.0,-262486000.0,393763000.0,-923370000.0,-823160000.0,614171000.0,0.0,505021000.0,505021000.0,505021000.0,0.0,0.0,0.283,498129000.0,696828000.0,39908000.0,0.515,8.203,29.687,29.41,246638000.0,0.0,39.41,8.397,8.404,215563000.0,1507826000.0,1785395000.0,1785395000.0,0.0,0.088,0.297,0.663,0.409,17456000.0,498129000.0,1.0,380430009.0,380747000,382433000.0,4.689,5396156000.0,27474000.0,225948000.0,13240000.0,14.173,600564000.0
60,PAYX,MRT,2006-09-30,2006-08-31,2006-08-31,2021-10-01,-7555000.0,5864740000.0,5313416250.0,4711249000.0,1153491000.0,0.326,4.589,-76589000.0,343911000.0,343911000.0,574918000.0,484967000.0,1.159,2.36,0.0,0.0,0.0,0.0,5748000.0,67371000.0,3805798000.0,0.018,0.64,702857000.0,770228000.0,0.445,770228000.0,702857000.0,702857000.0,1.29,1.27,1.29,1745574000.0,1625531250.0,1745574000.0,13535574414.0,19.0,17.573,531228000.0,1.397,1.0,1155337000.0,0.668,465815000.0,0.0,990169000.0,980055000.0,0.0,740115000.0,309322000.0,430793000.0,4119166000.0,4064845000.0,54321000.0,13672997414.0,144538000.0,-320000.0,29692000.0,0.0,-243168000.0,407633000.0,-870912000.0,-787753000.0,607817000.0,0.0,484967000.0,484967000.0,484967000.0,0.0,0.0,0.28,482232000.0,673105000.0,47067000.0,0.496,7.833,28.194,27.868,237131000.0,0.0,35.95,7.902,7.903,194891000.0,1455176000.0,1730255000.0,1730255000.0,0.0,0.091,0.298,0.717,0.406,15658000.0,482232000.0,1.0,380333725.0,380360000,381876000.0,4.549,5398925000.0,25595000.0,217890000.0,65834000.0,14.194,646404000.0
61,PAYX,MRT,2006-06-30,2006-05-31,2006-05-31,2021-10-01,-14326000.0,5549302000.0,4871191750.0,4444301000.0,1105001000.0,0.344,4.361,-81101000.0,137423000.0,137423000.0,560255000.0,464914000.0,1.158,2.353,0.0,0.0,0.0,0.0,5809000.0,66517000.0,3606193000.0,0.017,0.61,674766000.0,741283000.0,0.443,741283000.0,674766000.0,674766000.0,1.23,1.22,1.23,1654843000.0,1553621000.0,1654843000.0,13805751657.0,20.0,18.624,488132000.0,1.286,1.0,1114341000.0,0.665,466546000.0,0.0,1106961000.0,907704000.0,0.0,824488000.0,440007000.0,384481000.0,3894459000.0,3838372000.0,56087000.0,13941469657.0,59754000.0,-726000.0,32125000.0,0.0,-231554000.0,421378000.0,-930857000.0,-844783000.0,569233000.0,0.0,464914000.0,464914000.0,464914000.0,0.0,0.0,0.278,464770000.0,649571000.0,46668000.0,0.496,8.425,29.987,29.846,234664000.0,0.0,36.71,8.325,8.319,189835000.0,1380971000.0,1674596000.0,1674596000.0,0.0,0.095,0.299,0.743,0.403,11587000.0,464770000.0,1.0,379773077.0,379465000,381351000.0,4.413,5082756000.0,38671000.0,209852000.0,15481000.0,13.395,605929000.0
62,PAYX,MRT,2006-03-31,2006-02-28,2006-02-28,2021-10-01,-12074000.0,5719595000.0,4638220750.0,5020201000.0,699394000.0,0.348,4.163,-85994000.0,135718000.0,135718000.0,538991000.0,443655000.0,1.23,2.619,0.0,0.0,0.0,0.0,5339000.0,67702000.0,3851815000.0,0.014,0.58,645903000.0,713605000.0,0.442,713605000.0,645903000.0,645903000.0,1.16,1.17,1.16,1580590000.0,1486329250.0,1580590000.0,14887017537.0,23.0,20.862,472058000.0,1.243,1.0,1074147000.0,0.666,469492000.0,0.0,1033634000.0,851453750.0,0.0,798824000.0,798824000.0,0.0,4139005000.0,4080751000.0,58254000.0,15202833537.0,23001000.0,-1170000.0,24018000.0,0.0,-219930000.0,-195912000.0,-339139000.0,-247130000.0,558052000.0,0.0,443655000.0,443655000.0,443655000.0,0.0,0.0,0.275,449295000.0,624852000.0,28005000.0,0.5,9.618,34.267,34.526,223561000.0,0.0,40.05,9.424,9.426,155321000.0,1319074000.0,1613138000.0,1613138000.0,0.0,0.096,0.298,0.759,0.4,8673000.0,449295000.0,1.0,379596343.0,379680000,381751000.0,4.249,5250103000.0,37108000.0,202248000.0,37929000.0,13.828,939450000.0
63,PAYX,MRT,2005-12-31,2005-11-30,2005-11-30,2021-10-01,-12935000.0,4120028000.0,4365613250.0,3422281000.0,697747000.0,0.357,4.011,-82102000.0,315816000.0,315816000.0,523352000.0,421903000.0,1.346,1.709,0.0,0.0,0.0,0.0,3505000.0,65548000.0,2352684000.0,0.013,0.55,617426000.0,682974000.0,0.439,682974000.0,617426000.0,617426000.0,1.11,1.11,1.11,1521118000.0,1424029500.0,1521118000.0,15735548120.0,25.0,23.04,417941000.0,1.102,1.0,1033061000.0,0.664,472322000.0,0.0,789456000.0,746375500.0,0.0,476691000.0,476691000.0,0.0,2598910000.0,2542434000.0,56476000.0,16072869120.0,-10291000.0,-850000.0,22113000.0,0.0,-208375000.0,-186262000.0,-324072000.0,-236937000.0,500043000.0,0.0,421903000.0,421903000.0,421903000.0,0.0,0.0,0.271,433427000.0,599634000.0,25346000.0,0.495,10.566,38.096,38.207,218900000.0,0.0,42.41,10.327,10.335,210401000.0,1265291000.0,1556413000.0,1556413000.0,0.0,0.097,0.296,0.827,0.397,8237000.0,433427000.0,1.0,378987718.0,379268000,381256000.0,4.104,3647706000.0,25785000.0,195523000.0,17056000.0,9.618,879847000.0
64,PAYX,MRT,2005-09-30,2005-08-31,2005-08-31,2021-10-01,-7745000.0,4095842000.0,4344380500.0,3401229000.0,694613000.0,0.346,3.849,-77071000.0,337321000.0,337321000.0,510854000.0,396156000.0,1.317,1.809,0.0,0.0,0.0,0.0,3542000.0,63838000.0,2356191000.0,0.015,0.52,582918000.0,646756000.0,0.43,646756000.0,582918000.0,582918000.0,1.04,1.04,1.04,1457933000.0,1366183750.0,1457933000.0,12644281575.0,22.0,19.55,425516000.0,1.123,1.0,993029000.0,0.66,474254000.0,0.0,700765000.0,702103000.0,0.0,459853000.0,459853000.0,0.0,2637909000.0,2583502000.0,54407000.0,12925225575.0,163151000.0,-850000.0,11592000.0,0.0,-196858000.0,-185266000.0,-154170000.0,-73153000.0,502587000.0,0.0,396156000.0,396156000.0,396156000.0,0.0,0.0,0.263,425102000.0,567927000.0,28978000.0,0.5,8.865,32.627,32.817,213573000.0,0.0,34.13,8.595,8.597,189317000.0,1213377000.0,1503883000.0,1503883000.0,0.0,0.091,0.29,0.83,0.388,5171000.0,425102000.0,1.0,378705701.0,378810000,380180000.0,3.97,3621588000.0,24563000.0,186762000.0,61222000.0,9.56,817727000.0
65,PAYX,MRT,2005-06-30,2005-05-31,2005-05-31,2021-10-01,-6421000.0,4617418000.0,4305108750.0,3522007000.0,1095411000.0,0.336,3.663,-67180000.0,77669000.0,77669000.0,499025000.0,368849000.0,1.107,2.332,0.0,0.0,0.0,0.0,4271000.0,62004000.0,2985386000.0,0.018,0.51,546166000.0,608170000.0,0.421,608170000.0,546166000.0,546166000.0,0.97,0.97,0.97,1385676000.0,1315543500.0,1385676000.0,10650781234.0,20.0,17.513,399444000.0,1.056,1.0,946118000.0,0.655,477450000.0,0.0,881960000.0,673965750.0,0.0,629871000.0,225719000.0,404152000.0,3231742000.0,3180339000.0,51403000.0,10929893234.0,35088000.0,-444000.0,9026000.0,0.0,-192976000.0,-183950000.0,-247586000.0,-177220000.0,466624000.0,0.0,368849000.0,368849000.0,368849000.0,0.0,0.0,0.255,412343000.0,533775000.0,30385000.0,0.526,7.888,29.632,29.773,205319000.0,0.0,28.88,7.563,7.561,161849000.0,1147611000.0,1445143000.0,1445143000.0,0.0,0.086,0.28,0.81,0.378,4516000.0,412343000.0,1.0,378458907.0,378337000,379763000.0,3.82,4139968000.0,26940000.0,177317000.0,17545000.0,10.943,341668000.0
66,PAYX,MRT,2005-03-31,2005-02-28,2005-02-28,2021-10-01,-4857000.0,4629165000.0,4138305000.0,3965113000.0,664052000.0,0.337,3.518,-48810000.0,279112000.0,279112000.0,612411000.0,328773000.0,1.218,2.477,0.0,0.0,0.0,0.0,5081000.0,57723000.0,3063172000.0,0.016,0.5,490289000.0,548012000.0,0.392,548012000.0,490289000.0,490289000.0,0.87,0.86,0.87,1331391000.0,1269117750.0,1331391000.0,11848395549.0,24.0,21.621,381716000.0,1.009,1.0,784099000.0,0.561,480039000.0,0.0,613321000.0,583127000.0,0.0,414269000.0,414269000.0,0.0,3297774000.0,3256693000.0,41081000.0,12080302549.0,-46773000.0,-12608000.0,11357000.0,0.0,-189107000.0,-177750000.0,-299549000.0,-236524000.0,430526000.0,0.0,328773000.0,328773000.0,328773000.0,0.0,0.0,0.235,306202000.0,477897000.0,23385000.0,0.575,9.073,36.744,36.701,176578000.0,0.0,31.93,8.65,8.652,146827000.0,1095349000.0,1396510000.0,1396510000.0,0.0,0.079,0.259,0.841,0.351,5726000.0,306202000.0,1.0,378337067.0,378403000,379814000.0,3.691,4149126000.0,26162000.0,161516000.0,35033000.0,10.965,708420000.0
67,PAYX,MRT,2004-12-31,2004-11-30,2004-11-30,2021-10-01,-440000.0,4035097000.0,4049779250.0,3370041000.0,665056000.0,0.337,3.41,-44889000.0,231907000.0,231907000.0,561803000.0,316509000.0,1.245,2.129,0.0,0.0,0.0,0.0,3915000.0,57024000.0,2529098000.0,0.015,0.49,471447000.0,528471000.0,0.387,528471000.0,471447000.0,471447000.0,0.83,0.83,0.83,1289735000.0,1235148000.0,1289735000.0,12327856109.0,26.0,23.327,361543000.0,0.956,1.0,803452000.0,0.588,483411000.0,0.0,612366000.0,562549000.0,0.0,365773000.0,365773000.0,0.0,2745362000.0,2707413000.0,37949000.0,12540989109.0,-30111000.0,-13213000.0,11888000.0,0.0,-185229000.0,-173341000.0,-263202000.0,-203389000.0,406432000.0,0.0,316509000.0,316509000.0,316509000.0,0.0,0.0,0.232,344464000.0,458988000.0,25438000.0,0.59,9.724,39.623,39.952,173842000.0,0.0,33.16,9.186,9.187,182730000.0,1051763000.0,1365255000.0,1365255000.0,0.0,0.078,0.256,0.838,0.345,6043000.0,344464000.0,1.0,378196294.0,378265000,379696000.0,3.609,3551686000.0,14865000.0,154938000.0,15581000.0,9.389,662628000.0
68,PAYX,MRT,2004-09-30,2004-08-31,2004-08-31,2021-10-01,5755000.0,3938755000.0,3956132000.0,3272342000.0,666413000.0,0.336,3.32,-50520000.0,213133000.0,213133000.0,513386000.0,310328000.0,1.235,2.138,0.0,0.0,0.0,0.0,3829000.0,56314000.0,2449484000.0,0.016,0.48,461684000.0,517998000.0,0.389,517998000.0,461684000.0,461684000.0,0.81,0.81,0.81,1255372000.0,1201364250.0,1255372000.0,10998530396.0,24.0,21.233,351424000.0,0.929,1.0,816683000.0,0.614,486665000.0,0.0,588216000.0,550037500.0,0.0,379735000.0,379735000.0,0.0,2683383000.0,2650741000.0,32642000.0,11218022396.0,-46466000.0,-13213000.0,16229000.0,0.0,-181334000.0,-165105000.0,-283305000.0,-217643000.0,401944000.0,0.0,310328000.0,310328000.0,310328000.0,0.0,0.0,0.233,369778000.0,446905000.0,24583000.0,0.593,8.936,36.149,36.63,171573000.0,0.0,29.67,8.434,8.434,165770000.0,1014079000.0,1330069000.0,1330069000.0,0.0,0.078,0.258,0.839,0.347,9689000.0,369778000.0,1.0,378093104.0,378107000,379706000.0,3.518,3452090000.0,16898000.0,151356000.0,43994000.0,9.13,621601000.0
69,PAYX,MRT,2004-06-30,2004-05-31,2004-05-31,2021-10-01,-2709000.0,3950203000.0,3874527250.0,3280447000.0,669756000.0,0.334,3.18,-50555000.0,219492000.0,219492000.0,463465000.0,302950000.0,1.205,2.292,0.0,0.0,0.0,0.0,3650000.0,55837000.0,2555224000.0,0.013,0.47,449784000.0,505621000.0,0.391,505621000.0,449784000.0,449784000.0,0.8,0.8,0.8,1199973000.0,1164828000.0,1199973000.0,13957544875.0,31.0,27.605,338447000.0,0.897,1.0,830882000.0,0.642,490203000.0,0.0,518605000.0,531913000.0,0.0,304348000.0,304348000.0,0.0,2750230000.0,2721903000.0,28327000.0,14166165875.0,11841000.0,-13213000.0,18270000.0,0.0,-177408000.0,-159138000.0,-218023000.0,-151860000.0,389002000.0,0.0,302950000.0,302950000.0,302950000.0,0.0,0.0,0.234,397567000.0,433315000.0,22589000.0,0.588,11.805,46.761,46.888,171346000.0,0.0,37.51,10.945,10.936,135764000.0,971738000.0,1294347000.0,1294347000.0,0.0,0.078,0.26,0.846,0.347,10194000.0,397567000.0,1.0,377663713.0,377371000,379524000.0,3.43,3460000000.0,27608000.0,146834000.0,14396000.0,9.169,558544000.0
70,PAYX,MRT,2004-03-31,2004-02-29,2004-02-29,2021-10-01,16013000.0,4275062000.0,3809672250.0,3616734000.0,658328000.0,0.329,3.166,-50892000.0,208621000.0,208621000.0,294955000.0,312885000.0,1.185,2.576,0.0,0.0,0.0,0.0,3610000.0,54991000.0,2901200000.0,0.014,0.46,463460000.0,518451000.0,0.414,518451000.0,463460000.0,463460000.0,0.82,0.82,0.82,1195512000.0,1134177500.0,1195512000.0,11965455813.0,26.0,23.079,337394000.0,0.894,1.0,958811000.0,0.765,482724000.0,0.0,531009000.0,535097250.0,0.0,328574000.0,328574000.0,0.0,3079550000.0,3052708000.0,26842000.0,12099693813.0,39018000.0,-180506000.0,16489000.0,0.0,-173485000.0,-156996000.0,-192272000.0,41267000.0,388286000.0,0.0,312885000.0,312885000.0,312885000.0,0.0,0.0,0.25,514494000.0,444317000.0,20500000.0,0.561,10.121,38.671,39.085,169054000.0,0.0,32.05,9.651,9.653,115726000.0,955683000.0,1253766000.0,1253766000.0,0.0,0.082,0.276,0.866,0.37,9752000.0,514494000.0,1.0,377525548.0,377601000,379795000.0,3.32,3792338000.0,10629000.0,150575000.0,32904000.0,10.043,564026000.0
71,PAYX,MRT,2003-12-31,2003-11-30,2003-11-30,2021-10-01,13636000.0,3660508000.0,3659700250.0,2998451000.0,662057000.0,0.328,3.06,-52053000.0,134238000.0,134238000.0,284722000.0,303888000.0,1.21,2.17,0.0,0.0,0.0,0.0,2608000.0,52541000.0,2349175000.0,0.012,0.45,449000000.0,501541000.0,0.418,501541000.0,449000000.0,449000000.0,0.8,0.8,0.8,1154600000.0,1096127250.0,1154600000.0,14361432924.0,32.0,28.635,329799000.0,0.874,1.0,914227000.0,0.763,486444000.0,0.0,562320000.0,546616500.0,0.0,315505000.0,315505000.0,0.0,2505908000.0,2477506000.0,28402000.0,14493251924.0,35722000.0,-179901000.0,15803000.0,0.0,-169568000.0,-153765000.0,-192365000.0,44291000.0,381852000.0,0.0,303888000.0,303888000.0,303888000.0,0.0,0.0,0.253,484964000.0,429263000.0,22487000.0,0.562,12.553,47.693,48.05,169021000.0,0.0,38.44,12.088,12.096,148760000.0,920483000.0,1198949000.0,1198949000.0,0.0,0.083,0.277,0.821,0.374,9480000.0,484964000.0,1.0,377035690.0,377263000,379649000.0,3.178,3174064000.0,0.0,145112000.0,24018000.0,8.413,520945000.0
72,PAYX,MRT,2003-09-30,2003-08-31,2003-08-31,2021-10-01,14522000.0,3612336000.0,3573827750.0,2956641000.0,655695000.0,0.323,2.944,-48410000.0,131819000.0,131819000.0,274069000.0,297855000.0,1.194,2.257,0.0,0.0,0.0,0.0,2706000.0,49376000.0,2343579000.0,0.012,0.44,439709000.0,489085000.0,0.423,489085000.0,439709000.0,439709000.0,0.79,0.79,0.79,1109227000.0,1057593750.0,1109227000.0,13498242176.0,31.0,27.599,321816000.0,0.854,1.0,881588000.0,0.763,488710000.0,0.0,515718000.0,556857250.0,0.0,306253000.0,306253000.0,0.0,2503109000.0,2476089000.0,27020000.0,13578113176.0,-9803000.0,-492594000.0,11378000.0,0.0,-165665000.0,-154287000.0,-225742000.0,319405000.0,370226000.0,0.0,297855000.0,297855000.0,297855000.0,0.0,0.0,0.258,467946000.0,413642000.0,21107000.0,0.557,12.241,45.586,45.62,160138000.0,0.0,36.04,11.749,11.752,128169000.0,885085000.0,1155657000.0,1155657000.0,0.0,0.083,0.282,0.79,0.38,6133000.0,467946000.0,1.0,376751198.0,376836000,378815000.0,3.067,3123626000.0,0.0,141854000.0,40777000.0,8.289,480552000.0
73,PAYX,MRT,2003-06-30,2003-05-31,2003-05-31,2021-10-01,28695000.0,3690783000.0,3438028000.0,3032642000.0,658141000.0,0.32,2.863,-60195000.0,79871000.0,79871000.0,258862000.0,293452000.0,1.172,2.426,0.0,0.0,0.0,0.0,3645000.0,43378000.0,2465622000.0,0.014,0.44,431544000.0,474922000.0,0.432,474922000.0,431544000.0,431544000.0,0.78,0.78,0.78,1077371000.0,1023321250.0,1077371000.0,11318971930.0,26.0,23.833,313365000.0,0.833,1.0,840217000.0,0.764,492045000.0,0.0,531342000.0,634994500.0,0.0,301328000.0,301328000.0,0.0,2613412000.0,2587525000.0,25887000.0,11488574930.0,17974000.0,-492594000.0,8170000.0,0.0,-165448000.0,-157278000.0,-198308000.0,358355000.0,373560000.0,0.0,293452000.0,293452000.0,293452000.0,0.0,0.0,0.267,439176000.0,401041000.0,22213000.0,0.564,10.664,39.15,39.128,159039000.0,0.0,30.52,10.453,10.448,118512000.0,846196000.0,1099079000.0,1099079000.0,0.0,0.085,0.287,0.68,0.393,5545000.0,439176000.0,1.0,376427750.0,376263000,378083000.0,2.921,3198738000.0,600000.0,138092000.0,14533000.0,8.501,445117000.0
74,PAYX,MRT,2003-03-31,2003-02-28,2003-02-28,2021-10-01,29453000.0,3675174000.0,3253601000.0,3204435000.0,470739000.0,0.324,2.772,-70191000.0,169603000.0,169603000.0,244723000.0,290779000.0,1.224,2.523,0.0,0.0,0.0,0.0,4885000.0,37610000.0,2492505000.0,0.017,0.44,425438000.0,463048000.0,0.44,463048000.0,425438000.0,425438000.0,0.77,0.78,0.77,1043311000.0,984973750.0,1043311000.0,9775492221.0,23.0,21.111,266482000.0,0.708,1.0,808856000.0,0.768,309770000.0,0.0,577086000.0,716842000.0,0.0,382673000.0,382673000.0,0.0,2631863000.0,2618715000.0,13148000.0,9874008221.0,10008000.0,-312693000.0,12395000.0,0.0,-165361000.0,-152966000.0,-173699000.0,213874000.0,336673000.0,0.0,290779000.0,290779000.0,290779000.0,0.0,0.0,0.276,414134000.0,394722000.0,21627000.0,0.571,9.464,33.957,34.078,153815000.0,0.0,26.24,9.372,9.373,98839000.0,816283000.0,1053579000.0,1053579000.0,0.0,0.089,0.295,0.593,0.404,12286000.0,414134000.0,1.0,376296045.0,376356000,378081000.0,2.799,3365404000.0,0.0,134659000.0,21976000.0,8.942,585720000.0
75,PAYX,MRT,2002-12-31,2002-11-30,2002-11-30,2021-10-01,19105000.0,3317018000.0,3153566250.0,2847704000.0,469314000.0,0.32,2.659,-65694000.0,98516000.0,98516000.0,232456000.0,286231000.0,1.235,2.315,0.0,0.0,0.0,0.0,2464000.0,33401000.0,2203187000.0,0.015,0.44,415903000.0,449304000.0,0.445,449304000.0,415903000.0,415903000.0,0.76,0.77,0.76,1000466000.0,945220500.0,1000466000.0,10840562795.0,26.0,24.127,277014000.0,0.736,1.0,776134000.0,0.77,310030000.0,0.0,603283000.0,752892000.0,0.0,372234000.0,372234000.0,0.0,2316552000.0,2305189000.0,11363000.0,10982184795.0,2226000.0,-312693000.0,14929000.0,0.0,-165213000.0,-150284000.0,-190198000.0,190055000.0,342708000.0,0.0,286231000.0,286231000.0,286231000.0,0.0,0.0,0.284,395614000.0,380520000.0,19023000.0,0.579,10.977,38.368,38.421,151786000.0,0.0,29.2,10.889,10.891,122521000.0,786163000.0,1008590000.0,1008590000.0,0.0,0.091,0.303,0.552,0.412,14987000.0,395614000.0,1.0,376102219.0,376191000,377934000.0,2.681,3006988000.0,0.0,129672000.0,13564000.0,7.993,542515000.0
76,PAYX,MRT,2002-09-30,2002-08-31,2002-08-31,2021-10-01,27133000.0,3069137000.0,3017446750.0,2915508000.0,153629000.0,0.322,2.586,-69710000.0,141622000.0,141622000.0,223405000.0,280278000.0,1.395,2.157,0.0,0.0,0.0,0.0,2596000.0,30085000.0,1964913000.0,0.019,0.44,404582000.0,434667000.0,0.447,434667000.0,404582000.0,404582000.0,0.74,0.75,0.74,972137000.0,906747000.0,972137000.0,8733923454.0,22.0,20.093,281797000.0,0.75,1.0,749366000.0,0.77,8726000.0,0.0,828267000.0,788779250.0,0.0,642237000.0,642237000.0,0.0,2097000000.0,2090522000.0,6478000.0,8795820454.0,82297000.0,0.0,16280000.0,0.0,-165039000.0,-148759000.0,-120451000.0,-48649000.0,351507000.0,0.0,280278000.0,280278000.0,280278000.0,0.0,0.0,0.288,376957000.0,372409000.0,14956000.0,0.595,9.048,31.382,31.622,136981000.0,0.0,23.4,9.042,9.044,112177000.0,752895000.0,972771000.0,972771000.0,0.0,0.093,0.309,0.513,0.416,18104000.0,376957000.0,1.0,375889763.0,375955000,377949000.0,2.587,3060411000.0,170000.0,124304000.0,49458000.0,8.14,824986000.0
77,PAYX,MRT,2002-06-30,2002-05-31,2002-05-31,2021-10-01,17024000.0,2953075000.0,2948224750.0,2814574000.0,138501000.0,0.324,2.466,-54364000.0,61897000.0,61897000.0,220697000.0,274531000.0,1.391,2.196,0.0,0.0,0.0,0.0,4137000.0,29509000.0,1930893000.0,0.012,0.42,395009000.0,424518000.0,0.445,424518000.0,395009000.0,395009000.0,0.73,0.73,0.73,923981000.0,867646250.0,923981000.0,12837695260.0,32.0,30.241,249457000.0,0.666,1.0,734213000.0,0.769,9040000.0,0.0,858732000.0,769866250.0,0.0,663316000.0,663316000.0,0.0,2029094000.0,2023406000.0,5688000.0,12997290260.0,16113000.0,0.0,21031000.0,0.0,-157481000.0,-136450000.0,-151258000.0,-94728000.0,303821000.0,0.0,274531000.0,274531000.0,274531000.0,0.0,0.0,0.287,370519000.0,363694000.0,14104000.0,0.575,14.067,47.344,47.466,121566000.0,0.0,34.65,13.611,13.598,109858000.0,718192000.0,954910000.0,954910000.0,0.0,0.093,0.316,0.513,0.414,24101000.0,370519000.0,1.0,375102172.0,374747000,378002000.0,2.548,2944035000.0,0.0,120478000.0,12701000.0,7.856,791168000.0
78,PAYX,MRT,2002-03-31,2002-02-28,2002-02-28,2021-10-01,20539000.0,3275035000.0,2936755000.0,3149088000.0,125947000.0,0.32,2.359,-48986000.0,159595000.0,159595000.0,218180000.0,273625000.0,1.32,2.704,0.0,0.0,0.0,0.0,5189000.0,28962000.0,2255740000.0,0.011,0.4,392322000.0,421284000.0,0.449,421284000.0,392322000.0,392322000.0,0.73,0.73,0.73,884298000.0,826111500.0,884298000.0,13750367004.0,35.0,32.639,277061000.0,0.739,1.0,721042000.0,0.768,8852000.0,0.0,721286000.0,732172750.0,0.0,600499000.0,600499000.0,0.0,2390737000.0,2385302000.0,5435000.0,13846657004.0,52799000.0,0.0,16931000.0,0.0,-149796000.0,-132865000.0,-140383000.0,-88612000.0,326047000.0,0.0,273625000.0,273625000.0,273625000.0,0.0,0.0,0.291,361411000.0,359631000.0,15056000.0,0.548,15.658,50.605,50.616,106914000.0,0.0,36.95,14.743,14.75,86424000.0,690865000.0,939222000.0,939222000.0,0.0,0.093,0.331,0.536,0.418,18796000.0,361411000.0,1.0,374740379.0,374922000,378096000.0,2.505,3266183000.0,1247000.0,118697000.0,28904000.0,8.712,763786000.0
79,PAYX,MRT,2001-12-31,2001-11-30,2001-11-30,2021-10-01,16145000.0,2772540000.0,2785779000.0,2647440000.0,125100000.0,0.332,2.26,-54590000.0,96290000.0,96290000.0,215817000.0,273004000.0,1.379,2.275,0.0,0.0,0.0,0.0,3344000.0,28355000.0,1829619000.0,0.011,0.38,390794000.0,419149000.0,0.453,419149000.0,390794000.0,390794000.0,0.73,0.73,0.73,846572000.0,784384750.0,846572000.0,13044927488.0,33.0,31.122,255265000.0,0.682,1.0,709861000.0,0.767,9316000.0,0.0,746832000.0,703572750.0,0.0,563893000.0,563893000.0,0.0,1925968000.0,1920102000.0,5866000.0,13104252488.0,63729000.0,0.0,15369000.0,0.0,-142117000.0,-126748000.0,-119378000.0,-58875000.0,309855000.0,0.0,273004000.0,273004000.0,273004000.0,0.0,0.0,0.295,350565000.0,359296000.0,12179000.0,0.521,15.479,48.0,47.959,107071000.0,0.0,35.01,14.156,14.164,112911000.0,665145000.0,925678000.0,925678000.0,0.0,0.098,0.348,0.555,0.422,38439000.0,350565000.0,1.0,374300271.0,374512000,377614000.0,2.472,2763224000.0,0.0,117790000.0,21039000.0,7.378,727338000.0
80,PAYX,MRT,2001-09-30,2001-08-31,2001-08-31,2021-10-01,20353000.0,2792249000.0,2743601250.0,2676899000.0,115350000.0,0.328,2.181,-46304000.0,59325000.0,59325000.0,208181000.0,266432000.0,1.358,2.423,0.0,0.0,0.0,0.0,3239000.0,27297000.0,1864581000.0,0.01,0.36,380910000.0,408207000.0,0.453,408207000.0,380910000.0,380910000.0,0.72,0.71,0.72,815734000.0,739057500.0,815734000.0,13826424065.0,36.0,33.871,253118000.0,0.677,1.0,692607000.0,0.769,9476000.0,0.0,752615000.0,674719000.0,0.0,593649000.0,593649000.0,0.0,1976515000.0,1970833000.0,5682000.0,13872208065.0,11322000.0,0.0,17424000.0,0.0,-134457000.0,-117033000.0,-171067000.0,-118903000.0,299422000.0,0.0,266432000.0,266432000.0,266432000.0,0.0,0.0,0.296,340969000.0,351638000.0,13136000.0,0.5,17.006,52.067,51.486,96699000.0,0.0,37.07,15.4,15.39,112682000.0,637656000.0,900788000.0,900788000.0,0.0,0.097,0.361,0.565,0.423,34126000.0,340969000.0,1.0,374216565.0,373978000,377747000.0,2.409,2782773000.0,266000.0,114478000.0,35870000.0,7.441,706066000.0
81,PAYX,MRT,2001-06-30,2001-05-31,2001-05-31,2021-10-01,13067000.0,2907196000.0,2673264500.0,2791273000.0,115923000.0,0.325,2.033,-45218000.0,45784000.0,45784000.0,200352000.0,254869000.0,1.302,2.836,0.0,0.0,0.0,0.0,4421000.0,26439000.0,2031565000.0,0.009,0.33,363981000.0,390420000.0,0.449,390420000.0,363981000.0,363981000.0,0.68,0.68,0.68,757842000.0,690151750.0,757842000.0,14240007274.0,39.0,36.474,259720000.0,0.697,1.0,669505000.0,0.77,9612000.0,0.0,707958000.0,629313250.0,0.0,568217000.0,568217000.0,0.0,2149354000.0,2143842000.0,5512000.0,14346803274.0,-1352000.0,0.0,14600000.0,0.0,-123112000.0,-108512000.0,-197778000.0,-144270000.0,304938000.0,0.0,254869000.0,254869000.0,254869000.0,0.0,0.0,0.293,332803000.0,336702000.0,16377000.0,0.485,18.931,56.291,56.515,96078000.0,0.0,38.43,16.493,16.469,100640000.0,601142000.0,869857000.0,869857000.0,0.0,0.095,0.369,0.578,0.418,26411000.0,332803000.0,1.0,373323010.0,372777000,377510000.0,2.333,2897584000.0,1361000.0,109112000.0,14779000.0,7.773,647431000.0
82,PAYX,MRT,2001-03-31,2001-02-28,2001-02-28,2021-10-01,13231000.0,2671131000.0,2560359750.0,2564742000.0,106389000.0,0.327,1.923,-37396000.0,106796000.0,106796000.0,194193000.0,238667000.0,1.316,2.723,0.0,0.0,0.0,0.0,6093000.0,25608000.0,1823693000.0,0.008,0.3,342589000.0,368197000.0,0.439,368197000.0,342589000.0,342589000.0,0.65,0.64,0.65,717391000.0,641549250.0,717391000.0,14861475104.0,43.0,40.363,274986000.0,0.737,1.0,644230000.0,0.768,8843000.0,0.0,606886000.0,581301750.0,0.0,2339690000.0,2339690000.0,0.0,1953740000.0,1948606000.0,5134000.0,14894036104.0,41957000.0,0.0,13799000.0,0.0,-111759000.0,-98029000.0,-172396000.0,-127679000.0,312382000.0,0.0,238667000.0,238667000.0,238667000.0,0.0,0.0,0.285,325299000.0,318931000.0,14116000.0,0.462,20.761,62.405,61.446,86291000.0,0.0,39.94,17.764,17.771,89898000.0,566993000.0,838423000.0,838423000.0,0.0,0.093,0.372,0.589,0.409,42505000.0,325299000.0,1.0,372910268.0,373057000,377681000.0,2.247,2662288000.0,2294000.0,103922000.0,23153000.0,7.136,616136000.0
83,PAYX,MRT,2000-12-31,2000-11-30,2000-11-30,2021-10-01,2192000.0,2603829000.0,2509978250.0,2505069000.0,98760000.0,0.319,1.785,-37131000.0,32561000.0,32561000.0,185781000.0,221936000.0,1.296,2.914,0.0,0.0,0.0,0.0,4521000.0,24848000.0,1842179000.0,0.005,0.27,320388000.0,345236000.0,0.431,345236000.0,320388000.0,320388000.0,0.6,0.59,0.6,665263000.0,594272250.0,665263000.0,21591189683.0,67.0,62.54,245579000.0,0.659,1.0,615569000.0,0.768,6442000.0,0.0,631417000.0,546729750.0,0.0,2334738000.0,2334738000.0,0.0,1938566000.0,1933409000.0,5157000.0,21639192683.0,8716000.0,0.0,14526000.0,0.0,-100450000.0,-85993000.0,-188001000.0,-145073000.0,282710000.0,0.0,221936000.0,221936000.0,221936000.0,0.0,0.0,0.277,315617000.0,299952000.0,14346000.0,0.45,32.527,97.502,96.883,80272000.0,0.0,58.13,27.003,27.03,108251000.0,534215000.0,801350000.0,801350000.0,0.0,0.088,0.373,0.586,0.4,19440000.0,315617000.0,1.0,372255164.0,372618000,377839000.0,2.151,2597387000.0,2915000.0,98452000.0,5141000.0,6.971,571660000.0
84,PAYX,MRT,2000-09-30,2000-08-31,2000-08-31,2021-10-01,2766000.0,2510902000.0,2365870500.0,2416332000.0,94570000.0,0.324,1.667,-33996000.0,48003000.0,48003000.0,180042000.0,205600000.0,1.282,3.049,0.0,0.0,0.0,0.0,3514000.0,24506000.0,1783446000.0,0.005,0.24,297360000.0,321866000.0,0.42,321866000.0,297360000.0,297360000.0,0.55,0.55,0.55,620111000.0,551911500.0,620111000.0,16564785799.0,56.0,51.465,228024000.0,0.613,1.0,585568000.0,0.765,6731000.0,0.0,570992000.0,508194750.0,0.0,2247206000.0,2247206000.0,0.0,1890791000.0,1885176000.0,5615000.0,16611921799.0,-21235000.0,0.0,13378000.0,0.0,-89133000.0,-75824000.0,-207431000.0,-163902000.0,262020000.0,0.0,205600000.0,205600000.0,205600000.0,0.0,0.0,0.269,306533000.0,279035000.0,14020000.0,0.436,26.789,80.797,81.145,75576000.0,0.0,44.63,21.698,21.686,93970000.0,505681000.0,765610000.0,765610000.0,0.0,0.087,0.373,0.585,0.388,19440000.0,306533000.0,1.0,372214246.0,372015000,377165000.0,2.058,2504171000.0,2770000.0,91760000.0,18611000.0,6.731,531156000.0
85,PAYX,MRT,2000-06-30,2000-05-31,2000-05-31,2021-10-01,-8575000.0,2455577000.0,2230131000.0,2362575000.0,93002000.0,0.326,1.52,-32888000.0,47136000.0,47136000.0,173481000.0,190007000.0,1.252,3.358,0.0,0.0,0.0,0.0,4719000.0,23903000.0,1785140000.0,0.006,0.22,275372000.0,299275000.0,0.411,299275000.0,275372000.0,275372000.0,0.51,0.51,0.51,563432000.0,512498000.0,563432000.0,12930634680.0,47.0,43.207,216140000.0,0.583,1.0,554638000.0,0.762,5584000.0,0.0,515912000.0,465015750.0,0.0,412357000.0,412357000.0,0.0,1892145000.0,1886945000.0,5200000.0,12995473680.0,-5556000.0,0.0,11242000.0,0.0,-81583000.0,-70410000.0,-184174000.0,-144322000.0,249028000.0,0.0,190007000.0,190007000.0,190007000.0,0.0,0.0,0.261,295745000.0,258893000.0,17086000.0,0.431,23.065,68.395,68.627,75375000.0,0.0,35.0,17.848,17.815,87608000.0,469385000.0,728119000.0,728119000.0,0.0,0.085,0.371,0.592,0.378,19440000.0,295745000.0,1.0,371299248.0,370603000,375081000.0,1.965,2449993000.0,12033000.0,85365000.0,2969000.0,6.611,475630000.0
86,PAYX,MRT,2000-03-31,2000-02-29,2000-02-29,2021-10-01,-6976000.0,2469605000.0,2084512000.0,2378966000.0,90639000.0,0.33,1.424,-28044000.0,64839000.0,64839000.0,164905000.0,176338000.0,1.229,3.675,0.0,0.0,0.0,0.0,5963000.0,23530000.0,1837599000.0,0.006,0.2,256620000.0,280150000.0,0.407,280150000.0,256620000.0,256620000.0,0.477,0.467,0.477,528283000.0,480590000.0,528283000.0,12347823458.0,48.0,44.076,210279000.0,0.567,1.0,522664000.0,0.76,0.0,0.0,468598000.0,431951500.0,0.0,2204167000.0,2204167000.0,0.0,1941322000.0,1936168000.0,5154000.0,12371668458.0,10274000.0,0.0,11030000.0,0.0,-74056000.0,-63087000.0,-164962000.0,-130330000.0,238323000.0,0.0,176338000.0,176338000.0,176338000.0,0.0,0.0,0.256,281139000.0,241525000.0,12810000.0,0.419,23.419,70.159,69.965,72757000.0,0.0,33.373,17.993,18.006,77337000.0,441435000.0,687569000.0,687569000.0,0.0,0.085,0.367,0.594,0.373,0.0,281139000.0,1.0,370705208.0,370973000,377723000.0,1.853,2469605000.0,11976000.0,80282000.0,12062000.0,6.657,442798000.0
87,PAYX,MRT,1999-12-31,1999-11-30,1999-11-30,2021-10-01,-3239000.0,2027398000.0,1957193750.0,1942086000.0,85312000.0,0.334,1.339,-20996000.0,23845000.0,23845000.0,159930000.0,162917000.0,1.272,3.089,0.0,0.0,0.0,0.0,3732000.0,23150000.0,1451733000.0,0.007,0.18,236271000.0,259421000.0,0.397,259421000.0,236271000.0,236271000.0,0.447,0.437,0.447,495820000.0,451176750.0,495820000.0,9779601388.0,41.0,37.698,192456000.0,0.52,1.0,493879000.0,0.755,0.0,0.0,477277000.0,405092250.0,0.0,1806473000.0,1806473000.0,0.0,1531578000.0,1526276000.0,5302000.0,9848839388.0,-5531000.0,0.0,8829000.0,0.0,-66549000.0,-57781000.0,-161202000.0,-132625000.0,213452000.0,0.0,162917000.0,162917000.0,162917000.0,0.0,0.0,0.249,271764000.0,222115000.0,10946000.0,0.403,19.864,60.453,59.567,67357000.0,0.0,26.627,15.064,15.079,84260000.0,414080000.0,653809000.0,653809000.0,0.0,0.083,0.361,0.583,0.361,0.0,271764000.0,1.0,369886306.0,370258000,374717000.0,1.766,2027398000.0,2762000.0,73354000.0,0.0,5.476,415810000.0
88,PAYX,MRT,1999-09-30,1999-08-31,1999-08-31,2021-10-01,-2407000.0,1967944000.0,1842903000.0,1889395000.0,78549000.0,0.339,1.251,-23902000.0,69238000.0,69238000.0,155437000.0,150735000.0,1.259,3.255,0.0,0.0,0.0,0.0,3286000.0,22601000.0,1416452000.0,0.008,0.16,217911000.0,240512000.0,0.385,240512000.0,217911000.0,217911000.0,0.42,0.41,0.42,462457000.0,422699000.0,462457000.0,7201142296.0,33.0,29.941,179203000.0,0.485,1.0,468962000.0,0.751,0.0,0.0,398276000.0,375210000.0,0.0,1723813000.0,1723813000.0,0.0,1505487000.0,1500430000.0,5057000.0,7253834296.0,19719000.0,0.0,6352000.0,0.0,-59040000.0,-52749000.0,-130637000.0,-102984000.0,203105000.0,0.0,150735000.0,150735000.0,150735000.0,0.0,0.0,0.241,264359000.0,204603000.0,11756000.0,0.381,15.685,48.123,46.73,65500000.0,0.0,19.627,11.617,11.618,74720000.0,390522000.0,624399000.0,624399000.0,0.0,0.082,0.357,0.581,0.349,0.0,264359000.0,1.0,369590742.0,369627000,373493000.0,1.689,1967944000.0,4360000.0,67176000.0,17425000.0,5.324,388965000.0
89,PAYX,MRT,1999-06-30,1999-05-31,1999-05-31,2021-10-01,2830000.0,1873101000.0,1733656250.0,1793120000.0,79981000.0,0.345,1.183,-22104000.0,52692000.0,52692000.0,151956000.0,139099000.0,1.252,3.298,0.0,0.0,0.0,0.0,4643000.0,22097000.0,1358605000.0,0.007,0.147,200143000.0,222240000.0,0.372,222240000.0,200143000.0,200143000.0,0.38,0.37,0.38,435800000.0,396331500.0,435800000.0,7232862047.0,36.0,32.545,152016000.0,0.413,1.0,445340000.0,0.746,4418000.0,0.0,383655000.0,353785500.0,0.0,1652078000.0,1652078000.0,0.0,1437301000.0,1432336000.0,4965000.0,7287427047.0,17121000.0,0.0,5535000.0,0.0,-54055000.0,-48581000.0,-108418000.0,-82724000.0,174120000.0,0.0,139099000.0,139099000.0,139099000.0,0.0,0.0,0.233,257778000.0,187562000.0,10328000.0,0.387,16.722,52.39,51.982,65931000.0,0.0,19.753,12.201,12.18,62941000.0,362269000.0,597296000.0,597296000.0,0.0,0.08,0.351,0.566,0.335,0.0,257778000.0,1.0,368921383.0,368282000,373182000.0,1.622,1868683000.0,2781000.0,61044000.0,4281000.0,5.074,360784000.0
90,PAYX,MRT,1999-03-31,1999-02-28,1999-02-28,2021-10-01,6618000.0,1960332000.0,1652827750.0,1878301000.0,82031000.0,0.127,1.114,-24915000.0,54565000.0,54565000.0,-215242000.0,129260000.0,1.216,3.774,0.0,0.0,0.0,0.0,5876000.0,21324000.0,1471233000.0,0.007,0.133,183736000.0,205060000.0,0.98,205060000.0,183736000.0,183736000.0,0.356,0.36,0.356,410630000.0,369783250.0,410630000.0,6904771792.0,38.0,33.672,137123000.0,0.372,1.0,424447000.0,2.029,0.0,0.0,361161000.0,332510750.0,0.0,1742980000.0,1742980000.0,0.0,1549702000.0,1544606000.0,5096000.0,6934147792.0,35493000.0,0.0,3843000.0,0.0,-49070000.0,-45285000.0,-81260000.0,403830000.0,162038000.0,0.0,129260000.0,129260000.0,129260000.0,0.0,0.0,0.618,252396000.0,172051000.0,8171000.0,0.374,16.887,53.645,52.909,67904000.0,0.0,18.836,33.145,33.181,59296000.0,340036000.0,209205000.0,209205000.0,0.0,0.078,0.35,0.553,0.878,0.0,252396000.0,1.0,368141400.0,368539500,373401000.0,0.568,1960332000.0,2250000.0,54476000.0,7965000.0,5.319,333695000.0
91,PAYX,MRT,1998-12-31,1998-11-30,1998-11-30,2021-10-01,6365000.0,1570235000.0,1596031250.0,1494617000.0,75618000.0,0.202,1.038,-28363000.0,29376000.0,29376000.0,-81402000.0,119436000.0,1.263,3.112,0.0,0.0,0.0,0.0,3637000.0,20577000.0,1123335000.0,0.005,0.12,169371000.0,189948000.0,0.59,189948000.0,169371000.0,169371000.0,0.327,0.331,0.327,381909000.0,344920500.0,381909000.0,8086465058.0,48.0,42.572,113780000.0,0.309,1.0,403539000.0,1.253,0.0,0.0,357748000.0,316513500.0,0.0,1371613000.0,1371613000.0,0.0,1188326000.0,1183111000.0,5215000.0,8135984058.0,-22686000.0,0.0,3139000.0,0.0,-44098000.0,-41776000.0,-123053000.0,-24270000.0,142143000.0,0.0,119436000.0,119436000.0,119436000.0,0.0,0.0,0.371,245129000.0,158410000.0,7574000.0,0.367,21.303,68.12,67.618,68313000.0,0.0,22.111,25.256,25.255,74065000.0,318594000.0,322137000.0,322137000.0,0.0,0.075,0.346,0.535,0.526,0.0,245129000.0,1.0,367959078.0,367942500,373197000.0,0.876,1570235000.0,1107000.0,49935000.0,6051000.0,4.268,311506000.0
92,PAYX,MRT,1998-09-30,1998-08-31,1998-08-31,2021-10-01,5655000.0,1530957000.0,1531490500.0,1461125000.0,69832000.0,0.271,0.972,-26081000.0,49519000.0,49519000.0,31674000.0,110546000.0,1.25,3.289,0.0,0.0,0.0,0.0,3014000.0,19740000.0,1103784000.0,0.006,0.107,156232000.0,175972000.0,0.425,175972000.0,156232000.0,156232000.0,0.3,0.304,0.3,356987000.0,321608750.0,356987000.0,6171001756.0,39.0,35.068,112667000.0,0.307,1.0,382736000.0,0.924,0.0,0.0,312578000.0,287593750.0,0.0,1329555000.0,1329555000.0,0.0,1173970000.0,1168860000.0,5110000.0,6206572756.0,-3797000.0,0.0,2392000.0,0.0,-39154000.0,-36820000.0,-105725000.0,-56998000.0,138748000.0,0.0,110546000.0,110546000.0,110546000.0,0.0,0.0,0.267,236750000.0,145986000.0,6589000.0,0.357,17.386,56.145,56.296,62986000.0,0.0,16.889,14.977,14.972,66332000.0,299709000.0,414410000.0,414410000.0,0.0,0.072,0.344,0.543,0.377,0.0,236750000.0,1.0,367494440.0,367374000,372432000.0,1.128,1530957000.0,866000.0,45686000.0,12092000.0,4.167,292265000.0
93,PAYX,MRT,1998-06-30,1998-05-31,1998-05-31,2021-10-01,3405000.0,1549787000.0,1375555000.0,1478778000.0,71009000.0,0.359,0.899,-28197000.0,35571000.0,35571000.0,131731000.0,102219000.0,1.216,3.702,0.0,0.0,0.0,0.0,4443000.0,18764000.0,1150484000.0,0.006,0.098,144173000.0,162937000.0,0.33,162937000.0,144173000.0,144173000.0,0.28,0.28,0.28,329607000.0,290574500.0,329607000.0,5854792310.0,41.0,35.933,108564000.0,0.296,1.0,361973000.0,0.733,0.0,0.0,298556000.0,251809500.0,0.0,1369468000.0,1369468000.0,0.0,1220180000.0,1215660000.0,4520000.0,5873864310.0,-14642000.0,0.0,1990000.0,0.0,-35871000.0,-33965000.0,-117438000.0,-88728000.0,136761000.0,0.0,102219000.0,102219000.0,102219000.0,0.0,0.0,0.207,227273000.0,134700000.0,10496000.0,0.35,17.821,57.464,57.143,64698000.0,0.0,16.0,11.898,11.886,54596000.0,278107000.0,493704000.0,493704000.0,0.0,0.074,0.352,0.573,0.292,0.0,227273000.0,1.0,367116519.0,366771000,370829000.0,1.346,1549787000.0,2042000.0,41954000.0,2628000.0,4.225,263118000.0
94,PAYX,MRT,1998-03-31,1998-02-28,1998-02-28,2021-10-01,0.0,1733146000.0,1013579000.0,1663375000.0,69771000.0,0.916,0.848,-26553000.0,19072000.0,19072000.0,587644000.0,94891000.0,1.174,4.57,0.0,0.0,0.0,0.0,5861000.0,18315000.0,1352712000.0,0.006,0.089,132803000.0,151118000.0,0.163,151118000.0,132803000.0,132803000.0,0.259,0.259,0.259,311179000.0,274145000.0,311179000.0,5560186687.0,42.0,36.794,104022000.0,0.283,1.0,341111000.0,0.367,0.0,0.0,297172000.0,245482000.0,0.0,1574422000.0,1574422000.0,0.0,1421967000.0,1416902000.0,5065000.0,5612248687.0,-28025000.0,0.0,-3660000.0,0.0,-32591000.0,-36465000.0,-122135000.0,-209967000.0,130575000.0,0.0,94891000.0,94891000.0,94891000.0,0.0,0.0,0.102,217173000.0,123938000.0,4787000.0,0.344,18.035,59.144,59.065,63095000.0,0.0,15.298,6.043,6.044,51293000.0,264892000.0,928755000.0,928755000.0,0.0,0.094,0.346,0.541,0.143,0.0,217173000.0,1.0,366866925.0,366927750,371227500.0,2.531,1733146000.0,2679000.0,37912000.0,8132000.0,4.723,246473000.0
95,PAYX,MRT,1997-12-31,1997-11-30,1997-11-30,2021-10-01,0.0,1312072000.0,787687500.0,1245945000.0,66127000.0,1.083,0.787,-22607000.0,52062000.0,52062000.0,532256000.0,87801000.0,1.224,3.545,0.0,0.0,0.0,0.0,3042000.0,16658000.0,965594000.0,0.007,0.08,122388000.0,139046000.0,0.163,139046000.0,122388000.0,122388000.0,0.241,0.241,0.241,288662000.0,253032000.0,288662000.0,4401673272.0,36.0,31.656,92504000.0,0.252,1.0,320706000.0,0.376,0.0,0.0,242069000.0,221724500.0,0.0,1121396000.0,1121396000.0,0.0,1023410000.0,1017941000.0,5469000.0,4451886272.0,32503000.0,0.0,2904000.0,0.0,-29311000.0,-25750000.0,-56858000.0,10066000.0,115111000.0,0.0,87801000.0,87801000.0,87801000.0,0.0,0.0,0.103,206598000.0,114108000.0,3686000.0,0.332,15.422,50.704,50.407,59352000.0,0.0,12.148,5.219,5.222,56806000.0,246677000.0,852962000.0,852962000.0,0.0,0.111,0.347,0.552,0.143,0.0,206598000.0,1.0,366466248.0,366655500,370127250.0,2.326,1312072000.0,673000.0,34587000.0,5953000.0,3.578,228004000.0
96,PAYX,MRT,1997-09-30,1997-08-31,1997-08-31,2021-10-01,,,,,,,,,,,484609000.0,81151000.0,,,,,,,,,,0.007,0.071,112619000.0,,,,112619000.0,112619000.0,0.224,,0.224,,,,3668740776.0,33.0,,,,1.0,302631000.0,0.384,,0.0,,,,,,,,,,3718953776.0,,,,,,,,,,,81151000.0,81151000.0,81151000.0,0.0,0.0,0.103,197746000.0,104885000.0,,0.317,,45.828,45.304,,0.0,10.148,4.724,4.723,,,787240000.0,787240000.0,0.0,,,,0.143,,197746000.0,1.0,366466248.0,366401250,,2.149,,,31468000.0,,,
97,PAYX,MRT,1997-06-30,1997-05-31,1997-05-31,2021-10-01,539000.0,1201323000.0,1016454000.0,1140661000.0,60662000.0,0.723,0.69,-18008000.0,50213000.0,50213000.0,450000000.0,75150000.0,1.206,3.776,0.0,0.0,0.0,0.0,4335000.0,15329000.0,896080000.0,0.006,0.065,103656000.0,118985000.0,0.162,118985000.0,103656000.0,103656000.0,0.207,0.207,0.207,251542000.0,221307000.0,251542000.0,3939102496.0,38.0,33.106,89019000.0,0.244,1.0,284699000.0,0.388,0.0,0.0,205063000.0,189651500.0,0.0,1029413000.0,1029413000.0,0.0,949781000.0,946047000.0,3734000.0,3986199496.0,30214000.0,0.0,2180000.0,0.0,-24117000.0,-21719000.0,-55094000.0,-35151000.0,107027000.0,0.0,75150000.0,75150000.0,75150000.0,0.0,0.0,0.102,188074000.0,96625000.0,5649000.0,0.314,15.847,53.043,52.603,54178000.0,0.0,10.889,5.426,5.402,45527000.0,212387000.0,734699000.0,734699000.0,0.0,0.074,0.34,0.547,0.141,0.0,188074000.0,1.0,366079546.0,364503000,368454000.0,2.016,1201323000.0,2632000.0,28506000.0,1774000.0,3.296,194614000.0
98,PAYX,MRT,1997-03-31,1997-02-28,1997-02-28,2021-10-01,0.0,294012000.0,,233686000.0,60326000.0,,0.648,,47097000.0,47097000.0,,,4.399,0.24,0.0,0.0,0.0,0.0,4836000.0,,1519000.0,0.007,0.059,,,,,,,,,,237111000.0,,237111000.0,3118877651.0,,,,,1.0,,,0.0,,193792000.0,,0.0,128888000.0,128888000.0,0.0,56901000.0,53123000.0,3778000.0,3138436651.0,,,,,,,,,,,,,,,,,,,3821000.0,,13.236,,,53482000.0,,8.593,,,42076000.0,199075000.0,,,,,,,,,,1.0,365249093.0,365667750,,,294012000.0,4041000.0,,4995000.0,0.804,180563000.0
99,PAYX,MRT,1996-12-31,1996-11-30,1996-11-30,2021-10-01,0.0,263303000.0,,203569000.0,59734000.0,,0.599,-14609000.0,19559000.0,19559000.0,394360000.0,63920000.0,4.805,0.211,0.0,0.0,0.0,0.0,3467000.0,14164000.0,1318000.0,0.005,0.053,87851000.0,102015000.0,0.157,102015000.0,87851000.0,87851000.0,0.176,,0.176,217402000.0,,217402000.0,,,,69251000.0,0.191,1.0,254226000.0,0.392,0.0,0.0,201380000.0,,0.0,125328000.0,125328000.0,0.0,45901000.0,42364000.0,3537000.0,3895990326.0,5800000.0,0.0,2130000.0,728000.0,-21898000.0,-19951000.0,-58837000.0,-285797000.0,83860000.0,0.0,63920000.0,63920000.0,63920000.0,0.0,0.0,0.099,172221000.0,82005000.0,4606000.0,0.301,17.921,60.951,60.606,52383000.0,0.0,10.667,6.007,5.974,46071000.0,186018000.0,648586000.0,648586000.0,0.0,,,,0.135,0.0,172221000.0,1.0,365249093.0,363234375,,1.786,263303000.0,509000.0,23931000.0,3827000.0,0.725,161205000.0
100,PAYX,MRT,1996-06-30,1996-05-31,1996-05-31,2021-10-01,0.0,831585000.0,,775985000.0,55600000.0,,0.529,-17511000.0,19999000.0,19999000.0,334370000.0,55035000.0,1.218,3.352,0.0,0.0,0.0,0.0,4934000.0,13940000.0,601360000.0,0.005,0.043,75389000.0,89329000.0,0.158,89329000.0,75389000.0,75389000.0,0.151,0.151,0.151,191072000.0,,191072000.0,,,,52933000.0,0.147,1.0,232073000.0,0.41,0.0,0.0,174240000.0,,0.0,702442000.0,702442000.0,0.0,640513000.0,637346000.0,3167000.0,,4375000.0,812000.0,2813000.0,0.0,-17685000.0,-15337000.0,-50732000.0,-162264000.0,70444000.0,0.0,55035000.0,55035000.0,55035000.0,0.0,0.0,0.097,162151000.0,69922000.0,4183000.0,0.285,,,57.395,50655000.0,0.0,8.667,,5.522,42076000.0,160244000.0,566443000.0,566443000.0,0.0,,,,0.133,0.0,162151000.0,1.0,,360886500,364927500.0,1.57,831585000.0,2180000.0,20354000.0,989000.0,2.304,138639000.0
101,PAYX,MRT,1996-03-31,1996-02-29,1996-02-29,2021-10-01,,,,,,,,,,,,,,,,,,,,,,0.006,0.04,,,,,,,,,,,,,,,,,,1.0,,,,,,,,,,,,,,,,,,,,,,,,,,,,,,,,,,,,,,,,7.259,,,,,,,,,,,,,,1.0,,361432125,,,,,,,,
102,PAYX,MRT,1995-12-31,1995-11-30,1995-11-30,2021-10-01,,,,,,,,,,,,,,,,,,,,,,0.006,0.036,,,,,,,,,,,,,,,,,,1.0,,,,,,,,,,,,,,,,,,,,,,,,,,,,,,,,,,,,,,,,5.943,,,,,,,,,,,,,,1.0,,360475312,,,,,,,,
103,PAYX,MRT,1995-06-30,1995-05-31,1995-05-31,2021-10-01,,,,,,,,-12448000.0,,,221616000.0,40389000.0,,,,,,,,11040000.0,,0.007,0.029,55722000.0,66762000.0,0.162,66762000.0,55722000.0,55722000.0,0.113,,0.113,,,,,,,40634000.0,0.114,1.0,190450000.0,0.462,,0.0,,,,,,,,,,,-247000.0,0.0,1932000.0,-220000.0,-10531000.0,-8819000.0,-44510000.0,-162457000.0,53082000.0,0.0,40389000.0,40389000.0,40389000.0,0.0,0.0,0.098,138186000.0,52264000.0,,0.257,,,34.379,,0.0,3.885,,3.356,,,412066000.0,412066000.0,0.0,,,,0.135,0.0,138186000.0,1.0,,356015250,,1.157,,,15333000.0,,,
