None,ticker,dimension,calendardate,datekey,reportperiod,lastupdated,accoci,assets,assetsavg,assetsc,assetsnc,assetturnover,bvps,capex,cashneq,cashnequsd,cor,consolinc,currentratio,de,debt,debtc,debtnc,debtusd,deferredrev,depamor,deposits,divyield,dps,ebit,ebitda,ebitdamargin,ebitdausd,ebitusd,ebt,eps,epsdil,epsusd,equity,equityavg,equityusd,ev,evebit,evebitda,fcf,fcfps,fxusd,gp,grossmargin,intangibles,intexp,invcap,invcapavg,inventory,investments,investmentsc,investmentsnc,liabilities,liabilitiesc,liabilitiesnc,marketcap,ncf,ncfbus,ncfcommon,ncfdebt,ncfdiv,ncff,ncfi,ncfinv,ncfo,ncfx,netinc,netinccmn,netinccmnusd,netincdis,netincnci,netmargin,opex,opinc,payables,payoutratio,pb,pe,pe1,ppnenet,prefdivis,price,ps,ps1,receivables,retearn,revenue,revenueusd,rnd,roa,roe,roic,ros,sbcomp,sgna,sharefactor,sharesbas,shareswa,shareswadil,sps,tangibles,taxassets,taxexp,taxliabilities,tbvps,workingcapital
0,FISV,MRY,2020-12-31,2020-12-31,2020-12-31,2021-07-28,-387000000.0,74619000000.0,74170500000.0,16219000000.0,58400000000.0,0.2,48.103,-900000000.0,906000000.0,906000000.0,7812000000.0,975000000.0,1.037,1.277,20684000000.0,384000000.0,20300000000.0,20684000000.0,546000000.0,3210000000.0,0.0,0.0,0.0,1863000000.0,5073000000.0,0.342,5073000000.0,1863000000.0,1154000000.0,1.42,1.4,1.42,32330000000.0,31862000000.0,32330000000.0,96658061343.0,52.0,19.053,3247000000.0,4.831,1.0,7040000000.0,0.474,51680000000.0,709000000.0,27080000000.0,28105000000.0,0.0,2756000000.0,0.0,2756000000.0,41290000000.0,15637000000.0,25653000000.0,76336061343.0,-14000000.0,440000000.0,-1693000000.0,-2043000000.0,0.0,-3836000000.0,-341000000.0,-1000000.0,4147000000.0,16000000.0,958000000.0,958000000.0,958000000.0,0.0,17000000.0,0.065,5188000000.0,1852000000.0,3186000000.0,0.0,2.361,79.683,80.183,1628000000.0,0.0,113.86,5.14,5.153,2482000000.0,13441000000.0,14852000000.0,14852000000.0,0.0,0.013,0.03,0.066,0.125,369000000.0,5652000000.0,1.0,670437918.0,672100000,683400000.0,22.098,22939000000.0,0.0,196000000.0,4389000000.0,34.13,582000000.0
1,FISV,MRY,2019-12-31,2019-12-31,2019-12-31,2021-07-28,-180000000.0,77539000000.0,46679750000.0,17046000000.0,60493000000.0,0.218,64.374,-721000000.0,893000000.0,893000000.0,5309000000.0,914000000.0,1.084,1.294,21899000000.0,287000000.0,21612000000.0,21899000000.0,492000000.0,1651000000.0,0.0,0.0,0.0,1564000000.0,3215000000.0,0.316,3215000000.0,1564000000.0,1091000000.0,1.74,1.71,1.74,32979000000.0,17647000000.0,32979000000.0,100079258966.0,64.0,31.129,2074000000.0,4.048,1.0,4878000000.0,0.479,53680000000.0,473000000.0,29138000000.0,20201500000.0,0.0,2720000000.0,0.0,2720000000.0,42682000000.0,15727000000.0,26955000000.0,78616258966.0,518000000.0,-15954000000.0,-405000000.0,14740000000.0,0.0,14191000000.0,-16469000000.0,-45000000.0,2795000000.0,1000000.0,893000000.0,893000000.0,893000000.0,0.0,21000000.0,0.088,3269000000.0,1609000000.0,3080000000.0,0.0,2.384,88.036,66.454,1606000000.0,0.0,115.63,7.717,5.815,2782000000.0,12528000000.0,10187000000.0,10187000000.0,0.0,0.019,0.051,0.077,0.154,229000000.0,3284000000.0,1.0,679895001.0,512300000,522600000.0,19.885,23859000000.0,0.0,198000000.0,4247000000.0,46.572,1319000000.0
2,FISV,MRY,2018-12-31,2018-12-31,2018-12-31,2021-07-28,-67000000.0,11262000000.0,10598750000.0,2224000000.0,9038000000.0,0.549,5.655,-360000000.0,415000000.0,415000000.0,3069000000.0,1187000000.0,1.106,3.911,5959000000.0,4000000.0,5955000000.0,5959000000.0,380000000.0,545000000.0,0.0,0.0,0.0,1754000000.0,2299000000.0,0.395,2299000000.0,1754000000.0,1565000000.0,2.93,2.87,2.93,2293000000.0,2693750000.0,2293000000.0,33885617402.0,19.0,14.739,1192000000.0,2.94,1.0,2754000000.0,0.473,7845000000.0,189000000.0,6951000000.0,5964500000.0,0.0,65000000.0,0.0,65000000.0,8969000000.0,2010000000.0,6959000000.0,29283617402.0,90000000.0,-293000000.0,-1871000000.0,1034000000.0,0.0,-842000000.0,-613000000.0,-3000000.0,1552000000.0,0.0,1187000000.0,1187000000.0,1187000000.0,0.0,0.0,0.204,1001000000.0,1753000000.0,1146000000.0,0.0,12.771,24.67,25.082,398000000.0,0.0,73.49,5.029,5.118,1049000000.0,11635000000.0,5823000000.0,5823000000.0,0.0,0.112,0.441,0.294,0.301,73000000.0,1228000000.0,1.0,398470777.0,405500000,413700000.0,14.36,3417000000.0,0.0,378000000.0,745000000.0,8.427,214000000.0
3,FISV,MRY,2017-12-31,2017-12-31,2017-12-31,2021-07-28,-54000000.0,10289000000.0,9967250000.0,1975000000.0,8314000000.0,0.571,6.467,-287000000.0,325000000.0,325000000.0,3024000000.0,1246000000.0,1.019,2.767,4900000000.0,3000000.0,4897000000.0,4900000000.0,576000000.0,429000000.0,0.0,0.0,0.0,1579000000.0,2008000000.0,0.353,2008000000.0,1579000000.0,1404000000.0,2.95,2.89,2.95,2731000000.0,2474000000.0,2731000000.0,32113412535.0,20.0,15.993,1196000000.0,2.832,1.0,2672000000.0,0.469,7472000000.0,175000000.0,5454000000.0,5308250000.0,0.0,0.0,0.0,0.0,7558000000.0,1938000000.0,5620000000.0,27327412535.0,25000000.0,-367000000.0,-1145000000.0,325000000.0,0.0,-820000000.0,-657000000.0,-10000000.0,1483000000.0,0.0,1246000000.0,1246000000.0,1246000000.0,-14000000.0,0.0,0.219,1140000000.0,1532000000.0,1359000000.0,0.0,10.006,21.932,22.225,390000000.0,0.0,65.565,4.798,4.861,997000000.0,10240000000.0,5696000000.0,5696000000.0,0.0,0.125,0.504,0.297,0.277,63000000.0,1150000000.0,1.0,416798788.0,422300000,431300000.0,13.488,2817000000.0,0.0,158000000.0,552000000.0,6.671,37000000.0
4,FISV,MRY,2016-12-31,2016-12-31,2016-12-31,2021-07-28,-76000000.0,9743000000.0,9615500000.0,1728000000.0,8015000000.0,0.573,5.767,-290000000.0,300000000.0,300000000.0,2959000000.0,930000000.0,0.949,2.834,4562000000.0,95000000.0,4467000000.0,4562000000.0,483000000.0,421000000.0,0.0,0.0,0.0,1585000000.0,2006000000.0,0.364,2006000000.0,1585000000.0,1422000000.0,2.11,2.08,2.11,2541000000.0,2609000000.0,2541000000.0,27395852607.0,17.0,13.657,1141000000.0,2.59,1.0,2546000000.0,0.462,7206000000.0,163000000.0,4979000000.0,5033750000.0,0.0,0.0,0.0,0.0,7202000000.0,1820000000.0,5382000000.0,23068852607.0,25000000.0,-265000000.0,-1166000000.0,263000000.0,0.0,-852000000.0,-554000000.0,-1000000.0,1431000000.0,0.0,930000000.0,930000000.0,930000000.0,0.0,0.0,0.169,1101000000.0,1445000000.0,1242000000.0,0.0,9.079,24.805,25.185,405000000.0,0.0,53.14,4.191,4.253,902000000.0,8994000000.0,5505000000.0,5505000000.0,0.0,0.097,0.356,0.315,0.288,17000000.0,1101000000.0,1.0,434114652.0,440600000,447800000.0,12.494,2537000000.0,0.0,492000000.0,762000000.0,5.758,-92000000.0
5,FISV,MRY,2015-12-31,2015-12-31,2015-12-31,2021-07-28,-74000000.0,9340000000.0,9412500000.0,1506000000.0,7834000000.0,0.558,5.686,-359000000.0,275000000.0,275000000.0,2909000000.0,712000000.0,1.003,2.511,4293000000.0,5000000.0,4288000000.0,4293000000.0,473000000.0,417000000.0,0.0,0.0,0.0,1259000000.0,1676000000.0,0.319,1676000000.0,1259000000.0,1089000000.0,1.52,1.495,1.52,2660000000.0,2972500000.0,2660000000.0,24828149136.0,20.0,14.814,987000000.0,2.11,1.0,2345000000.0,0.446,7072000000.0,170000000.0,4784000000.0,4651250000.0,0.0,0.0,0.0,0.0,6680000000.0,1502000000.0,5178000000.0,20902149136.0,-19000000.0,0.0,-1451000000.0,414000000.0,0.0,-1005000000.0,-360000000.0,-4000000.0,1346000000.0,0.0,712000000.0,712000000.0,712000000.0,0.0,0.0,0.136,1034000000.0,1311000000.0,1024000000.0,0.0,7.858,29.357,30.086,396000000.0,0.0,45.73,3.978,4.072,802000000.0,8064000000.0,5254000000.0,5254000000.0,0.0,0.076,0.24,0.271,0.24,27000000.0,1034000000.0,1.0,457077392.0,467800000,476000000.0,11.231,2268000000.0,0.0,377000000.0,726000000.0,4.848,4000000.0
6,FISV,MRY,2014-12-31,2014-12-31,2014-12-31,2021-07-28,-63000000.0,9308000000.0,9405500000.0,1444000000.0,7864000000.0,0.539,6.627,-292000000.0,294000000.0,294000000.0,2881000000.0,754000000.0,0.972,1.825,3790000000.0,92000000.0,3698000000.0,3790000000.0,489000000.0,404000000.0,0.0,0.0,0.0,1302000000.0,1706000000.0,0.337,1706000000.0,1302000000.0,1138000000.0,1.515,1.49,1.515,3295000000.0,3418750000.0,3295000000.0,20753272769.0,16.0,12.165,1015000000.0,2.041,1.0,2185000000.0,0.431,7212000000.0,164000000.0,4106000000.0,4214750000.0,0.0,0.0,0.0,0.0,6013000000.0,1486000000.0,4527000000.0,17314272769.0,-105000000.0,0.0,-1095000000.0,-49000000.0,0.0,-1126000000.0,-286000000.0,7000000.0,1307000000.0,0.0,754000000.0,754000000.0,754000000.0,0.0,0.0,0.149,975000000.0,1210000000.0,905000000.0,0.0,5.255,22.963,23.422,317000000.0,0.0,35.485,3.418,3.483,798000000.0,7352000000.0,5066000000.0,5066000000.0,0.0,0.08,0.221,0.309,0.257,31000000.0,975000000.0,1.0,487932162.0,497200000,505400000.0,10.189,2096000000.0,0.0,384000000.0,700000000.0,4.216,-42000000.0
7,FISV,MRY,2013-12-31,2013-12-31,2013-12-31,2021-07-28,-60000000.0,9513000000.0,9491500000.0,1572000000.0,7941000000.0,0.507,6.831,-236000000.0,400000000.0,400000000.0,2776000000.0,648000000.0,1.18,1.654,3848000000.0,92000000.0,3756000000.0,3848000000.0,484000000.0,403000000.0,0.0,0.0,0.0,1139000000.0,1542000000.0,0.32,1542000000.0,1139000000.0,976000000.0,1.235,1.22,1.235,3585000000.0,3501250000.0,3585000000.0,18841256851.0,17.0,12.219,792000000.0,1.509,1.0,2038000000.0,0.423,7358000000.0,163000000.0,4271000000.0,4437250000.0,0.0,0.0,0.0,0.0,5928000000.0,1332000000.0,4596000000.0,15231256851.0,42000000.0,86000000.0,-529000000.0,-338000000.0,0.0,-873000000.0,-113000000.0,4000000.0,1028000000.0,0.0,648000000.0,648000000.0,648000000.0,2000000.0,0.0,0.135,977000000.0,1061000000.0,756000000.0,0.0,4.249,23.505,23.907,266000000.0,0.0,29.525,3.164,3.219,751000000.0,6598000000.0,4814000000.0,4814000000.0,0.0,0.068,0.185,0.257,0.237,35000000.0,977000000.0,1.0,515876608.0,524800000,532200000.0,9.173,2155000000.0,55000000.0,328000000.0,713000000.0,4.106,240000000.0
8,FISV,MRY,2012-12-31,2012-12-31,2012-12-31,2021-07-28,-60000000.0,8497000000.0,8462500000.0,1443000000.0,7054000000.0,0.524,6.291,-193000000.0,358000000.0,358000000.0,2564000000.0,611000000.0,1.306,1.487,3230000000.0,2000000.0,3228000000.0,3230000000.0,379000000.0,350000000.0,0.0,0.0,0.0,1085000000.0,1435000000.0,0.323,1435000000.0,1085000000.0,911000000.0,1.125,1.11,1.125,3417000000.0,3285750000.0,3417000000.0,13690345584.0,13.0,9.54,672000000.0,1.237,1.0,1872000000.0,0.422,6449000000.0,174000000.0,3815000000.0,3816000000.0,0.0,0.0,0.0,0.0,5080000000.0,1105000000.0,3975000000.0,10548345584.0,21000000.0,32000000.0,-538000000.0,-173000000.0,0.0,-706000000.0,-138000000.0,28000000.0,865000000.0,0.0,611000000.0,611000000.0,611000000.0,-19000000.0,0.0,0.138,824000000.0,1048000000.0,721000000.0,0.0,3.087,17.264,17.562,248000000.0,0.0,19.758,2.378,2.419,661000000.0,5950000000.0,4436000000.0,4436000000.0,0.0,0.072,0.186,0.284,0.245,44000000.0,824000000.0,1.0,533890704.0,543200000,550000000.0,8.166,2048000000.0,42000000.0,300000000.0,638000000.0,3.77,338000000.0
9,FISV,MRY,2011-12-31,2011-12-31,2011-12-31,2021-07-28,-78000000.0,8548000000.0,8413000000.0,1356000000.0,7192000000.0,0.51,5.714,-190000000.0,337000000.0,337000000.0,2504000000.0,472000000.0,0.98,1.624,3395000000.0,179000000.0,3216000000.0,3395000000.0,369000000.0,345000000.0,0.0,0.0,0.0,914000000.0,1259000000.0,0.294,1259000000.0,914000000.0,726000000.0,0.83,0.82,0.83,3258000000.0,3158500000.0,3258000000.0,11511058717.0,13.0,9.143,746000000.0,1.308,1.0,1785000000.0,0.416,6601000000.0,188000000.0,3621000000.0,3861750000.0,0.0,0.0,0.0,0.0,5290000000.0,1384000000.0,3906000000.0,8274058717.0,-226000000.0,-469000000.0,-460000000.0,-37000000.0,0.0,-498000000.0,-664000000.0,-4000000.0,936000000.0,0.0,472000000.0,472000000.0,472000000.0,15000000.0,0.0,0.11,795000000.0,990000000.0,836000000.0,0.0,2.54,17.53,17.693,258000000.0,0.0,14.685,1.929,1.952,666000000.0,5339000000.0,4289000000.0,4289000000.0,0.0,0.056,0.149,0.237,0.213,39000000.0,795000000.0,1.0,563436072.0,570200000,576800000.0,7.522,1947000000.0,44000000.0,254000000.0,617000000.0,3.415,-28000000.0
10,FISV,MRY,2010-12-31,2010-12-31,2010-12-31,2021-07-28,-50000000.0,8281000000.0,8346500000.0,1417000000.0,6864000000.0,0.495,5.367,-175000000.0,563000000.0,563000000.0,2386000000.0,496000000.0,1.59,1.565,3356000000.0,3000000.0,3353000000.0,3356000000.0,351000000.0,339000000.0,0.0,0.0,0.0,995000000.0,1334000000.0,0.323,1334000000.0,995000000.0,797000000.0,0.825,0.818,0.825,3229000000.0,3174000000.0,3229000000.0,11672065101.0,12.0,8.75,797000000.0,1.325,1.0,1747000000.0,0.423,6256000000.0,198000000.0,3927000000.0,4075250000.0,0.0,0.0,0.0,0.0,5052000000.0,891000000.0,4161000000.0,8709065101.0,200000000.0,40000000.0,-351000000.0,-312000000.0,0.0,-671000000.0,-101000000.0,14000000.0,972000000.0,0.0,496000000.0,496000000.0,496000000.0,10000000.0,0.0,0.12,740000000.0,1007000000.0,537000000.0,0.0,2.697,17.559,17.745,267000000.0,0.0,14.64,2.107,2.131,572000000.0,4867000000.0,4133000000.0,4133000000.0,0.0,0.059,0.156,0.244,0.241,39000000.0,740000000.0,1.0,594881496.0,601600000,606800000.0,6.87,2025000000.0,37000000.0,301000000.0,627000000.0,3.366,526000000.0
11,FISV,MRY,2009-12-31,2009-12-31,2009-12-31,2021-07-28,-69000000.0,8378000000.0,9000000000.0,1277000000.0,7101000000.0,0.453,4.896,-198000000.0,363000000.0,363000000.0,2380000000.0,476000000.0,1.1,1.769,3641000000.0,259000000.0,3382000000.0,3641000000.0,337000000.0,333000000.0,0.0,0.0,0.0,969000000.0,1302000000.0,0.319,1302000000.0,969000000.0,749000000.0,0.77,0.765,0.77,3026000000.0,2871000000.0,3026000000.0,10959974749.0,11.0,8.418,646000000.0,1.045,1.0,1697000000.0,0.416,6377000000.0,220000000.0,4118000000.0,4432750000.0,0.0,0.0,0.0,0.0,5352000000.0,1161000000.0,4191000000.0,7460974749.0,95000000.0,-57000000.0,-130000000.0,-475000000.0,0.0,-1422000000.0,673000000.0,0.0,844000000.0,0.0,476000000.0,476000000.0,476000000.0,-3000000.0,0.0,0.117,751000000.0,946000000.0,565000000.0,0.0,2.466,15.674,15.74,293000000.0,0.0,12.12,1.83,1.837,554000000.0,4371000000.0,4077000000.0,4077000000.0,0.0,0.053,0.166,0.219,0.238,36000000.0,751000000.0,1.0,615591976.0,618000000,621600000.0,6.597,2001000000.0,46000000.0,273000000.0,580000000.0,3.238,116000000.0
12,FISV,MRY,2008-12-31,2008-12-31,2008-12-31,2021-07-28,-120000000.0,9331000000.0,9885250000.0,2202000000.0,7129000000.0,0.464,4.003,-198000000.0,230000000.0,230000000.0,2866000000.0,569000000.0,1.079,2.597,4105000000.0,255000000.0,3850000000.0,4105000000.0,338000000.0,350000000.0,0.0,0.0,0.0,1117000000.0,1467000000.0,0.32,1467000000.0,1117000000.0,857000000.0,0.877,0.873,0.877,2594000000.0,2727250000.0,2594000000.0,9611715183.0,9.0,6.552,256000000.0,0.395,1.0,1721000000.0,0.375,6478000000.0,260000000.0,4688000000.0,4965000000.0,0.0,0.0,0.0,0.0,6737000000.0,2040000000.0,4697000000.0,5824715183.0,-178000000.0,412000000.0,-404000000.0,-1303000000.0,0.0,-1670000000.0,1038000000.0,0.0,454000000.0,0.0,569000000.0,569000000.0,569000000.0,-211000000.0,0.0,0.124,813000000.0,908000000.0,606000000.0,0.0,2.245,10.237,10.368,298000000.0,0.0,9.092,1.27,1.284,591000000.0,3895000000.0,4587000000.0,4587000000.0,0.0,0.058,0.209,0.225,0.244,34000000.0,813000000.0,1.0,640606564.0,648000000,652400000.0,7.079,2853000000.0,71000000.0,288000000.0,537000000.0,4.403,162000000.0
13,FISV,MRY,2007-12-31,2007-12-31,2007-12-31,2021-07-28,-41000000.0,11846000000.0,7735092750.0,4240000000.0,7606000000.0,0.475,3.702,-152000000.0,297000000.0,297000000.0,2428000000.0,439000000.0,1.13,3.802,5405000000.0,510000000.0,4895000000.0,5405000000.0,351000000.0,176000000.0,0.0,0.0,0.0,770000000.0,946000000.0,0.257,946000000.0,770000000.0,694000000.0,0.66,0.65,0.66,2467000000.0,2417661000.0,2467000000.0,9946371790.0,13.0,10.514,511000000.0,0.767,1.0,1249000000.0,0.34,7107000000.0,76000000.0,6096000000.0,3175072000.0,0.0,0.0,0.0,0.0,9379000000.0,3751000000.0,5628000000.0,9135665790.0,274000000.0,-4333000000.0,-419000000.0,4462000000.0,0.0,3966000000.0,-4355000000.0,0.0,663000000.0,0.0,439000000.0,439000000.0,439000000.0,-27000000.0,0.0,0.119,513000000.0,736000000.0,181000000.0,0.0,3.703,20.81,21.019,370000000.0,0.0,13.873,2.485,2.514,836000000.0,3326000000.0,3677000000.0,3677000000.0,0.0,0.057,0.182,0.243,0.209,23000000.0,513000000.0,1.0,658545020.0,666400000,675200000.0,5.518,4739000000.0,71000000.0,255000000.0,574000000.0,7.111,489000000.0
14,FISV,MRY,2006-12-31,2006-12-31,2006-12-31,2021-07-28,0.0,6252000000.0,6244351750.0,3480000000.0,2772000000.0,0.568,3.466,-160000000.0,117000000.0,117000000.0,2412000000.0,450000000.0,1.221,1.577,745000000.0,0.0,745000000.0,745000000.0,247000000.0,167000000.0,0.0,0.0,0.0,727000000.0,894000000.0,0.252,894000000.0,727000000.0,686000000.0,0.642,0.632,0.642,2426000000.0,2412987000.0,2426000000.0,9736117561.0,13.0,10.891,475000000.0,0.679,1.0,1132000000.0,0.319,2511000000.0,41000000.0,1519000000.0,3323479750.0,0.0,0.0,0.0,0.0,3826000000.0,2850000000.0,976000000.0,9077870561.0,1000000.0,-187000000.0,-560000000.0,138000000.0,0.0,-373000000.0,-261000000.0,0.0,635000000.0,0.0,450000000.0,450000000.0,450000000.0,-60000000.0,0.0,0.127,465000000.0,667000000.0,143000000.0,0.0,3.742,20.173,20.413,220000000.0,0.0,13.105,2.561,2.588,506000000.0,2887000000.0,3544000000.0,3544000000.0,0.0,0.072,0.186,0.219,0.205,16000000.0,465000000.0,1.0,692702828.0,700000000,710000000.0,5.063,3741000000.0,29000000.0,236000000.0,169000000.0,5.344,630000000.0
15,FISV,MRY,2005-12-31,2005-12-31,2005-12-31,2021-07-28,1321000.0,6039516000.0,6149346750.0,,,0.527,3.265,-141000000.0,184471000.0,184471000.0,2170000000.0,516000000.0,,1.449,595385000.0,,,595385000.0,240105000.0,151000000.0,1985368000.0,0.0,0.0,818000000.0,969000000.0,0.299,969000000.0,818000000.0,790000000.0,0.685,0.675,0.685,2465740000.0,2527773250.0,2465740000.0,8447722101.0,10.0,8.718,454000000.0,0.601,1.0,1071000000.0,0.33,2843310000.0,28000000.0,3607120000.0,3701909750.0,0.0,2126538000.0,,,3573776000.0,,,7983068101.0,-336000000.0,-510000000.0,-625000000.0,91000000.0,0.0,-396000000.0,-535000000.0,109000000.0,595000000.0,0.0,516000000.0,516000000.0,516000000.0,-62000000.0,0.0,0.159,409000000.0,662000000.0,194409000.0,0.0,3.238,15.471,15.792,226013000.0,0.0,10.818,2.463,2.521,516802000.0,2436977000.0,3241000000.0,3241000000.0,0.0,0.084,0.204,0.221,0.252,4000000.0,409000000.0,1.0,737977176.0,755200000,764000000.0,4.292,3196206000.0,0.0,274000000.0,170258000.0,4.232,
16,FISV,MRY,2004-12-31,2004-12-31,2004-12-31,2021-07-28,26695000.0,8383349000.0,8142202000.0,,,0.458,3.288,-161093000.0,516127000.0,516127000.0,2618698000.0,377642000.0,,2.269,605327000.0,,,605327000.0,226080000.0,185363000.0,1829639000.0,0.0,0.0,649012000.0,834375000.0,0.224,834375000.0,649012000.0,624110000.0,0.485,0.477,0.485,2564422000.0,2452325000.0,2564422000.0,8130043573.0,13.0,9.744,537945000.0,0.69,1.0,1111048000.0,0.298,2391886000.0,24902000.0,6080663000.0,6024971750.0,0.0,1984536000.0,,,5818927000.0,,,7860760573.0,353459000.0,-64896000.0,-34333000.0,-192940000.0,0.0,19668000.0,-365247000.0,-139258000.0,699038000.0,0.0,377642000.0,377642000.0,377642000.0,17256000.0,0.0,0.101,451488000.0,659560000.0,202616000.0,0.0,3.065,20.815,20.716,200709000.0,0.0,10.047,2.108,2.101,437764000.0,1920539000.0,3729746000.0,3729746000.0,0.0,0.046,0.154,0.108,0.174,655000.0,451488000.0,1.0,782359848.0,779924000,789148000.0,4.782,5991463000.0,0.0,246468000.0,179285000.0,7.682,
17,FISV,MRY,2003-12-31,2003-12-31,2003-12-31,2021-07-28,17345000.0,7214175000.0,6875956500.0,,,0.425,2.846,-139111000.0,162668000.0,162668000.0,2011318000.0,315012000.0,,2.279,799116000.0,,,799116000.0,208996000.0,165838000.0,1582698000.0,0.0,0.0,535351000.0,701189000.0,0.24,701189000.0,535351000.0,512456000.0,0.407,0.403,0.407,2199808000.0,2063713250.0,2199808000.0,8256070100.0,15.0,11.774,378990000.0,0.49,1.0,914049000.0,0.312,2270234000.0,22895000.0,5580389000.0,5328006000.0,0.0,1838925000.0,,,5014367000.0,,,7663500100.0,-30292000.0,-735917000.0,18585000.0,215794000.0,0.0,148619000.0,-691191000.0,139432000.0,518101000.0,0.0,315012000.0,315012000.0,315012000.0,-6189000.0,0.0,0.108,392227000.0,521822000.0,179191000.0,0.0,3.484,24.328,24.287,200579000.0,0.0,9.885,2.62,2.612,417521000.0,1542897000.0,2925367000.0,2925367000.0,0.0,0.046,0.153,0.1,0.183,0.0,392227000.0,1.0,775265564.0,772960000,783748000.0,3.785,4943941000.0,0.0,197444000.0,118729000.0,6.396,
18,FISV,MRY,2002-12-31,2002-12-31,2002-12-31,2021-07-28,23882000.0,6438705000.0,5791946500.0,,,0.413,2.387,-137126000.0,227239000.0,227239000.0,1497479000.0,266137000.0,,2.523,582824000.0,,,582824000.0,181173000.0,134389000.0,1707458000.0,0.0,0.0,449696000.0,584085000.0,0.244,584085000.0,449696000.0,431938000.0,0.347,0.343,0.347,1827669000.0,1759987500.0,1827669000.0,6725253550.0,15.0,11.514,343997000.0,0.449,1.0,891913000.0,0.373,1672487000.0,17758000.0,5121803000.0,4689926250.0,0.0,2115778000.0,,,4611036000.0,,,6496298550.0,95826000.0,-362578000.0,-22158000.0,183087000.0,0.0,421813000.0,-807110000.0,-307406000.0,481123000.0,0.0,266137000.0,266137000.0,266137000.0,-6806000.0,0.0,0.111,457612000.0,434301000.0,1789129000.0,0.0,3.554,24.41,24.46,223070000.0,0.0,8.488,2.719,2.719,2080249000.0,1227885000.0,2389392000.0,2389392000.0,0.0,0.046,0.151,0.096,0.188,0.0,323223000.0,1.0,765396000.0,765544000,779804000.0,3.121,4766218000.0,0.0,165801000.0,69838000.0,6.226,
19,FISV,MRY,2001-12-31,2001-12-31,2001-12-31,2021-07-28,76216000.0,5322242000.0,5284625250.0,,,0.41,2.146,-104609000.0,136088000.0,136088000.0,1346853000.0,208217000.0,,2.316,455893000.0,,,455893000.0,171101000.0,147696000.0,1420956000.0,0.0,0.0,367187000.0,514883000.0,0.238,514883000.0,367187000.0,347028000.0,0.278,0.273,0.278,1604826000.0,1428271000.0,1604826000.0,8207600880.0,22.0,15.941,342930000.0,0.459,1.0,820829000.0,0.379,1253847000.0,20159000.0,4388200000.0,4495864000.0,0.0,1885063000.0,,,3717416000.0,,,7920568880.0,37232000.0,-224842000.0,15053000.0,86762000.0,0.0,-2881000.0,-407426000.0,-77975000.0,447539000.0,0.0,208217000.0,208217000.0,208217000.0,0.0,0.0,0.096,461728000.0,359101000.0,1372782000.0,0.0,4.935,38.04,38.058,200973000.0,0.0,10.58,3.654,3.649,1738268000.0,961748000.0,2167682000.0,2167682000.0,0.0,0.039,0.146,0.082,0.169,0.0,314032000.0,1.0,748636000.0,747716000,766336000.0,2.899,4068395000.0,0.0,138811000.0,54780000.0,5.441,
20,FISV,MRY,2000-12-31,2000-12-31,2000-12-31,2021-07-28,78869000.0,5586320000.0,5985054000.0,,,0.322,1.694,-106987000.0,98856000.0,98856000.0,1183443000.0,177021000.0,,3.462,354683000.0,,,354683000.0,156668000.0,148842000.0,1525652000.0,0.0,0.0,328858000.0,477700000.0,0.248,477700000.0,328858000.0,300035000.0,0.24,0.233,0.24,1252072000.0,1197798000.0,1252072000.0,6422793280.0,20.0,13.445,477481000.0,0.646,1.0,745778000.0,0.387,935002000.0,28823000.0,4907145000.0,5635908000.0,0.0,1796899000.0,,,4334248000.0,,,5868897280.0,18302000.0,-88764000.0,10692000.0,-353520000.0,0.0,-507141000.0,-59025000.0,136726000.0,584468000.0,0.0,177021000.0,177021000.0,177021000.0,0.0,0.0,0.092,431472000.0,314306000.0,2057956000.0,0.0,4.687,33.154,32.944,205555000.0,0.0,7.907,3.042,3.029,2458931000.0,753531000.0,1929221000.0,1929221000.0,0.0,0.03,0.148,0.058,0.17,0.0,282630000.0,1.0,742272000.0,739152000,759216000.0,2.61,4651318000.0,0.0,123014000.0,57199000.0,6.293,
21,FISV,MRY,1999-12-31,1999-12-31,1999-12-31,2021-07-28,125026000.0,5307710000.0,5037635000.0,,,0.279,1.477,-69697000.0,80554000.0,80554000.0,788389000.0,137868000.0,,3.865,707174000.0,,,707174000.0,131476000.0,86313000.0,1298120000.0,0.0,0.0,253085000.0,339398000.0,0.241,339398000.0,253085000.0,233675000.0,0.188,0.182,0.188,1091016000.0,1033101250.0,1091016000.0,5302936060.0,21.0,15.625,108140000.0,0.146,1.0,619156000.0,0.44,877334000.0,19410000.0,5056996000.0,4774292500.0,0.0,335573000.0,,,4216694000.0,,,4697802060.0,8996000.0,-210587000.0,-22800000.0,169959000.0,0.0,346506000.0,-515347000.0,-209011000.0,177837000.0,0.0,137868000.0,137868000.0,137868000.0,0.0,0.0,0.098,366071000.0,253085000.0,1830782000.0,0.0,4.306,34.075,33.963,195333000.0,0.0,6.385,3.338,3.352,2431418000.0,576510000.0,1407545000.0,1407545000.0,0.0,0.027,0.133,0.053,0.18,0.0,272616000.0,1.0,735756000.0,738856000,760072000.0,1.905,4430376000.0,0.0,95807000.0,72699000.0,5.996,
22,FISV,MRY,1998-12-31,1998-12-31,1998-12-31,2021-07-28,39875000.0,3958338000.0,3876789500.0,,,0.318,1.202,-77542000.0,71558000.0,71558000.0,692392000.0,114274000.0,,3.469,427972000.0,,,427972000.0,107286000.0,76451000.0,1098773000.0,0.0,0.0,209639000.0,286090000.0,0.232,286090000.0,209639000.0,193684000.0,0.155,0.15,0.155,885797000.0,817957750.0,885797000.0,4496422560.0,21.0,15.717,202853000.0,0.275,1.0,541278000.0,0.439,680975000.0,15955000.0,3633777000.0,3605473500.0,0.0,180099000.0,,,3072541000.0,,,4216742560.0,-17819000.0,-217792000.0,-37389000.0,79835000.0,0.0,58478000.0,-356692000.0,-30779000.0,280395000.0,0.0,114274000.0,114274000.0,114274000.0,0.0,0.0,0.093,331639000.0,209639000.0,1273223000.0,0.0,4.76,36.9,36.875,179434000.0,0.0,5.716,3.418,3.416,1649501000.0,438642000.0,1233670000.0,1233670000.0,0.0,0.029,0.14,0.058,0.17,0.0,259126000.0,1.0,737766000.0,737238000,762924000.0,1.673,3277363000.0,14545000.0,79410000.0,14768000.0,4.445,
23,FISV,MRY,1997-12-31,1997-12-31,1997-12-31,2021-07-28,16563000.0,3636491000.0,3167735000.0,,,0.308,1.096,-39765000.0,89377000.0,89377000.0,555451000.0,90800000.0,,3.727,347006000.0,,,347006000.0,67569000.0,63186000.0,1082740000.0,0.0,0.0,165777000.0,228963000.0,0.235,228963000.0,165777000.0,153899000.0,0.13,0.125,0.13,769255000.0,687576500.0,769255000.0,,,,154804000.0,0.22,1.0,418981000.0,0.43,478869000.0,11878000.0,3415251000.0,2950944000.0,0.0,125999000.0,,,2867236000.0,,,2640573799.0,-11905000.0,-65017000.0,10040000.0,-31096000.0,0.0,91131000.0,-297605000.0,-167812000.0,194569000.0,0.0,90800000.0,90800000.0,90800000.0,0.0,0.0,0.093,253204000.0,165777000.0,1238105000.0,0.0,3.433,29.081,27.994,149055000.0,0.0,3.639,2.71,2.622,1583940000.0,324368000.0,974432000.0,974432000.0,0.0,0.029,0.132,0.056,0.17,0.0,189982000.0,1.0,725580018.0,702126000,722628000.0,1.388,3157622000.0,35233000.0,63099000.0,8436000.0,4.497,
24,FISV,MRY,1996-12-31,1996-12-31,1996-12-31,2021-07-28,18621000.0,2698979000.0,,,,,0.88,-39450000.0,101282000.0,101282000.0,492653000.0,79708000.0,,3.455,306064000.0,,,306064000.0,46089000.0,65511000.0,970553000.0,0.0,0.0,153550000.0,219061000.0,0.249,219061000.0,153550000.0,134462000.0,0.116,0.113,0.116,605898000.0,,605898000.0,,,,130664000.0,0.19,1.0,386796000.0,0.44,417124000.0,19088000.0,2486637000.0,,0.0,72952000.0,,,2093081000.0,,,,24726000.0,-8025000.0,4896000.0,-119640000.0,0.0,-61380000.0,-84008000.0,-36533000.0,170114000.0,0.0,79708000.0,79708000.0,79708000.0,0.0,0.0,0.091,233246000.0,153550000.0,679701000.0,0.0,,,23.467,148413000.0,0.0,2.722,,2.131,890101000.0,233851000.0,879449000.0,879449000.0,0.0,,,,0.175,0.0,164003000.0,1.0,,688410000,702621000.0,1.278,2281855000.0,34144000.0,54754000.0,9808000.0,3.315,
25,FISV,MRY,1995-12-31,1995-12-31,1995-12-31,2021-07-28,,,,,,,,-46322000.0,,,452088000.0,-45926000.0,,,,,,,,66652000.0,,0.0,0.0,-57324000.0,9328000.0,0.012,9328000.0,-57324000.0,-76146000.0,-0.069,-0.069,-0.069,,,,,,,90650000.0,0.136,1.0,317016000.0,0.412,,18822000.0,,,,,,,,,,,20769000.0,-261417000.0,638000.0,180644000.0,0.0,63254000.0,-179457000.0,128282000.0,136972000.0,0.0,-45926000.0,-45926000.0,-45926000.0,0.0,0.0,-0.06,374340000.0,-57324000.0,,0.0,,,-32.206,,0.0,2.222,,1.925,,,769104000.0,769104000.0,0.0,,,,-0.075,0.0,141100000.0,1.0,,666198000,666198000.0,1.154,,,-30220000.0,,,
0,FISV,MRQ,2021-06-30,2021-06-30,2021-06-30,2021-07-28,-323000000.0,75776000000.0,,17727000000.0,58049000000.0,,47.903,-260000000.0,841000000.0,841000000.0,1967000000.0,284000000.0,1.028,1.352,20843000000.0,418000000.0,20425000000.0,20843000000.0,524000000.0,813000000.0,0.0,0.0,0.0,672000000.0,1485000000.0,0.367,1485000000.0,672000000.0,497000000.0,0.41,0.4,0.41,31793000000.0,,31793000000.0,91643979242.0,41.0,16.981,801000000.0,1.207,1.0,2084000000.0,0.514,51379000000.0,175000000.0,27148000000.0,,0.0,2590000000.0,0.0,2590000000.0,42983000000.0,17251000000.0,25732000000.0,71270979242.0,11000000.0,-212000000.0,-602000000.0,-426000000.0,0.0,-1066000000.0,10000000.0,464000000.0,1061000000.0,6000000.0,269000000.0,269000000.0,269000000.0,0.0,15000000.0,0.066,1440000000.0,644000000.0,3364000000.0,0.0,2.242,62.683,63.249,1650000000.0,0.0,106.89,4.621,4.6,2663000000.0,14014000000.0,4051000000.0,4051000000.0,0.0,,,,,61000000.0,1440000000.0,1.0,666769382.0,663700000,672700000.0,6.104,24397000000.0,0.0,228000000.0,4324000000.0,36.759,476000000.0
1,FISV,MRQ,2021-03-31,2021-03-31,2021-03-31,2021-07-28,-536000000.0,74840000000.0,,16440000000.0,58400000000.0,,47.638,-234000000.0,831000000.0,831000000.0,1907000000.0,318000000.0,1.034,1.318,21204000000.0,366000000.0,20838000000.0,21204000000.0,555000000.0,797000000.0,0.0,0.0,0.0,498000000.0,1295000000.0,0.345,1295000000.0,498000000.0,322000000.0,0.45,0.45,0.45,31851000000.0,,31851000000.0,99470503758.0,58.0,20.392,718000000.0,1.074,1.0,1848000000.0,0.492,51375000000.0,176000000.0,27933000000.0,,0.0,3037000000.0,0.0,3037000000.0,41995000000.0,15905000000.0,26090000000.0,79692503758.0,-75000000.0,-281000000.0,-699000000.0,401000000.0,0.0,-311000000.0,-708000000.0,-227000000.0,952000000.0,-8000000.0,304000000.0,304000000.0,304000000.0,0.0,14000000.0,0.081,1373000000.0,475000000.0,3243000000.0,0.0,2.502,91.601,93.0,1646000000.0,0.0,119.04,5.371,5.364,2617000000.0,13745000000.0,3755000000.0,3755000000.0,0.0,,,,,66000000.0,1373000000.0,1.0,669459877.0,668600000,679900000.0,5.616,23465000000.0,0.0,18000000.0,4289000000.0,35.096,535000000.0
2,FISV,MRQ,2020-12-31,2020-12-31,2020-12-31,2021-07-28,-387000000.0,74619000000.0,,16219000000.0,58400000000.0,,48.211,-211000000.0,906000000.0,906000000.0,1857000000.0,313000000.0,1.037,1.277,20684000000.0,384000000.0,20300000000.0,20684000000.0,546000000.0,774000000.0,0.0,0.0,0.0,494000000.0,1268000000.0,0.331,1268000000.0,494000000.0,320000000.0,0.44,0.44,0.44,32330000000.0,,32330000000.0,96658061343.0,52.0,19.053,975000000.0,1.454,1.0,1975000000.0,0.515,51680000000.0,174000000.0,27080000000.0,,0.0,2756000000.0,0.0,2756000000.0,41290000000.0,15637000000.0,25653000000.0,76336061343.0,-32000000.0,-1000000.0,-189000000.0,-817000000.0,0.0,-1051000000.0,-187000000.0,-1000000.0,1186000000.0,20000000.0,300000000.0,300000000.0,300000000.0,0.0,13000000.0,0.078,1459000000.0,516000000.0,3186000000.0,0.0,2.361,79.683,80.183,1628000000.0,0.0,113.86,5.14,5.153,2482000000.0,13441000000.0,3832000000.0,3832000000.0,0.0,,,,,83000000.0,1459000000.0,1.0,670437918.0,670600000,681300000.0,5.714,22939000000.0,0.0,20000000.0,4389000000.0,34.207,582000000.0
3,FISV,MRQ,2020-09-30,2020-09-30,2020-09-30,2021-07-28,-831000000.0,72372000000.0,,14025000000.0,58347000000.0,,47.316,-201000000.0,937000000.0,937000000.0,1868000000.0,276000000.0,1.057,1.252,21259000000.0,365000000.0,20894000000.0,21259000000.0,451000000.0,787000000.0,0.0,0.0,0.0,562000000.0,1349000000.0,0.356,1349000000.0,562000000.0,388000000.0,0.39,0.39,0.39,31692000000.0,,31692000000.0,90012427657.0,48.0,17.688,841000000.0,1.256,1.0,1918000000.0,0.507,51557000000.0,174000000.0,27874000000.0,,0.0,2772000000.0,0.0,2772000000.0,39683000000.0,13263000000.0,26420000000.0,69007427657.0,44000000.0,-7000000.0,-16000000.0,-802000000.0,0.0,-826000000.0,-180000000.0,0.0,1042000000.0,8000000.0,264000000.0,264000000.0,264000000.0,0.0,12000000.0,0.07,1376000000.0,542000000.0,3044000000.0,0.0,2.177,76.251,79.884,1630000000.0,0.0,103.05,4.581,4.582,2323000000.0,13141000000.0,3786000000.0,3786000000.0,0.0,,,,,84000000.0,1412000000.0,1.0,669649953.0,669800000,680300000.0,5.652,20815000000.0,0.0,124000000.0,4532000000.0,31.076,762000000.0
4,FISV,MRQ,2020-06-30,2020-06-30,2020-06-30,2021-07-28,-644000000.0,77093000000.0,,17482000000.0,59611000000.0,,47.139,-242000000.0,869000000.0,869000000.0,1920000000.0,9000000.0,1.043,1.387,21874000000.0,359000000.0,21515000000.0,21874000000.0,481000000.0,817000000.0,0.0,0.0,0.0,149000000.0,966000000.0,0.279,966000000.0,149000000.0,-25000000.0,0.0,0.0,0.0,31583000000.0,,31583000000.0,86427055511.0,50.0,18.288,789000000.0,1.178,1.0,1545000000.0,0.446,52724000000.0,174000000.0,28614000000.0,,0.0,2763000000.0,0.0,2763000000.0,43807000000.0,16760000000.0,27047000000.0,65355055511.0,-27000000.0,-26000000.0,-566000000.0,-223000000.0,0.0,-825000000.0,-238000000.0,0.0,1031000000.0,5000000.0,2000000.0,2000000.0,2000000.0,0.0,7000000.0,0.001,1377000000.0,168000000.0,2933000000.0,,2.069,77.896,78.726,1688000000.0,0.0,97.62,4.536,4.54,2512000000.0,12877000000.0,3465000000.0,3465000000.0,0.0,,,,,94000000.0,1377000000.0,1.0,669484281.0,670000000,680800000.0,5.172,24369000000.0,0.0,-27000000.0,4481000000.0,36.372,722000000.0
5,FISV,MRQ,2020-03-31,2020-03-31,2020-03-31,2021-07-28,-811000000.0,72598000000.0,,12933000000.0,59665000000.0,,46.959,-246000000.0,896000000.0,896000000.0,2167000000.0,377000000.0,1.067,1.226,21968000000.0,338000000.0,21630000000.0,21968000000.0,506000000.0,832000000.0,0.0,0.0,0.0,658000000.0,1490000000.0,0.395,1490000000.0,658000000.0,471000000.0,0.58,0.57,0.58,31843000000.0,,31843000000.0,85513593397.0,45.0,20.135,642000000.0,0.947,1.0,1602000000.0,0.425,52699000000.0,187000000.0,28852000000.0,,0.0,2814000000.0,0.0,2814000000.0,39052000000.0,12119000000.0,26933000000.0,64507593397.0,1000000.0,474000000.0,-922000000.0,-201000000.0,0.0,-1134000000.0,264000000.0,0.0,888000000.0,-17000000.0,392000000.0,392000000.0,392000000.0,0.0,-15000000.0,0.104,1404000000.0,198000000.0,2875000000.0,0.0,2.026,60.856,52.481,1708000000.0,0.0,94.99,5.18,5.172,2582000000.0,12875000000.0,3769000000.0,3769000000.0,0.0,,,,,108000000.0,1404000000.0,1.0,679098783.0,678100000,691200000.0,5.558,19899000000.0,0.0,79000000.0,4227000000.0,29.345,814000000.0
6,FISV,MRQ,2019-12-31,2019-12-31,2019-12-31,2021-07-28,-180000000.0,77539000000.0,,17046000000.0,60493000000.0,,64.374,-290000000.0,893000000.0,893000000.0,2109000000.0,241000000.0,1.084,1.294,21899000000.0,287000000.0,21612000000.0,21899000000.0,492000000.0,789000000.0,0.0,0.0,0.0,495000000.0,1284000000.0,0.317,1284000000.0,495000000.0,301000000.0,0.32,0.32,0.32,32979000000.0,,32979000000.0,100079258966.0,64.0,31.129,888000000.0,1.733,1.0,1936000000.0,0.479,53680000000.0,194000000.0,29138000000.0,,0.0,2720000000.0,0.0,2720000000.0,42682000000.0,15727000000.0,26955000000.0,78616258966.0,-137000000.0,11000000.0,-250000000.0,-817000000.0,0.0,-1160000000.0,-160000000.0,-41000000.0,1178000000.0,5000000.0,247000000.0,247000000.0,247000000.0,0.0,-6000000.0,0.061,1458000000.0,478000000.0,3080000000.0,0.0,2.384,88.036,66.454,1606000000.0,0.0,115.63,7.717,5.815,2782000000.0,12528000000.0,4045000000.0,4045000000.0,0.0,,,,,108000000.0,1463000000.0,1.0,679895001.0,512300000,522600000.0,7.896,23859000000.0,0.0,54000000.0,4247000000.0,46.572,1319000000.0
7,FISV,MRQ,2019-09-30,2019-09-30,2019-09-30,2021-07-28,-379000000.0,77864000000.0,,17991000000.0,59873000000.0,,55.864,-221000000.0,1028000000.0,1028000000.0,1617000000.0,225000000.0,1.08,1.347,22491000000.0,368000000.0,22123000000.0,22491000000.0,412000000.0,571000000.0,0.0,0.0,0.0,415000000.0,986000000.0,0.315,986000000.0,415000000.0,251000000.0,0.34,0.33,0.34,32669000000.0,,32669000000.0,46023057117.0,31.0,18.358,817000000.0,1.397,1.0,1511000000.0,0.483,53254000000.0,164000000.0,29412000000.0,,0.0,2618000000.0,0.0,2618000000.0,44012000000.0,16661000000.0,27351000000.0,40708057117.0,-7371000000.0,-16029000000.0,-26000000.0,7845000000.0,0.0,7768000000.0,-16173000000.0,-1000000.0,1038000000.0,-4000000.0,198000000.0,198000000.0,198000000.0,0.0,27000000.0,0.063,1137000000.0,374000000.0,2901000000.0,0.0,1.246,43.678,46.873,1639000000.0,0.0,103.59,5.292,7.875,2653000000.0,12281000000.0,3128000000.0,3128000000.0,0.0,,,,,87000000.0,1137000000.0,1.0,392972846.0,584800000,596900000.0,5.349,24610000000.0,0.0,53000000.0,4110000000.0,42.083,1330000000.0
8,FISV,MRQ,2019-06-30,2019-06-30,2019-06-30,2021-07-28,-193000000.0,19640000000.0,,10209000000.0,9431000000.0,,6.487,-112000000.0,8441000000.0,8441000000.0,785000000.0,223000000.0,4.97,6.714,13756000000.0,9000000.0,13747000000.0,13756000000.0,360000000.0,146000000.0,0.0,0.0,0.0,341000000.0,487000000.0,0.322,487000000.0,341000000.0,283000000.0,0.57,0.56,0.57,2546000000.0,,2546000000.0,41197815632.0,29.0,20.548,94000000.0,0.239,1.0,727000000.0,0.481,7804000000.0,58000000.0,15097000000.0,,0.0,0.0,0.0,0.0,17094000000.0,2054000000.0,15040000000.0,35774815632.0,7989000000.0,8000000.0,22000000.0,7861000000.0,0.0,7883000000.0,-100000000.0,-3000000.0,206000000.0,0.0,223000000.0,223000000.0,223000000.0,0.0,0.0,0.147,343000000.0,384000000.0,1685000000.0,0.0,14.051,37.227,37.514,418000000.0,0.0,91.16,5.985,5.986,989000000.0,12083000000.0,1512000000.0,1512000000.0,0.0,,,,,15000000.0,343000000.0,1.0,392439838.0,392500000,399600000.0,3.852,11836000000.0,0.0,60000000.0,713000000.0,30.155,8155000000.0
9,FISV,MRQ,2019-03-31,2019-03-31,2019-03-31,2021-07-28,-85000000.0,11676000000.0,,2275000000.0,9401000000.0,,6.112,-98000000.0,452000000.0,452000000.0,798000000.0,225000000.0,1.073,3.877,5875000000.0,7000000.0,5868000000.0,5875000000.0,395000000.0,145000000.0,0.0,0.0,0.0,313000000.0,458000000.0,0.305,458000000.0,313000000.0,256000000.0,0.58,0.56,0.58,2394000000.0,,2394000000.0,40113297800.0,27.0,19.888,275000000.0,0.702,1.0,704000000.0,0.469,7820000000.0,57000000.0,7159000000.0,,0.0,0.0,0.0,0.0,9282000000.0,2120000000.0,7162000000.0,34569297800.0,37000000.0,56000000.0,-151000000.0,-149000000.0,0.0,-300000000.0,-36000000.0,0.0,373000000.0,0.0,225000000.0,225000000.0,225000000.0,0.0,0.0,0.15,331000000.0,373000000.0,1718000000.0,0.0,14.44,34.954,35.741,409000000.0,0.0,88.28,5.874,5.876,1044000000.0,11860000000.0,1502000000.0,1502000000.0,0.0,,,,,19000000.0,341000000.0,1.0,391586971.0,391700000,399100000.0,3.835,3856000000.0,0.0,31000000.0,745000000.0,9.844,155000000.0
10,FISV,MRQ,2018-12-31,2018-12-31,2018-12-31,2021-07-28,-67000000.0,11262000000.0,,2224000000.0,9038000000.0,,5.779,-97000000.0,415000000.0,415000000.0,822000000.0,286000000.0,1.106,3.911,5959000000.0,4000000.0,5955000000.0,5959000000.0,380000000.0,147000000.0,0.0,0.0,0.0,429000000.0,576000000.0,0.371,576000000.0,429000000.0,374000000.0,0.72,0.71,0.72,2293000000.0,,2293000000.0,33885617402.0,19.0,14.739,474000000.0,1.195,1.0,729000000.0,0.47,7845000000.0,55000000.0,6951000000.0,,0.0,65000000.0,0.0,65000000.0,8969000000.0,2010000000.0,6959000000.0,29283617402.0,-301000000.0,-712000000.0,-677000000.0,663000000.0,0.0,-23000000.0,-806000000.0,-3000000.0,571000000.0,0.0,286000000.0,286000000.0,286000000.0,0.0,0.0,0.184,71000000.0,658000000.0,1146000000.0,0.0,12.771,24.67,25.082,398000000.0,0.0,73.49,5.029,5.118,1049000000.0,11635000000.0,1551000000.0,1551000000.0,0.0,,,,,19000000.0,298000000.0,1.0,398470777.0,396800000,405000000.0,3.909,3417000000.0,0.0,88000000.0,745000000.0,8.611,214000000.0
11,FISV,MRQ,2018-09-30,2018-09-30,2018-09-30,2021-07-28,-79000000.0,10748000000.0,,2338000000.0,8410000000.0,,6.59,-94000000.0,673000000.0,673000000.0,749000000.0,227000000.0,1.008,3.039,5275000000.0,452000000.0,4823000000.0,5275000000.0,317000000.0,134000000.0,0.0,0.0,0.0,350000000.0,484000000.0,0.343,484000000.0,350000000.0,305000000.0,0.56,0.55,0.56,2661000000.0,,2661000000.0,37815894004.0,21.0,16.718,281000000.0,0.696,1.0,663000000.0,0.47,7252000000.0,45000000.0,5778000000.0,,0.0,0.0,0.0,0.0,8087000000.0,2320000000.0,5767000000.0,33357894004.0,325000000.0,0.0,-414000000.0,467000000.0,0.0,50000000.0,-93000000.0,2000000.0,375000000.0,0.0,227000000.0,227000000.0,227000000.0,0.0,0.0,0.161,305000000.0,358000000.0,1551000000.0,0.0,12.536,23.053,23.605,385000000.0,0.0,82.38,5.763,5.747,949000000.0,11349000000.0,1412000000.0,1412000000.0,0.0,,,,,18000000.0,305000000.0,1.0,404927094.0,403800000,412000000.0,3.497,3496000000.0,0.0,78000000.0,715000000.0,8.658,18000000.0
12,FISV,MRQ,2018-06-30,2018-06-30,2018-06-30,2021-07-28,-66000000.0,10218000000.0,,1804000000.0,8414000000.0,,6.978,-92000000.0,348000000.0,348000000.0,739000000.0,251000000.0,1.09,2.585,4806000000.0,1000000.0,4805000000.0,4806000000.0,352000000.0,131000000.0,0.0,0.0,0.0,368000000.0,499000000.0,0.351,499000000.0,368000000.0,323000000.0,0.61,0.6,0.61,2850000000.0,,2850000000.0,34557169845.0,19.0,15.264,142000000.0,0.348,1.0,681000000.0,0.48,7289000000.0,45000000.0,5732000000.0,,0.0,0.0,0.0,0.0,7368000000.0,1655000000.0,5713000000.0,30335169845.0,59000000.0,0.0,-381000000.0,201000000.0,0.0,-173000000.0,-95000000.0,-1000000.0,234000000.0,0.0,251000000.0,251000000.0,251000000.0,0.0,0.0,0.177,320000000.0,361000000.0,1302000000.0,0.0,10.644,20.892,21.29,374000000.0,0.0,74.09,5.252,5.239,932000000.0,11122000000.0,1420000000.0,1420000000.0,0.0,,,,,17000000.0,320000000.0,1.0,409436764.0,408400000,416400000.0,3.477,2929000000.0,0.0,72000000.0,692000000.0,7.172,149000000.0
13,FISV,MRQ,2018-03-31,2018-03-31,2018-03-31,2021-07-28,-56000000.0,10167000000.0,,1768000000.0,8399000000.0,,7.192,-77000000.0,382000000.0,382000000.0,759000000.0,423000000.0,1.051,2.422,4604000000.0,1000000.0,4603000000.0,4604000000.0,379000000.0,133000000.0,0.0,0.0,0.0,608000000.0,741000000.0,0.515,741000000.0,608000000.0,563000000.0,1.02,1.0,1.02,2971000000.0,,2971000000.0,34041413564.0,19.0,15.13,295000000.0,0.714,1.0,681000000.0,0.473,7309000000.0,45000000.0,5397000000.0,,0.0,0.0,0.0,0.0,7196000000.0,1683000000.0,5513000000.0,29466413564.0,7000000.0,419000000.0,-399000000.0,-297000000.0,0.0,-696000000.0,381000000.0,-1000000.0,372000000.0,0.0,423000000.0,423000000.0,423000000.0,0.0,0.0,0.294,305000000.0,376000000.0,1303000000.0,0.0,9.918,20.722,21.035,375000000.0,0.0,71.31,5.132,5.13,878000000.0,10871000000.0,1440000000.0,1440000000.0,0.0,,,,,19000000.0,305000000.0,1.0,413215728.0,413100000,421600000.0,3.486,2858000000.0,0.0,140000000.0,693000000.0,6.918,85000000.0
14,FISV,MRQ,2017-12-31,2017-12-31,2017-12-31,2021-07-28,-54000000.0,10289000000.0,,1975000000.0,8314000000.0,,6.56,-79000000.0,325000000.0,325000000.0,778000000.0,546000000.0,1.019,2.767,4900000000.0,3000000.0,4897000000.0,4900000000.0,576000000.0,99000000.0,0.0,0.0,0.0,439000000.0,538000000.0,0.355,538000000.0,439000000.0,395000000.0,1.3,1.27,1.3,2731000000.0,,2731000000.0,32113412535.0,20.0,15.993,389000000.0,0.934,1.0,738000000.0,0.487,7472000000.0,44000000.0,5454000000.0,,0.0,0.0,0.0,0.0,7558000000.0,1938000000.0,5620000000.0,27327412535.0,0.0,-3000000.0,-194000000.0,-211000000.0,0.0,-405000000.0,-82000000.0,0.0,468000000.0,0.0,546000000.0,546000000.0,546000000.0,-14000000.0,0.0,0.36,303000000.0,435000000.0,1359000000.0,0.0,10.006,21.932,22.225,390000000.0,0.0,65.565,4.798,4.861,997000000.0,10240000000.0,1516000000.0,1516000000.0,0.0,,,,,15000000.0,313000000.0,1.0,416798788.0,416300000,425000000.0,3.642,2817000000.0,0.0,-151000000.0,552000000.0,6.767,37000000.0
15,FISV,MRQ,2017-09-30,2017-09-30,2017-09-30,2021-07-28,-55000000.0,10199000000.0,,1870000000.0,8329000000.0,,5.593,-72000000.0,325000000.0,325000000.0,746000000.0,232000000.0,1.011,3.34,5111000000.0,93000000.0,5018000000.0,5111000000.0,451000000.0,111000000.0,0.0,0.0,0.0,375000000.0,486000000.0,0.347,486000000.0,375000000.0,330000000.0,0.55,0.54,0.55,2350000000.0,,2350000000.0,31583636038.0,21.0,16.106,252000000.0,0.6,1.0,654000000.0,0.467,7500000000.0,45000000.0,5635000000.0,,0.0,0.0,0.0,0.0,7849000000.0,1850000000.0,5999000000.0,27141636038.0,26000000.0,-305000000.0,-285000000.0,368000000.0,0.0,83000000.0,-381000000.0,-10000000.0,324000000.0,0.0,232000000.0,232000000.0,232000000.0,0.0,0.0,0.166,284000000.0,370000000.0,1306000000.0,0.0,11.55,29.663,30.061,385000000.0,0.0,64.48,4.837,4.829,898000000.0,9694000000.0,1400000000.0,1400000000.0,0.0,,,,,15000000.0,284000000.0,1.0,420931080.0,420200000,429100000.0,3.332,2699000000.0,0.0,98000000.0,815000000.0,6.423,20000000.0
16,FISV,MRQ,2017-06-30,2017-06-30,2017-06-30,2021-07-28,-59000000.0,9685000000.0,,1632000000.0,8053000000.0,,5.644,-60000000.0,299000000.0,299000000.0,748000000.0,221000000.0,0.956,3.051,4741000000.0,95000000.0,4646000000.0,4741000000.0,464000000.0,111000000.0,0.0,0.0,0.0,374000000.0,485000000.0,0.35,485000000.0,374000000.0,330000000.0,0.52,0.51,0.52,2391000000.0,,2391000000.0,30312322196.0,20.0,15.561,168000000.0,0.397,1.0,638000000.0,0.46,7242000000.0,44000000.0,5178000000.0,,0.0,0.0,0.0,0.0,7294000000.0,1707000000.0,5587000000.0,25982322196.0,-9000000.0,19000000.0,-290000000.0,93000000.0,0.0,-197000000.0,-40000000.0,0.0,228000000.0,0.0,221000000.0,221000000.0,221000000.0,0.0,0.0,0.159,276000000.0,362000000.0,1148000000.0,0.0,10.867,28.966,29.338,396000000.0,0.0,61.17,4.647,4.635,845000000.0,9462000000.0,1386000000.0,1386000000.0,0.0,,,,,17000000.0,276000000.0,1.0,424755962.0,423600000,432500000.0,3.272,2443000000.0,0.0,109000000.0,773000000.0,5.767,-75000000.0
17,FISV,MRQ,2017-03-31,2017-03-31,2017-03-31,2021-07-28,-67000000.0,9696000000.0,,1615000000.0,8081000000.0,,5.649,-76000000.0,308000000.0,308000000.0,752000000.0,247000000.0,0.902,3.0,4638000000.0,91000000.0,4547000000.0,4638000000.0,494000000.0,108000000.0,0.0,0.0,0.0,391000000.0,499000000.0,0.358,499000000.0,391000000.0,349000000.0,0.58,0.56,0.58,2424000000.0,,2424000000.0,29003369074.0,19.0,15.051,387000000.0,0.902,1.0,642000000.0,0.461,7270000000.0,42000000.0,4966000000.0,,0.0,0.0,0.0,0.0,7272000000.0,1790000000.0,5482000000.0,24741369074.0,8000000.0,-78000000.0,-376000000.0,75000000.0,0.0,-301000000.0,-154000000.0,0.0,463000000.0,0.0,247000000.0,247000000.0,247000000.0,0.0,0.0,0.177,277000000.0,365000000.0,1205000000.0,0.0,10.207,27.862,28.262,400000000.0,0.0,57.655,4.443,4.443,861000000.0,9241000000.0,1394000000.0,1394000000.0,0.0,,,,,16000000.0,277000000.0,1.0,429127900.0,429100000,438500000.0,3.249,2426000000.0,0.0,102000000.0,767000000.0,5.654,-175000000.0
18,FISV,MRQ,2016-12-31,2016-12-31,2016-12-31,2021-07-28,-76000000.0,9743000000.0,,1728000000.0,8015000000.0,,5.871,-67000000.0,300000000.0,300000000.0,761000000.0,215000000.0,0.949,2.834,4562000000.0,95000000.0,4467000000.0,4562000000.0,483000000.0,115000000.0,0.0,0.0,0.0,376000000.0,491000000.0,0.343,491000000.0,376000000.0,334000000.0,0.495,0.49,0.495,2541000000.0,,2541000000.0,27395852607.0,17.0,13.657,322000000.0,0.744,1.0,670000000.0,0.468,7206000000.0,42000000.0,4979000000.0,,0.0,0.0,0.0,0.0,7202000000.0,1820000000.0,5382000000.0,23068852607.0,-3000000.0,0.0,-261000000.0,-68000000.0,0.0,-324000000.0,-68000000.0,0.0,389000000.0,0.0,215000000.0,215000000.0,215000000.0,0.0,0.0,0.15,295000000.0,375000000.0,1242000000.0,0.0,9.079,24.805,25.185,405000000.0,0.0,53.14,4.191,4.253,902000000.0,8994000000.0,1431000000.0,1431000000.0,0.0,,,,,9000000.0,295000000.0,1.0,434114652.0,432800000,440000000.0,3.306,2537000000.0,0.0,119000000.0,762000000.0,5.862,-92000000.0
19,FISV,MRQ,2016-09-30,2016-09-30,2016-09-30,2021-07-28,-69000000.0,9637000000.0,,1600000000.0,8037000000.0,,5.86,-78000000.0,303000000.0,303000000.0,737000000.0,214000000.0,1.034,2.751,4630000000.0,6000000.0,4624000000.0,4630000000.0,413000000.0,104000000.0,0.0,0.0,0.0,369000000.0,473000000.0,0.343,473000000.0,369000000.0,328000000.0,0.49,0.48,0.49,2569000000.0,,2569000000.0,26156013965.0,17.0,13.441,277000000.0,0.632,1.0,643000000.0,0.466,7243000000.0,41000000.0,5173000000.0,,0.0,0.0,0.0,0.0,7068000000.0,1548000000.0,5520000000.0,21865013965.0,40000000.0,0.0,-319000000.0,73000000.0,0.0,-237000000.0,-78000000.0,-1000000.0,355000000.0,0.0,214000000.0,214000000.0,214000000.0,0.0,0.0,0.155,274000000.0,369000000.0,1129000000.0,0.0,8.511,24.187,24.56,403000000.0,0.0,49.735,4.018,4.007,830000000.0,8779000000.0,1380000000.0,1380000000.0,0.0,,,,,6000000.0,274000000.0,1.0,439630320.0,438400000,445400000.0,3.148,2394000000.0,0.0,114000000.0,742000000.0,5.461,52000000.0
20,FISV,MRQ,2016-06-30,2016-06-30,2016-06-30,2021-07-28,-74000000.0,9530000000.0,,1486000000.0,8044000000.0,,5.95,-73000000.0,263000000.0,263000000.0,727000000.0,212000000.0,1.023,2.607,4554000000.0,6000000.0,4548000000.0,4554000000.0,440000000.0,102000000.0,0.0,0.0,0.0,362000000.0,464000000.0,0.34,464000000.0,362000000.0,322000000.0,0.475,0.47,0.475,2642000000.0,,2642000000.0,28339930136.0,18.0,14.496,105000000.0,0.236,1.0,636000000.0,0.467,7273000000.0,40000000.0,5096000000.0,,0.0,0.0,0.0,0.0,6888000000.0,1452000000.0,5436000000.0,24173930136.0,-20000000.0,0.0,-257000000.0,102000000.0,0.0,-127000000.0,-71000000.0,0.0,178000000.0,0.0,212000000.0,212000000.0,212000000.0,0.0,0.0,0.156,274000000.0,362000000.0,1006000000.0,0.0,9.15,26.623,27.115,394000000.0,0.0,54.365,4.497,4.491,812000000.0,8565000000.0,1363000000.0,1363000000.0,0.0,,,,,-11000000.0,274000000.0,1.0,444659802.0,444000000,451200000.0,3.07,2257000000.0,0.0,110000000.0,734000000.0,5.083,34000000.0
21,FISV,MRQ,2016-03-31,2016-03-31,2016-03-31,2021-07-28,-69000000.0,9552000000.0,,1476000000.0,8076000000.0,,6.004,-72000000.0,283000000.0,283000000.0,734000000.0,289000000.0,0.957,2.559,4449000000.0,4000000.0,4445000000.0,4449000000.0,480000000.0,100000000.0,0.0,0.0,0.0,478000000.0,578000000.0,0.434,578000000.0,478000000.0,438000000.0,0.65,0.635,0.65,2684000000.0,,2684000000.0,26886908337.0,19.0,14.636,437000000.0,0.978,1.0,597000000.0,0.449,7289000000.0,40000000.0,4887000000.0,,0.0,0.0,0.0,0.0,6868000000.0,1542000000.0,5326000000.0,22868908337.0,8000000.0,-265000000.0,-329000000.0,156000000.0,0.0,-164000000.0,-337000000.0,0.0,509000000.0,0.0,289000000.0,289000000.0,289000000.0,0.0,0.0,0.217,258000000.0,339000000.0,1058000000.0,0.0,8.52,27.787,28.494,401000000.0,0.0,51.29,4.307,4.318,805000000.0,8353000000.0,1331000000.0,1331000000.0,0.0,,,,,13000000.0,258000000.0,1.0,445874602.0,447000000,454600000.0,2.978,2263000000.0,0.0,149000000.0,721000000.0,5.063,-66000000.0
22,FISV,MRQ,2015-12-31,2015-12-31,2015-12-31,2021-07-28,-74000000.0,9340000000.0,,1506000000.0,7834000000.0,,5.844,-67000000.0,275000000.0,275000000.0,763000000.0,189000000.0,1.003,2.511,4293000000.0,5000000.0,4288000000.0,4293000000.0,473000000.0,105000000.0,0.0,0.0,0.0,326000000.0,431000000.0,0.315,431000000.0,326000000.0,287000000.0,0.41,0.405,0.41,2660000000.0,,2660000000.0,24828149136.0,20.0,14.814,324000000.0,0.712,1.0,605000000.0,0.442,7072000000.0,39000000.0,4784000000.0,,0.0,0.0,0.0,0.0,6680000000.0,1502000000.0,5178000000.0,20902149136.0,-34000000.0,0.0,-445000000.0,80000000.0,0.0,-361000000.0,-64000000.0,-4000000.0,391000000.0,0.0,189000000.0,189000000.0,189000000.0,0.0,0.0,0.138,276000000.0,329000000.0,1024000000.0,0.0,7.858,29.357,30.086,396000000.0,0.0,45.73,3.978,4.072,802000000.0,8064000000.0,1368000000.0,1368000000.0,0.0,,,,,10000000.0,276000000.0,1.0,457077392.0,455200000,463400000.0,3.005,2268000000.0,0.0,98000000.0,726000000.0,4.982,4000000.0
23,FISV,MRQ,2015-09-30,2015-09-30,2015-09-30,2021-07-28,-75000000.0,9387000000.0,,1531000000.0,7856000000.0,,6.159,-89000000.0,309000000.0,309000000.0,713000000.0,218000000.0,1.085,2.272,4235000000.0,5000000.0,4230000000.0,4235000000.0,400000000.0,106000000.0,0.0,0.0,0.0,376000000.0,482000000.0,0.367,482000000.0,376000000.0,335000000.0,0.47,0.46,0.47,2869000000.0,,2869000000.0,24022770959.0,19.0,14.402,266000000.0,0.571,1.0,600000000.0,0.457,7107000000.0,41000000.0,4795000000.0,,0.0,0.0,0.0,0.0,6518000000.0,1411000000.0,5107000000.0,20316770959.0,-221000000.0,0.0,-479000000.0,-3000000.0,0.0,-483000000.0,-93000000.0,0.0,355000000.0,0.0,218000000.0,218000000.0,218000000.0,0.0,0.0,0.166,258000000.0,342000000.0,1006000000.0,0.0,7.081,28.859,29.162,397000000.0,0.0,43.305,3.906,3.878,783000000.0,7875000000.0,1313000000.0,1313000000.0,0.0,,,,,10000000.0,258000000.0,1.0,469155316.0,465800000,474000000.0,2.819,2280000000.0,37000000.0,117000000.0,720000000.0,4.895,120000000.0
24,FISV,MRQ,2015-06-30,2015-06-30,2015-06-30,2021-07-28,-66000000.0,9588000000.0,,1714000000.0,7874000000.0,,6.645,-113000000.0,530000000.0,530000000.0,710000000.0,127000000.0,1.283,2.051,4236000000.0,5000000.0,4231000000.0,4236000000.0,433000000.0,104000000.0,0.0,0.0,0.0,242000000.0,346000000.0,0.267,346000000.0,242000000.0,193000000.0,0.27,0.265,0.27,3143000000.0,,3143000000.0,23169192697.0,18.0,13.734,141000000.0,0.298,1.0,588000000.0,0.453,7144000000.0,49000000.0,4814000000.0,,0.0,0.0,0.0,0.0,6445000000.0,1336000000.0,5109000000.0,19613192697.0,234000000.0,0.0,-224000000.0,288000000.0,0.0,93000000.0,-113000000.0,0.0,254000000.0,0.0,127000000.0,127000000.0,127000000.0,0.0,0.0,0.098,262000000.0,326000000.0,898000000.0,0.0,6.24,27.053,27.702,382000000.0,0.0,41.415,3.807,3.802,746000000.0,7657000000.0,1298000000.0,1298000000.0,0.0,,,,,-11000000.0,262000000.0,1.0,473577030.0,473000000,480800000.0,2.744,2444000000.0,40000000.0,66000000.0,712000000.0,5.167,378000000.0
25,FISV,MRQ,2015-03-31,2015-03-31,2015-03-31,2021-07-28,-71000000.0,9335000000.0,,1498000000.0,7837000000.0,,6.738,-90000000.0,296000000.0,296000000.0,723000000.0,178000000.0,0.998,1.901,3852000000.0,95000000.0,3757000000.0,3852000000.0,470000000.0,102000000.0,0.0,0.0,0.0,315000000.0,417000000.0,0.327,417000000.0,315000000.0,274000000.0,0.375,0.365,0.375,3218000000.0,,3218000000.0,22461209511.0,17.0,12.85,256000000.0,0.536,1.0,552000000.0,0.433,7178000000.0,41000000.0,4212000000.0,,0.0,0.0,0.0,0.0,6117000000.0,1501000000.0,4616000000.0,18952209511.0,2000000.0,0.0,-303000000.0,49000000.0,0.0,-254000000.0,-90000000.0,0.0,346000000.0,0.0,178000000.0,178000000.0,178000000.0,0.0,0.0,0.14,238000000.0,314000000.0,936000000.0,0.0,5.889,24.807,25.531,338000000.0,0.0,39.7,3.711,3.713,765000000.0,7530000000.0,1275000000.0,1275000000.0,0.0,,,,,18000000.0,238000000.0,1.0,477385630.0,477600000,486000000.0,2.67,2157000000.0,39000000.0,96000000.0,720000000.0,4.516,-3000000.0
26,FISV,MRQ,2014-12-31,2014-12-31,2014-12-31,2021-07-28,-63000000.0,9308000000.0,,1444000000.0,7864000000.0,,6.783,-67000000.0,294000000.0,294000000.0,752000000.0,181000000.0,0.972,1.825,3790000000.0,92000000.0,3698000000.0,3790000000.0,489000000.0,104000000.0,0.0,0.0,0.0,319000000.0,423000000.0,0.321,423000000.0,319000000.0,278000000.0,0.37,0.365,0.37,3295000000.0,,3295000000.0,20753272769.0,16.0,12.165,280000000.0,0.576,1.0,564000000.0,0.429,7212000000.0,41000000.0,4106000000.0,,0.0,0.0,0.0,0.0,6013000000.0,1486000000.0,4527000000.0,17314272769.0,-115000000.0,0.0,-349000000.0,-49000000.0,0.0,-395000000.0,-67000000.0,0.0,347000000.0,0.0,181000000.0,181000000.0,181000000.0,0.0,0.0,0.138,247000000.0,317000000.0,905000000.0,0.0,5.255,22.963,23.422,317000000.0,0.0,35.485,3.418,3.483,798000000.0,7352000000.0,1316000000.0,1316000000.0,0.0,,,,,9000000.0,247000000.0,1.0,487932162.0,485800000,494000000.0,2.709,2096000000.0,0.0,97000000.0,700000000.0,4.315,-42000000.0
27,FISV,MRQ,2014-09-30,2014-09-30,2014-09-30,2021-07-28,-57000000.0,9438000000.0,,1579000000.0,7859000000.0,,6.991,-75000000.0,409000000.0,409000000.0,705000000.0,239000000.0,1.13,1.726,3848000000.0,92000000.0,3756000000.0,3848000000.0,419000000.0,101000000.0,0.0,0.0,0.0,400000000.0,501000000.0,0.397,501000000.0,400000000.0,359000000.0,0.48,0.475,0.48,3462000000.0,,3462000000.0,19627284608.0,14.0,11.177,316000000.0,0.638,1.0,558000000.0,0.442,7254000000.0,41000000.0,4226000000.0,,0.0,0.0,0.0,0.0,5976000000.0,1397000000.0,4579000000.0,16108284608.0,81000000.0,0.0,-244000000.0,0.0,0.0,-240000000.0,-70000000.0,7000000.0,391000000.0,0.0,239000000.0,239000000.0,239000000.0,0.0,0.0,0.189,243000000.0,315000000.0,886000000.0,0.0,4.653,20.288,20.65,304000000.0,0.0,32.318,3.213,3.192,748000000.0,7171000000.0,1263000000.0,1263000000.0,0.0,,,,,7000000.0,243000000.0,1.0,498438450.0,495200000,503600000.0,2.55,2184000000.0,41000000.0,120000000.0,693000000.0,4.41,182000000.0
28,FISV,MRQ,2014-06-30,2014-06-30,2014-06-30,2021-07-28,-49000000.0,9403000000.0,,1525000000.0,7878000000.0,,6.97,-80000000.0,329000000.0,329000000.0,703000000.0,166000000.0,1.115,1.706,3848000000.0,92000000.0,3756000000.0,3848000000.0,442000000.0,99000000.0,0.0,0.0,0.0,308000000.0,407000000.0,0.325,407000000.0,308000000.0,267000000.0,0.33,0.325,0.33,3475000000.0,,3475000000.0,18574434709.0,15.0,11.361,197000000.0,0.395,1.0,550000000.0,0.439,7287000000.0,41000000.0,4267000000.0,,0.0,0.0,0.0,0.0,5928000000.0,1368000000.0,4560000000.0,15033434709.0,22000000.0,0.0,-179000000.0,0.0,0.0,-176000000.0,-79000000.0,0.0,277000000.0,0.0,166000000.0,166000000.0,166000000.0,0.0,0.0,0.132,243000000.0,307000000.0,834000000.0,0.0,4.326,21.055,21.698,300000000.0,0.0,30.16,3.036,3.037,730000000.0,6932000000.0,1253000000.0,1253000000.0,0.0,,,,,0.0,243000000.0,1.0,498456058.0,498600000,506800000.0,2.513,2116000000.0,45000000.0,101000000.0,680000000.0,4.244,157000000.0
29,FISV,MRQ,2014-03-31,2014-03-31,2014-03-31,2021-07-28,-54000000.0,9473000000.0,,1547000000.0,7926000000.0,,6.767,-70000000.0,307000000.0,307000000.0,721000000.0,168000000.0,1.076,1.751,3848000000.0,92000000.0,3756000000.0,3848000000.0,462000000.0,100000000.0,0.0,0.0,0.0,275000000.0,375000000.0,0.304,375000000.0,275000000.0,234000000.0,0.33,0.325,0.33,3443000000.0,,3443000000.0,17874840989.0,15.0,11.144,222000000.0,0.436,1.0,513000000.0,0.416,7316000000.0,41000000.0,4260000000.0,,0.0,0.0,0.0,0.0,6030000000.0,1438000000.0,4592000000.0,14426840989.0,-93000000.0,0.0,-323000000.0,0.0,0.0,-315000000.0,-70000000.0,0.0,292000000.0,0.0,168000000.0,168000000.0,168000000.0,0.0,0.0,0.136,242000000.0,271000000.0,884000000.0,0.0,4.19,20.639,21.074,284000000.0,0.0,28.345,2.947,2.946,752000000.0,6766000000.0,1234000000.0,1234000000.0,0.0,,,,,15000000.0,242000000.0,1.0,508973046.0,508800000,517200000.0,2.425,2157000000.0,52000000.0,66000000.0,717000000.0,4.239,109000000.0
30,FISV,MRQ,2013-12-31,2013-12-31,2013-12-31,2021-07-28,-60000000.0,9513000000.0,,1572000000.0,7941000000.0,,6.95,-65000000.0,400000000.0,400000000.0,700000000.0,221000000.0,1.18,1.654,3848000000.0,92000000.0,3756000000.0,3848000000.0,484000000.0,102000000.0,0.0,0.0,0.0,371000000.0,473000000.0,0.375,473000000.0,371000000.0,331000000.0,0.425,0.42,0.425,3585000000.0,,3585000000.0,18841256851.0,17.0,12.219,290000000.0,0.562,1.0,563000000.0,0.446,7358000000.0,40000000.0,4271000000.0,,0.0,0.0,0.0,0.0,5928000000.0,1332000000.0,4596000000.0,15231256851.0,79000000.0,0.0,-111000000.0,-83000000.0,0.0,-212000000.0,-64000000.0,2000000.0,355000000.0,0.0,221000000.0,221000000.0,221000000.0,-1000000.0,0.0,0.175,266000000.0,297000000.0,756000000.0,0.0,4.249,23.505,23.907,266000000.0,0.0,29.525,3.164,3.219,751000000.0,6598000000.0,1263000000.0,1263000000.0,0.0,,,,,-2000000.0,266000000.0,1.0,515876608.0,515800000,523800000.0,2.449,2155000000.0,55000000.0,110000000.0,713000000.0,4.178,240000000.0
31,FISV,MRQ,2013-09-30,2013-09-30,2013-09-30,2021-07-28,-63000000.0,9456000000.0,,1527000000.0,7929000000.0,,6.656,-61000000.0,321000000.0,321000000.0,684000000.0,159000000.0,1.243,1.733,3931000000.0,2000000.0,3929000000.0,3931000000.0,400000000.0,101000000.0,0.0,0.0,0.0,279000000.0,380000000.0,0.316,380000000.0,279000000.0,238000000.0,0.305,0.3,0.305,3460000000.0,,3460000000.0,16778635526.0,16.0,11.43,218000000.0,0.419,1.0,517000000.0,0.43,7397000000.0,41000000.0,4441000000.0,,0.0,0.0,0.0,0.0,5996000000.0,1228000000.0,4768000000.0,13145635526.0,-31000000.0,-14000000.0,-188000000.0,-21000000.0,0.0,-204000000.0,-74000000.0,2000000.0,279000000.0,0.0,159000000.0,159000000.0,159000000.0,2000000.0,0.0,0.132,237000000.0,280000000.0,826000000.0,0.0,3.799,21.692,22.063,259000000.0,0.0,25.262,2.799,2.796,710000000.0,6377000000.0,1201000000.0,1201000000.0,0.0,,,,,11000000.0,237000000.0,1.0,520361624.0,519800000,527400000.0,2.311,2059000000.0,54000000.0,79000000.0,683000000.0,3.961,299000000.0
32,FISV,MRQ,2013-06-30,2013-06-30,2013-06-30,2021-07-28,-67000000.0,9434000000.0,,1454000000.0,7980000000.0,,6.531,-52000000.0,320000000.0,320000000.0,680000000.0,151000000.0,1.24,1.724,3953000000.0,2000000.0,3951000000.0,3953000000.0,410000000.0,103000000.0,0.0,0.0,0.0,273000000.0,376000000.0,0.314,376000000.0,273000000.0,232000000.0,0.285,0.28,0.285,3463000000.0,,3463000000.0,15332743653.0,14.0,10.618,117000000.0,0.221,1.0,518000000.0,0.432,7440000000.0,41000000.0,4454000000.0,,0.0,0.0,0.0,0.0,5971000000.0,1173000000.0,4798000000.0,11639743653.0,-42000000.0,116000000.0,-176000000.0,-96000000.0,0.0,-269000000.0,64000000.0,0.0,169000000.0,0.0,151000000.0,151000000.0,151000000.0,1000000.0,0.0,0.126,245000000.0,273000000.0,761000000.0,0.0,3.361,19.863,19.92,255000000.0,0.0,21.852,2.529,2.518,691000000.0,6218000000.0,1198000000.0,1198000000.0,0.0,,,,,12000000.0,245000000.0,1.0,532650436.0,530200000,537200000.0,2.26,1994000000.0,59000000.0,81000000.0,694000000.0,3.761,281000000.0
33,FISV,MRQ,2013-03-31,2013-03-31,2013-03-31,2021-07-28,-62000000.0,9563000000.0,,1453000000.0,8110000000.0,,6.554,-58000000.0,356000000.0,356000000.0,712000000.0,117000000.0,1.221,1.735,4049000000.0,2000000.0,4047000000.0,4049000000.0,422000000.0,97000000.0,0.0,0.0,0.0,216000000.0,313000000.0,0.272,313000000.0,216000000.0,175000000.0,0.22,0.215,0.22,3497000000.0,,3497000000.0,14601620058.0,14.0,10.29,167000000.0,0.313,1.0,440000000.0,0.382,7483000000.0,41000000.0,4583000000.0,,0.0,0.0,0.0,0.0,6066000000.0,1190000000.0,4876000000.0,11729620058.0,36000000.0,-16000000.0,-54000000.0,-138000000.0,0.0,-188000000.0,-39000000.0,0.0,225000000.0,0.0,117000000.0,117000000.0,117000000.0,0.0,0.0,0.102,229000000.0,211000000.0,766000000.0,0.0,3.354,19.681,19.842,258000000.0,0.0,21.965,2.612,2.61,674000000.0,6067000000.0,1152000000.0,1152000000.0,0.0,,,,,14000000.0,229000000.0,1.0,534014116.0,533600000,540600000.0,2.159,2080000000.0,59000000.0,58000000.0,711000000.0,3.898,263000000.0
34,FISV,MRQ,2012-12-31,2012-12-31,2012-12-31,2021-07-28,-60000000.0,8497000000.0,,1443000000.0,7054000000.0,,6.404,-48000000.0,358000000.0,358000000.0,649000000.0,179000000.0,1.306,1.487,3230000000.0,2000000.0,3228000000.0,3230000000.0,379000000.0,88000000.0,0.0,0.0,0.0,311000000.0,399000000.0,0.348,399000000.0,311000000.0,272000000.0,0.335,0.33,0.335,3417000000.0,,3417000000.0,13690345584.0,13.0,9.54,273000000.0,0.512,1.0,496000000.0,0.433,6449000000.0,39000000.0,3815000000.0,,0.0,0.0,0.0,0.0,5080000000.0,1105000000.0,3975000000.0,10548345584.0,51000000.0,32000000.0,-38000000.0,-221000000.0,0.0,-255000000.0,-15000000.0,1000000.0,321000000.0,0.0,179000000.0,179000000.0,179000000.0,-21000000.0,0.0,0.156,209000000.0,287000000.0,721000000.0,0.0,3.087,17.264,17.562,248000000.0,0.0,19.758,2.378,2.419,661000000.0,5950000000.0,1145000000.0,1145000000.0,0.0,,,,,9000000.0,209000000.0,1.0,533890704.0,533600000,540400000.0,2.146,2048000000.0,42000000.0,93000000.0,638000000.0,3.838,338000000.0
35,FISV,MRQ,2012-09-30,2012-09-30,2012-09-30,2021-07-28,-61000000.0,8453000000.0,,1325000000.0,7128000000.0,,6.038,-44000000.0,307000000.0,307000000.0,636000000.0,139000000.0,1.261,1.595,3449000000.0,2000000.0,3447000000.0,3449000000.0,330000000.0,89000000.0,0.0,0.0,0.0,267000000.0,356000000.0,0.322,356000000.0,267000000.0,219000000.0,0.258,0.255,0.258,3258000000.0,,3258000000.0,13156619674.0,13.0,9.431,118000000.0,0.219,1.0,471000000.0,0.425,6501000000.0,48000000.0,4043000000.0,,0.0,0.0,0.0,0.0,5195000000.0,1051000000.0,4144000000.0,10043619674.0,4000000.0,0.0,-156000000.0,30000000.0,0.0,-132000000.0,-25000000.0,21000000.0,162000000.0,0.0,139000000.0,139000000.0,139000000.0,1000000.0,0.0,0.126,206000000.0,265000000.0,719000000.0,0.0,3.083,17.467,17.711,256000000.0,0.0,18.508,2.281,2.268,643000000.0,5771000000.0,1107000000.0,1107000000.0,0.0,,,,,10000000.0,206000000.0,1.0,542678356.0,539600000,546400000.0,2.052,1952000000.0,37000000.0,80000000.0,603000000.0,3.617,274000000.0
36,FISV,MRQ,2012-06-30,2012-06-30,2012-06-30,2021-07-28,-73000000.0,8416000000.0,,1283000000.0,7133000000.0,,5.975,-43000000.0,302000000.0,302000000.0,626000000.0,161000000.0,1.039,1.587,3415000000.0,178000000.0,3237000000.0,3415000000.0,342000000.0,86000000.0,0.0,0.0,0.0,265000000.0,351000000.0,0.323,351000000.0,265000000.0,221000000.0,0.295,0.292,0.295,3253000000.0,,3253000000.0,12941777272.0,13.0,9.572,103000000.0,0.189,1.0,461000000.0,0.424,6532000000.0,44000000.0,3762000000.0,,0.0,0.0,0.0,0.0,5163000000.0,1235000000.0,3928000000.0,9856777272.0,-10000000.0,0.0,-136000000.0,18000000.0,0.0,-115000000.0,-40000000.0,6000000.0,146000000.0,0.0,161000000.0,161000000.0,161000000.0,1000000.0,0.0,0.148,204000000.0,257000000.0,715000000.0,0.0,3.03,17.508,17.841,256000000.0,0.0,18.055,2.261,2.254,606000000.0,5632000000.0,1087000000.0,1087000000.0,0.0,,,,,11000000.0,204000000.0,1.0,545930616.0,544400000,551200000.0,1.997,1884000000.0,39000000.0,60000000.0,610000000.0,3.461,48000000.0
37,FISV,MRQ,2012-03-31,2012-03-31,2012-03-31,2021-07-28,-62000000.0,8484000000.0,,1316000000.0,7168000000.0,,5.795,-58000000.0,311000000.0,311000000.0,653000000.0,132000000.0,0.973,1.639,3396000000.0,178000000.0,3218000000.0,3396000000.0,376000000.0,87000000.0,0.0,0.0,0.0,242000000.0,329000000.0,0.3,329000000.0,242000000.0,199000000.0,0.237,0.235,0.237,3215000000.0,,3215000000.0,12674666215.0,14.0,9.925,178000000.0,0.321,1.0,444000000.0,0.405,6572000000.0,43000000.0,3644000000.0,,0.0,0.0,0.0,0.0,5269000000.0,1353000000.0,3916000000.0,9616666215.0,-24000000.0,0.0,-208000000.0,0.0,0.0,-204000000.0,-58000000.0,0.0,236000000.0,0.0,132000000.0,132000000.0,132000000.0,0.0,0.0,0.12,205000000.0,239000000.0,799000000.0,0.0,2.991,19.546,19.826,260000000.0,0.0,17.348,2.217,2.219,650000000.0,5471000000.0,1097000000.0,1097000000.0,0.0,,,,,14000000.0,205000000.0,1.0,554354588.0,554800000,562000000.0,1.977,1912000000.0,38000000.0,67000000.0,620000000.0,3.446,-37000000.0
38,FISV,MRQ,2011-12-31,2011-12-31,2011-12-31,2021-07-28,-78000000.0,8548000000.0,,1356000000.0,7192000000.0,,5.793,-46000000.0,337000000.0,337000000.0,625000000.0,143000000.0,0.98,1.624,3395000000.0,179000000.0,3216000000.0,3395000000.0,369000000.0,86000000.0,0.0,0.0,0.0,273000000.0,359000000.0,0.323,359000000.0,273000000.0,229000000.0,0.255,0.252,0.255,3258000000.0,,3258000000.0,11511058717.0,13.0,9.143,209000000.0,0.372,1.0,488000000.0,0.438,6601000000.0,44000000.0,3621000000.0,,0.0,0.0,0.0,0.0,5290000000.0,1384000000.0,3906000000.0,8274058717.0,56000000.0,42000000.0,-39000000.0,-121000000.0,0.0,-159000000.0,-47000000.0,0.0,255000000.0,0.0,143000000.0,143000000.0,143000000.0,6000000.0,0.0,0.128,213000000.0,275000000.0,836000000.0,0.0,2.54,17.53,17.693,258000000.0,0.0,14.685,1.929,1.952,666000000.0,5339000000.0,1113000000.0,1113000000.0,0.0,,,,,10000000.0,213000000.0,1.0,563436072.0,562400000,569600000.0,1.979,1947000000.0,44000000.0,86000000.0,617000000.0,3.462,-28000000.0
39,FISV,MRQ,2011-09-30,2011-09-30,2011-09-30,2021-07-28,-79000000.0,8451000000.0,,1211000000.0,7240000000.0,,5.585,-42000000.0,281000000.0,281000000.0,631000000.0,127000000.0,1.162,1.681,3518000000.0,4000000.0,3514000000.0,3518000000.0,321000000.0,86000000.0,0.0,0.0,0.0,227000000.0,313000000.0,0.294,313000000.0,227000000.0,182000000.0,0.225,0.223,0.225,3152000000.0,,3152000000.0,10164617328.0,11.0,8.244,221000000.0,0.392,1.0,432000000.0,0.406,6659000000.0,45000000.0,3987000000.0,,0.0,0.0,0.0,0.0,5299000000.0,1042000000.0,4257000000.0,7186617328.0,-394000000.0,-462000000.0,-38000000.0,-157000000.0,0.0,-195000000.0,-462000000.0,-4000000.0,263000000.0,0.0,127000000.0,127000000.0,127000000.0,0.0,0.0,0.119,189000000.0,243000000.0,717000000.0,0.0,2.28,16.15,16.441,262000000.0,0.0,12.693,1.689,1.684,579000000.0,5196000000.0,1063000000.0,1063000000.0,0.0,,,,,8000000.0,189000000.0,1.0,566209756.0,564400000,570400000.0,1.883,1792000000.0,47000000.0,55000000.0,644000000.0,3.175,169000000.0
40,FISV,MRQ,2011-06-30,2011-06-30,2011-06-30,2021-07-28,-47000000.0,8396000000.0,,1523000000.0,6873000000.0,,5.414,-46000000.0,675000000.0,675000000.0,624000000.0,90000000.0,1.32,1.721,3653000000.0,303000000.0,3350000000.0,3653000000.0,333000000.0,88000000.0,0.0,0.0,0.0,188000000.0,276000000.0,0.259,276000000.0,188000000.0,139000000.0,0.158,0.155,0.158,3086000000.0,,3086000000.0,11832367702.0,13.0,9.398,89000000.0,0.156,1.0,441000000.0,0.414,6247000000.0,49000000.0,3973000000.0,,0.0,0.0,0.0,0.0,5310000000.0,1154000000.0,4156000000.0,8994367702.0,158000000.0,0.0,-163000000.0,241000000.0,0.0,74000000.0,-44000000.0,0.0,135000000.0,0.0,90000000.0,90000000.0,90000000.0,7000000.0,0.0,0.085,190000000.0,251000000.0,518000000.0,0.0,2.915,19.987,20.414,272000000.0,0.0,15.658,2.133,2.117,547000000.0,5069000000.0,1065000000.0,1065000000.0,0.0,,,,,9000000.0,190000000.0,1.0,574444688.0,570000000,576800000.0,1.868,2149000000.0,42000000.0,49000000.0,636000000.0,3.77,369000000.0
41,FISV,MRQ,2011-03-31,2011-03-31,2011-03-31,2021-07-28,-41000000.0,8257000000.0,,1346000000.0,6911000000.0,,5.377,-56000000.0,517000000.0,517000000.0,624000000.0,112000000.0,1.423,1.631,3355000000.0,3000000.0,3352000000.0,3355000000.0,349000000.0,85000000.0,0.0,0.0,0.0,221000000.0,306000000.0,0.292,306000000.0,221000000.0,176000000.0,0.193,0.19,0.193,3138000000.0,,3138000000.0,11954955775.0,12.0,9.077,227000000.0,0.389,1.0,424000000.0,0.405,6283000000.0,45000000.0,3866000000.0,,0.0,0.0,0.0,0.0,5119000000.0,946000000.0,4173000000.0,9161955775.0,-46000000.0,-49000000.0,-220000000.0,0.0,0.0,-218000000.0,-111000000.0,0.0,283000000.0,0.0,112000000.0,112000000.0,112000000.0,2000000.0,0.0,0.107,203000000.0,221000000.0,594000000.0,0.0,2.92,18.813,19.122,276000000.0,0.0,15.68,2.196,2.193,528000000.0,4979000000.0,1048000000.0,1048000000.0,0.0,,,,,12000000.0,203000000.0,1.0,584308404.0,583600000,590800000.0,1.796,1974000000.0,40000000.0,64000000.0,648000000.0,3.382,400000000.0
42,FISV,MRQ,2010-12-31,2010-12-31,2010-12-31,2021-07-28,-50000000.0,8281000000.0,,1417000000.0,6864000000.0,,5.454,-46000000.0,563000000.0,563000000.0,613000000.0,116000000.0,1.59,1.565,3356000000.0,3000000.0,3353000000.0,3356000000.0,351000000.0,87000000.0,0.0,0.0,0.0,251000000.0,338000000.0,0.314,338000000.0,251000000.0,193000000.0,0.198,0.195,0.198,3229000000.0,,3229000000.0,11672065101.0,12.0,8.75,272000000.0,0.459,1.0,465000000.0,0.431,6256000000.0,58000000.0,3927000000.0,,0.0,0.0,0.0,0.0,5052000000.0,891000000.0,4161000000.0,8709065101.0,-180000000.0,49000000.0,-138000000.0,-378000000.0,0.0,-516000000.0,41000000.0,14000000.0,318000000.0,0.0,116000000.0,116000000.0,116000000.0,3000000.0,0.0,0.108,198000000.0,267000000.0,537000000.0,0.0,2.697,17.559,17.745,267000000.0,0.0,14.64,2.107,2.131,572000000.0,4867000000.0,1078000000.0,1078000000.0,0.0,,,,,10000000.0,198000000.0,1.0,594881496.0,592000000,598400000.0,1.821,2025000000.0,37000000.0,77000000.0,627000000.0,3.421,526000000.0
43,FISV,MRQ,2010-09-30,2010-09-30,2010-09-30,2021-07-28,-69000000.0,8614000000.0,,1733000000.0,6881000000.0,,5.391,-45000000.0,743000000.0,743000000.0,589000000.0,132000000.0,1.556,1.669,3706000000.0,253000000.0,3453000000.0,3706000000.0,327000000.0,85000000.0,0.0,0.0,0.0,254000000.0,339000000.0,0.331,339000000.0,254000000.0,205000000.0,0.22,0.217,0.22,3228000000.0,,3228000000.0,11179605945.0,11.0,8.362,178000000.0,0.297,1.0,436000000.0,0.425,6288000000.0,49000000.0,4175000000.0,,0.0,0.0,0.0,0.0,5386000000.0,1114000000.0,4272000000.0,8078605945.0,405000000.0,-1000000.0,-37000000.0,268000000.0,0.0,218000000.0,-64000000.0,0.0,223000000.0,0.0,132000000.0,132000000.0,132000000.0,2000000.0,0.0,0.129,185000000.0,251000000.0,534000000.0,0.0,2.503,16.222,16.409,270000000.0,0.0,13.455,1.962,1.957,604000000.0,4751000000.0,1025000000.0,1025000000.0,0.0,,,,,9000000.0,185000000.0,1.0,600416644.0,598800000,603600000.0,1.712,2326000000.0,55000000.0,73000000.0,617000000.0,3.884,619000000.0
44,FISV,MRQ,2010-06-30,2010-06-30,2010-06-30,2021-07-28,-76000000.0,8182000000.0,,1146000000.0,7036000000.0,,5.154,-42000000.0,338000000.0,338000000.0,586000000.0,127000000.0,1.355,1.622,3439000000.0,58000000.0,3381000000.0,3439000000.0,318000000.0,83000000.0,0.0,0.0,0.0,251000000.0,334000000.0,0.327,334000000.0,251000000.0,205000000.0,0.21,0.207,0.21,3121000000.0,,3121000000.0,10066183330.0,10.0,7.69,130000000.0,0.215,1.0,436000000.0,0.427,6316000000.0,46000000.0,4121000000.0,,0.0,0.0,0.0,0.0,5061000000.0,846000000.0,4215000000.0,6968183330.0,-79000000.0,-8000000.0,-126000000.0,-76000000.0,0.0,-202000000.0,-43000000.0,0.0,172000000.0,0.0,127000000.0,127000000.0,127000000.0,3000000.0,0.0,0.124,185000000.0,251000000.0,470000000.0,0.0,2.233,14.487,14.504,273000000.0,0.0,11.415,1.706,1.693,500000000.0,4619000000.0,1022000000.0,1022000000.0,0.0,,,,,10000000.0,185000000.0,1.0,610440940.0,605600000,610400000.0,1.688,1866000000.0,42000000.0,78000000.0,585000000.0,3.081,300000000.0
45,FISV,MRQ,2010-03-31,2010-03-31,2010-03-31,2021-07-28,-70000000.0,8309000000.0,,1244000000.0,7065000000.0,,5.111,-42000000.0,416000000.0,416000000.0,598000000.0,121000000.0,1.257,1.665,3514000000.0,133000000.0,3381000000.0,3514000000.0,347000000.0,84000000.0,0.0,0.0,0.0,239000000.0,323000000.0,0.32,323000000.0,239000000.0,194000000.0,0.198,0.198,0.198,3118000000.0,,3118000000.0,11009783707.0,11.0,8.334,217000000.0,0.356,1.0,410000000.0,0.407,6339000000.0,45000000.0,4078000000.0,,0.0,0.0,0.0,0.0,5191000000.0,990000000.0,4201000000.0,7731783707.0,54000000.0,0.0,-50000000.0,-126000000.0,0.0,-171000000.0,-35000000.0,0.0,259000000.0,0.0,121000000.0,121000000.0,121000000.0,2000000.0,0.0,0.12,172000000.0,238000000.0,510000000.0,0.0,2.48,15.651,15.823,281000000.0,0.0,12.69,1.903,1.906,514000000.0,4492000000.0,1008000000.0,1008000000.0,0.0,,,,,10000000.0,172000000.0,1.0,609281616.0,610000000,614800000.0,1.652,1970000000.0,44000000.0,73000000.0,583000000.0,3.23,254000000.0
46,FISV,MRQ,2009-12-31,2009-12-31,2009-12-31,2021-07-28,-69000000.0,8378000000.0,,1277000000.0,7101000000.0,,4.925,-47000000.0,363000000.0,363000000.0,611000000.0,118000000.0,1.1,1.769,3641000000.0,259000000.0,3382000000.0,3641000000.0,337000000.0,85000000.0,0.0,0.0,0.0,256000000.0,341000000.0,0.321,341000000.0,256000000.0,197000000.0,0.193,0.19,0.193,3026000000.0,,3026000000.0,10959974749.0,11.0,8.418,169000000.0,0.275,1.0,451000000.0,0.425,6377000000.0,59000000.0,4118000000.0,,0.0,0.0,0.0,0.0,5352000000.0,1161000000.0,4191000000.0,7460974749.0,-706000000.0,10000000.0,-32000000.0,-141000000.0,0.0,-879000000.0,-43000000.0,0.0,216000000.0,0.0,118000000.0,118000000.0,118000000.0,10000000.0,0.0,0.111,195000000.0,256000000.0,565000000.0,0.0,2.466,15.674,15.74,293000000.0,0.0,12.12,1.83,1.837,554000000.0,4371000000.0,1062000000.0,1062000000.0,0.0,,,,,8000000.0,195000000.0,1.0,615591976.0,614400000,618000000.0,1.729,2001000000.0,46000000.0,79000000.0,580000000.0,3.257,116000000.0
47,FISV,MRQ,2009-09-30,2009-09-30,2009-09-30,2021-07-28,-89000000.0,9096000000.0,,1995000000.0,7101000000.0,,4.734,-53000000.0,278000000.0,278000000.0,579000000.0,115000000.0,1.256,2.121,3777000000.0,4000000.0,3773000000.0,3777000000.0,301000000.0,84000000.0,0.0,0.0,0.0,227000000.0,311000000.0,0.314,311000000.0,227000000.0,175000000.0,0.188,0.185,0.188,2914000000.0,,2914000000.0,11012091370.0,12.0,8.931,183000000.0,0.297,1.0,413000000.0,0.416,6388000000.0,52000000.0,4618000000.0,,0.0,0.0,0.0,0.0,6182000000.0,1589000000.0,4593000000.0,7441091370.0,-93000000.0,-67000000.0,-52000000.0,-106000000.0,0.0,-209000000.0,-120000000.0,0.0,236000000.0,0.0,115000000.0,115000000.0,115000000.0,9000000.0,0.0,0.116,182000000.0,231000000.0,102000000.0,0.0,2.554,17.717,17.721,288000000.0,0.0,12.05,1.835,1.829,518000000.0,4253000000.0,992000000.0,992000000.0,0.0,,,,,8000000.0,182000000.0,1.0,617517956.0,615600000,620800000.0,1.611,2708000000.0,45000000.0,60000000.0,568000000.0,4.399,406000000.0
48,FISV,MRQ,2009-06-30,2009-06-30,2009-06-30,2021-07-28,-93000000.0,9190000000.0,,2073000000.0,7117000000.0,,4.574,-53000000.0,309000000.0,309000000.0,590000000.0,140000000.0,1.164,2.24,3880000000.0,129000000.0,3751000000.0,3880000000.0,311000000.0,83000000.0,0.0,0.0,0.0,263000000.0,346000000.0,0.346,346000000.0,263000000.0,208000000.0,0.225,0.225,0.225,2836000000.0,,2836000000.0,10807335625.0,12.0,8.688,107000000.0,0.173,1.0,410000000.0,0.41,6475000000.0,55000000.0,4505000000.0,,0.0,0.0,0.0,0.0,6354000000.0,1781000000.0,4573000000.0,7112335625.0,817000000.0,0.0,-31000000.0,-127000000.0,0.0,-220000000.0,877000000.0,0.0,160000000.0,0.0,140000000.0,140000000.0,140000000.0,-25000000.0,0.0,0.14,176000000.0,234000000.0,101000000.0,0.0,2.508,18.57,18.672,292000000.0,0.0,11.428,1.734,1.728,542000000.0,4138000000.0,1000000000.0,1000000000.0,0.0,,,,,9000000.0,176000000.0,1.0,622387716.0,620000000,623200000.0,1.613,2715000000.0,63000000.0,68000000.0,543000000.0,4.379,292000000.0
49,FISV,MRQ,2009-03-31,2009-03-31,2009-03-31,2021-07-28,-106000000.0,9336000000.0,,2187000000.0,7149000000.0,,4.354,-45000000.0,312000000.0,312000000.0,600000000.0,103000000.0,1.072,2.448,4007000000.0,255000000.0,3752000000.0,4007000000.0,329000000.0,81000000.0,0.0,0.0,0.0,223000000.0,304000000.0,0.297,304000000.0,223000000.0,169000000.0,0.165,0.165,0.165,2708000000.0,,2708000000.0,9560775204.0,11.0,7.837,187000000.0,0.301,1.0,423000000.0,0.413,6501000000.0,54000000.0,4490000000.0,,0.0,0.0,0.0,0.0,6628000000.0,2040000000.0,4588000000.0,5687775204.0,77000000.0,0.0,-15000000.0,-101000000.0,0.0,-114000000.0,-41000000.0,0.0,232000000.0,0.0,103000000.0,103000000.0,103000000.0,3000000.0,0.0,0.101,198000000.0,225000000.0,94000000.0,0.0,2.1,16.582,16.88,294000000.0,0.0,9.115,1.295,1.291,552000000.0,3998000000.0,1023000000.0,1023000000.0,0.0,,,,,11000000.0,198000000.0,1.0,624001668.0,622000000,624000000.0,1.645,2835000000.0,62000000.0,66000000.0,527000000.0,4.558,147000000.0
50,FISV,MRQ,2008-12-31,2008-12-31,2008-12-31,2021-07-28,-120000000.0,9331000000.0,,2202000000.0,7129000000.0,,4.102,-60000000.0,230000000.0,230000000.0,612000000.0,62000000.0,1.079,2.597,4105000000.0,255000000.0,3850000000.0,4105000000.0,338000000.0,84000000.0,0.0,0.0,0.0,188000000.0,272000000.0,0.262,272000000.0,188000000.0,115000000.0,0.102,0.103,0.102,2594000000.0,,2594000000.0,9611715183.0,9.0,6.552,89000000.0,0.141,1.0,428000000.0,0.412,6478000000.0,73000000.0,4688000000.0,,0.0,0.0,0.0,0.0,6737000000.0,2040000000.0,4697000000.0,5824715183.0,-300000000.0,-61000000.0,-194000000.0,-155000000.0,0.0,-321000000.0,-128000000.0,0.0,149000000.0,0.0,62000000.0,62000000.0,62000000.0,18000000.0,0.0,0.06,217000000.0,211000000.0,606000000.0,0.0,2.245,10.237,10.368,298000000.0,0.0,9.092,1.27,1.284,591000000.0,3895000000.0,1040000000.0,1040000000.0,0.0,,,,,8000000.0,198000000.0,1.0,640606564.0,632400000,633200000.0,1.645,2853000000.0,71000000.0,53000000.0,537000000.0,4.511,162000000.0
51,FISV,MRQ,2008-09-30,2008-09-30,2008-09-30,2021-07-28,-56000000.0,9588000000.0,,2456000000.0,7132000000.0,,4.269,-46000000.0,472000000.0,472000000.0,622000000.0,78000000.0,1.351,2.455,4259000000.0,8000000.0,4251000000.0,4259000000.0,284000000.0,80000000.0,0.0,0.0,0.0,242000000.0,322000000.0,0.31,322000000.0,242000000.0,185000000.0,0.12,0.12,0.12,2775000000.0,,2775000000.0,12067283081.0,11.0,8.415,60000000.0,0.092,1.0,416000000.0,0.401,6497000000.0,57000000.0,5060000000.0,,0.0,0.0,0.0,0.0,6813000000.0,1818000000.0,4995000000.0,7762283081.0,185000000.0,508000000.0,-141000000.0,-256000000.0,0.0,-396000000.0,475000000.0,0.0,106000000.0,0.0,78000000.0,78000000.0,78000000.0,-3000000.0,0.0,0.075,180000000.0,236000000.0,105000000.0,0.0,2.797,12.873,12.859,302000000.0,0.0,11.83,1.717,1.701,561000000.0,3833000000.0,1038000000.0,1038000000.0,0.0,,,,,8000000.0,199000000.0,1.0,656152416.0,650000000,655200000.0,1.597,3091000000.0,56000000.0,107000000.0,562000000.0,4.755,638000000.0
52,FISV,MRQ,2008-06-30,2008-06-30,2008-06-30,2021-07-28,-44000000.0,10102000000.0,,2531000000.0,7571000000.0,,4.357,-42000000.0,211000000.0,211000000.0,849000000.0,100000000.0,1.125,2.547,4516000000.0,263000000.0,4253000000.0,4516000000.0,336000000.0,97000000.0,0.0,0.0,0.0,225000000.0,322000000.0,0.249,322000000.0,225000000.0,164000000.0,0.152,0.15,0.152,2848000000.0,,2848000000.0,11842717475.0,11.0,8.746,-35000000.0,-0.054,1.0,443000000.0,0.343,7117000000.0,61000000.0,5040000000.0,,0.0,0.0,0.0,0.0,7254000000.0,2250000000.0,5004000000.0,7437717475.0,-296000000.0,-18000000.0,9000000.0,-260000000.0,0.0,-302000000.0,-1000000.0,0.0,7000000.0,0.0,100000000.0,100000000.0,100000000.0,2000000.0,0.0,0.077,216000000.0,227000000.0,174000000.0,0.0,2.612,11.513,11.539,332000000.0,0.0,11.342,1.688,1.682,808000000.0,3754000000.0,1292000000.0,1292000000.0,0.0,,,,,10000000.0,216000000.0,1.0,655738812.0,653600000,659200000.0,1.977,2985000000.0,77000000.0,64000000.0,582000000.0,4.567,281000000.0
53,FISV,MRQ,2008-03-31,2008-03-31,2008-03-31,2021-07-28,-77000000.0,10520000000.0,,2911000000.0,7609000000.0,,4.104,-50000000.0,371000000.0,371000000.0,865000000.0,329000000.0,1.066,2.908,4776000000.0,468000000.0,4308000000.0,4776000000.0,349000000.0,89000000.0,0.0,0.0,0.0,460000000.0,549000000.0,0.42,549000000.0,460000000.0,391000000.0,0.5,0.497,0.5,2692000000.0,,2692000000.0,13014771740.0,13.0,10.321,142000000.0,0.216,1.0,441000000.0,0.338,7123000000.0,69000000.0,5072000000.0,,0.0,0.0,0.0,0.0,7828000000.0,2730000000.0,5098000000.0,7906771740.0,233000000.0,-17000000.0,-78000000.0,-632000000.0,0.0,-651000000.0,692000000.0,0.0,192000000.0,0.0,329000000.0,329000000.0,329000000.0,-230000000.0,0.0,0.252,211000000.0,230000000.0,171000000.0,0.0,2.937,12.09,12.107,360000000.0,0.0,12.023,1.95,1.945,842000000.0,3655000000.0,1306000000.0,1306000000.0,0.0,,,,,8000000.0,211000000.0,1.0,657664524.0,656000000,661600000.0,1.991,3397000000.0,72000000.0,62000000.0,564000000.0,5.178,181000000.0
54,FISV,MRQ,2007-12-31,2007-12-31,2007-12-31,2021-07-28,-41000000.0,11846000000.0,,4240000000.0,7606000000.0,,3.756,-41000000.0,297000000.0,297000000.0,564000000.0,96000000.0,1.13,3.802,5405000000.0,510000000.0,4895000000.0,5405000000.0,351000000.0,48000000.0,0.0,0.0,0.0,193000000.0,241000000.0,0.272,241000000.0,193000000.0,150000000.0,0.148,0.145,0.148,2467000000.0,,2467000000.0,9946371790.0,13.0,10.514,135000000.0,0.206,1.0,321000000.0,0.363,7107000000.0,43000000.0,6096000000.0,,0.0,0.0,0.0,0.0,9379000000.0,3751000000.0,5628000000.0,9135665790.0,280000000.0,-4240000000.0,9000000.0,4264000000.0,0.0,4347000000.0,-4243000000.0,0.0,176000000.0,0.0,96000000.0,96000000.0,96000000.0,-7000000.0,0.0,0.108,142000000.0,179000000.0,181000000.0,0.0,3.703,20.81,21.019,370000000.0,0.0,13.873,2.485,2.514,836000000.0,3326000000.0,885000000.0,885000000.0,0.0,,,,,14000000.0,142000000.0,1.0,658545020.0,656800000,664400000.0,1.347,4739000000.0,71000000.0,54000000.0,574000000.0,7.215,489000000.0
55,FISV,MRQ,2007-09-30,2007-09-30,2007-09-30,2021-07-28,-9937000.0,6277939000.0,,3000808000.0,3277131000.0,,3.616,-33000000.0,161250000.0,161250000.0,612000000.0,121000000.0,1.096,1.636,971956000.0,60953000.0,911003000.0,971956000.0,251151000.0,41000000.0,0.0,0.0,0.0,201000000.0,242000000.0,0.262,242000000.0,201000000.0,189000000.0,0.182,0.182,0.182,2381901000.0,,2381901000.0,9119579714.0,12.0,10.203,153000000.0,0.232,1.0,312000000.0,0.338,2978212000.0,12000000.0,1373387000.0,,0.0,0.0,0.0,0.0,3896038000.0,2737046000.0,1158992000.0,8391359714.0,-94000000.0,-48000000.0,-137000000.0,70000000.0,0.0,-373000000.0,93000000.0,0.0,186000000.0,0.0,121000000.0,121000000.0,121000000.0,-9000000.0,0.0,0.131,120000000.0,192000000.0,245449000.0,0.0,3.523,18.688,19.063,238164000.0,0.0,12.715,2.699,2.695,658212000.0,3229565000.0,924000000.0,924000000.0,0.0,,,,,3000000.0,120000000.0,1.0,659957508.0,658800000,666400000.0,1.403,3299727000.0,32098000.0,68000000.0,186744000.0,5.009,263762000.0
56,FISV,MRQ,2007-06-30,2007-06-30,2007-06-30,2021-07-28,335000.0,6453326000.0,,3176302000.0,3277024000.0,,3.572,-33000000.0,151580000.0,151580000.0,624000000.0,108000000.0,1.084,1.698,879800000.0,0.0,879800000.0,879800000.0,249922000.0,44000000.0,0.0,0.0,0.0,185000000.0,229000000.0,0.244,229000000.0,185000000.0,174000000.0,0.163,0.16,0.163,2391998000.0,,2391998000.0,10174298217.0,14.0,11.503,97000000.0,0.145,1.0,315000000.0,0.335,2983798000.0,11000000.0,1267484000.0,,0.0,0.0,0.0,0.0,4061328000.0,2930264000.0,1131064000.0,9553189217.0,72000000.0,-1000000.0,-163000000.0,54000000.0,0.0,-47000000.0,-11000000.0,0.0,130000000.0,0.0,108000000.0,108000000.0,108000000.0,-3000000.0,0.0,0.115,133000000.0,182000000.0,231150000.0,0.0,3.994,21.805,22.118,238246000.0,0.0,14.2,2.889,2.875,564180000.0,3108690000.0,939000000.0,939000000.0,0.0,,,,,-2000000.0,133000000.0,1.0,672759804.0,669600000,679600000.0,1.402,3469528000.0,32535000.0,66000000.0,196718000.0,5.181,246038000.0
57,FISV,MRQ,2007-03-31,2007-03-31,2007-03-31,2021-07-28,-414000.0,6363106000.0,,,,,3.573,-45000000.0,200795000.0,200795000.0,639000000.0,114000000.0,,1.619,821904000.0,,,821904000.0,271950000.0,43000000.0,2075453000.0,0.0,0.0,188000000.0,231000000.0,0.245,231000000.0,188000000.0,179000000.0,0.168,0.165,0.168,2429745000.0,,2429745000.0,9613379173.0,13.0,10.859,126000000.0,0.185,1.0,305000000.0,0.323,3020798000.0,9000000.0,3963417000.0,,0.0,2120344000.0,,,3933361000.0,,,9051451173.0,16000000.0,-44000000.0,-128000000.0,74000000.0,0.0,39000000.0,-194000000.0,0.0,171000000.0,0.0,114000000.0,114000000.0,114000000.0,-11000000.0,0.0,0.121,128000000.0,177000000.0,223023000.0,0.0,3.725,20.214,20.502,246033000.0,0.0,13.265,2.642,2.633,598976000.0,3000454000.0,944000000.0,944000000.0,0.0,,,,,8000000.0,128000000.0,1.0,682355912.0,680000000,690400000.0,1.388,3342308000.0,0.0,65000000.0,235531000.0,4.915,
58,FISV,MRQ,2006-12-31,2006-12-31,2006-12-31,2021-07-28,0.0,6252000000.0,,3480000000.0,2772000000.0,,3.524,-15213000.0,117000000.0,117000000.0,131248000.0,106032000.0,1.221,1.577,745000000.0,0.0,745000000.0,745000000.0,247000000.0,32081000.0,0.0,0.0,0.0,159711000.0,191792000.0,0.636,191792000.0,159711000.0,148787000.0,0.155,0.15,0.155,2426000000.0,,2426000000.0,9736117561.0,13.0,10.891,182933000.0,0.266,1.0,170422000.0,0.565,2511000000.0,10924000.0,1519000000.0,,0.0,0.0,0.0,0.0,3826000000.0,2850000000.0,976000000.0,9077870561.0,18681000.0,-3209000.0,-166515000.0,-86768000.0,0.0,-215458000.0,35993000.0,0.0,198146000.0,0.0,106032000.0,106032000.0,106032000.0,-36580000.0,0.0,0.351,47291000.0,123131000.0,143000000.0,0.0,3.742,20.173,20.413,220000000.0,0.0,13.105,2.561,2.588,506000000.0,2887000000.0,301670000.0,301670000.0,0.0,,,,,-3650000.0,47291000.0,1.0,692702828.0,688444000,699164000.0,0.438,3741000000.0,29000000.0,42755000.0,169000000.0,5.434,630000000.0
59,FISV,MRQ,2006-09-30,2006-09-30,2006-09-30,2021-07-28,685000.0,6165044000.0,,,,,3.528,-51555000.0,170897000.0,170897000.0,802233000.0,110088000.0,,1.519,829144000.0,,,829144000.0,232079000.0,47414000.0,1892604000.0,0.0,0.0,185311000.0,232725000.0,0.207,232725000.0,185311000.0,173729000.0,0.158,0.158,0.158,2447312000.0,,2447312000.0,8835702293.0,11.0,9.338,109393000.0,0.158,1.0,320284000.0,0.285,2989145000.0,11582000.0,3834146000.0,,0.0,2005588000.0,,,3717732000.0,,,8204586293.0,11906000.0,-82756000.0,-62201000.0,37200000.0,0.0,-20347000.0,-128695000.0,0.0,160948000.0,0.0,110088000.0,110088000.0,110088000.0,-4932000.0,0.0,0.098,139905000.0,180379000.0,238054000.0,0.0,3.352,16.608,16.988,253624000.0,0.0,11.773,2.32,2.309,591684000.0,2780945000.0,1122517000.0,1122517000.0,0.0,,,,,4194000.0,139905000.0,1.0,696928120.0,693704000,703500000.0,1.618,3175899000.0,0.0,63641000.0,177736000.0,4.578,
60,FISV,MRQ,2006-06-30,2006-06-30,2006-06-30,2021-07-28,2572000.0,6471208000.0,,,,,3.42,-46060000.0,151979000.0,151979000.0,743357000.0,117669000.0,,1.701,783095000.0,,,783095000.0,233332000.0,40139000.0,2321519000.0,0.0,0.0,189659000.0,229798000.0,0.217,229798000.0,189659000.0,179308000.0,0.168,0.165,0.168,2395500000.0,,2395500000.0,8522655217.0,11.0,9.136,39379000.0,0.056,1.0,314137000.0,0.297,2919102000.0,10351000.0,4183222000.0,,0.0,2463581000.0,,,4075708000.0,,,7969495217.0,-49891000.0,-39060000.0,-113529000.0,25204000.0,0.0,-48938000.0,-86392000.0,-28487000.0,85439000.0,0.0,117669000.0,117669000.0,117669000.0,-13091000.0,0.0,0.111,137569000.0,176568000.0,269128000.0,0.0,3.327,16.04,16.555,239287000.0,0.0,11.34,2.326,2.319,583224000.0,2670857000.0,1057494000.0,1057494000.0,0.0,,,,,3585000.0,137569000.0,1.0,702777356.0,700452000,710204000.0,1.51,3552106000.0,0.0,61639000.0,181184000.0,5.071,
61,FISV,MRQ,2006-03-31,2006-03-31,2006-03-31,2021-07-28,3467000.0,6089155000.0,,,,,3.322,-47172000.0,204775000.0,204775000.0,758062000.0,116211000.0,,1.555,757935000.0,,,757935000.0,244031000.0,47366000.0,1925837000.0,0.0,0.0,192953000.0,240319000.0,0.219,240319000.0,192953000.0,186847000.0,0.163,0.16,0.163,2383136000.0,,2383136000.0,8024359970.0,10.0,8.578,143295000.0,0.2,1.0,338606000.0,0.309,2884764000.0,6106000.0,3757551000.0,,0.0,2098265000.0,,,3706019000.0,,,7613445970.0,20304000.0,-61975000.0,-217755000.0,162364000.0,0.0,-88257000.0,-81906000.0,28487000.0,190467000.0,0.0,116211000.0,116211000.0,116211000.0,0.0,0.0,0.106,145653000.0,192953000.0,268973000.0,0.0,3.195,15.437,15.924,233143000.0,0.0,10.637,2.263,2.268,550346000.0,2553188000.0,1096668000.0,1096668000.0,0.0,,,,,11871000.0,145653000.0,1.0,715717600.0,717404000,727132000.0,1.529,3204391000.0,0.0,70636000.0,233596000.0,4.467,
62,FISV,MRQ,2005-12-31,2005-12-31,2005-12-31,2021-07-28,1321000.0,6039516000.0,,,,,3.359,-31519000.0,184471000.0,184471000.0,114763000.0,150038000.0,,1.449,595385000.0,,,595385000.0,240105000.0,18548000.0,1985368000.0,0.0,0.0,224787000.0,243335000.0,0.937,243335000.0,224787000.0,205158000.0,0.205,0.2,0.205,2465740000.0,,2465740000.0,8447722101.0,10.0,8.718,170925000.0,0.233,1.0,145052000.0,0.558,2843310000.0,19629000.0,3607120000.0,,0.0,2126538000.0,,,3573776000.0,,,7983068101.0,6114000.0,-298233000.0,-193221000.0,57837000.0,0.0,-193290000.0,-3040000.0,387712000.0,202444000.0,0.0,150038000.0,150038000.0,150038000.0,-59019000.0,0.0,0.577,29832000.0,115220000.0,194409000.0,0.0,3.238,15.471,15.792,226013000.0,0.0,10.818,2.463,2.521,516802000.0,2436977000.0,259815000.0,259815000.0,0.0,,,,,1421000.0,29832000.0,1.0,737977176.0,734128000,742412000.0,0.354,3196206000.0,0.0,55120000.0,170258000.0,4.354,
63,FISV,MRQ,2005-09-30,2005-09-30,2005-09-30,2021-07-28,190000.0,6112904000.0,,,,,3.332,-39841000.0,174013000.0,174013000.0,710467000.0,112939000.0,,1.447,638667000.0,,,638667000.0,206842000.0,44283000.0,2025545000.0,0.0,0.0,175119000.0,219402000.0,0.217,219402000.0,175119000.0,171690000.0,0.15,0.15,0.15,2497680000.0,,2497680000.0,8653059999.0,11.0,9.189,101822000.0,0.136,1.0,301178000.0,0.298,2848073000.0,3429000.0,3729485000.0,,0.0,2257225000.0,,,3615224000.0,,,8628979999.0,-392566000.0,-380057000.0,-196321000.0,48008000.0,0.0,-9137000.0,-525092000.0,-105194000.0,141663000.0,0.0,112939000.0,112939000.0,112939000.0,-3600000.0,0.0,0.112,129659000.0,171519000.0,232819000.0,0.0,3.455,18.62,18.955,210491000.0,0.0,11.467,2.186,2.178,518200000.0,2286501000.0,1011645000.0,1011645000.0,0.0,,,,,1368000.0,129659000.0,1.0,752472640.0,749624000,758704000.0,1.35,3264831000.0,0.0,58751000.0,176513000.0,4.355,
64,FISV,MRQ,2005-06-30,2005-06-30,2005-06-30,2021-07-28,-2623000.0,5956219000.0,,,,,3.359,-37868000.0,566579000.0,566579000.0,682871000.0,113997000.0,,1.322,590659000.0,,,590659000.0,221684000.0,45146000.0,1886369000.0,0.0,0.0,187245000.0,232391000.0,0.233,232391000.0,187245000.0,185965000.0,0.15,0.147,0.15,2564882000.0,,2564882000.0,8083470840.0,11.0,8.706,84299000.0,0.11,1.0,313555000.0,0.315,2459200000.0,1280000.0,3521099000.0,,0.0,2151974000.0,,,3391337000.0,,,8204386840.0,-153149000.0,-80627000.0,-138425000.0,-7689000.0,0.0,-628060000.0,356199000.0,437945000.0,122167000.0,0.0,113997000.0,113997000.0,113997000.0,0.0,0.0,0.114,126310000.0,187245000.0,220079000.0,0.0,3.199,18.527,18.713,202338000.0,0.0,10.723,2.12,2.115,473897000.0,2173562000.0,996426000.0,996426000.0,0.0,,,,,-4636000.0,126310000.0,1.0,765156152.0,763516000,772908000.0,1.305,3497019000.0,0.0,71968000.0,187124000.0,4.58,
65,FISV,MRQ,2005-03-31,2005-03-31,2005-03-31,2021-07-28,-2777000.0,6488748000.0,,,,,3.339,-31772000.0,719728000.0,719728000.0,661899000.0,139026000.0,,1.512,598812000.0,,,598812000.0,225831000.0,43023000.0,2328715000.0,0.0,0.0,230849000.0,273872000.0,0.281,273872000.0,230849000.0,227187000.0,0.18,0.177,0.18,2582791000.0,,2582791000.0,7781107319.0,11.0,8.608,96954000.0,0.125,1.0,311215000.0,0.32,2417897000.0,3662000.0,3949935000.0,,0.0,2589898000.0,,,3905957000.0,,,7691907319.0,203601000.0,248917000.0,-97033000.0,-7156000.0,0.0,434487000.0,-363067000.0,-611463000.0,128726000.0,0.0,139026000.0,139026000.0,139026000.0,619000.0,0.0,0.143,123199000.0,188016000.0,205816000.0,0.0,2.978,18.147,18.257,196336000.0,0.0,9.95,2.027,2.029,466464000.0,2059565000.0,973114000.0,973114000.0,0.0,,,,,5847000.0,123199000.0,1.0,773056012.0,773532000,781980000.0,1.258,4070851000.0,0.0,88161000.0,267948000.0,5.263,
66,FISV,MRQ,2004-12-31,2004-12-31,2004-12-31,2021-07-28,26695000.0,8383349000.0,,,,,3.288,-52714000.0,516127000.0,516127000.0,883007000.0,97453000.0,,2.269,605327000.0,,,605327000.0,226080000.0,48073000.0,1829639000.0,0.0,0.0,167974000.0,216047000.0,0.224,216047000.0,167974000.0,156685000.0,0.125,0.122,0.125,2564422000.0,,2564422000.0,8130043573.0,13.0,9.744,132553000.0,0.17,1.0,83397000.0,0.086,2391886000.0,11289000.0,6080663000.0,,0.0,1984536000.0,,,5818927000.0,,,7860760573.0,106934000.0,-13800000.0,-60863000.0,16819000.0,0.0,-44571000.0,-33762000.0,32752000.0,185267000.0,0.0,97453000.0,97453000.0,97453000.0,1346000.0,0.0,0.101,-79215000.0,162612000.0,202616000.0,0.0,3.065,20.815,20.716,200709000.0,0.0,10.047,2.108,2.101,437764000.0,1920539000.0,966404000.0,966404000.0,0.0,,,,,655000.0,58075000.0,1.0,782359848.0,779936000,788932000.0,1.239,5991463000.0,0.0,59232000.0,179285000.0,7.682,
67,FISV,MRQ,2004-09-30,2004-09-30,2004-09-30,2021-07-28,20489000.0,8249503000.0,,,,,3.221,-39494000.0,450062000.0,450062000.0,584210000.0,92357000.0,,2.278,719345000.0,,,719345000.0,199643000.0,44439000.0,1830166000.0,0.0,0.0,161760000.0,206199000.0,0.221,206199000.0,161760000.0,157365000.0,0.117,0.117,0.117,2516676000.0,,2516676000.0,7219151307.0,12.0,8.962,145055000.0,0.186,1.0,350482000.0,0.375,2482582000.0,4395000.0,6036204000.0,,0.0,2079955000.0,,,5732827000.0,,,6807501307.0,216282000.0,-10178000.0,6022000.0,812000.0,0.0,-28156000.0,59889000.0,109561000.0,184549000.0,0.0,92357000.0,92357000.0,92357000.0,11938000.0,0.0,0.099,176784000.0,173698000.0,2805413000.0,0.0,2.705,18.797,18.742,206450000.0,0.0,8.715,1.949,1.95,2914278000.0,1823086000.0,934692000.0,934692000.0,0.0,,,,,0.0,132345000.0,1.0,781124648.0,781336000,789888000.0,1.196,5766921000.0,0.0,65008000.0,178260000.0,7.381,
68,FISV,MRQ,2004-06-30,2004-06-30,2004-06-30,2021-07-28,20146000.0,8007134000.0,,,,,3.098,-37864000.0,232732000.0,232732000.0,576891000.0,95034000.0,,2.313,644382000.0,,,644382000.0,208530000.0,46939000.0,1865156000.0,0.0,0.0,160851000.0,207790000.0,0.226,207790000.0,160851000.0,156365000.0,0.122,0.12,0.122,2416949000.0,,2416949000.0,8141019114.0,14.0,10.447,129991000.0,0.167,1.0,342882000.0,0.373,2461356000.0,4486000.0,5957428000.0,,0.0,2188878000.0,,,5590185000.0,,,7581888114.0,20182000.0,-11143000.0,8846000.0,-103600000.0,0.0,-168369000.0,20696000.0,69703000.0,167855000.0,0.0,95034000.0,95034000.0,95034000.0,1061000.0,0.0,0.103,180970000.0,161912000.0,2428506000.0,0.0,3.137,21.649,21.51,201295000.0,0.0,9.723,2.268,2.269,2794572000.0,1730729000.0,919773000.0,919773000.0,0.0,,,,,0.0,134031000.0,1.0,779829068.0,780204000,789516000.0,1.179,5545778000.0,0.0,61331000.0,167856000.0,7.108,
69,FISV,MRQ,2004-03-31,2004-03-31,2004-03-31,2021-07-28,20327000.0,7928822000.0,,,,,2.97,-31021000.0,208346000.0,208346000.0,574590000.0,92798000.0,,2.431,767477000.0,,,767477000.0,215396000.0,45912000.0,1935614000.0,0.0,0.0,158427000.0,204339000.0,0.225,204339000.0,158427000.0,153695000.0,0.12,0.117,0.12,2311253000.0,,2311253000.0,7596372570.0,13.0,10.217,130346000.0,0.167,1.0,334287000.0,0.368,2462361000.0,4732000.0,6025592000.0,,0.0,2265147000.0,,,5617569000.0,,,6961024570.0,10061000.0,-29775000.0,11662000.0,-106971000.0,0.0,260764000.0,-412070000.0,-351274000.0,161367000.0,0.0,92798000.0,92798000.0,92798000.0,2911000.0,0.0,0.102,172949000.0,161338000.0,2259444000.0,0.0,3.012,20.865,20.7,201802000.0,0.0,8.943,2.212,2.211,2662304000.0,1635695000.0,908877000.0,908877000.0,0.0,,,,,0.0,127037000.0,1.0,778420416.0,778220000,788252000.0,1.168,5466461000.0,0.0,60897000.0,165363000.0,7.024,
70,FISV,MRQ,2003-12-31,2003-12-31,2003-12-31,2021-07-28,17345000.0,7214175000.0,,,,,2.836,-20324000.0,162668000.0,162668000.0,646860000.0,81974000.0,,2.279,799116000.0,,,799116000.0,208996000.0,44787000.0,1582698000.0,0.0,0.0,142399000.0,187186000.0,0.257,187186000.0,142399000.0,130427000.0,0.105,0.105,0.105,2199808000.0,,2199808000.0,8256070100.0,15.0,11.774,94222000.0,0.121,1.0,82162000.0,0.113,2270234000.0,11972000.0,5580389000.0,,0.0,1838925000.0,,,5014367000.0,,,7663500100.0,-4755000.0,-153221000.0,2301000.0,7044000.0,0.0,-62294000.0,-51186000.0,77954000.0,114546000.0,0.0,81974000.0,81974000.0,81974000.0,-6189000.0,0.0,0.112,-46708000.0,128870000.0,179191000.0,0.0,3.484,24.328,24.287,200579000.0,0.0,9.885,2.62,2.612,417521000.0,1542897000.0,729022000.0,729022000.0,0.0,,,,,0.0,74343000.0,1.0,775265564.0,775612000,786652000.0,0.94,4943941000.0,0.0,48453000.0,118729000.0,6.374,
71,FISV,MRQ,2003-09-30,2003-09-30,2003-09-30,2021-07-28,9835000.0,7170717000.0,,,,,2.714,-37899000.0,201702000.0,201702000.0,485765000.0,80412000.0,,2.412,794272000.0,,,794272000.0,179257000.0,43669000.0,1693337000.0,0.0,0.0,136295000.0,179964000.0,0.229,179964000.0,136295000.0,131823000.0,0.105,0.102,0.105,2101821000.0,,2101821000.0,7438552613.0,15.0,11.21,184327000.0,0.238,1.0,300196000.0,0.382,2287362000.0,4472000.0,5475925000.0,,0.0,2024815000.0,,,5068896000.0,,,7024411613.0,-89447000.0,-392365000.0,5701000.0,88981000.0,0.0,178190000.0,-489863000.0,-59599000.0,222226000.0,0.0,80412000.0,80412000.0,80412000.0,0.0,0.0,0.102,163901000.0,136295000.0,1990576000.0,0.0,3.342,23.316,22.968,220563000.0,0.0,9.072,2.617,2.618,2316944000.0,1460923000.0,785961000.0,785961000.0,0.0,,,,,0.0,120232000.0,1.0,774253140.0,774504000,786112000.0,1.015,4883355000.0,0.0,51411000.0,116047000.0,6.305,
72,FISV,MRQ,2003-06-30,2003-06-30,2003-06-30,2021-07-28,17232000.0,6624652000.0,,,,,2.615,-45369000.0,291149000.0,291149000.0,437418000.0,78438000.0,,2.277,705290000.0,,,705290000.0,190380000.0,39983000.0,1609829000.0,0.0,0.0,132060000.0,172043000.0,0.238,172043000.0,132060000.0,128586000.0,0.102,0.1,0.102,2021705000.0,,2021705000.0,7311567614.0,15.0,11.621,-6092000.0,-0.008,1.0,285973000.0,0.395,1915842000.0,3474000.0,5122951000.0,,0.0,1981742000.0,,,4602947000.0,,,6889319614.0,108988000.0,-111192000.0,7832000.0,98490000.0,0.0,-37843000.0,107554000.0,264115000.0,39277000.0,0.0,78438000.0,78438000.0,78438000.0,0.0,0.0,0.108,153913000.0,132060000.0,1748319000.0,0.0,3.408,24.004,23.773,224608000.0,0.0,8.915,2.719,2.72,2089224000.0,1380511000.0,723391000.0,723391000.0,0.0,,,,,0.0,113930000.0,1.0,772778420.0,773180000,783244000.0,0.936,4708810000.0,0.0,50148000.0,118402000.0,6.09,
73,FISV,MRQ,2003-03-31,2003-03-31,2003-03-31,2021-07-28,14316000.0,6494282000.0,,,,,2.513,-35519000.0,182161000.0,182161000.0,429941000.0,74188000.0,,2.362,604409000.0,,,604409000.0,192944000.0,37399000.0,1753994000.0,0.0,0.0,124597000.0,161996000.0,0.236,161996000.0,124597000.0,121620000.0,0.098,0.095,0.098,1931519000.0,,1931519000.0,6399481009.0,14.0,10.612,106533000.0,0.139,1.0,257052000.0,0.374,1783771000.0,2977000.0,5132759000.0,,0.0,2238885000.0,,,4562763000.0,,,6043896009.0,-45078000.0,-79139000.0,2751000.0,21279000.0,0.0,70566000.0,-257696000.0,-143038000.0,142052000.0,0.0,74188000.0,74188000.0,74188000.0,0.0,0.0,0.108,132455000.0,124597000.0,1682464000.0,0.0,3.129,21.961,21.861,223898000.0,0.0,7.87,2.473,2.475,1939678000.0,1302073000.0,686993000.0,686993000.0,0.0,,,,,0.0,95056000.0,1.0,767966456.0,768548000,778984000.0,0.894,4710511000.0,0.0,47432000.0,100870000.0,6.129,
74,FISV,MRQ,2002-12-31,2002-12-31,2002-12-31,2021-07-28,23882000.0,6438705000.0,,,,,2.387,-30961000.0,227239000.0,227239000.0,355447000.0,68228000.0,,2.523,582824000.0,,,582824000.0,181173000.0,31004000.0,1707458000.0,0.0,0.0,118586000.0,149590000.0,0.307,149590000.0,118586000.0,107497000.0,0.09,0.09,0.09,1827669000.0,,1827669000.0,6725253550.0,15.0,11.514,156324000.0,0.204,1.0,132011000.0,0.271,1672487000.0,11089000.0,5121803000.0,,0.0,2115778000.0,,,4611036000.0,,,6496298550.0,13945000.0,-258839000.0,-5657000.0,191700000.0,0.0,194717000.0,-368057000.0,-78257000.0,187285000.0,0.0,68228000.0,68228000.0,68228000.0,-6806000.0,0.0,0.14,28820000.0,103191000.0,1789129000.0,0.0,3.554,24.41,24.46,223070000.0,0.0,8.488,2.719,2.719,2080249000.0,1227885000.0,487458000.0,487458000.0,0.0,,,,,0.0,-2184000.0,1.0,765396000.0,765628000,776612000.0,0.637,4766218000.0,0.0,39269000.0,69838000.0,6.225,
75,FISV,MRQ,2002-09-30,2002-09-30,2002-09-30,2021-07-28,30287000.0,5665831000.0,,,,,2.303,-27849000.0,217969000.0,217969000.0,380523000.0,66151000.0,,2.202,446924000.0,,,446924000.0,151485000.0,35271000.0,1677444000.0,0.0,0.0,110249000.0,145520000.0,0.229,145520000.0,110249000.0,108445000.0,0.085,0.085,0.085,1769305000.0,,1769305000.0,5610131827.0,13.0,9.386,63379000.0,0.083,1.0,255575000.0,0.402,1310255000.0,1804000.0,4584531000.0,,0.0,2053070000.0,,,3896526000.0,,,5398567827.0,29640000.0,-44435000.0,-19839000.0,47032000.0,0.0,114358000.0,-175946000.0,-103662000.0,91228000.0,0.0,66151000.0,66151000.0,66151000.0,0.0,0.0,0.104,145326000.0,110249000.0,1293006000.0,0.0,3.051,21.53,21.402,265943000.0,0.0,7.02,2.195,2.193,1713466000.0,1159657000.0,636098000.0,636098000.0,0.0,,,,,0.0,110055000.0,1.0,769026756.0,768192000,780100000.0,0.828,4355576000.0,0.0,42294000.0,70974000.0,5.67,
76,FISV,MRQ,2002-06-30,2002-06-30,2002-06-30,2021-07-28,66914000.0,5576771000.0,,,,,2.29,-37326000.0,188329000.0,188329000.0,378665000.0,66645000.0,,2.18,399893000.0,,,399893000.0,159002000.0,34476000.0,1585516000.0,0.0,0.0,111432000.0,145908000.0,0.231,145908000.0,111432000.0,109254000.0,0.087,0.085,0.087,1753620000.0,,1753620000.0,7307514565.0,18.0,12.802,117807000.0,0.154,1.0,254328000.0,0.402,1265434000.0,2178000.0,4522901000.0,,0.0,1998332000.0,,,3823151000.0,,,7020339565.0,49634000.0,-23458000.0,-2105000.0,-25985000.0,0.0,165831000.0,-271330000.0,-210546000.0,155133000.0,0.0,66645000.0,66645000.0,66645000.0,0.0,0.0,0.105,142896000.0,111432000.0,1369372000.0,0.0,4.003,29.594,29.415,262678000.0,0.0,9.178,2.972,2.975,1757893000.0,1093506000.0,632993000.0,632993000.0,0.0,,,,,0.0,108420000.0,1.0,764951192.0,765680000,781896000.0,0.827,4311337000.0,0.0,42609000.0,94103000.0,5.631,
77,FISV,MRQ,2002-03-31,2002-03-31,2002-03-31,2021-07-28,77190000.0,5486479000.0,,,,,2.215,-40990000.0,138695000.0,138695000.0,382844000.0,65113000.0,,2.248,425870000.0,,,425870000.0,163702000.0,33638000.0,1391594000.0,0.0,0.0,109429000.0,143067000.0,0.226,143067000.0,109429000.0,106742000.0,0.085,0.083,0.085,1689356000.0,,1689356000.0,9082982887.0,23.0,16.745,6487000.0,0.009,1.0,249999000.0,0.395,1243184000.0,2687000.0,4530470000.0,,0.0,1799519000.0,,,3797123000.0,,,8763177887.0,2607000.0,-35846000.0,5443000.0,-29660000.0,0.0,-53093000.0,8223000.0,85059000.0,47477000.0,0.0,65113000.0,65113000.0,65113000.0,0.0,0.0,0.103,140570000.0,109429000.0,1531378000.0,0.0,5.187,39.374,38.975,257101000.0,0.0,11.498,3.856,3.858,1938969000.0,1026861000.0,632843000.0,632843000.0,0.0,,,,,0.0,106932000.0,1.0,762181160.0,762676000,780608000.0,0.83,4243295000.0,0.0,41629000.0,77906000.0,5.564,
78,FISV,MRQ,2001-12-31,2001-12-31,2001-12-31,2021-07-28,76216000.0,5322242000.0,,,,,2.133,-58022000.0,136088000.0,136088000.0,363157000.0,52834000.0,,2.316,455893000.0,,,455893000.0,171101000.0,64527000.0,1420956000.0,0.0,0.0,98661000.0,163188000.0,0.293,163188000.0,98661000.0,88057000.0,0.07,0.07,0.07,1604826000.0,,1604826000.0,8207600880.0,22.0,15.941,101575000.0,0.135,1.0,194019000.0,0.348,1253847000.0,10604000.0,4388200000.0,,0.0,1885063000.0,,,3717416000.0,,,7920568880.0,43337000.0,-83612000.0,2149000.0,63196000.0,0.0,-113090000.0,-3170000.0,113369000.0,159597000.0,0.0,52834000.0,52834000.0,52834000.0,0.0,0.0,0.095,99117000.0,94902000.0,1372782000.0,0.0,4.935,38.04,38.058,200973000.0,0.0,10.58,3.654,3.649,1738268000.0,961748000.0,557176000.0,557176000.0,0.0,,,,,0.0,34590000.0,1.0,748636000.0,752204000,770776000.0,0.741,4068395000.0,0.0,35223000.0,54780000.0,5.409,
79,FISV,MRQ,2001-09-30,2001-09-30,2001-09-30,2021-07-28,55843000.0,5228229000.0,,,,,1.895,-12472000.0,92751000.0,92751000.0,332537000.0,52629000.0,,2.69,379783000.0,,,379783000.0,144886000.0,28437000.0,1599392000.0,0.0,0.0,90215000.0,118652000.0,0.22,118652000.0,90215000.0,87714000.0,0.07,0.068,0.07,1416841000.0,,1416841000.0,6661148800.0,19.0,13.232,88367000.0,0.118,1.0,206694000.0,0.383,1045677000.0,2501000.0,4469584000.0,,0.0,1971945000.0,,,3811388000.0,,,6392800800.0,14788000.0,-48109000.0,3812000.0,31941000.0,0.0,188607000.0,-274658000.0,-205528000.0,100839000.0,0.0,52629000.0,52629000.0,52629000.0,0.0,0.0,0.098,117479000.0,89215000.0,1375070000.0,0.0,4.512,32.048,31.903,218199000.0,0.0,8.55,2.755,2.755,1799053000.0,908914000.0,539231000.0,539231000.0,0.0,,,,,0.0,89042000.0,1.0,747696000.0,747776000,766164000.0,0.721,4182552000.0,0.0,35085000.0,91666000.0,5.593,
80,FISV,MRQ,2001-06-30,2001-06-30,2001-06-30,2021-07-28,73427000.0,4950931000.0,,,,,1.844,-17407000.0,77963000.0,77963000.0,329120000.0,51989000.0,,2.598,346311000.0,,,346311000.0,157082000.0,27635000.0,1446537000.0,0.0,0.0,89885000.0,117520000.0,0.216,117520000.0,89885000.0,86648000.0,0.07,0.068,0.07,1375985000.0,,1375985000.0,8248689200.0,24.0,16.749,100267000.0,0.134,1.0,214504000.0,0.395,1007081000.0,3237000.0,4212198000.0,,0.0,1786036000.0,,,3574946000.0,,,7955273200.0,-4183000.0,-2218000.0,5886000.0,-29254000.0,0.0,-199715000.0,77858000.0,104935000.0,117674000.0,0.0,51989000.0,51989000.0,51989000.0,0.0,0.0,0.096,126125000.0,88379000.0,1365452000.0,0.0,5.782,41.522,41.331,217131000.0,0.0,10.663,3.636,3.637,1768230000.0,856285000.0,543624000.0,543624000.0,0.0,,,,,0.0,98490000.0,1.0,746040000.0,746232000,765008000.0,0.728,3943850000.0,0.0,34659000.0,80318000.0,5.285,
81,FISV,MRQ,2001-03-31,2001-03-31,2001-03-31,2021-07-28,73749000.0,5637099000.0,,,,,1.767,-16708000.0,82146000.0,82146000.0,322039000.0,50765000.0,,3.285,375562000.0,,,375562000.0,163113000.0,27097000.0,1622884000.0,0.0,0.0,88426000.0,115523000.0,0.219,115523000.0,88426000.0,84609000.0,0.068,0.068,0.068,1315432000.0,,1315432000.0,5805064661.0,17.0,11.839,52721000.0,0.071,1.0,205612000.0,0.39,1017041000.0,3817000.0,4913474000.0,,0.0,1891734000.0,,,4321667000.0,,,5549237661.0,-16710000.0,-90903000.0,3206000.0,20879000.0,0.0,121317000.0,-207456000.0,-90751000.0,69429000.0,0.0,50765000.0,50765000.0,50765000.0,0.0,0.0,0.096,119007000.0,86605000.0,1922643000.0,0.0,4.219,30.056,29.94,218134000.0,0.0,7.455,2.693,2.694,2341967000.0,804296000.0,527651000.0,527651000.0,0.0,,,,,0.0,91910000.0,1.0,744364542.0,744648000,763400000.0,0.709,4620058000.0,0.0,33844000.0,74371000.0,6.204,
82,FISV,MRQ,2000-12-31,2000-12-31,2000-12-31,2021-07-28,78869000.0,5586320000.0,,,,,1.687,-48721000.0,98856000.0,98856000.0,513251000.0,44095000.0,,3.462,354683000.0,,,354683000.0,156668000.0,65266000.0,1525652000.0,0.0,0.0,86458000.0,151724000.0,0.214,151724000.0,86458000.0,74736000.0,0.06,0.058,0.06,1252072000.0,,1252072000.0,6422793280.0,20.0,13.445,269877000.0,0.364,1.0,196945000.0,0.277,935002000.0,11722000.0,4907145000.0,,0.0,1796899000.0,,,4334248000.0,,,5868897280.0,4929000.0,-324000.0,3415000.0,-293141000.0,0.0,-137249000.0,-176420000.0,-153108000.0,318598000.0,0.0,44095000.0,44095000.0,44095000.0,0.0,0.0,0.062,119204000.0,77741000.0,2057956000.0,0.0,4.687,33.154,32.944,205555000.0,0.0,7.907,3.042,3.029,2458931000.0,753531000.0,710196000.0,710196000.0,0.0,,,,,0.0,54742000.0,1.0,742272000.0,742320000,762924000.0,0.957,4651318000.0,0.0,30641000.0,57199000.0,6.266,
83,FISV,MRQ,2000-09-30,2000-09-30,2000-09-30,2021-07-28,105360000.0,6101002000.0,,,,,1.662,-14703000.0,93927000.0,93927000.0,226022000.0,44742000.0,,3.958,647823000.0,,,647823000.0,129605000.0,26606000.0,1373175000.0,0.0,0.0,81130000.0,107736000.0,0.265,107736000.0,81130000.0,75835000.0,0.06,0.058,0.06,1230555000.0,,1230555000.0,8034689120.0,26.0,19.261,151153000.0,0.204,1.0,180167000.0,0.444,947443000.0,5295000.0,5707455000.0,,0.0,329160000.0,,,4870447000.0,,,7378653120.0,21414000.0,-39749000.0,698000.0,-80731000.0,0.0,-137877000.0,-6565000.0,54291000.0,165856000.0,0.0,44742000.0,44742000.0,44742000.0,0.0,0.0,0.11,101944000.0,78223000.0,2467353000.0,0.0,5.996,43.962,43.581,207877000.0,0.0,9.98,4.63,4.638,3068634000.0,709436000.0,406189000.0,406189000.0,0.0,,,,,0.0,74290000.0,1.0,739344000.0,740604000,762272000.0,0.548,5153559000.0,0.0,31093000.0,69272000.0,6.959,
84,FISV,MRQ,2000-06-30,2000-06-30,2000-06-30,2021-07-28,87805000.0,5993969000.0,,,,,1.569,-21469000.0,72513000.0,72513000.0,226486000.0,45027000.0,,4.178,728549000.0,,,728549000.0,134919000.0,33045000.0,1431019000.0,0.0,0.0,82316000.0,115361000.0,0.277,115361000.0,82316000.0,76316000.0,0.062,0.06,0.062,1157559000.0,,1157559000.0,6121143500.0,21.0,15.478,227705000.0,0.309,1.0,189948000.0,0.456,915093000.0,6000000.0,5734912000.0,,0.0,291987000.0,,,4836410000.0,,,5312397500.0,-2142000.0,-42176000.0,3194000.0,-154856000.0,0.0,-397718000.0,146402000.0,219735000.0,249174000.0,0.0,45027000.0,45027000.0,45027000.0,0.0,0.0,0.108,110560000.0,79388000.0,2303434000.0,0.0,4.589,33.559,33.218,209943000.0,0.0,7.208,3.45,3.454,2987167000.0,664694000.0,416434000.0,416434000.0,0.0,,,,,0.0,78371000.0,1.0,736980000.0,737946000,758406000.0,0.564,5078876000.0,0.0,31289000.0,71397000.0,6.882,
85,FISV,MRQ,2000-03-31,2000-03-31,2000-03-31,2021-07-28,135474000.0,6258925000.0,,,,,1.564,-22094000.0,74655000.0,74655000.0,217684000.0,43157000.0,,4.438,883401000.0,,,883401000.0,139912000.0,23925000.0,1285232000.0,0.0,0.0,78954000.0,102879000.0,0.26,102879000.0,78954000.0,73148000.0,0.058,0.057,0.058,1151006000.0,,1151006000.0,5186772486.0,19.0,14.315,-171254000.0,-0.233,1.0,178718000.0,0.451,873551000.0,5806000.0,6194120000.0,,0.0,349577000.0,,,5107919000.0,,,4560152486.0,-5899000.0,-6515000.0,3385000.0,175208000.0,0.0,165703000.0,-22442000.0,15808000.0,-149160000.0,0.0,43157000.0,43157000.0,43157000.0,0.0,0.0,0.109,99764000.0,78954000.0,2545415000.0,0.0,3.962,30.893,30.534,203863000.0,0.0,6.198,3.109,3.109,3376685000.0,619667000.0,396402000.0,396402000.0,0.0,,,,,0.0,75227000.0,1.0,735706236.0,735732000,753258000.0,0.539,5385374000.0,0.0,29991000.0,102042000.0,7.32,
86,FISV,MRQ,1999-12-31,1999-12-31,1999-12-31,2021-07-28,125026000.0,5307710000.0,,,,,1.483,-17034000.0,80554000.0,80554000.0,209180000.0,34917000.0,,3.865,707174000.0,,,707174000.0,131476000.0,25790000.0,1298120000.0,0.0,0.0,65379000.0,91169000.0,0.243,91169000.0,65379000.0,59182000.0,0.049,0.047,0.049,1091016000.0,,1091016000.0,5302936060.0,21.0,15.625,-14515000.0,-0.02,1.0,165321000.0,0.441,877334000.0,6197000.0,5056996000.0,,0.0,335573000.0,,,4216694000.0,,,4697802060.0,4651000.0,-10159000.0,-8298000.0,26144000.0,0.0,-44227000.0,46359000.0,78492000.0,2519000.0,0.0,34917000.0,34917000.0,34917000.0,0.0,0.0,0.093,99942000.0,65379000.0,1830782000.0,0.0,4.306,34.075,33.963,195333000.0,0.0,6.385,3.338,3.352,2431418000.0,576510000.0,374501000.0,374501000.0,0.0,,,,,0.0,72119000.0,1.0,735756000.0,735700000,753352000.0,0.509,4430376000.0,0.0,24265000.0,72699000.0,6.022,
87,FISV,MRQ,1999-09-30,1999-09-30,1999-09-30,2021-07-28,82363000.0,5063287000.0,,,,,1.381,-16855000.0,75903000.0,75903000.0,198520000.0,35197000.0,,3.96,681037000.0,,,681037000.0,107911000.0,21491000.0,1360194000.0,0.0,0.0,64569000.0,86060000.0,0.244,86060000.0,64569000.0,59656000.0,0.048,0.047,0.048,1020732000.0,,1020732000.0,4500114000.0,19.0,13.893,37104000.0,0.05,1.0,154143000.0,0.437,878635000.0,4913000.0,4789786000.0,,0.0,276149000.0,,,4042555000.0,,,4015505000.0,13464000.0,-113178000.0,-19615000.0,100896000.0,0.0,194126000.0,-234621000.0,-98692000.0,53959000.0,0.0,35197000.0,35197000.0,35197000.0,0.0,0.0,0.1,89574000.0,64569000.0,1683812000.0,0.0,3.934,30.298,30.093,195743000.0,0.0,5.417,2.926,2.919,2194529000.0,541593000.0,352663000.0,352663000.0,0.0,,,,,0.0,67014000.0,1.0,741324000.0,739356000,755844000.0,0.477,4184652000.0,0.0,24459000.0,40443000.0,5.66,
88,FISV,MRQ,1999-06-30,1999-06-30,1999-06-30,2021-07-28,151409000.0,5333554000.0,,,,,1.45,-16072000.0,62439000.0,62439000.0,190523000.0,34338000.0,,3.965,547048000.0,,,547048000.0,108798000.0,19716000.0,1247348000.0,0.0,0.0,62514000.0,82230000.0,0.24,82230000.0,62514000.0,58199000.0,0.047,0.045,0.047,1074197000.0,,1074197000.0,4275667635.0,19.0,13.796,60511000.0,0.082,1.0,152729000.0,0.445,735560000.0,4315000.0,5082603000.0,,0.0,413000000.0,,,4259357000.0,,,3862354635.0,-19037000.0,-67362000.0,1859000.0,-23541000.0,0.0,41143000.0,-136763000.0,-45998000.0,76583000.0,0.0,34338000.0,34338000.0,34338000.0,0.0,0.0,0.1,90215000.0,62514000.0,2114710000.0,0.0,3.596,30.603,30.696,186875000.0,0.0,5.218,2.906,2.909,2606033000.0,506396000.0,343252000.0,343252000.0,0.0,,,,,0.0,69510000.0,1.0,740151000.0,740988000,763812000.0,0.463,4597994000.0,0.0,23861000.0,84585000.0,6.205,
89,FISV,MRQ,1999-03-31,1999-03-31,1999-03-31,2021-07-28,63868000.0,4445989000.0,,,,,1.28,-19736000.0,81476000.0,81476000.0,190166000.0,33416000.0,,3.697,494789000.0,,,494789000.0,119902000.0,19316000.0,1184523000.0,0.0,0.0,60623000.0,79939000.0,0.237,79939000.0,60623000.0,56638000.0,0.045,0.043,0.045,946460000.0,,946460000.0,4757222564.0,22.0,15.911,25040000.0,0.034,1.0,146963000.0,0.436,691517000.0,3985000.0,4167785000.0,,0.0,273461000.0,,,3499529000.0,,,4400808564.0,9918000.0,-19888000.0,3254000.0,66460000.0,0.0,155464000.0,-190322000.0,-142813000.0,44776000.0,0.0,33416000.0,33416000.0,33416000.0,0.0,0.0,0.099,86340000.0,60623000.0,1511775000.0,0.0,4.65,36.509,36.783,184915000.0,0.0,5.959,3.393,3.397,1939002000.0,472058000.0,337129000.0,337129000.0,0.0,,,,,0.0,63973000.0,1.0,738528381.0,739380000,767280000.0,0.456,3754472000.0,0.0,23222000.0,29094000.0,5.078,
90,FISV,MRQ,1998-12-31,1998-12-31,1998-12-31,2021-07-28,39875000.0,3958338000.0,,,,,1.2,-24564000.0,71558000.0,71558000.0,192195000.0,29581000.0,,3.469,427972000.0,,,427972000.0,107286000.0,21173000.0,1098773000.0,0.0,0.0,54499000.0,75672000.0,0.223,75672000.0,54499000.0,50137000.0,0.04,0.038,0.04,885797000.0,,885797000.0,4496422560.0,21.0,15.717,73204000.0,0.099,1.0,146883000.0,0.433,680975000.0,4362000.0,3633777000.0,,0.0,180099000.0,,,3072541000.0,,,4216742560.0,-16244000.0,-119001000.0,-1540000.0,59744000.0,0.0,-57624000.0,-56388000.0,117756000.0,97768000.0,0.0,29581000.0,29581000.0,29581000.0,0.0,0.0,0.087,92384000.0,54499000.0,1273223000.0,0.0,4.76,36.9,36.875,179434000.0,0.0,5.716,3.418,3.416,1649501000.0,438642000.0,339078000.0,339078000.0,0.0,,,,,0.0,70076000.0,1.0,737766000.0,738084000,765120000.0,0.459,3277363000.0,14545000.0,20556000.0,14768000.0,4.44,
91,FISV,MRQ,1998-09-30,1998-09-30,1998-09-30,2021-07-28,16551000.0,4097233000.0,,,,,1.12,-21587000.0,87802000.0,87802000.0,171755000.0,28873000.0,,3.958,367482000.0,,,367482000.0,95011000.0,19136000.0,1214599000.0,0.0,0.0,52934000.0,72070000.0,0.233,72070000.0,52934000.0,48936000.0,0.038,0.038,0.038,826431000.0,,826431000.0,4115051160.0,25.0,17.319,79816000.0,0.108,1.0,137788000.0,0.445,572097000.0,3998000.0,3804816000.0,,0.0,143955000.0,,,3270802000.0,,,3773972160.0,22125000.0,-10949000.0,675000.0,-39111000.0,0.0,102383000.0,-181661000.0,-149125000.0,101403000.0,0.0,28873000.0,28873000.0,28873000.0,0.0,0.0,0.093,84854000.0,52934000.0,1428556000.0,0.0,4.567,41.564,39.368,167546000.0,0.0,5.118,3.873,3.874,1792655000.0,409061000.0,309543000.0,309543000.0,0.0,,,,,0.0,67769000.0,1.0,737424000.0,737616000,764442000.0,0.42,3525136000.0,29470000.0,20063000.0,20776000.0,4.779,
92,FISV,MRQ,1998-06-30,1998-06-30,1998-06-30,2021-07-28,16462000.0,3930721000.0,,,,,1.066,-16569000.0,65677000.0,65677000.0,172863000.0,28670000.0,,3.929,406756000.0,,,406756000.0,97333000.0,18480000.0,1073781000.0,0.0,0.0,52822000.0,71302000.0,0.229,71302000.0,52822000.0,48594000.0,0.038,0.037,0.038,797544000.0,,797544000.0,3738321899.0,24.0,16.746,-18158000.0,-0.024,1.0,138357000.0,0.445,567024000.0,4228000.0,3704776000.0,,0.0,135642000.0,,,3133177000.0,,,3424197899.0,-17455000.0,-1615000.0,-6000.0,8957000.0,0.0,49714000.0,-65580000.0,-47396000.0,-1589000.0,0.0,28670000.0,28670000.0,28670000.0,0.0,0.0,0.092,85535000.0,52822000.0,1420410000.0,0.0,4.293,40.23,37.751,158779000.0,0.0,4.719,3.791,3.909,1809788000.0,380188000.0,311220000.0,311220000.0,0.0,,,,,0.0,68908000.0,1.0,725636475.0,748116000,773370000.0,0.416,3363697000.0,29006000.0,19924000.0,9329000.0,4.496,
93,FISV,MRQ,1998-03-31,1998-03-31,1998-03-31,2021-07-28,16622000.0,3520866000.0,,,,,1.051,-14822000.0,83132000.0,83132000.0,155579000.0,27150000.0,,3.62,397256000.0,,,397256000.0,85783000.0,17662000.0,1033019000.0,0.0,0.0,49384000.0,67046000.0,0.245,67046000.0,49384000.0,46017000.0,0.038,0.037,0.038,762059000.0,,762059000.0,3664092818.0,26.0,17.761,67991000.0,0.094,1.0,118250000.0,0.432,556465000.0,3367000.0,3278525000.0,,0.0,129618000.0,,,2758807000.0,,,3406463818.0,-6245000.0,-86227000.0,-36518000.0,50245000.0,0.0,-35995000.0,-53063000.0,47986000.0,82813000.0,0.0,27150000.0,27150000.0,27150000.0,0.0,0.0,0.099,68866000.0,49384000.0,1116461000.0,0.0,4.47,44.085,40.127,153011000.0,0.0,4.695,4.103,4.1,1445417000.0,351518000.0,273829000.0,273829000.0,0.0,,,,,0.0,52373000.0,1.0,725580018.0,725157000,748782000.0,0.378,2964401000.0,34703000.0,18867000.0,17160000.0,4.088,
94,FISV,MRQ,1997-12-31,1997-12-31,1997-12-31,2021-07-28,16563000.0,3636491000.0,,,,,1.287,-10053000.0,89377000.0,89377000.0,55254000.0,6107000.0,,3.727,347006000.0,,,347006000.0,67569000.0,16545000.0,1082740000.0,0.0,0.0,10637000.0,27182000.0,0.34,27182000.0,10637000.0,10352000.0,0.016,0.014,0.016,769255000.0,,769255000.0,,,,27022000.0,0.045,1.0,24586000.0,0.308,478869000.0,285000.0,3415251000.0,,0.0,125999000.0,,,2867236000.0,,,2640573799.0,17141000.0,-42911000.0,1448000.0,30492000.0,0.0,142000000.0,-161934000.0,-164586000.0,37075000.0,0.0,6107000.0,6107000.0,6107000.0,0.0,0.0,0.076,13949000.0,10637000.0,1238105000.0,0.0,3.433,29.081,27.994,149055000.0,0.0,3.639,2.71,2.622,1583940000.0,324368000.0,79840000.0,79840000.0,0.0,,,,,0.0,932000.0,1.0,725580018.0,597636000,603936000.0,0.134,3157622000.0,35233000.0,4245000.0,8436000.0,5.284,
95,FISV,MRQ,1997-09-30,1997-09-30,1997-09-30,2021-07-28,,,,,,,,-10226000.0,,,134485000.0,23188000.0,,,,,,,,15701000.0,,0.0,0.0,42003000.0,57704000.0,0.242,57704000.0,42003000.0,39302000.0,0.033,0.032,0.033,,,,,,,51595000.0,0.073,1.0,103770000.0,0.436,,2701000.0,,,,,,,,,,,473000.0,-11391000.0,2109000.0,-28866000.0,0.0,2420000.0,-63768000.0,-29074000.0,61821000.0,0.0,23188000.0,23188000.0,23188000.0,0.0,0.0,0.097,61767000.0,42003000.0,,0.0,,,,,0.0,3.25,,,,,238255000.0,238255000.0,0.0,,,,,0.0,46619000.0,1.0,,707400000,729828000.0,0.337,,,16114000.0,,,
96,FISV,MRQ,1997-06-30,1997-06-30,1997-06-30,2021-07-28,,,,,,,,-9117000.0,,,137843000.0,20825000.0,,,,,,,,15732000.0,,0.0,0.0,38638000.0,54370000.0,0.228,54370000.0,38638000.0,35297000.0,0.03,0.029,0.03,,,,,,,65620000.0,0.094,1.0,100543000.0,0.422,,3341000.0,,,,,,,,,,,2771000.0,2000.0,4568000.0,-62762000.0,0.0,-248381000.0,176415000.0,253080000.0,74737000.0,0.0,20825000.0,20825000.0,20825000.0,0.0,0.0,0.087,61905000.0,38638000.0,,0.0,,,,,0.0,3.306,,,,,238386000.0,238386000.0,0.0,,,,,0.0,47137000.0,1.0,,700029000,720387000.0,0.341,,,14472000.0,,,
97,FISV,MRQ,1997-03-31,1997-03-31,1997-03-31,2021-07-28,,,,,,,,-10369000.0,,,130524000.0,22603000.0,,,,,,,,15208000.0,,0.0,0.0,41797000.0,57005000.0,0.25,57005000.0,41797000.0,38310000.0,0.033,0.032,0.033,,,,,,,10567000.0,0.015,1.0,97795000.0,0.428,,3487000.0,,,,,,,,,,,-32290000.0,-10717000.0,1915000.0,30040000.0,0.0,195092000.0,-248318000.0,-227232000.0,20936000.0,0.0,22603000.0,22603000.0,22603000.0,0.0,0.0,0.099,55998000.0,41797000.0,,0.0,,,,,0.0,2.759,,,,,228319000.0,228319000.0,0.0,,,,,0.0,41311000.0,1.0,,689593500,707022000.0,0.331,,,15707000.0,,,
98,FISV,MRQ,1996-12-31,1996-12-31,1996-12-31,2021-07-28,18621000.0,2698979000.0,,,,,0.88,,101282000.0,101282000.0,,,,3.455,306064000.0,,,306064000.0,46089000.0,,970553000.0,0.0,0.0,,,,,,,,,,605898000.0,,605898000.0,,,,,,1.0,,,417124000.0,,2486637000.0,,0.0,72952000.0,,,2093081000.0,,,,,,,,,,,,,,,,,,,,,,679701000.0,,,,23.467,148413000.0,,2.722,,2.131,890101000.0,233851000.0,,,,,,,,,,1.0,,688410000,,,2281855000.0,34144000.0,,9808000.0,3.315,
0,FISV,MRT,2021-06-30,2021-06-30,2021-06-30,2021-07-28,-323000000.0,75776000000.0,74401750000.0,17727000000.0,58049000000.0,0.207,47.903,-906000000.0,841000000.0,841000000.0,7599000000.0,1191000000.0,1.028,1.352,20843000000.0,418000000.0,20425000000.0,20843000000.0,524000000.0,3171000000.0,0.0,0.0,0.0,2226000000.0,5397000000.0,0.35,5397000000.0,2226000000.0,1527000000.0,1.69,1.68,1.69,31793000000.0,31916500000.0,31793000000.0,91643979242.0,41.0,16.981,3335000000.0,5.025,1.0,7825000000.0,0.507,51379000000.0,699000000.0,27148000000.0,27508750000.0,0.0,2590000000.0,0.0,2590000000.0,42983000000.0,17251000000.0,25732000000.0,71270979242.0,-52000000.0,-501000000.0,-1506000000.0,-1644000000.0,0.0,-3254000000.0,-1065000000.0,236000000.0,4241000000.0,26000000.0,1137000000.0,1137000000.0,1137000000.0,0.0,54000000.0,0.074,5648000000.0,2177000000.0,3364000000.0,0.0,2.242,62.683,63.249,1650000000.0,0.0,106.89,4.621,4.6,2663000000.0,14014000000.0,15424000000.0,15424000000.0,0.0,0.015,0.036,0.081,0.144,294000000.0,5684000000.0,1.0,666769382.0,663700000,672700000.0,23.239,24397000000.0,0.0,390000000.0,4324000000.0,36.759,476000000.0
1,FISV,MRT,2021-03-31,2021-03-31,2021-03-31,2021-07-28,-536000000.0,74840000000.0,74731000000.0,16440000000.0,58400000000.0,0.199,47.638,-888000000.0,831000000.0,831000000.0,7552000000.0,916000000.0,1.034,1.318,21204000000.0,366000000.0,20838000000.0,21204000000.0,555000000.0,3175000000.0,0.0,0.0,0.0,1703000000.0,4878000000.0,0.329,4878000000.0,1703000000.0,1005000000.0,1.28,1.28,1.28,31851000000.0,31864000000.0,31851000000.0,99470503758.0,58.0,20.392,3323000000.0,4.97,1.0,7286000000.0,0.491,51375000000.0,698000000.0,27933000000.0,27875250000.0,0.0,3037000000.0,0.0,3037000000.0,41995000000.0,15905000000.0,26090000000.0,79692503758.0,-90000000.0,-315000000.0,-1470000000.0,-1441000000.0,0.0,-3013000000.0,-1313000000.0,-228000000.0,4211000000.0,25000000.0,870000000.0,870000000.0,870000000.0,0.0,46000000.0,0.059,5585000000.0,1701000000.0,3243000000.0,0.0,2.502,91.601,93.0,1646000000.0,0.0,119.04,5.371,5.364,2617000000.0,13745000000.0,14838000000.0,14838000000.0,0.0,0.012,0.027,0.061,0.115,327000000.0,5621000000.0,1.0,669459877.0,668600000,679900000.0,22.193,23465000000.0,0.0,135000000.0,4289000000.0,35.096,535000000.0
2,FISV,MRT,2020-12-31,2020-12-31,2020-12-31,2021-07-28,-387000000.0,74619000000.0,74170500000.0,16219000000.0,58400000000.0,0.2,48.103,-900000000.0,906000000.0,906000000.0,7812000000.0,975000000.0,1.037,1.277,20684000000.0,384000000.0,20300000000.0,20684000000.0,546000000.0,3210000000.0,0.0,0.0,0.0,1863000000.0,5073000000.0,0.342,5073000000.0,1863000000.0,1154000000.0,1.42,1.4,1.42,32330000000.0,31862000000.0,32330000000.0,96658061343.0,52.0,19.053,3247000000.0,4.831,1.0,7040000000.0,0.474,51680000000.0,709000000.0,27080000000.0,28105000000.0,0.0,2756000000.0,0.0,2756000000.0,41290000000.0,15637000000.0,25653000000.0,76336061343.0,-14000000.0,440000000.0,-1693000000.0,-2043000000.0,0.0,-3836000000.0,-341000000.0,-1000000.0,4147000000.0,16000000.0,958000000.0,958000000.0,958000000.0,0.0,17000000.0,0.065,5188000000.0,1852000000.0,3186000000.0,0.0,2.361,79.683,80.183,1628000000.0,0.0,113.86,5.14,5.153,2482000000.0,13441000000.0,14852000000.0,14852000000.0,0.0,0.013,0.03,0.066,0.125,369000000.0,5652000000.0,1.0,670437918.0,672100000,683400000.0,22.098,22939000000.0,0.0,196000000.0,4389000000.0,34.13,582000000.0
3,FISV,MRT,2020-09-30,2020-09-30,2020-09-30,2021-07-28,-831000000.0,72372000000.0,74900500000.0,14025000000.0,58347000000.0,0.201,47.316,-979000000.0,937000000.0,937000000.0,8064000000.0,903000000.0,1.057,1.252,21259000000.0,365000000.0,20894000000.0,21259000000.0,451000000.0,3225000000.0,0.0,0.0,0.0,1864000000.0,5089000000.0,0.338,5089000000.0,1864000000.0,1135000000.0,1.29,1.28,1.29,31692000000.0,32024250000.0,31692000000.0,90012427657.0,48.0,17.688,3160000000.0,4.718,1.0,7001000000.0,0.465,51557000000.0,729000000.0,27874000000.0,28619500000.0,0.0,2772000000.0,0.0,2772000000.0,39683000000.0,13263000000.0,26420000000.0,69007427657.0,-119000000.0,452000000.0,-1754000000.0,-2043000000.0,0.0,-3945000000.0,-314000000.0,-41000000.0,4139000000.0,1000000.0,905000000.0,905000000.0,905000000.0,0.0,-2000000.0,0.06,5615000000.0,1386000000.0,3044000000.0,0.0,2.177,76.251,79.884,1630000000.0,0.0,103.05,4.581,4.582,2323000000.0,13141000000.0,15065000000.0,15065000000.0,0.0,0.012,0.028,0.065,0.124,394000000.0,5656000000.0,1.0,669649953.0,669800000,680300000.0,22.492,20815000000.0,0.0,230000000.0,4532000000.0,31.076,762000000.0
4,FISV,MRT,2020-06-30,2020-06-30,2020-06-30,2021-07-28,-644000000.0,77093000000.0,76273500000.0,17482000000.0,59611000000.0,0.189,47.139,-999000000.0,869000000.0,869000000.0,7813000000.0,852000000.0,1.043,1.387,21874000000.0,359000000.0,21515000000.0,21874000000.0,481000000.0,3009000000.0,0.0,0.0,0.0,1717000000.0,4726000000.0,0.328,4726000000.0,1717000000.0,998000000.0,1.24,1.22,1.24,31583000000.0,32268500000.0,31583000000.0,86427055511.0,50.0,18.288,3136000000.0,4.681,1.0,6594000000.0,0.458,52724000000.0,719000000.0,28614000000.0,29004000000.0,0.0,2763000000.0,0.0,2763000000.0,43807000000.0,16760000000.0,27047000000.0,65355055511.0,-7534000000.0,-15570000000.0,-1764000000.0,6604000000.0,0.0,4649000000.0,-16307000000.0,-42000000.0,4135000000.0,-11000000.0,839000000.0,839000000.0,839000000.0,0.0,13000000.0,0.058,5376000000.0,1218000000.0,2933000000.0,0.0,2.069,77.896,78.726,1688000000.0,0.0,97.62,4.536,4.54,2512000000.0,12877000000.0,14407000000.0,14407000000.0,0.0,0.011,0.026,0.059,0.119,397000000.0,5381000000.0,1.0,669484281.0,670000000,680800000.0,21.503,24369000000.0,0.0,159000000.0,4481000000.0,36.372,722000000.0
5,FISV,MRT,2020-03-31,2020-03-31,2020-03-31,2021-07-28,-811000000.0,72598000000.0,61910250000.0,12933000000.0,59665000000.0,0.201,46.959,-869000000.0,896000000.0,896000000.0,6678000000.0,1066000000.0,1.067,1.226,21968000000.0,338000000.0,21630000000.0,21968000000.0,506000000.0,2338000000.0,0.0,0.0,0.0,1909000000.0,4247000000.0,0.341,4247000000.0,1909000000.0,1306000000.0,1.81,1.78,1.81,31843000000.0,25009250000.0,31843000000.0,85513593397.0,45.0,20.135,2441000000.0,3.6,1.0,5776000000.0,0.464,52699000000.0,603000000.0,28852000000.0,25624750000.0,0.0,2814000000.0,0.0,2814000000.0,39052000000.0,12119000000.0,26933000000.0,64507593397.0,482000000.0,-15536000000.0,-1176000000.0,14688000000.0,0.0,13357000000.0,-16169000000.0,-45000000.0,3310000000.0,-16000000.0,1060000000.0,1060000000.0,1060000000.0,0.0,6000000.0,0.085,4342000000.0,1434000000.0,2875000000.0,0.0,2.026,60.856,52.481,1708000000.0,0.0,94.99,5.18,5.172,2582000000.0,12875000000.0,12454000000.0,12454000000.0,0.0,0.017,0.042,0.074,0.153,318000000.0,4347000000.0,1.0,679098783.0,678100000,691200000.0,18.366,19899000000.0,0.0,246000000.0,4227000000.0,29.345,814000000.0
6,FISV,MRT,2019-12-31,2019-12-31,2019-12-31,2021-07-28,-180000000.0,77539000000.0,46679750000.0,17046000000.0,60493000000.0,0.218,64.374,-721000000.0,893000000.0,893000000.0,5309000000.0,914000000.0,1.084,1.294,21899000000.0,287000000.0,21612000000.0,21899000000.0,492000000.0,1651000000.0,0.0,0.0,0.0,1564000000.0,3215000000.0,0.316,3215000000.0,1564000000.0,1091000000.0,1.74,1.71,1.74,32979000000.0,17647000000.0,32979000000.0,100079258966.0,64.0,31.129,2074000000.0,4.048,1.0,4878000000.0,0.479,53680000000.0,473000000.0,29138000000.0,20201500000.0,0.0,2720000000.0,0.0,2720000000.0,42682000000.0,15727000000.0,26955000000.0,78616258966.0,518000000.0,-15954000000.0,-405000000.0,14740000000.0,0.0,14191000000.0,-16469000000.0,-45000000.0,2795000000.0,1000000.0,893000000.0,893000000.0,893000000.0,0.0,21000000.0,0.088,3269000000.0,1609000000.0,3080000000.0,0.0,2.384,88.036,66.454,1606000000.0,0.0,115.63,7.717,5.815,2782000000.0,12528000000.0,10187000000.0,10187000000.0,0.0,0.019,0.051,0.077,0.154,229000000.0,3284000000.0,1.0,679895001.0,512300000,522600000.0,19.885,23859000000.0,0.0,198000000.0,4247000000.0,46.572,1319000000.0
7,FISV,MRT,2019-09-30,2019-09-30,2019-09-30,2021-07-28,-379000000.0,77864000000.0,30110500000.0,17991000000.0,59873000000.0,0.255,55.864,-528000000.0,1028000000.0,1028000000.0,4022000000.0,959000000.0,1.08,1.347,22491000000.0,368000000.0,22123000000.0,22491000000.0,412000000.0,1009000000.0,0.0,0.0,0.0,1498000000.0,2507000000.0,0.326,2507000000.0,1498000000.0,1164000000.0,2.21,2.16,2.21,32669000000.0,9975500000.0,32669000000.0,46023057117.0,31.0,18.358,1660000000.0,2.839,1.0,3671000000.0,0.477,53254000000.0,334000000.0,29412000000.0,14654750000.0,0.0,2618000000.0,0.0,2618000000.0,44012000000.0,16661000000.0,27351000000.0,40708057117.0,354000000.0,-16677000000.0,-832000000.0,16220000000.0,0.0,15328000000.0,-17115000000.0,-7000000.0,2188000000.0,-4000000.0,932000000.0,932000000.0,932000000.0,0.0,27000000.0,0.121,1882000000.0,1789000000.0,2901000000.0,0.0,1.246,43.678,46.873,1639000000.0,0.0,103.59,5.292,7.875,2653000000.0,12281000000.0,7693000000.0,7693000000.0,0.0,0.031,0.093,0.102,0.195,140000000.0,2119000000.0,1.0,392972846.0,584800000,596900000.0,13.155,24610000000.0,0.0,232000000.0,4110000000.0,42.083,1330000000.0
8,FISV,MRT,2019-06-30,2019-06-30,2019-06-30,2021-07-28,-193000000.0,19640000000.0,13331500000.0,10209000000.0,9431000000.0,0.448,6.487,-401000000.0,8441000000.0,8441000000.0,3154000000.0,961000000.0,4.97,6.714,13756000000.0,9000000.0,13747000000.0,13756000000.0,360000000.0,572000000.0,0.0,0.0,0.0,1433000000.0,2005000000.0,0.335,2005000000.0,1433000000.0,1218000000.0,2.43,2.38,2.43,2546000000.0,2473500000.0,2546000000.0,41197815632.0,29.0,20.548,1124000000.0,2.864,1.0,2823000000.0,0.472,7804000000.0,215000000.0,15097000000.0,8746250000.0,0.0,0.0,0.0,0.0,17094000000.0,2054000000.0,15040000000.0,35774815632.0,8050000000.0,-648000000.0,-1220000000.0,8842000000.0,0.0,7610000000.0,-1035000000.0,-4000000.0,1525000000.0,0.0,961000000.0,961000000.0,961000000.0,0.0,0.0,0.161,1050000000.0,1773000000.0,1685000000.0,0.0,14.051,37.227,37.514,418000000.0,0.0,91.16,5.985,5.986,989000000.0,12083000000.0,5977000000.0,5977000000.0,0.0,0.072,0.389,0.164,0.24,71000000.0,1287000000.0,1.0,392439838.0,392500000,399600000.0,15.228,11836000000.0,0.0,257000000.0,713000000.0,30.155,8155000000.0
9,FISV,MRT,2019-03-31,2019-03-31,2019-03-31,2021-07-28,-85000000.0,11676000000.0,10976000000.0,2275000000.0,9401000000.0,0.536,6.112,-381000000.0,452000000.0,452000000.0,3108000000.0,989000000.0,1.073,3.877,5875000000.0,7000000.0,5868000000.0,5875000000.0,395000000.0,557000000.0,0.0,0.0,0.0,1460000000.0,2017000000.0,0.343,2017000000.0,1460000000.0,1258000000.0,2.47,2.42,2.47,2394000000.0,2549500000.0,2394000000.0,40113297800.0,27.0,19.888,1172000000.0,2.992,1.0,2777000000.0,0.472,7820000000.0,202000000.0,7159000000.0,6405000000.0,0.0,0.0,0.0,0.0,9282000000.0,2120000000.0,7162000000.0,34569297800.0,120000000.0,-656000000.0,-1623000000.0,1182000000.0,0.0,-446000000.0,-1030000000.0,-2000000.0,1553000000.0,0.0,989000000.0,989000000.0,989000000.0,0.0,0.0,0.168,1027000000.0,1750000000.0,1718000000.0,0.0,14.44,34.954,35.741,409000000.0,0.0,88.28,5.874,5.876,1044000000.0,11860000000.0,5885000000.0,5885000000.0,0.0,0.09,0.388,0.228,0.248,73000000.0,1264000000.0,1.0,391586971.0,391700000,399100000.0,15.024,3856000000.0,0.0,269000000.0,745000000.0,9.844,155000000.0
10,FISV,MRT,2018-12-31,2018-12-31,2018-12-31,2021-07-28,-67000000.0,11262000000.0,10598750000.0,2224000000.0,9038000000.0,0.549,5.655,-360000000.0,415000000.0,415000000.0,3069000000.0,1187000000.0,1.106,3.911,5959000000.0,4000000.0,5955000000.0,5959000000.0,380000000.0,545000000.0,0.0,0.0,0.0,1754000000.0,2299000000.0,0.395,2299000000.0,1754000000.0,1565000000.0,2.93,2.87,2.93,2293000000.0,2693750000.0,2293000000.0,33885617402.0,19.0,14.739,1192000000.0,2.94,1.0,2754000000.0,0.473,7845000000.0,189000000.0,6951000000.0,5964500000.0,0.0,65000000.0,0.0,65000000.0,8969000000.0,2010000000.0,6959000000.0,29283617402.0,90000000.0,-293000000.0,-1871000000.0,1034000000.0,0.0,-842000000.0,-613000000.0,-3000000.0,1552000000.0,0.0,1187000000.0,1187000000.0,1187000000.0,0.0,0.0,0.204,1001000000.0,1753000000.0,1146000000.0,0.0,12.771,24.67,25.082,398000000.0,0.0,73.49,5.029,5.118,1049000000.0,11635000000.0,5823000000.0,5823000000.0,0.0,0.112,0.441,0.294,0.301,73000000.0,1228000000.0,1.0,398470777.0,405500000,413700000.0,14.36,3417000000.0,0.0,378000000.0,745000000.0,8.427,214000000.0
11,FISV,MRT,2018-09-30,2018-09-30,2018-09-30,2021-07-28,-79000000.0,10748000000.0,10355500000.0,2338000000.0,8410000000.0,0.559,6.59,-342000000.0,673000000.0,673000000.0,3025000000.0,1447000000.0,1.008,3.039,5275000000.0,452000000.0,4823000000.0,5275000000.0,317000000.0,497000000.0,0.0,0.0,0.0,1765000000.0,2262000000.0,0.391,2262000000.0,1765000000.0,1586000000.0,3.49,3.42,3.49,2661000000.0,2803250000.0,2661000000.0,37815894004.0,21.0,16.718,1107000000.0,2.741,1.0,2763000000.0,0.477,7252000000.0,179000000.0,5778000000.0,5590250000.0,0.0,0.0,0.0,0.0,8087000000.0,2320000000.0,5767000000.0,33357894004.0,391000000.0,416000000.0,-1388000000.0,160000000.0,0.0,-1224000000.0,111000000.0,0.0,1449000000.0,0.0,1447000000.0,1447000000.0,1447000000.0,-14000000.0,0.0,0.25,1233000000.0,1530000000.0,1551000000.0,0.0,12.536,23.053,23.605,385000000.0,0.0,82.38,5.763,5.747,949000000.0,11349000000.0,5788000000.0,5788000000.0,0.0,0.14,0.516,0.316,0.305,69000000.0,1243000000.0,1.0,404927094.0,403800000,412000000.0,14.334,3496000000.0,0.0,139000000.0,715000000.0,8.658,18000000.0
12,FISV,MRT,2018-06-30,2018-06-30,2018-06-30,2021-07-28,-66000000.0,10218000000.0,10218250000.0,1804000000.0,8414000000.0,0.565,6.978,-320000000.0,348000000.0,348000000.0,3022000000.0,1452000000.0,1.09,2.585,4806000000.0,1000000.0,4805000000.0,4806000000.0,352000000.0,474000000.0,0.0,0.0,0.0,1790000000.0,2264000000.0,0.392,2264000000.0,1790000000.0,1611000000.0,3.48,3.41,3.48,2850000000.0,2725500000.0,2850000000.0,34557169845.0,19.0,15.264,1078000000.0,2.64,1.0,2754000000.0,0.477,7289000000.0,179000000.0,5732000000.0,5554500000.0,0.0,0.0,0.0,0.0,7368000000.0,1655000000.0,5713000000.0,30335169845.0,92000000.0,111000000.0,-1259000000.0,61000000.0,0.0,-1191000000.0,-177000000.0,-12000000.0,1398000000.0,0.0,1452000000.0,1452000000.0,1452000000.0,-14000000.0,0.0,0.251,1212000000.0,1542000000.0,1302000000.0,0.0,10.644,20.892,21.29,374000000.0,0.0,74.09,5.252,5.239,932000000.0,11122000000.0,5776000000.0,5776000000.0,0.0,0.142,0.533,0.322,0.31,66000000.0,1222000000.0,1.0,409436764.0,408400000,416400000.0,14.143,2929000000.0,0.0,159000000.0,692000000.0,7.172,149000000.0
13,FISV,MRT,2018-03-31,2018-03-31,2018-03-31,2021-07-28,-56000000.0,10167000000.0,10085000000.0,1768000000.0,8399000000.0,0.569,7.192,-288000000.0,382000000.0,382000000.0,3031000000.0,1422000000.0,1.051,2.422,4604000000.0,1000000.0,4603000000.0,4604000000.0,379000000.0,454000000.0,0.0,0.0,0.0,1796000000.0,2250000000.0,0.392,2250000000.0,1796000000.0,1618000000.0,3.39,3.32,3.39,2971000000.0,2610750000.0,2971000000.0,34041413564.0,19.0,15.13,1104000000.0,2.672,1.0,2711000000.0,0.472,7309000000.0,178000000.0,5397000000.0,5416000000.0,0.0,0.0,0.0,0.0,7196000000.0,1683000000.0,5513000000.0,29466413564.0,24000000.0,130000000.0,-1168000000.0,-47000000.0,0.0,-1215000000.0,-122000000.0,-11000000.0,1392000000.0,0.0,1422000000.0,1422000000.0,1422000000.0,-14000000.0,0.0,0.248,1168000000.0,1543000000.0,1303000000.0,0.0,9.918,20.722,21.035,375000000.0,0.0,71.31,5.132,5.13,878000000.0,10871000000.0,5742000000.0,5742000000.0,0.0,0.141,0.545,0.332,0.313,66000000.0,1178000000.0,1.0,413215728.0,413100000,421600000.0,13.9,2858000000.0,0.0,196000000.0,693000000.0,6.918,85000000.0
14,FISV,MRT,2017-12-31,2017-12-31,2017-12-31,2021-07-28,-54000000.0,10289000000.0,9967250000.0,1975000000.0,8314000000.0,0.571,6.467,-287000000.0,325000000.0,325000000.0,3024000000.0,1246000000.0,1.019,2.767,4900000000.0,3000000.0,4897000000.0,4900000000.0,576000000.0,429000000.0,0.0,0.0,0.0,1579000000.0,2008000000.0,0.353,2008000000.0,1579000000.0,1404000000.0,2.95,2.89,2.95,2731000000.0,2474000000.0,2731000000.0,32113412535.0,20.0,15.993,1196000000.0,2.832,1.0,2672000000.0,0.469,7472000000.0,175000000.0,5454000000.0,5308250000.0,0.0,0.0,0.0,0.0,7558000000.0,1938000000.0,5620000000.0,27327412535.0,25000000.0,-367000000.0,-1145000000.0,325000000.0,0.0,-820000000.0,-657000000.0,-10000000.0,1483000000.0,0.0,1246000000.0,1246000000.0,1246000000.0,-14000000.0,0.0,0.219,1140000000.0,1532000000.0,1359000000.0,0.0,10.006,21.932,22.225,390000000.0,0.0,65.565,4.798,4.861,997000000.0,10240000000.0,5696000000.0,5696000000.0,0.0,0.125,0.504,0.297,0.277,63000000.0,1150000000.0,1.0,416798788.0,422300000,431300000.0,13.488,2817000000.0,0.0,158000000.0,552000000.0,6.671,37000000.0
15,FISV,MRT,2017-09-30,2017-09-30,2017-09-30,2021-07-28,-55000000.0,10199000000.0,9830750000.0,1870000000.0,8329000000.0,0.571,5.593,-275000000.0,325000000.0,325000000.0,3007000000.0,915000000.0,1.011,3.34,5111000000.0,93000000.0,5018000000.0,5111000000.0,451000000.0,445000000.0,0.0,0.0,0.0,1516000000.0,1961000000.0,0.349,1961000000.0,1516000000.0,1343000000.0,2.145,2.1,2.145,2350000000.0,2426500000.0,2350000000.0,31583636038.0,21.0,16.106,1129000000.0,2.687,1.0,2604000000.0,0.464,7500000000.0,173000000.0,5635000000.0,5189500000.0,0.0,0.0,0.0,0.0,7849000000.0,1850000000.0,5999000000.0,27141636038.0,22000000.0,-364000000.0,-1212000000.0,468000000.0,0.0,-739000000.0,-643000000.0,-10000000.0,1404000000.0,0.0,915000000.0,915000000.0,915000000.0,0.0,0.0,0.163,1132000000.0,1472000000.0,1306000000.0,0.0,11.55,29.663,30.061,385000000.0,0.0,64.48,4.837,4.829,898000000.0,9694000000.0,5611000000.0,5611000000.0,0.0,0.093,0.377,0.292,0.27,57000000.0,1132000000.0,1.0,420931080.0,420200000,429100000.0,13.353,2699000000.0,0.0,428000000.0,815000000.0,6.423,20000000.0
16,FISV,MRT,2017-06-30,2017-06-30,2017-06-30,2021-07-28,-59000000.0,9685000000.0,9690250000.0,1632000000.0,8053000000.0,0.577,5.644,-281000000.0,299000000.0,299000000.0,2998000000.0,897000000.0,0.956,3.051,4741000000.0,95000000.0,4646000000.0,4741000000.0,464000000.0,438000000.0,0.0,0.0,0.0,1510000000.0,1948000000.0,0.348,1948000000.0,1510000000.0,1341000000.0,2.085,2.04,2.085,2391000000.0,2481250000.0,2391000000.0,30312322196.0,20.0,15.561,1154000000.0,2.724,1.0,2593000000.0,0.464,7242000000.0,169000000.0,5178000000.0,5074000000.0,0.0,0.0,0.0,0.0,7294000000.0,1707000000.0,5587000000.0,25982322196.0,36000000.0,-59000000.0,-1246000000.0,173000000.0,0.0,-1059000000.0,-340000000.0,-1000000.0,1435000000.0,0.0,897000000.0,897000000.0,897000000.0,0.0,0.0,0.16,1122000000.0,1471000000.0,1148000000.0,0.0,10.867,28.966,29.338,396000000.0,0.0,61.17,4.647,4.635,845000000.0,9462000000.0,5591000000.0,5591000000.0,0.0,0.093,0.362,0.298,0.27,48000000.0,1122000000.0,1.0,424755962.0,423600000,432500000.0,13.199,2443000000.0,0.0,444000000.0,773000000.0,5.767,-75000000.0
17,FISV,MRT,2017-03-31,2017-03-31,2017-03-31,2021-07-28,-67000000.0,9696000000.0,9651500000.0,1615000000.0,8081000000.0,0.577,5.649,-294000000.0,308000000.0,308000000.0,2977000000.0,888000000.0,0.902,3.0,4638000000.0,91000000.0,4547000000.0,4638000000.0,494000000.0,429000000.0,0.0,0.0,0.0,1498000000.0,1927000000.0,0.346,1927000000.0,1498000000.0,1333000000.0,2.04,2.0,2.04,2424000000.0,2544000000.0,2424000000.0,29003369074.0,19.0,15.051,1091000000.0,2.543,1.0,2591000000.0,0.465,7270000000.0,165000000.0,4966000000.0,5053500000.0,0.0,0.0,0.0,0.0,7272000000.0,1790000000.0,5482000000.0,24741369074.0,25000000.0,-78000000.0,-1213000000.0,182000000.0,0.0,-989000000.0,-371000000.0,-1000000.0,1385000000.0,0.0,888000000.0,888000000.0,888000000.0,0.0,0.0,0.159,1120000000.0,1471000000.0,1205000000.0,0.0,10.207,27.862,28.262,400000000.0,0.0,57.655,4.443,4.443,861000000.0,9241000000.0,5568000000.0,5568000000.0,0.0,0.092,0.349,0.296,0.269,20000000.0,1120000000.0,1.0,429127900.0,429100000,438500000.0,12.976,2426000000.0,0.0,445000000.0,767000000.0,5.654,-175000000.0
18,FISV,MRT,2016-12-31,2016-12-31,2016-12-31,2021-07-28,-76000000.0,9743000000.0,9615500000.0,1728000000.0,8015000000.0,0.573,5.767,-290000000.0,300000000.0,300000000.0,2959000000.0,930000000.0,0.949,2.834,4562000000.0,95000000.0,4467000000.0,4562000000.0,483000000.0,421000000.0,0.0,0.0,0.0,1585000000.0,2006000000.0,0.364,2006000000.0,1585000000.0,1422000000.0,2.11,2.08,2.11,2541000000.0,2609000000.0,2541000000.0,27395852607.0,17.0,13.657,1141000000.0,2.59,1.0,2546000000.0,0.462,7206000000.0,163000000.0,4979000000.0,5033750000.0,0.0,0.0,0.0,0.0,7202000000.0,1820000000.0,5382000000.0,23068852607.0,25000000.0,-265000000.0,-1166000000.0,263000000.0,0.0,-852000000.0,-554000000.0,-1000000.0,1431000000.0,0.0,930000000.0,930000000.0,930000000.0,0.0,0.0,0.169,1101000000.0,1445000000.0,1242000000.0,0.0,9.079,24.805,25.185,405000000.0,0.0,53.14,4.191,4.253,902000000.0,8994000000.0,5505000000.0,5505000000.0,0.0,0.097,0.356,0.315,0.288,17000000.0,1101000000.0,1.0,434114652.0,440600000,447800000.0,12.494,2537000000.0,0.0,492000000.0,762000000.0,5.758,-92000000.0
19,FISV,MRT,2016-09-30,2016-09-30,2016-09-30,2021-07-28,-69000000.0,9637000000.0,9514750000.0,1600000000.0,8037000000.0,0.572,5.86,-290000000.0,303000000.0,303000000.0,2961000000.0,904000000.0,1.034,2.751,4630000000.0,6000000.0,4624000000.0,4630000000.0,413000000.0,411000000.0,0.0,0.0,0.0,1535000000.0,1946000000.0,0.358,1946000000.0,1535000000.0,1375000000.0,2.025,1.99,2.025,2569000000.0,2638750000.0,2569000000.0,26156013965.0,17.0,13.441,1143000000.0,2.607,1.0,2481000000.0,0.456,7243000000.0,160000000.0,5173000000.0,4985000000.0,0.0,0.0,0.0,0.0,7068000000.0,1548000000.0,5520000000.0,21865013965.0,-6000000.0,-265000000.0,-1350000000.0,411000000.0,0.0,-889000000.0,-550000000.0,-5000000.0,1433000000.0,0.0,904000000.0,904000000.0,904000000.0,0.0,0.0,0.166,1082000000.0,1399000000.0,1129000000.0,0.0,8.511,24.187,24.56,403000000.0,0.0,49.735,4.018,4.007,830000000.0,8779000000.0,5442000000.0,5442000000.0,0.0,0.095,0.343,0.308,0.282,18000000.0,1082000000.0,1.0,439630320.0,438400000,445400000.0,12.413,2394000000.0,0.0,471000000.0,742000000.0,5.461,52000000.0
20,FISV,MRT,2016-06-30,2016-06-30,2016-06-30,2021-07-28,-74000000.0,9530000000.0,9452250000.0,1486000000.0,8044000000.0,0.569,5.95,-301000000.0,263000000.0,263000000.0,2937000000.0,908000000.0,1.023,2.607,4554000000.0,6000000.0,4548000000.0,4554000000.0,440000000.0,413000000.0,0.0,0.0,0.0,1542000000.0,1955000000.0,0.364,1955000000.0,1542000000.0,1382000000.0,2.005,1.97,2.005,2642000000.0,2713750000.0,2642000000.0,28339930136.0,18.0,14.496,1132000000.0,2.55,1.0,2438000000.0,0.454,7273000000.0,160000000.0,5096000000.0,4890500000.0,0.0,0.0,0.0,0.0,6888000000.0,1452000000.0,5436000000.0,24173930136.0,-267000000.0,-265000000.0,-1510000000.0,335000000.0,0.0,-1135000000.0,-565000000.0,-4000000.0,1433000000.0,0.0,908000000.0,908000000.0,908000000.0,0.0,0.0,0.169,1066000000.0,1372000000.0,1006000000.0,0.0,9.15,26.623,27.115,394000000.0,0.0,54.365,4.497,4.491,812000000.0,8565000000.0,5375000000.0,5375000000.0,0.0,0.096,0.335,0.315,0.287,22000000.0,1066000000.0,1.0,444659802.0,444000000,451200000.0,12.106,2257000000.0,0.0,474000000.0,734000000.0,5.083,34000000.0
21,FISV,MRT,2016-03-31,2016-03-31,2016-03-31,2021-07-28,-69000000.0,9552000000.0,9466750000.0,1476000000.0,8076000000.0,0.561,6.004,-341000000.0,283000000.0,283000000.0,2920000000.0,823000000.0,0.957,2.559,4449000000.0,4000000.0,4445000000.0,4449000000.0,480000000.0,415000000.0,0.0,0.0,0.0,1422000000.0,1837000000.0,0.346,1837000000.0,1422000000.0,1253000000.0,1.8,1.765,1.8,2684000000.0,2839000000.0,2684000000.0,26886908337.0,19.0,14.636,1168000000.0,2.613,1.0,2390000000.0,0.45,7289000000.0,169000000.0,4887000000.0,4820000000.0,0.0,0.0,0.0,0.0,6868000000.0,1542000000.0,5326000000.0,22868908337.0,-13000000.0,-265000000.0,-1477000000.0,521000000.0,0.0,-915000000.0,-607000000.0,-4000000.0,1509000000.0,0.0,823000000.0,823000000.0,823000000.0,0.0,0.0,0.155,1054000000.0,1336000000.0,1058000000.0,0.0,8.52,27.787,28.494,401000000.0,0.0,51.29,4.307,4.318,805000000.0,8353000000.0,5310000000.0,5310000000.0,0.0,0.087,0.29,0.295,0.268,22000000.0,1054000000.0,1.0,445874602.0,447000000,454600000.0,11.879,2263000000.0,0.0,430000000.0,721000000.0,5.063,-66000000.0
22,FISV,MRT,2015-12-31,2015-12-31,2015-12-31,2021-07-28,-74000000.0,9340000000.0,9412500000.0,1506000000.0,7834000000.0,0.558,5.686,-359000000.0,275000000.0,275000000.0,2909000000.0,712000000.0,1.003,2.511,4293000000.0,5000000.0,4288000000.0,4293000000.0,473000000.0,417000000.0,0.0,0.0,0.0,1259000000.0,1676000000.0,0.319,1676000000.0,1259000000.0,1089000000.0,1.52,1.495,1.52,2660000000.0,2972500000.0,2660000000.0,24828149136.0,20.0,14.814,987000000.0,2.11,1.0,2345000000.0,0.446,7072000000.0,170000000.0,4784000000.0,4651250000.0,0.0,0.0,0.0,0.0,6680000000.0,1502000000.0,5178000000.0,20902149136.0,-19000000.0,0.0,-1451000000.0,414000000.0,0.0,-1005000000.0,-360000000.0,-4000000.0,1346000000.0,0.0,712000000.0,712000000.0,712000000.0,0.0,0.0,0.136,1034000000.0,1311000000.0,1024000000.0,0.0,7.858,29.357,30.086,396000000.0,0.0,45.73,3.978,4.072,802000000.0,8064000000.0,5254000000.0,5254000000.0,0.0,0.076,0.24,0.271,0.24,27000000.0,1034000000.0,1.0,457077392.0,467800000,476000000.0,11.231,2268000000.0,0.0,377000000.0,726000000.0,4.848,4000000.0
23,FISV,MRT,2015-09-30,2015-09-30,2015-09-30,2021-07-28,-75000000.0,9387000000.0,9404500000.0,1531000000.0,7856000000.0,0.553,6.159,-359000000.0,309000000.0,309000000.0,2898000000.0,704000000.0,1.085,2.272,4235000000.0,5000000.0,4230000000.0,4235000000.0,400000000.0,416000000.0,0.0,0.0,0.0,1252000000.0,1668000000.0,0.321,1668000000.0,1252000000.0,1080000000.0,1.485,1.455,1.485,2869000000.0,3131250000.0,2869000000.0,24022770959.0,19.0,14.402,943000000.0,2.024,1.0,2304000000.0,0.443,7107000000.0,172000000.0,4795000000.0,4481750000.0,0.0,0.0,0.0,0.0,6518000000.0,1411000000.0,5107000000.0,20316770959.0,-100000000.0,0.0,-1355000000.0,285000000.0,0.0,-1039000000.0,-363000000.0,0.0,1302000000.0,0.0,704000000.0,704000000.0,704000000.0,0.0,0.0,0.135,1005000000.0,1299000000.0,1006000000.0,0.0,7.081,28.859,29.162,397000000.0,0.0,43.305,3.906,3.878,783000000.0,7875000000.0,5202000000.0,5202000000.0,0.0,0.075,0.225,0.279,0.241,26000000.0,1005000000.0,1.0,469155316.0,465800000,474000000.0,11.168,2280000000.0,37000000.0,376000000.0,720000000.0,4.895,120000000.0
24,FISV,MRT,2015-06-30,2015-06-30,2015-06-30,2021-07-28,-66000000.0,9588000000.0,9417250000.0,1714000000.0,7874000000.0,0.547,6.645,-345000000.0,530000000.0,530000000.0,2890000000.0,725000000.0,1.283,2.051,4236000000.0,5000000.0,4231000000.0,4236000000.0,433000000.0,411000000.0,0.0,0.0,0.0,1276000000.0,1687000000.0,0.327,1687000000.0,1276000000.0,1104000000.0,1.495,1.47,1.495,3143000000.0,3279500000.0,3143000000.0,23169192697.0,18.0,13.734,993000000.0,2.099,1.0,2262000000.0,0.439,7144000000.0,172000000.0,4814000000.0,4339500000.0,0.0,0.0,0.0,0.0,6445000000.0,1336000000.0,5109000000.0,19613192697.0,202000000.0,0.0,-1120000000.0,288000000.0,0.0,-796000000.0,-340000000.0,7000000.0,1338000000.0,0.0,725000000.0,725000000.0,725000000.0,0.0,0.0,0.141,990000000.0,1272000000.0,898000000.0,0.0,6.24,27.053,27.702,382000000.0,0.0,41.415,3.807,3.802,746000000.0,7657000000.0,5152000000.0,5152000000.0,0.0,0.077,0.221,0.294,0.248,23000000.0,990000000.0,1.0,473577030.0,473000000,480800000.0,10.892,2444000000.0,40000000.0,379000000.0,712000000.0,5.167,378000000.0
25,FISV,MRT,2015-03-31,2015-03-31,2015-03-31,2021-07-28,-71000000.0,9335000000.0,9371000000.0,1498000000.0,7837000000.0,0.545,6.738,-312000000.0,296000000.0,296000000.0,2883000000.0,764000000.0,0.998,1.901,3852000000.0,95000000.0,3757000000.0,3852000000.0,470000000.0,406000000.0,0.0,0.0,0.0,1342000000.0,1748000000.0,0.342,1748000000.0,1342000000.0,1178000000.0,1.555,1.53,1.555,3218000000.0,3362500000.0,3218000000.0,22461209511.0,17.0,12.85,1049000000.0,2.196,1.0,2224000000.0,0.435,7178000000.0,164000000.0,4212000000.0,4202750000.0,0.0,0.0,0.0,0.0,6117000000.0,1501000000.0,4616000000.0,18952209511.0,-10000000.0,0.0,-1075000000.0,0.0,0.0,-1065000000.0,-306000000.0,7000000.0,1361000000.0,0.0,764000000.0,764000000.0,764000000.0,0.0,0.0,0.15,971000000.0,1253000000.0,936000000.0,0.0,5.889,24.807,25.531,338000000.0,0.0,39.7,3.711,3.713,765000000.0,7530000000.0,5107000000.0,5107000000.0,0.0,0.082,0.227,0.319,0.263,34000000.0,971000000.0,1.0,477385630.0,477600000,486000000.0,10.693,2157000000.0,39000000.0,414000000.0,720000000.0,4.516,-3000000.0
26,FISV,MRT,2014-12-31,2014-12-31,2014-12-31,2021-07-28,-63000000.0,9308000000.0,9405500000.0,1444000000.0,7864000000.0,0.539,6.627,-292000000.0,294000000.0,294000000.0,2881000000.0,754000000.0,0.972,1.825,3790000000.0,92000000.0,3698000000.0,3790000000.0,489000000.0,404000000.0,0.0,0.0,0.0,1302000000.0,1706000000.0,0.337,1706000000.0,1302000000.0,1138000000.0,1.515,1.49,1.515,3295000000.0,3418750000.0,3295000000.0,20753272769.0,16.0,12.165,1015000000.0,2.041,1.0,2185000000.0,0.431,7212000000.0,164000000.0,4106000000.0,4214750000.0,0.0,0.0,0.0,0.0,6013000000.0,1486000000.0,4527000000.0,17314272769.0,-105000000.0,0.0,-1095000000.0,-49000000.0,0.0,-1126000000.0,-286000000.0,7000000.0,1307000000.0,0.0,754000000.0,754000000.0,754000000.0,0.0,0.0,0.149,975000000.0,1210000000.0,905000000.0,0.0,5.255,22.963,23.422,317000000.0,0.0,35.485,3.418,3.483,798000000.0,7352000000.0,5066000000.0,5066000000.0,0.0,0.08,0.221,0.309,0.257,31000000.0,975000000.0,1.0,487932162.0,497200000,505400000.0,10.189,2096000000.0,0.0,384000000.0,700000000.0,4.216,-42000000.0
27,FISV,MRT,2014-09-30,2014-09-30,2014-09-30,2021-07-28,-57000000.0,9438000000.0,9456750000.0,1579000000.0,7859000000.0,0.53,6.991,-290000000.0,409000000.0,409000000.0,2829000000.0,794000000.0,1.13,1.726,3848000000.0,92000000.0,3756000000.0,3848000000.0,419000000.0,402000000.0,0.0,0.0,0.0,1354000000.0,1756000000.0,0.35,1756000000.0,1354000000.0,1191000000.0,1.565,1.545,1.565,3462000000.0,3491250000.0,3462000000.0,19627284608.0,14.0,11.177,1025000000.0,2.07,1.0,2184000000.0,0.436,7254000000.0,163000000.0,4226000000.0,4256000000.0,0.0,0.0,0.0,0.0,5976000000.0,1397000000.0,4579000000.0,16108284608.0,89000000.0,0.0,-857000000.0,-83000000.0,0.0,-943000000.0,-283000000.0,9000000.0,1315000000.0,0.0,794000000.0,794000000.0,794000000.0,-1000000.0,0.0,0.158,994000000.0,1190000000.0,886000000.0,0.0,4.653,20.288,20.65,304000000.0,0.0,32.318,3.213,3.192,748000000.0,7171000000.0,5013000000.0,5013000000.0,0.0,0.084,0.227,0.318,0.27,20000000.0,994000000.0,1.0,498438450.0,495200000,503600000.0,10.123,2184000000.0,41000000.0,397000000.0,693000000.0,4.41,182000000.0
28,FISV,MRT,2014-06-30,2014-06-30,2014-06-30,2021-07-28,-49000000.0,9403000000.0,9461250000.0,1525000000.0,7878000000.0,0.523,6.97,-276000000.0,329000000.0,329000000.0,2808000000.0,714000000.0,1.115,1.706,3848000000.0,92000000.0,3756000000.0,3848000000.0,442000000.0,402000000.0,0.0,0.0,0.0,1233000000.0,1635000000.0,0.33,1635000000.0,1233000000.0,1070000000.0,1.39,1.37,1.39,3475000000.0,3490750000.0,3475000000.0,18574434709.0,15.0,11.361,927000000.0,1.859,1.0,2143000000.0,0.433,7287000000.0,163000000.0,4267000000.0,4309750000.0,0.0,0.0,0.0,0.0,5928000000.0,1368000000.0,4560000000.0,15033434709.0,-23000000.0,-14000000.0,-801000000.0,-104000000.0,0.0,-907000000.0,-287000000.0,4000000.0,1203000000.0,0.0,714000000.0,714000000.0,714000000.0,1000000.0,0.0,0.144,988000000.0,1155000000.0,834000000.0,0.0,4.326,21.055,21.698,300000000.0,0.0,30.16,3.036,3.037,730000000.0,6932000000.0,4951000000.0,4951000000.0,0.0,0.075,0.205,0.286,0.249,24000000.0,988000000.0,1.0,498456058.0,498600000,506800000.0,9.93,2116000000.0,45000000.0,356000000.0,680000000.0,4.244,157000000.0
29,FISV,MRT,2014-03-31,2014-03-31,2014-03-31,2021-07-28,-54000000.0,9473000000.0,9469000000.0,1547000000.0,7926000000.0,0.517,6.767,-248000000.0,307000000.0,307000000.0,2785000000.0,699000000.0,1.076,1.751,3848000000.0,92000000.0,3756000000.0,3848000000.0,462000000.0,406000000.0,0.0,0.0,0.0,1198000000.0,1604000000.0,0.328,1604000000.0,1198000000.0,1035000000.0,1.345,1.325,1.345,3443000000.0,3487750000.0,3443000000.0,17874840989.0,15.0,11.144,847000000.0,1.665,1.0,2111000000.0,0.431,7316000000.0,163000000.0,4260000000.0,4356500000.0,0.0,0.0,0.0,0.0,6030000000.0,1438000000.0,4592000000.0,14426840989.0,-87000000.0,102000000.0,-798000000.0,-200000000.0,0.0,-1000000000.0,-144000000.0,4000000.0,1095000000.0,0.0,699000000.0,699000000.0,699000000.0,2000000.0,0.0,0.143,990000000.0,1121000000.0,884000000.0,0.0,4.19,20.639,21.074,284000000.0,0.0,28.345,2.947,2.946,752000000.0,6766000000.0,4896000000.0,4896000000.0,0.0,0.074,0.2,0.275,0.245,36000000.0,990000000.0,1.0,508973046.0,508800000,517200000.0,9.623,2157000000.0,52000000.0,336000000.0,717000000.0,4.239,109000000.0
30,FISV,MRT,2013-12-31,2013-12-31,2013-12-31,2021-07-28,-60000000.0,9513000000.0,9491500000.0,1572000000.0,7941000000.0,0.507,6.831,-236000000.0,400000000.0,400000000.0,2776000000.0,648000000.0,1.18,1.654,3848000000.0,92000000.0,3756000000.0,3848000000.0,484000000.0,403000000.0,0.0,0.0,0.0,1139000000.0,1542000000.0,0.32,1542000000.0,1139000000.0,976000000.0,1.235,1.22,1.235,3585000000.0,3501250000.0,3585000000.0,18841256851.0,17.0,12.219,792000000.0,1.509,1.0,2038000000.0,0.423,7358000000.0,163000000.0,4271000000.0,4437250000.0,0.0,0.0,0.0,0.0,5928000000.0,1332000000.0,4596000000.0,15231256851.0,42000000.0,86000000.0,-529000000.0,-338000000.0,0.0,-873000000.0,-113000000.0,4000000.0,1028000000.0,0.0,648000000.0,648000000.0,648000000.0,2000000.0,0.0,0.135,977000000.0,1061000000.0,756000000.0,0.0,4.249,23.505,23.907,266000000.0,0.0,29.525,3.164,3.219,751000000.0,6598000000.0,4814000000.0,4814000000.0,0.0,0.068,0.185,0.257,0.237,35000000.0,977000000.0,1.0,515876608.0,524800000,532200000.0,9.173,2155000000.0,55000000.0,328000000.0,713000000.0,4.106,240000000.0
31,FISV,MRT,2013-09-30,2013-09-30,2013-09-30,2021-07-28,-63000000.0,9456000000.0,9237500000.0,1527000000.0,7929000000.0,0.508,6.656,-219000000.0,321000000.0,321000000.0,2725000000.0,606000000.0,1.243,1.733,3931000000.0,2000000.0,3929000000.0,3931000000.0,400000000.0,389000000.0,0.0,0.0,0.0,1079000000.0,1468000000.0,0.313,1468000000.0,1079000000.0,917000000.0,1.145,1.125,1.145,3460000000.0,3459250000.0,3460000000.0,16778635526.0,16.0,11.43,775000000.0,1.491,1.0,1971000000.0,0.42,7397000000.0,162000000.0,4441000000.0,4323250000.0,0.0,0.0,0.0,0.0,5996000000.0,1228000000.0,4768000000.0,13145635526.0,14000000.0,118000000.0,-456000000.0,-476000000.0,0.0,-916000000.0,-64000000.0,3000000.0,994000000.0,0.0,606000000.0,606000000.0,606000000.0,-18000000.0,0.0,0.129,920000000.0,1051000000.0,826000000.0,0.0,3.799,21.692,22.063,259000000.0,0.0,25.262,2.799,2.796,710000000.0,6377000000.0,4696000000.0,4696000000.0,0.0,0.066,0.175,0.25,0.23,46000000.0,920000000.0,1.0,520361624.0,519800000,527400000.0,9.034,2059000000.0,54000000.0,311000000.0,683000000.0,3.961,299000000.0
32,FISV,MRT,2013-06-30,2013-06-30,2013-06-30,2021-07-28,-67000000.0,9434000000.0,8986750000.0,1454000000.0,7980000000.0,0.512,6.531,-202000000.0,320000000.0,320000000.0,2677000000.0,586000000.0,1.24,1.724,3953000000.0,2000000.0,3951000000.0,3953000000.0,410000000.0,377000000.0,0.0,0.0,0.0,1067000000.0,1444000000.0,0.314,1444000000.0,1067000000.0,898000000.0,1.097,1.08,1.097,3463000000.0,3408750000.0,3463000000.0,15332743653.0,14.0,10.618,675000000.0,1.273,1.0,1925000000.0,0.418,7440000000.0,169000000.0,4454000000.0,4223750000.0,0.0,0.0,0.0,0.0,5971000000.0,1173000000.0,4798000000.0,11639743653.0,49000000.0,132000000.0,-424000000.0,-425000000.0,0.0,-844000000.0,-15000000.0,22000000.0,877000000.0,0.0,586000000.0,586000000.0,586000000.0,-19000000.0,0.0,0.127,889000000.0,1036000000.0,761000000.0,0.0,3.361,19.863,19.92,255000000.0,0.0,21.852,2.529,2.518,691000000.0,6218000000.0,4602000000.0,4602000000.0,0.0,0.065,0.172,0.253,0.232,45000000.0,889000000.0,1.0,532650436.0,530200000,537200000.0,8.68,1994000000.0,59000000.0,312000000.0,694000000.0,3.761,281000000.0
33,FISV,MRT,2013-03-31,2013-03-31,2013-03-31,2021-07-28,-62000000.0,9563000000.0,8732250000.0,1453000000.0,8110000000.0,0.514,6.554,-193000000.0,356000000.0,356000000.0,2623000000.0,596000000.0,1.221,1.735,4049000000.0,2000000.0,4047000000.0,4049000000.0,422000000.0,360000000.0,0.0,0.0,0.0,1059000000.0,1419000000.0,0.316,1419000000.0,1059000000.0,887000000.0,1.107,1.093,1.107,3497000000.0,3356250000.0,3497000000.0,14601620058.0,14.0,10.29,661000000.0,1.239,1.0,1868000000.0,0.416,7483000000.0,172000000.0,4583000000.0,4050750000.0,0.0,0.0,0.0,0.0,6066000000.0,1190000000.0,4876000000.0,11729620058.0,81000000.0,16000000.0,-384000000.0,-311000000.0,0.0,-690000000.0,-119000000.0,28000000.0,854000000.0,0.0,596000000.0,596000000.0,596000000.0,-19000000.0,0.0,0.133,848000000.0,1020000000.0,766000000.0,0.0,3.354,19.681,19.842,258000000.0,0.0,21.965,2.612,2.61,674000000.0,6067000000.0,4491000000.0,4491000000.0,0.0,0.068,0.178,0.261,0.236,44000000.0,848000000.0,1.0,534014116.0,533600000,540600000.0,8.416,2080000000.0,59000000.0,291000000.0,711000000.0,3.898,263000000.0
34,FISV,MRT,2012-12-31,2012-12-31,2012-12-31,2021-07-28,-60000000.0,8497000000.0,8462500000.0,1443000000.0,7054000000.0,0.524,6.291,-193000000.0,358000000.0,358000000.0,2564000000.0,611000000.0,1.306,1.487,3230000000.0,2000000.0,3228000000.0,3230000000.0,379000000.0,350000000.0,0.0,0.0,0.0,1085000000.0,1435000000.0,0.323,1435000000.0,1085000000.0,911000000.0,1.125,1.11,1.125,3417000000.0,3285750000.0,3417000000.0,13690345584.0,13.0,9.54,672000000.0,1.237,1.0,1872000000.0,0.422,6449000000.0,174000000.0,3815000000.0,3816000000.0,0.0,0.0,0.0,0.0,5080000000.0,1105000000.0,3975000000.0,10548345584.0,21000000.0,32000000.0,-538000000.0,-173000000.0,0.0,-706000000.0,-138000000.0,28000000.0,865000000.0,0.0,611000000.0,611000000.0,611000000.0,-19000000.0,0.0,0.138,824000000.0,1048000000.0,721000000.0,0.0,3.087,17.264,17.562,248000000.0,0.0,19.758,2.378,2.419,661000000.0,5950000000.0,4436000000.0,4436000000.0,0.0,0.072,0.186,0.284,0.245,44000000.0,824000000.0,1.0,533890704.0,543200000,550000000.0,8.166,2048000000.0,42000000.0,300000000.0,638000000.0,3.77,338000000.0
35,FISV,MRT,2012-09-30,2012-09-30,2012-09-30,2021-07-28,-61000000.0,8453000000.0,8475250000.0,1325000000.0,7128000000.0,0.52,6.038,-191000000.0,307000000.0,307000000.0,2540000000.0,575000000.0,1.261,1.595,3449000000.0,2000000.0,3447000000.0,3449000000.0,330000000.0,348000000.0,0.0,0.0,0.0,1047000000.0,1395000000.0,0.317,1395000000.0,1047000000.0,868000000.0,1.045,1.035,1.045,3258000000.0,3246000000.0,3258000000.0,13156619674.0,13.0,9.431,608000000.0,1.127,1.0,1864000000.0,0.423,6501000000.0,179000000.0,4043000000.0,3767500000.0,0.0,0.0,0.0,0.0,5195000000.0,1051000000.0,4144000000.0,10043619674.0,26000000.0,42000000.0,-539000000.0,-73000000.0,0.0,-610000000.0,-170000000.0,27000000.0,799000000.0,0.0,575000000.0,575000000.0,575000000.0,8000000.0,0.0,0.131,828000000.0,1036000000.0,719000000.0,0.0,3.083,17.467,17.711,256000000.0,0.0,18.508,2.281,2.268,643000000.0,5771000000.0,4404000000.0,4404000000.0,0.0,0.068,0.177,0.278,0.238,45000000.0,828000000.0,1.0,542678356.0,539600000,546400000.0,8.162,1952000000.0,37000000.0,293000000.0,603000000.0,3.617,274000000.0
36,FISV,MRT,2012-06-30,2012-06-30,2012-06-30,2021-07-28,-73000000.0,8416000000.0,8474750000.0,1283000000.0,7133000000.0,0.514,5.975,-189000000.0,302000000.0,302000000.0,2535000000.0,563000000.0,1.039,1.587,3415000000.0,178000000.0,3237000000.0,3415000000.0,342000000.0,345000000.0,0.0,0.0,0.0,1007000000.0,1352000000.0,0.31,1352000000.0,1007000000.0,831000000.0,1.012,1.002,1.012,3253000000.0,3219500000.0,3253000000.0,12941777272.0,13.0,9.572,711000000.0,1.306,1.0,1825000000.0,0.419,6532000000.0,176000000.0,3762000000.0,3753500000.0,0.0,0.0,0.0,0.0,5163000000.0,1235000000.0,3928000000.0,9856777272.0,-372000000.0,-420000000.0,-421000000.0,-260000000.0,0.0,-673000000.0,-607000000.0,2000000.0,900000000.0,0.0,563000000.0,563000000.0,563000000.0,7000000.0,0.0,0.129,811000000.0,1014000000.0,715000000.0,0.0,3.03,17.508,17.841,256000000.0,0.0,18.055,2.261,2.254,606000000.0,5632000000.0,4360000000.0,4360000000.0,0.0,0.066,0.175,0.268,0.231,43000000.0,811000000.0,1.0,545930616.0,544400000,551200000.0,8.009,1884000000.0,39000000.0,268000000.0,610000000.0,3.461,48000000.0
37,FISV,MRT,2012-03-31,2012-03-31,2012-03-31,2021-07-28,-62000000.0,8484000000.0,8469750000.0,1316000000.0,7168000000.0,0.512,5.795,-192000000.0,311000000.0,311000000.0,2533000000.0,492000000.0,0.973,1.639,3396000000.0,178000000.0,3218000000.0,3396000000.0,376000000.0,347000000.0,0.0,0.0,0.0,930000000.0,1277000000.0,0.294,1277000000.0,930000000.0,749000000.0,0.875,0.865,0.875,3215000000.0,3177750000.0,3215000000.0,12674666215.0,14.0,9.925,697000000.0,1.256,1.0,1805000000.0,0.416,6572000000.0,181000000.0,3644000000.0,3806250000.0,0.0,0.0,0.0,0.0,5269000000.0,1353000000.0,3916000000.0,9616666215.0,-204000000.0,-420000000.0,-448000000.0,-37000000.0,0.0,-484000000.0,-611000000.0,-4000000.0,889000000.0,0.0,492000000.0,492000000.0,492000000.0,13000000.0,0.0,0.113,797000000.0,1008000000.0,799000000.0,0.0,2.991,19.546,19.826,260000000.0,0.0,17.348,2.217,2.219,650000000.0,5471000000.0,4338000000.0,4338000000.0,0.0,0.058,0.155,0.244,0.214,41000000.0,797000000.0,1.0,554354588.0,554800000,562000000.0,7.819,1912000000.0,38000000.0,257000000.0,620000000.0,3.446,-37000000.0
38,FISV,MRT,2011-12-31,2011-12-31,2011-12-31,2021-07-28,-78000000.0,8548000000.0,8413000000.0,1356000000.0,7192000000.0,0.51,5.714,-190000000.0,337000000.0,337000000.0,2504000000.0,472000000.0,0.98,1.624,3395000000.0,179000000.0,3216000000.0,3395000000.0,369000000.0,345000000.0,0.0,0.0,0.0,914000000.0,1259000000.0,0.294,1259000000.0,914000000.0,726000000.0,0.83,0.82,0.83,3258000000.0,3158500000.0,3258000000.0,11511058717.0,13.0,9.143,746000000.0,1.308,1.0,1785000000.0,0.416,6601000000.0,188000000.0,3621000000.0,3861750000.0,0.0,0.0,0.0,0.0,5290000000.0,1384000000.0,3906000000.0,8274058717.0,-226000000.0,-469000000.0,-460000000.0,-37000000.0,0.0,-498000000.0,-664000000.0,-4000000.0,936000000.0,0.0,472000000.0,472000000.0,472000000.0,15000000.0,0.0,0.11,795000000.0,990000000.0,836000000.0,0.0,2.54,17.53,17.693,258000000.0,0.0,14.685,1.929,1.952,666000000.0,5339000000.0,4289000000.0,4289000000.0,0.0,0.056,0.149,0.237,0.213,39000000.0,795000000.0,1.0,563436072.0,570200000,576800000.0,7.522,1947000000.0,44000000.0,254000000.0,617000000.0,3.415,-28000000.0
39,FISV,MRT,2011-09-30,2011-09-30,2011-09-30,2021-07-28,-79000000.0,8451000000.0,8346250000.0,1211000000.0,7240000000.0,0.51,5.585,-190000000.0,281000000.0,281000000.0,2492000000.0,445000000.0,1.162,1.681,3518000000.0,4000000.0,3514000000.0,3518000000.0,321000000.0,346000000.0,0.0,0.0,0.0,887000000.0,1233000000.0,0.29,1233000000.0,887000000.0,690000000.0,0.772,0.762,0.772,3152000000.0,3151250000.0,3152000000.0,10164617328.0,11.0,8.244,809000000.0,1.433,1.0,1762000000.0,0.414,6659000000.0,197000000.0,3987000000.0,3938250000.0,0.0,0.0,0.0,0.0,5299000000.0,1042000000.0,4257000000.0,7186617328.0,-462000000.0,-462000000.0,-559000000.0,-294000000.0,0.0,-855000000.0,-576000000.0,10000000.0,999000000.0,0.0,445000000.0,445000000.0,445000000.0,12000000.0,0.0,0.105,780000000.0,982000000.0,717000000.0,0.0,2.28,16.15,16.441,262000000.0,0.0,12.693,1.689,1.684,579000000.0,5196000000.0,4254000000.0,4254000000.0,0.0,0.053,0.141,0.225,0.209,39000000.0,780000000.0,1.0,566209756.0,564400000,570400000.0,7.537,1792000000.0,47000000.0,245000000.0,644000000.0,3.175,169000000.0
40,FISV,MRT,2011-06-30,2011-06-30,2011-06-30,2021-07-28,-47000000.0,8396000000.0,8387000000.0,1523000000.0,6873000000.0,0.503,5.414,-193000000.0,675000000.0,675000000.0,2450000000.0,450000000.0,1.32,1.721,3653000000.0,303000000.0,3350000000.0,3653000000.0,333000000.0,345000000.0,0.0,0.0,0.0,914000000.0,1259000000.0,0.299,1259000000.0,914000000.0,713000000.0,0.767,0.757,0.767,3086000000.0,3170250000.0,3086000000.0,11832367702.0,13.0,9.398,766000000.0,1.344,1.0,1766000000.0,0.419,6247000000.0,201000000.0,3973000000.0,3985250000.0,0.0,0.0,0.0,0.0,5310000000.0,1154000000.0,4156000000.0,8994367702.0,337000000.0,-1000000.0,-558000000.0,131000000.0,0.0,-442000000.0,-178000000.0,14000000.0,959000000.0,0.0,450000000.0,450000000.0,450000000.0,14000000.0,0.0,0.107,776000000.0,990000000.0,518000000.0,0.0,2.915,19.987,20.414,272000000.0,0.0,15.658,2.133,2.117,547000000.0,5069000000.0,4216000000.0,4216000000.0,0.0,0.054,0.142,0.229,0.217,40000000.0,776000000.0,1.0,574444688.0,570000000,576800000.0,7.396,2149000000.0,42000000.0,263000000.0,636000000.0,3.77,369000000.0
41,FISV,MRT,2011-03-31,2011-03-31,2011-03-31,2021-07-28,-41000000.0,8257000000.0,8333500000.0,1346000000.0,6911000000.0,0.501,5.377,-189000000.0,517000000.0,517000000.0,2412000000.0,487000000.0,1.423,1.631,3355000000.0,3000000.0,3352000000.0,3355000000.0,349000000.0,340000000.0,0.0,0.0,0.0,977000000.0,1317000000.0,0.316,1317000000.0,977000000.0,779000000.0,0.82,0.81,0.82,3138000000.0,3179000000.0,3138000000.0,11954955775.0,12.0,9.077,807000000.0,1.383,1.0,1761000000.0,0.422,6283000000.0,198000000.0,3866000000.0,4022250000.0,0.0,0.0,0.0,0.0,5119000000.0,946000000.0,4173000000.0,9161955775.0,100000000.0,-9000000.0,-521000000.0,-186000000.0,0.0,-718000000.0,-177000000.0,14000000.0,996000000.0,0.0,487000000.0,487000000.0,487000000.0,10000000.0,0.0,0.117,771000000.0,990000000.0,594000000.0,0.0,2.92,18.813,19.122,276000000.0,0.0,15.68,2.196,2.193,528000000.0,4979000000.0,4173000000.0,4173000000.0,0.0,0.058,0.153,0.243,0.234,41000000.0,771000000.0,1.0,584308404.0,583600000,590800000.0,7.15,1974000000.0,40000000.0,292000000.0,648000000.0,3.382,400000000.0
42,FISV,MRT,2010-12-31,2010-12-31,2010-12-31,2021-07-28,-50000000.0,8281000000.0,8346500000.0,1417000000.0,6864000000.0,0.495,5.367,-175000000.0,563000000.0,563000000.0,2386000000.0,496000000.0,1.59,1.565,3356000000.0,3000000.0,3353000000.0,3356000000.0,351000000.0,339000000.0,0.0,0.0,0.0,995000000.0,1334000000.0,0.323,1334000000.0,995000000.0,797000000.0,0.825,0.818,0.825,3229000000.0,3174000000.0,3229000000.0,11672065101.0,12.0,8.75,797000000.0,1.325,1.0,1747000000.0,0.423,6256000000.0,198000000.0,3927000000.0,4075250000.0,0.0,0.0,0.0,0.0,5052000000.0,891000000.0,4161000000.0,8709065101.0,200000000.0,40000000.0,-351000000.0,-312000000.0,0.0,-671000000.0,-101000000.0,14000000.0,972000000.0,0.0,496000000.0,496000000.0,496000000.0,10000000.0,0.0,0.12,740000000.0,1007000000.0,537000000.0,0.0,2.697,17.559,17.745,267000000.0,0.0,14.64,2.107,2.131,572000000.0,4867000000.0,4133000000.0,4133000000.0,0.0,0.059,0.156,0.244,0.241,39000000.0,740000000.0,1.0,594881496.0,601600000,606800000.0,6.87,2025000000.0,37000000.0,301000000.0,627000000.0,3.366,526000000.0
43,FISV,MRT,2010-09-30,2010-09-30,2010-09-30,2021-07-28,-69000000.0,8614000000.0,8370750000.0,1733000000.0,6881000000.0,0.492,5.391,-176000000.0,743000000.0,743000000.0,2384000000.0,498000000.0,1.556,1.669,3706000000.0,253000000.0,3453000000.0,3706000000.0,327000000.0,337000000.0,0.0,0.0,0.0,1000000000.0,1337000000.0,0.325,1337000000.0,1000000000.0,801000000.0,0.82,0.813,0.82,3228000000.0,3123250000.0,3228000000.0,11179605945.0,11.0,8.362,694000000.0,1.159,1.0,1733000000.0,0.421,6288000000.0,199000000.0,4175000000.0,4123000000.0,0.0,0.0,0.0,0.0,5386000000.0,1114000000.0,4272000000.0,8078605945.0,-326000000.0,1000000.0,-245000000.0,-75000000.0,0.0,-1034000000.0,-185000000.0,0.0,870000000.0,0.0,498000000.0,498000000.0,498000000.0,17000000.0,0.0,0.121,737000000.0,996000000.0,534000000.0,0.0,2.503,16.222,16.409,270000000.0,0.0,13.455,1.962,1.957,604000000.0,4751000000.0,4117000000.0,4117000000.0,0.0,0.059,0.159,0.243,0.243,37000000.0,737000000.0,1.0,600416644.0,598800000,603600000.0,6.875,2326000000.0,55000000.0,303000000.0,617000000.0,3.884,619000000.0
44,FISV,MRT,2010-06-30,2010-06-30,2010-06-30,2021-07-28,-76000000.0,8182000000.0,8491250000.0,1146000000.0,7036000000.0,0.481,5.154,-184000000.0,338000000.0,338000000.0,2374000000.0,481000000.0,1.355,1.622,3439000000.0,58000000.0,3381000000.0,3439000000.0,318000000.0,336000000.0,0.0,0.0,0.0,973000000.0,1309000000.0,0.321,1309000000.0,973000000.0,771000000.0,0.787,0.78,0.787,3121000000.0,3044750000.0,3121000000.0,10066183330.0,10.0,7.69,699000000.0,1.154,1.0,1710000000.0,0.419,6316000000.0,202000000.0,4121000000.0,4233750000.0,0.0,0.0,0.0,0.0,5061000000.0,846000000.0,4215000000.0,6968183330.0,-824000000.0,-65000000.0,-260000000.0,-449000000.0,0.0,-1461000000.0,-241000000.0,0.0,883000000.0,0.0,481000000.0,481000000.0,481000000.0,24000000.0,0.0,0.118,734000000.0,976000000.0,470000000.0,0.0,2.233,14.487,14.504,273000000.0,0.0,11.415,1.706,1.693,500000000.0,4619000000.0,4084000000.0,4084000000.0,0.0,0.057,0.158,0.23,0.238,36000000.0,734000000.0,1.0,610440940.0,605600000,610400000.0,6.744,1866000000.0,42000000.0,290000000.0,585000000.0,3.081,300000000.0
45,FISV,MRT,2010-03-31,2010-03-31,2010-03-31,2021-07-28,-70000000.0,8309000000.0,8743250000.0,1244000000.0,7065000000.0,0.465,5.111,-195000000.0,416000000.0,416000000.0,2378000000.0,494000000.0,1.257,1.665,3514000000.0,133000000.0,3381000000.0,3514000000.0,347000000.0,336000000.0,0.0,0.0,0.0,985000000.0,1321000000.0,0.325,1321000000.0,985000000.0,774000000.0,0.802,0.797,0.802,3118000000.0,2973500000.0,3118000000.0,11009783707.0,11.0,8.334,676000000.0,1.108,1.0,1684000000.0,0.415,6339000000.0,211000000.0,4078000000.0,4329750000.0,0.0,0.0,0.0,0.0,5191000000.0,990000000.0,4201000000.0,7731783707.0,72000000.0,-57000000.0,-165000000.0,-500000000.0,0.0,-1479000000.0,679000000.0,0.0,871000000.0,0.0,494000000.0,494000000.0,494000000.0,-4000000.0,0.0,0.122,725000000.0,959000000.0,510000000.0,0.0,2.48,15.651,15.823,281000000.0,0.0,12.69,1.903,1.906,514000000.0,4492000000.0,4062000000.0,4062000000.0,0.0,0.057,0.166,0.227,0.242,35000000.0,725000000.0,1.0,609281616.0,610000000,614800000.0,6.659,1970000000.0,44000000.0,280000000.0,583000000.0,3.23,254000000.0
46,FISV,MRT,2009-12-31,2009-12-31,2009-12-31,2021-07-28,-69000000.0,8378000000.0,9000000000.0,1277000000.0,7101000000.0,0.453,4.896,-198000000.0,363000000.0,363000000.0,2380000000.0,476000000.0,1.1,1.769,3641000000.0,259000000.0,3382000000.0,3641000000.0,337000000.0,333000000.0,0.0,0.0,0.0,969000000.0,1302000000.0,0.319,1302000000.0,969000000.0,749000000.0,0.77,0.765,0.77,3026000000.0,2871000000.0,3026000000.0,10959974749.0,11.0,8.418,646000000.0,1.045,1.0,1697000000.0,0.416,6377000000.0,220000000.0,4118000000.0,4432750000.0,0.0,0.0,0.0,0.0,5352000000.0,1161000000.0,4191000000.0,7460974749.0,95000000.0,-57000000.0,-130000000.0,-475000000.0,0.0,-1422000000.0,673000000.0,0.0,844000000.0,0.0,476000000.0,476000000.0,476000000.0,-3000000.0,0.0,0.117,751000000.0,946000000.0,565000000.0,0.0,2.466,15.674,15.74,293000000.0,0.0,12.12,1.83,1.837,554000000.0,4371000000.0,4077000000.0,4077000000.0,0.0,0.053,0.166,0.219,0.238,36000000.0,751000000.0,1.0,615591976.0,618000000,621600000.0,6.597,2001000000.0,46000000.0,273000000.0,580000000.0,3.238,116000000.0
47,FISV,MRT,2009-09-30,2009-09-30,2009-09-30,2021-07-28,-89000000.0,9096000000.0,9238250000.0,1995000000.0,7101000000.0,0.439,4.734,-211000000.0,278000000.0,278000000.0,2381000000.0,420000000.0,1.256,2.121,3777000000.0,4000000.0,3773000000.0,3777000000.0,301000000.0,332000000.0,0.0,0.0,0.0,901000000.0,1233000000.0,0.304,1233000000.0,901000000.0,667000000.0,0.68,0.678,0.68,2914000000.0,2763000000.0,2914000000.0,11012091370.0,12.0,8.931,566000000.0,0.919,1.0,1674000000.0,0.413,6388000000.0,234000000.0,4618000000.0,4575250000.0,0.0,0.0,0.0,0.0,6182000000.0,1589000000.0,4593000000.0,7441091370.0,501000000.0,-128000000.0,-292000000.0,-489000000.0,0.0,-864000000.0,588000000.0,0.0,777000000.0,0.0,420000000.0,420000000.0,420000000.0,5000000.0,0.0,0.104,773000000.0,901000000.0,102000000.0,0.0,2.554,17.717,17.721,288000000.0,0.0,12.05,1.835,1.829,518000000.0,4253000000.0,4055000000.0,4055000000.0,0.0,0.045,0.152,0.197,0.222,36000000.0,754000000.0,1.0,617517956.0,615600000,620800000.0,6.587,2708000000.0,45000000.0,247000000.0,568000000.0,4.399,406000000.0
48,FISV,MRT,2009-06-30,2009-06-30,2009-06-30,2021-07-28,-93000000.0,9190000000.0,9361250000.0,2073000000.0,7117000000.0,0.438,4.574,-204000000.0,309000000.0,309000000.0,2424000000.0,383000000.0,1.164,2.24,3880000000.0,129000000.0,3751000000.0,3880000000.0,311000000.0,328000000.0,0.0,0.0,0.0,916000000.0,1244000000.0,0.303,1244000000.0,916000000.0,677000000.0,0.612,0.613,0.612,2836000000.0,2728250000.0,2836000000.0,10807335625.0,12.0,8.688,443000000.0,0.715,1.0,1677000000.0,0.409,6475000000.0,239000000.0,4505000000.0,4685750000.0,0.0,0.0,0.0,0.0,6354000000.0,1781000000.0,4573000000.0,7112335625.0,779000000.0,447000000.0,-381000000.0,-639000000.0,0.0,-1051000000.0,1183000000.0,0.0,647000000.0,0.0,383000000.0,383000000.0,383000000.0,-7000000.0,0.0,0.093,771000000.0,906000000.0,101000000.0,0.0,2.508,18.57,18.672,292000000.0,0.0,11.428,1.734,1.728,542000000.0,4138000000.0,4101000000.0,4101000000.0,0.0,0.041,0.14,0.195,0.223,36000000.0,771000000.0,1.0,622387716.0,620000000,623200000.0,6.615,2715000000.0,63000000.0,294000000.0,543000000.0,4.379,292000000.0
49,FISV,MRT,2009-03-31,2009-03-31,2009-03-31,2021-07-28,-106000000.0,9336000000.0,9589250000.0,2187000000.0,7149000000.0,0.458,4.354,-193000000.0,312000000.0,312000000.0,2683000000.0,343000000.0,1.072,2.448,4007000000.0,255000000.0,3752000000.0,4007000000.0,329000000.0,342000000.0,0.0,0.0,0.0,878000000.0,1220000000.0,0.278,1220000000.0,878000000.0,633000000.0,0.54,0.538,0.54,2708000000.0,2731250000.0,2708000000.0,9560775204.0,11.0,7.837,301000000.0,0.484,1.0,1710000000.0,0.389,6501000000.0,245000000.0,4490000000.0,4819500000.0,0.0,0.0,0.0,0.0,6628000000.0,2040000000.0,4588000000.0,5687775204.0,-334000000.0,429000000.0,-341000000.0,-772000000.0,0.0,-1133000000.0,305000000.0,0.0,494000000.0,0.0,343000000.0,343000000.0,343000000.0,20000000.0,0.0,0.078,811000000.0,899000000.0,94000000.0,0.0,2.1,16.582,16.88,294000000.0,0.0,9.115,1.295,1.291,552000000.0,3998000000.0,4393000000.0,4393000000.0,0.0,0.036,0.126,0.182,0.2,37000000.0,811000000.0,1.0,624001668.0,622000000,624000000.0,7.063,2835000000.0,62000000.0,290000000.0,527000000.0,4.558,147000000.0
50,FISV,MRT,2008-12-31,2008-12-31,2008-12-31,2021-07-28,-120000000.0,9331000000.0,9885250000.0,2202000000.0,7129000000.0,0.464,4.003,-198000000.0,230000000.0,230000000.0,2866000000.0,569000000.0,1.079,2.597,4105000000.0,255000000.0,3850000000.0,4105000000.0,338000000.0,350000000.0,0.0,0.0,0.0,1117000000.0,1467000000.0,0.32,1467000000.0,1117000000.0,857000000.0,0.877,0.873,0.877,2594000000.0,2727250000.0,2594000000.0,9611715183.0,9.0,6.552,256000000.0,0.395,1.0,1721000000.0,0.375,6478000000.0,260000000.0,4688000000.0,4965000000.0,0.0,0.0,0.0,0.0,6737000000.0,2040000000.0,4697000000.0,5824715183.0,-178000000.0,412000000.0,-404000000.0,-1303000000.0,0.0,-1670000000.0,1038000000.0,0.0,454000000.0,0.0,569000000.0,569000000.0,569000000.0,-211000000.0,0.0,0.124,813000000.0,908000000.0,606000000.0,0.0,2.245,10.237,10.368,298000000.0,0.0,9.092,1.27,1.284,591000000.0,3895000000.0,4587000000.0,4587000000.0,0.0,0.058,0.209,0.225,0.244,34000000.0,813000000.0,1.0,640606564.0,648000000,652400000.0,7.079,2853000000.0,71000000.0,288000000.0,537000000.0,4.403,162000000.0
51,FISV,MRT,2008-09-30,2008-09-30,2008-09-30,2021-07-28,-56000000.0,9588000000.0,10514000000.0,2456000000.0,7132000000.0,0.43,4.269,-179000000.0,472000000.0,472000000.0,2900000000.0,603000000.0,1.351,2.455,4259000000.0,8000000.0,4251000000.0,4259000000.0,284000000.0,314000000.0,0.0,0.0,0.0,1120000000.0,1434000000.0,0.317,1434000000.0,1120000000.0,890000000.0,0.92,0.913,0.92,2775000000.0,2695500000.0,2775000000.0,12067283081.0,11.0,8.415,302000000.0,0.465,1.0,1621000000.0,0.359,6497000000.0,230000000.0,5060000000.0,5317000000.0,0.0,0.0,0.0,0.0,6813000000.0,1818000000.0,4995000000.0,7762283081.0,402000000.0,-3767000000.0,-201000000.0,3116000000.0,0.0,2998000000.0,-3077000000.0,0.0,481000000.0,0.0,603000000.0,603000000.0,603000000.0,-238000000.0,0.0,0.133,749000000.0,872000000.0,105000000.0,0.0,2.797,12.873,12.859,302000000.0,0.0,11.83,1.717,1.701,561000000.0,3833000000.0,4521000000.0,4521000000.0,0.0,0.057,0.224,0.211,0.248,40000000.0,768000000.0,1.0,656152416.0,650000000,655200000.0,6.955,3091000000.0,56000000.0,287000000.0,562000000.0,4.755,638000000.0
52,FISV,MRT,2008-06-30,2008-06-30,2008-06-30,2021-07-28,-44000000.0,10102000000.0,9686484750.0,2531000000.0,7571000000.0,0.455,4.357,-166000000.0,211000000.0,211000000.0,2890000000.0,646000000.0,1.125,2.547,4516000000.0,263000000.0,4253000000.0,4516000000.0,336000000.0,275000000.0,0.0,0.0,0.0,1079000000.0,1354000000.0,0.307,1354000000.0,1079000000.0,894000000.0,0.983,0.975,0.983,2848000000.0,2597225250.0,2848000000.0,11842717475.0,11.0,8.746,395000000.0,0.604,1.0,1517000000.0,0.344,7117000000.0,185000000.0,5040000000.0,4395346750.0,0.0,0.0,0.0,0.0,7254000000.0,2250000000.0,5004000000.0,7437717475.0,123000000.0,-4323000000.0,-197000000.0,3442000000.0,0.0,3021000000.0,-3459000000.0,0.0,561000000.0,0.0,646000000.0,646000000.0,646000000.0,-244000000.0,0.0,0.147,689000000.0,828000000.0,174000000.0,0.0,2.612,11.513,11.539,332000000.0,0.0,11.342,1.688,1.682,808000000.0,3754000000.0,4407000000.0,4407000000.0,0.0,0.067,0.249,0.245,0.245,35000000.0,689000000.0,1.0,655738812.0,653600000,659200000.0,6.743,2985000000.0,77000000.0,248000000.0,582000000.0,4.567,281000000.0
53,FISV,MRT,2008-03-31,2008-03-31,2008-03-31,2021-07-28,-77000000.0,10520000000.0,8774316250.0,2911000000.0,7609000000.0,0.462,4.104,-157000000.0,371000000.0,371000000.0,2665000000.0,654000000.0,1.066,2.908,4776000000.0,468000000.0,4308000000.0,4776000000.0,349000000.0,222000000.0,0.0,0.0,0.0,1039000000.0,1261000000.0,0.311,1261000000.0,1039000000.0,904000000.0,0.993,0.985,0.993,2692000000.0,2483224750.0,2692000000.0,13014771740.0,13.0,10.321,527000000.0,0.803,1.0,1389000000.0,0.343,7123000000.0,135000000.0,5072000000.0,3452217750.0,0.0,0.0,0.0,0.0,7828000000.0,2730000000.0,5098000000.0,7906771740.0,491000000.0,-4306000000.0,-369000000.0,3756000000.0,0.0,3276000000.0,-3469000000.0,0.0,684000000.0,0.0,654000000.0,654000000.0,654000000.0,-249000000.0,0.0,0.161,606000000.0,783000000.0,171000000.0,0.0,2.937,12.09,12.107,360000000.0,0.0,12.023,1.95,1.945,842000000.0,3655000000.0,4054000000.0,4054000000.0,0.0,0.075,0.263,0.301,0.256,23000000.0,606000000.0,1.0,657664524.0,656000000,661600000.0,6.18,3397000000.0,72000000.0,250000000.0,564000000.0,5.178,181000000.0
54,FISV,MRT,2007-12-31,2007-12-31,2007-12-31,2021-07-28,-41000000.0,11846000000.0,7735092750.0,4240000000.0,7606000000.0,0.475,3.702,-152000000.0,297000000.0,297000000.0,2428000000.0,439000000.0,1.13,3.802,5405000000.0,510000000.0,4895000000.0,5405000000.0,351000000.0,176000000.0,0.0,0.0,0.0,770000000.0,946000000.0,0.257,946000000.0,770000000.0,694000000.0,0.66,0.65,0.66,2467000000.0,2417661000.0,2467000000.0,9946371790.0,13.0,10.514,511000000.0,0.767,1.0,1249000000.0,0.34,7107000000.0,76000000.0,6096000000.0,3175072000.0,0.0,0.0,0.0,0.0,9379000000.0,3751000000.0,5628000000.0,9135665790.0,274000000.0,-4333000000.0,-419000000.0,4462000000.0,0.0,3966000000.0,-4355000000.0,0.0,663000000.0,0.0,439000000.0,439000000.0,439000000.0,-27000000.0,0.0,0.119,513000000.0,736000000.0,181000000.0,0.0,3.703,20.81,21.019,370000000.0,0.0,13.873,2.485,2.514,836000000.0,3326000000.0,3677000000.0,3677000000.0,0.0,0.057,0.182,0.243,0.209,23000000.0,513000000.0,1.0,658545020.0,666400000,675200000.0,5.518,4739000000.0,71000000.0,255000000.0,574000000.0,7.111,489000000.0
55,FISV,MRT,2007-09-30,2007-09-30,2007-09-30,2021-07-28,-9937000.0,6277939000.0,6336592750.0,3000808000.0,3277131000.0,0.491,3.616,-126213000.0,161250000.0,161250000.0,2006248000.0,449032000.0,1.096,1.636,971956000.0,60953000.0,911003000.0,971956000.0,251151000.0,160081000.0,0.0,0.0,0.0,733711000.0,893792000.0,0.288,893792000.0,733711000.0,690787000.0,0.667,0.657,0.667,2381901000.0,2407411000.0,2381901000.0,9119579714.0,12.0,10.203,558933000.0,0.848,1.0,1102422000.0,0.355,2978212000.0,42924000.0,1373387000.0,2030822000.0,0.0,0.0,0.0,0.0,3896038000.0,2737046000.0,1158992000.0,8391359714.0,12681000.0,-96209000.0,-594515000.0,111232000.0,0.0,-596458000.0,-76007000.0,0.0,685146000.0,0.0,449032000.0,449032000.0,449032000.0,-59580000.0,0.0,0.144,428291000.0,674131000.0,245449000.0,0.0,3.523,18.688,19.063,238164000.0,0.0,12.715,2.699,2.695,658212000.0,3229565000.0,3108670000.0,3108670000.0,0.0,0.071,0.187,0.361,0.236,5350000.0,428291000.0,1.0,659957508.0,658800000,666400000.0,4.719,3299727000.0,32098000.0,241755000.0,186744000.0,5.009,263762000.0
56,FISV,MRT,2007-06-30,2007-06-30,2007-06-30,2021-07-28,335000.0,6453326000.0,6308369000.0,3176302000.0,3277024000.0,0.524,3.572,-144768000.0,151580000.0,151580000.0,2196481000.0,438120000.0,1.084,1.698,879800000.0,0.0,879800000.0,879800000.0,249922000.0,166495000.0,0.0,0.0,0.0,718022000.0,884517000.0,0.267,884517000.0,718022000.0,675516000.0,0.642,0.632,0.642,2391998000.0,2423763750.0,2391998000.0,10174298217.0,14.0,11.503,515326000.0,0.77,1.0,1110706000.0,0.336,2983798000.0,42506000.0,1267484000.0,2646011750.0,0.0,0.0,0.0,0.0,4061328000.0,2930264000.0,1131064000.0,9553189217.0,118587000.0,-130965000.0,-519716000.0,78432000.0,0.0,-243805000.0,-297702000.0,0.0,660094000.0,0.0,438120000.0,438120000.0,438120000.0,-55512000.0,0.0,0.132,448196000.0,662510000.0,231150000.0,0.0,3.994,21.805,22.118,238246000.0,0.0,14.2,2.889,2.875,564180000.0,3108690000.0,3307187000.0,3307187000.0,0.0,0.069,0.181,0.271,0.217,6544000.0,448196000.0,1.0,672759804.0,669600000,679600000.0,4.939,3469528000.0,32535000.0,237396000.0,196718000.0,5.181,246038000.0
57,FISV,MRT,2007-03-31,2007-03-31,2007-03-31,2021-07-28,-414000.0,6363106000.0,6312839500.0,,,0.543,3.573,-157828000.0,200795000.0,200795000.0,2315838000.0,447789000.0,,1.619,821904000.0,,,821904000.0,271950000.0,162634000.0,2075453000.0,0.0,0.0,722681000.0,885315000.0,0.258,885315000.0,722681000.0,680824000.0,0.647,0.637,0.647,2429745000.0,2424639250.0,2429745000.0,9613379173.0,13.0,10.859,457705000.0,0.673,1.0,1109843000.0,0.324,3020798000.0,41857000.0,3963417000.0,3374946250.0,0.0,2120344000.0,,,3933361000.0,,,9051451173.0,-3304000.0,-169025000.0,-470245000.0,49636000.0,0.0,-245743000.0,-373094000.0,-28487000.0,615533000.0,0.0,447789000.0,447789000.0,447789000.0,-65603000.0,0.0,0.131,452765000.0,657078000.0,223023000.0,0.0,3.725,20.214,20.502,246033000.0,0.0,13.265,2.642,2.633,598976000.0,3000454000.0,3425681000.0,3425681000.0,0.0,0.071,0.185,0.214,0.211,12129000.0,452765000.0,1.0,682355912.0,680000000,690400000.0,5.038,3342308000.0,0.0,233035000.0,235531000.0,4.915,
58,FISV,MRT,2006-12-31,2006-12-31,2006-12-31,2021-07-28,0.0,6252000000.0,6244351750.0,3480000000.0,2772000000.0,0.568,3.466,-160000000.0,117000000.0,117000000.0,2412000000.0,450000000.0,1.221,1.577,745000000.0,0.0,745000000.0,745000000.0,247000000.0,167000000.0,0.0,0.0,0.0,727000000.0,894000000.0,0.252,894000000.0,727000000.0,686000000.0,0.642,0.632,0.642,2426000000.0,2412987000.0,2426000000.0,9736117561.0,13.0,10.891,475000000.0,0.679,1.0,1132000000.0,0.319,2511000000.0,41000000.0,1519000000.0,3323479750.0,0.0,0.0,0.0,0.0,3826000000.0,2850000000.0,976000000.0,9077870561.0,1000000.0,-187000000.0,-560000000.0,138000000.0,0.0,-373000000.0,-261000000.0,0.0,635000000.0,0.0,450000000.0,450000000.0,450000000.0,-60000000.0,0.0,0.127,465000000.0,667000000.0,143000000.0,0.0,3.742,20.173,20.413,220000000.0,0.0,13.105,2.561,2.588,506000000.0,2887000000.0,3544000000.0,3544000000.0,0.0,0.072,0.186,0.219,0.205,16000000.0,465000000.0,1.0,692702828.0,700000000,710000000.0,5.063,3741000000.0,29000000.0,236000000.0,169000000.0,5.344,630000000.0
59,FISV,MRT,2006-09-30,2006-09-30,2006-09-30,2021-07-28,685000.0,6165044000.0,6191230750.0,,,0.571,3.528,-176306000.0,170897000.0,170897000.0,2418415000.0,494006000.0,,1.519,829144000.0,,,829144000.0,232079000.0,153467000.0,1892604000.0,0.0,0.0,792710000.0,946177000.0,0.268,946177000.0,792710000.0,745042000.0,0.693,0.683,0.693,2447312000.0,2422922000.0,2447312000.0,8835702293.0,11.0,9.338,462992000.0,0.667,1.0,1118079000.0,0.316,2989145000.0,47668000.0,3834146000.0,3845509750.0,0.0,2005588000.0,,,3717732000.0,,,8204586293.0,-11567000.0,-482024000.0,-586706000.0,282605000.0,0.0,-350832000.0,-300033000.0,387712000.0,639298000.0,0.0,494006000.0,494006000.0,494006000.0,-77042000.0,0.0,0.14,452959000.0,665120000.0,238054000.0,0.0,3.352,16.608,16.988,253624000.0,0.0,11.773,2.32,2.309,591684000.0,2780945000.0,3536494000.0,3536494000.0,0.0,0.08,0.204,0.206,0.224,21071000.0,452959000.0,1.0,696928120.0,693704000,703500000.0,5.098,3175899000.0,0.0,251036000.0,177736000.0,4.578,
60,FISV,MRT,2006-06-30,2006-06-30,2006-06-30,2021-07-28,2572000.0,6471208000.0,6178195750.0,,,0.554,3.42,-164592000.0,151979000.0,151979000.0,2326649000.0,496857000.0,,1.701,783095000.0,,,783095000.0,233332000.0,150336000.0,2321519000.0,0.0,0.0,782518000.0,932854000.0,0.272,932854000.0,782518000.0,743003000.0,0.685,0.675,0.685,2395500000.0,2435514000.0,2395500000.0,8522655217.0,11.0,9.136,455421000.0,0.65,1.0,1098973000.0,0.321,2919102000.0,39515000.0,4183222000.0,3819344500.0,0.0,2463581000.0,,,4075708000.0,,,7969495217.0,-416039000.0,-779325000.0,-720826000.0,293413000.0,0.0,-339622000.0,-696430000.0,282518000.0,620013000.0,0.0,496857000.0,496857000.0,496857000.0,-75710000.0,0.0,0.145,442713000.0,656260000.0,269128000.0,0.0,3.327,16.04,16.555,239287000.0,0.0,11.34,2.326,2.319,583224000.0,2670857000.0,3425622000.0,3425622000.0,0.0,0.08,0.204,0.205,0.228,18245000.0,442713000.0,1.0,702777356.0,700452000,710204000.0,4.891,3552106000.0,0.0,246146000.0,181184000.0,5.071,
61,FISV,MRT,2006-03-31,2006-03-31,2006-03-31,2021-07-28,3467000.0,6089155000.0,6049448500.0,,,0.556,3.322,-156400000.0,204775000.0,204775000.0,2266163000.0,493185000.0,,1.555,757935000.0,,,757935000.0,244031000.0,155343000.0,1925837000.0,0.0,0.0,780104000.0,935447000.0,0.278,935447000.0,780104000.0,749660000.0,0.668,0.658,0.668,2383136000.0,2477859500.0,2383136000.0,8024359970.0,10.0,8.578,500341000.0,0.697,1.0,1098391000.0,0.326,2884764000.0,30444000.0,3757551000.0,3653813750.0,0.0,2098265000.0,,,3706019000.0,,,7613445970.0,-519297000.0,-820892000.0,-745722000.0,260520000.0,0.0,-918744000.0,-253839000.0,748950000.0,656741000.0,0.0,493185000.0,493185000.0,493185000.0,-62619000.0,0.0,0.147,431454000.0,666937000.0,268973000.0,0.0,3.195,15.437,15.924,233143000.0,0.0,10.637,2.263,2.268,550346000.0,2553188000.0,3364554000.0,3364554000.0,0.0,0.082,0.199,0.214,0.232,10024000.0,431454000.0,1.0,715717600.0,717404000,727132000.0,4.69,3204391000.0,0.0,256475000.0,233596000.0,4.467,
62,FISV,MRT,2005-12-31,2005-12-31,2005-12-31,2021-07-28,1321000.0,6039516000.0,6149346750.0,,,0.527,3.265,-141000000.0,184471000.0,184471000.0,2170000000.0,516000000.0,,1.449,595385000.0,,,595385000.0,240105000.0,151000000.0,1985368000.0,0.0,0.0,818000000.0,969000000.0,0.299,969000000.0,818000000.0,790000000.0,0.685,0.675,0.685,2465740000.0,2527773250.0,2465740000.0,8447722101.0,10.0,8.718,454000000.0,0.601,1.0,1071000000.0,0.33,2843310000.0,28000000.0,3607120000.0,3701909750.0,0.0,2126538000.0,,,3573776000.0,,,7983068101.0,-336000000.0,-510000000.0,-625000000.0,91000000.0,0.0,-396000000.0,-535000000.0,109000000.0,595000000.0,0.0,516000000.0,516000000.0,516000000.0,-62000000.0,0.0,0.159,409000000.0,662000000.0,194409000.0,0.0,3.238,15.471,15.792,226013000.0,0.0,10.818,2.463,2.521,516802000.0,2436977000.0,3241000000.0,3241000000.0,0.0,0.084,0.204,0.221,0.252,4000000.0,409000000.0,1.0,737977176.0,755200000,764000000.0,4.292,3196206000.0,0.0,274000000.0,170258000.0,4.232,
63,FISV,MRT,2005-09-30,2005-09-30,2005-09-30,2021-07-28,190000.0,6112904000.0,6735305000.0,,,0.586,3.332,-162195000.0,174013000.0,174013000.0,2938244000.0,463415000.0,,1.447,638667000.0,,,638667000.0,206842000.0,180525000.0,2025545000.0,0.0,0.0,761187000.0,941712000.0,0.239,941712000.0,761187000.0,741527000.0,0.605,0.597,0.605,2497680000.0,2552443750.0,2497680000.0,8653059999.0,11.0,9.189,415628000.0,0.554,1.0,1009345000.0,0.256,2848073000.0,19660000.0,3729485000.0,4320295500.0,0.0,2257225000.0,,,3615224000.0,,,8628979999.0,-235180000.0,-225567000.0,-492642000.0,49982000.0,0.0,-247281000.0,-565722000.0,-245960000.0,577823000.0,0.0,463415000.0,463415000.0,463415000.0,-1635000.0,0.0,0.117,299953000.0,709392000.0,232819000.0,0.0,3.455,18.62,18.955,210491000.0,0.0,11.467,2.186,2.178,518200000.0,2286501000.0,3947589000.0,3947589000.0,0.0,0.069,0.182,0.176,0.193,3234000.0,437243000.0,1.0,752472640.0,749624000,758704000.0,5.266,3264831000.0,0.0,278112000.0,176513000.0,4.355,
64,FISV,MRT,2005-06-30,2005-06-30,2005-06-30,2021-07-28,-2623000.0,5956219000.0,7269454750.0,,,0.532,3.359,-161848000.0,566579000.0,566579000.0,2811987000.0,442833000.0,,1.322,590659000.0,,,590659000.0,221684000.0,180681000.0,1886369000.0,0.0,0.0,747828000.0,928509000.0,0.24,928509000.0,747828000.0,727202000.0,0.573,0.565,0.573,2564882000.0,2557192750.0,2564882000.0,8083470840.0,11.0,8.706,458861000.0,0.601,1.0,1058649000.0,0.274,2459200000.0,20626000.0,3521099000.0,4896975250.0,0.0,2151974000.0,,,3391337000.0,,,8204386840.0,373668000.0,144312000.0,-290299000.0,2786000.0,0.0,-266300000.0,19259000.0,-31205000.0,620709000.0,0.0,442833000.0,442833000.0,442833000.0,13903000.0,0.0,0.114,347078000.0,711571000.0,220079000.0,0.0,3.199,18.527,18.713,202338000.0,0.0,10.723,2.12,2.115,473897000.0,2173562000.0,3870636000.0,3870636000.0,0.0,0.061,0.173,0.153,0.193,1866000.0,439929000.0,1.0,765156152.0,763516000,772908000.0,5.069,3497019000.0,0.0,284369000.0,187124000.0,4.58,
65,FISV,MRT,2005-03-31,2005-03-31,2005-03-31,2021-07-28,-2777000.0,6488748000.0,7782183500.0,,,0.488,3.339,-161844000.0,719728000.0,719728000.0,2706007000.0,423870000.0,,1.512,598812000.0,,,598812000.0,225831000.0,182474000.0,2328715000.0,0.0,0.0,721434000.0,903908000.0,0.238,903908000.0,721434000.0,697602000.0,0.545,0.537,0.545,2582791000.0,2520209500.0,2582791000.0,7781107319.0,11.0,8.608,504553000.0,0.652,1.0,1087976000.0,0.287,2417897000.0,23832000.0,3949935000.0,5506057500.0,0.0,2589898000.0,,,3905957000.0,,,7691907319.0,546999000.0,213796000.0,-143028000.0,-93125000.0,0.0,193391000.0,-316244000.0,-399447000.0,666397000.0,0.0,423870000.0,423870000.0,423870000.0,14964000.0,0.0,0.112,401738000.0,686238000.0,205816000.0,0.0,2.978,18.147,18.257,196336000.0,0.0,9.95,2.027,2.029,466464000.0,2059565000.0,3793983000.0,3793983000.0,0.0,0.054,0.168,0.131,0.19,6502000.0,447650000.0,1.0,773056012.0,773532000,781980000.0,4.905,4070851000.0,0.0,273732000.0,267948000.0,5.263,
66,FISV,MRT,2004-12-31,2004-12-31,2004-12-31,2021-07-28,26695000.0,8383349000.0,8142202000.0,,,0.458,3.288,-161093000.0,516127000.0,516127000.0,2618698000.0,377642000.0,,2.269,605327000.0,,,605327000.0,226080000.0,185363000.0,1829639000.0,0.0,0.0,649012000.0,834375000.0,0.224,834375000.0,649012000.0,624110000.0,0.485,0.477,0.485,2564422000.0,2452325000.0,2564422000.0,8130043573.0,13.0,9.744,537945000.0,0.69,1.0,1111048000.0,0.298,2391886000.0,24902000.0,6080663000.0,6024971750.0,0.0,1984536000.0,,,5818927000.0,,,7860760573.0,353459000.0,-64896000.0,-34333000.0,-192940000.0,0.0,19668000.0,-365247000.0,-139258000.0,699038000.0,0.0,377642000.0,377642000.0,377642000.0,17256000.0,0.0,0.101,451488000.0,659560000.0,202616000.0,0.0,3.065,20.815,20.716,200709000.0,0.0,10.047,2.108,2.101,437764000.0,1920539000.0,3729746000.0,3729746000.0,0.0,0.046,0.154,0.108,0.174,655000.0,451488000.0,1.0,782359848.0,779924000,789148000.0,4.782,5991463000.0,0.0,246468000.0,179285000.0,7.682,
67,FISV,MRT,2004-09-30,2004-09-30,2004-09-30,2021-07-28,20489000.0,8249503000.0,7849908500.0,,,0.445,3.221,-128703000.0,450062000.0,450062000.0,2382551000.0,362163000.0,,2.278,719345000.0,,,719345000.0,199643000.0,182077000.0,1830166000.0,0.0,0.0,623437000.0,805514000.0,0.231,805514000.0,623437000.0,597852000.0,0.465,0.46,0.465,2516676000.0,2361171500.0,2516676000.0,7219151307.0,12.0,8.962,499614000.0,0.639,1.0,1109813000.0,0.318,2482582000.0,25585000.0,6036204000.0,5899903250.0,0.0,2079955000.0,,,5732827000.0,,,6807501307.0,241770000.0,-204317000.0,28831000.0,-202715000.0,0.0,1945000.0,-382671000.0,-94056000.0,628317000.0,0.0,362163000.0,362163000.0,362163000.0,9721000.0,0.0,0.104,483995000.0,625818000.0,2805413000.0,0.0,2.705,18.797,18.742,206450000.0,0.0,8.715,1.949,1.95,2914278000.0,1823086000.0,3492364000.0,3492364000.0,0.0,0.046,0.153,0.106,0.179,0.0,467756000.0,1.0,781124648.0,781336000,789888000.0,4.47,5766921000.0,0.0,235689000.0,178260000.0,7.381,
68,FISV,MRT,2004-06-30,2004-06-30,2004-06-30,2021-07-28,20146000.0,8007134000.0,7580212000.0,,,0.441,3.098,-127108000.0,232732000.0,232732000.0,2284106000.0,350218000.0,,2.313,644382000.0,,,644382000.0,208530000.0,181307000.0,1865156000.0,0.0,0.0,597972000.0,779279000.0,0.233,779279000.0,597972000.0,572310000.0,0.452,0.445,0.452,2416949000.0,2257457750.0,2416949000.0,8141019114.0,14.0,10.447,538886000.0,0.691,1.0,1059527000.0,0.317,2461356000.0,25662000.0,5957428000.0,5759833500.0,0.0,2188878000.0,,,5590185000.0,,,7581888114.0,-63959000.0,-586504000.0,28510000.0,-114546000.0,0.0,208291000.0,-932423000.0,-263216000.0,665994000.0,0.0,350218000.0,350218000.0,350218000.0,-2217000.0,0.0,0.105,471112000.0,588415000.0,2428506000.0,0.0,3.137,21.649,21.51,201295000.0,0.0,9.723,2.268,2.269,2794572000.0,1730729000.0,3343633000.0,3343633000.0,0.0,0.046,0.155,0.104,0.179,0.0,455643000.0,1.0,779829068.0,780204000,789516000.0,4.286,5545778000.0,0.0,222092000.0,167856000.0,7.108,
69,FISV,MRT,2004-03-31,2004-03-31,2004-03-31,2021-07-28,20327000.0,7928822000.0,7234591500.0,,,0.435,2.97,-134613000.0,208346000.0,208346000.0,2144633000.0,333622000.0,,2.431,767477000.0,,,767477000.0,215396000.0,174351000.0,1935614000.0,0.0,0.0,569181000.0,743532000.0,0.236,743532000.0,569181000.0,544531000.0,0.432,0.425,0.432,2311253000.0,2158646750.0,2311253000.0,7596372570.0,13.0,10.217,402803000.0,0.518,1.0,1002618000.0,0.319,2462361000.0,24650000.0,6025592000.0,5551214250.0,0.0,2265147000.0,,,5617569000.0,,,6961024570.0,24847000.0,-686553000.0,27496000.0,87544000.0,0.0,338817000.0,-845565000.0,-68804000.0,537416000.0,0.0,333622000.0,333622000.0,333622000.0,-3278000.0,0.0,0.106,444055000.0,558563000.0,2259444000.0,0.0,3.012,20.865,20.7,201802000.0,0.0,8.943,2.212,2.211,2662304000.0,1635695000.0,3147251000.0,3147251000.0,0.0,0.046,0.155,0.103,0.181,0.0,435542000.0,1.0,778420416.0,778220000,788252000.0,4.044,5466461000.0,0.0,210909000.0,165363000.0,7.024,
70,FISV,MRT,2003-12-31,2003-12-31,2003-12-31,2021-07-28,17345000.0,7214175000.0,6875956500.0,,,0.425,2.846,-139111000.0,162668000.0,162668000.0,2011318000.0,315012000.0,,2.279,799116000.0,,,799116000.0,208996000.0,165838000.0,1582698000.0,0.0,0.0,535351000.0,701189000.0,0.24,701189000.0,535351000.0,512456000.0,0.407,0.403,0.407,2199808000.0,2063713250.0,2199808000.0,8256070100.0,15.0,11.774,378990000.0,0.49,1.0,914049000.0,0.312,2270234000.0,22895000.0,5580389000.0,5328006000.0,0.0,1838925000.0,,,5014367000.0,,,7663500100.0,-30292000.0,-735917000.0,18585000.0,215794000.0,0.0,148619000.0,-691191000.0,139432000.0,518101000.0,0.0,315012000.0,315012000.0,315012000.0,-6189000.0,0.0,0.108,392227000.0,521822000.0,179191000.0,0.0,3.484,24.328,24.287,200579000.0,0.0,9.885,2.62,2.612,417521000.0,1542897000.0,2925367000.0,2925367000.0,0.0,0.046,0.153,0.1,0.183,0.0,392227000.0,1.0,775265564.0,772960000,783748000.0,3.785,4943941000.0,0.0,197444000.0,118729000.0,6.396,
71,FISV,MRT,2003-09-30,2003-09-30,2003-09-30,2021-07-28,9835000.0,7170717000.0,6682089000.0,,,0.402,2.714,-149748000.0,201702000.0,201702000.0,1708571000.0,301266000.0,,2.412,794272000.0,,,794272000.0,179257000.0,152055000.0,1693337000.0,0.0,0.0,511538000.0,663593000.0,0.247,663593000.0,511538000.0,489526000.0,0.395,0.388,0.395,2101821000.0,1970678500.0,2101821000.0,7438552613.0,15.0,11.21,441092000.0,0.57,1.0,975232000.0,0.363,2287362000.0,22012000.0,5475925000.0,5213359500.0,0.0,2024815000.0,,,5068896000.0,,,7024411613.0,-11592000.0,-841535000.0,10627000.0,400450000.0,0.0,405630000.0,-1008062000.0,-16779000.0,590840000.0,0.0,301266000.0,301266000.0,301266000.0,-6806000.0,0.0,0.112,479089000.0,496143000.0,1990576000.0,0.0,3.342,23.316,22.968,220563000.0,0.0,9.072,2.617,2.618,2316944000.0,1460923000.0,2683803000.0,2683803000.0,0.0,0.045,0.153,0.098,0.191,0.0,327034000.0,1.0,774253140.0,774504000,786112000.0,3.465,4883355000.0,0.0,188260000.0,116047000.0,6.305,
72,FISV,MRT,2003-06-30,2003-06-30,2003-06-30,2021-07-28,17232000.0,6624652000.0,6305867500.0,,,0.402,2.615,-139698000.0,291149000.0,291149000.0,1603329000.0,287005000.0,,2.277,705290000.0,,,705290000.0,190380000.0,143657000.0,1609829000.0,0.0,0.0,485492000.0,629149000.0,0.248,629149000.0,485492000.0,466148000.0,0.375,0.37,0.375,2021705000.0,1887549500.0,2021705000.0,7311567614.0,15.0,11.621,320144000.0,0.414,1.0,930611000.0,0.367,1915842000.0,19344000.0,5122951000.0,4990511000.0,0.0,1981742000.0,,,4602947000.0,,,6889319614.0,107495000.0,-493605000.0,-14913000.0,358501000.0,0.0,341798000.0,-694145000.0,-60842000.0,459842000.0,0.0,287005000.0,287005000.0,287005000.0,-6806000.0,0.0,0.113,460514000.0,470097000.0,1748319000.0,0.0,3.408,24.004,23.773,224608000.0,0.0,8.915,2.719,2.72,2089224000.0,1380511000.0,2533940000.0,2533940000.0,0.0,0.046,0.152,0.097,0.192,0.0,316857000.0,1.0,772778420.0,773180000,783244000.0,3.277,4708810000.0,0.0,179143000.0,118402000.0,6.09,
73,FISV,MRT,2003-03-31,2003-03-31,2003-03-31,2021-07-28,14316000.0,6494282000.0,6043897250.0,,,0.404,2.513,-131655000.0,182161000.0,182161000.0,1544576000.0,275212000.0,,2.362,604409000.0,,,604409000.0,192944000.0,138150000.0,1753994000.0,0.0,0.0,464864000.0,603014000.0,0.247,603014000.0,464864000.0,446816000.0,0.36,0.355,0.36,1931519000.0,1820528250.0,1931519000.0,6399481009.0,14.0,10.612,444043000.0,0.578,1.0,898966000.0,0.368,1783771000.0,18048000.0,5132759000.0,4840498500.0,0.0,2238885000.0,,,4562763000.0,,,6043896009.0,48141000.0,-405871000.0,-24850000.0,234026000.0,0.0,545472000.0,-1073029000.0,-535503000.0,575698000.0,0.0,275212000.0,275212000.0,275212000.0,-6806000.0,0.0,0.113,449497000.0,449469000.0,1682464000.0,0.0,3.129,21.961,21.861,223898000.0,0.0,7.87,2.473,2.475,1939678000.0,1302073000.0,2443542000.0,2443542000.0,0.0,0.046,0.151,0.096,0.19,0.0,311347000.0,1.0,767966456.0,768548000,778984000.0,3.179,4710511000.0,0.0,171604000.0,100870000.0,6.129,
74,FISV,MRT,2002-12-31,2002-12-31,2002-12-31,2021-07-28,23882000.0,6438705000.0,5791946500.0,,,0.413,2.387,-137126000.0,227239000.0,227239000.0,1497479000.0,266137000.0,,2.523,582824000.0,,,582824000.0,181173000.0,134389000.0,1707458000.0,0.0,0.0,449696000.0,584085000.0,0.244,584085000.0,449696000.0,431938000.0,0.347,0.343,0.347,1827669000.0,1759987500.0,1827669000.0,6725253550.0,15.0,11.514,343997000.0,0.449,1.0,891913000.0,0.373,1672487000.0,17758000.0,5121803000.0,4689926250.0,0.0,2115778000.0,,,4611036000.0,,,6496298550.0,95826000.0,-362578000.0,-22158000.0,183087000.0,0.0,421813000.0,-807110000.0,-307406000.0,481123000.0,0.0,266137000.0,266137000.0,266137000.0,-6806000.0,0.0,0.111,457612000.0,434301000.0,1789129000.0,0.0,3.554,24.41,24.46,223070000.0,0.0,8.488,2.719,2.719,2080249000.0,1227885000.0,2389392000.0,2389392000.0,0.0,0.046,0.151,0.096,0.188,0.0,323223000.0,1.0,765396000.0,765544000,779804000.0,3.121,4766218000.0,0.0,165801000.0,69838000.0,6.226,
75,FISV,MRT,2002-09-30,2002-09-30,2002-09-30,2021-07-28,30287000.0,5665831000.0,5512830750.0,,,0.446,2.303,-164187000.0,217969000.0,217969000.0,1505189000.0,250743000.0,,2.202,446924000.0,,,446924000.0,151485000.0,167912000.0,1677444000.0,0.0,0.0,429771000.0,597683000.0,0.243,597683000.0,429771000.0,412498000.0,0.328,0.323,0.328,1769305000.0,1704276750.0,1769305000.0,5610131827.0,13.0,9.386,289248000.0,0.377,1.0,953921000.0,0.388,1310255000.0,17273000.0,4584531000.0,4506525500.0,0.0,2053070000.0,,,3896526000.0,,,5398567827.0,125218000.0,-187351000.0,-14352000.0,54583000.0,0.0,114006000.0,-442223000.0,-115780000.0,453435000.0,0.0,250743000.0,250743000.0,250743000.0,0.0,0.0,0.102,527909000.0,426012000.0,1293006000.0,0.0,3.051,21.53,21.402,265943000.0,0.0,7.02,2.195,2.193,1713466000.0,1159657000.0,2459110000.0,2459110000.0,0.0,0.045,0.147,0.095,0.175,0.0,359997000.0,1.0,769026756.0,768192000,780100000.0,3.201,4355576000.0,0.0,161755000.0,70974000.0,5.67,
76,FISV,MRT,2002-06-30,2002-06-30,2002-06-30,2021-07-28,66914000.0,5576771000.0,5403430250.0,,,0.437,2.29,-148810000.0,188329000.0,188329000.0,1457203000.0,237221000.0,,2.18,399893000.0,,,399893000.0,159002000.0,161078000.0,1585516000.0,0.0,0.0,409737000.0,570815000.0,0.242,570815000.0,409737000.0,391767000.0,0.312,0.305,0.312,1753620000.0,1616160750.0,1753620000.0,7307514565.0,18.0,12.802,314236000.0,0.41,1.0,905040000.0,0.383,1265434000.0,17970000.0,4522901000.0,4477788750.0,0.0,1998332000.0,,,3823151000.0,,,7020339565.0,110366000.0,-191025000.0,9299000.0,39492000.0,0.0,188255000.0,-540935000.0,-217646000.0,463046000.0,0.0,237221000.0,237221000.0,237221000.0,0.0,0.0,0.1,500062000.0,404978000.0,1369372000.0,0.0,4.003,29.594,29.415,262678000.0,0.0,9.178,2.972,2.975,1757893000.0,1093506000.0,2362243000.0,2362243000.0,0.0,0.044,0.147,0.092,0.173,0.0,338984000.0,1.0,764951192.0,765680000,781896000.0,3.085,4311337000.0,0.0,154546000.0,94103000.0,5.631,
77,FISV,MRT,2002-03-31,2002-03-31,2002-03-31,2021-07-28,77190000.0,5486479000.0,5246970250.0,,,0.433,2.215,-128891000.0,138695000.0,138695000.0,1407658000.0,222565000.0,,2.248,425870000.0,,,425870000.0,163702000.0,154237000.0,1391594000.0,0.0,0.0,388190000.0,542427000.0,0.239,542427000.0,388190000.0,369161000.0,0.295,0.288,0.295,1689356000.0,1521752000.0,1689356000.0,9082982887.0,23.0,16.745,296696000.0,0.389,1.0,865216000.0,0.381,1243184000.0,19029000.0,4530470000.0,4400113000.0,0.0,1799519000.0,,,3797123000.0,,,8763177887.0,56549000.0,-169785000.0,17290000.0,36223000.0,0.0,-177291000.0,-191747000.0,97835000.0,425587000.0,0.0,222565000.0,222565000.0,222565000.0,0.0,0.0,0.098,483291000.0,381925000.0,1531378000.0,0.0,5.187,39.374,38.975,257101000.0,0.0,11.498,3.856,3.858,1938969000.0,1026861000.0,2272874000.0,2272874000.0,0.0,0.042,0.146,0.088,0.171,0.0,329054000.0,1.0,762181160.0,762676000,780608000.0,2.98,4243295000.0,0.0,146596000.0,77906000.0,5.564,
78,FISV,MRT,2001-12-31,2001-12-31,2001-12-31,2021-07-28,76216000.0,5322242000.0,5284625250.0,,,0.41,2.146,-104609000.0,136088000.0,136088000.0,1346853000.0,208217000.0,,2.316,455893000.0,,,455893000.0,171101000.0,147696000.0,1420956000.0,0.0,0.0,367187000.0,514883000.0,0.238,514883000.0,367187000.0,347028000.0,0.278,0.273,0.278,1604826000.0,1428271000.0,1604826000.0,8207600880.0,22.0,15.941,342930000.0,0.459,1.0,820829000.0,0.379,1253847000.0,20159000.0,4388200000.0,4495864000.0,0.0,1885063000.0,,,3717416000.0,,,7920568880.0,37232000.0,-224842000.0,15053000.0,86762000.0,0.0,-2881000.0,-407426000.0,-77975000.0,447539000.0,0.0,208217000.0,208217000.0,208217000.0,0.0,0.0,0.096,461728000.0,359101000.0,1372782000.0,0.0,4.935,38.04,38.058,200973000.0,0.0,10.58,3.654,3.649,1738268000.0,961748000.0,2167682000.0,2167682000.0,0.0,0.039,0.146,0.082,0.169,0.0,314032000.0,1.0,748636000.0,747716000,766336000.0,2.899,4068395000.0,0.0,138811000.0,54780000.0,5.441,
79,FISV,MRT,2001-09-30,2001-09-30,2001-09-30,2021-07-28,55843000.0,5228229000.0,5350644750.0,,,0.434,1.895,-95308000.0,92751000.0,92751000.0,1496947000.0,199478000.0,,2.69,379783000.0,,,379783000.0,144886000.0,148435000.0,1599392000.0,0.0,0.0,354984000.0,503419000.0,0.217,503419000.0,354984000.0,333707000.0,0.268,0.26,0.268,1416841000.0,1340082500.0,1416841000.0,6661148800.0,19.0,13.232,511232000.0,0.684,1.0,823755000.0,0.355,1045677000.0,21277000.0,4469584000.0,4625600250.0,0.0,1971945000.0,,,3811388000.0,,,6392800800.0,-1176000.0,-141554000.0,16319000.0,-269575000.0,0.0,-27040000.0,-580676000.0,-344452000.0,606540000.0,0.0,199478000.0,199478000.0,199478000.0,0.0,0.0,0.086,481815000.0,341940000.0,1375070000.0,0.0,4.512,32.048,31.903,218199000.0,0.0,8.55,2.755,2.755,1799053000.0,908914000.0,2320702000.0,2320702000.0,0.0,0.037,0.149,0.077,0.153,0.0,334184000.0,1.0,747696000.0,747776000,766164000.0,3.103,4182552000.0,0.0,134229000.0,91666000.0,5.593,
80,FISV,MRT,2001-06-30,2001-06-30,2001-06-30,2021-07-28,73427000.0,4950931000.0,5568838000.0,,,0.393,1.844,-97539000.0,77963000.0,77963000.0,1390432000.0,191591000.0,,2.598,346311000.0,,,346311000.0,157082000.0,146604000.0,1446537000.0,0.0,0.0,345899000.0,492503000.0,0.225,492503000.0,345899000.0,321828000.0,0.258,0.25,0.258,1375985000.0,1293511000.0,1375985000.0,8248689200.0,24.0,16.749,574018000.0,0.769,1.0,797228000.0,0.364,1007081000.0,24071000.0,4212198000.0,4935068000.0,0.0,1786036000.0,,,3574946000.0,,,7955273200.0,5450000.0,-133194000.0,13205000.0,-382247000.0,0.0,-353524000.0,-312583000.0,-84633000.0,671557000.0,0.0,191591000.0,191591000.0,191591000.0,0.0,0.0,0.088,466280000.0,330948000.0,1365452000.0,0.0,5.782,41.522,41.331,217131000.0,0.0,10.663,3.636,3.637,1768230000.0,856285000.0,2187660000.0,2187660000.0,0.0,0.034,0.148,0.07,0.158,0.0,319432000.0,1.0,746040000.0,746232000,765008000.0,2.932,3943850000.0,0.0,130237000.0,80318000.0,5.285,
81,FISV,MRT,2001-03-31,2001-03-31,2001-03-31,2021-07-28,73749000.0,5637099000.0,5829597500.0,,,0.353,1.767,-101601000.0,82146000.0,82146000.0,1287798000.0,184629000.0,,3.285,375562000.0,,,375562000.0,163113000.0,152014000.0,1622884000.0,0.0,0.0,338330000.0,490344000.0,0.238,490344000.0,338330000.0,311496000.0,0.249,0.243,0.249,1315432000.0,1238904500.0,1315432000.0,5805064661.0,17.0,11.839,701456000.0,0.942,1.0,772672000.0,0.375,1017041000.0,26834000.0,4913474000.0,5315746500.0,0.0,1891734000.0,,,4321667000.0,,,5549237661.0,7491000.0,-173152000.0,10513000.0,-507849000.0,0.0,-551527000.0,-244039000.0,30167000.0,803057000.0,0.0,184629000.0,184629000.0,184629000.0,0.0,0.0,0.09,450715000.0,321957000.0,1922643000.0,0.0,4.219,30.056,29.94,218134000.0,0.0,7.455,2.693,2.694,2341967000.0,804296000.0,2060470000.0,2060470000.0,0.0,0.032,0.149,0.064,0.164,0.0,299313000.0,1.0,744364542.0,744648000,763400000.0,2.767,4620058000.0,0.0,126867000.0,74371000.0,6.204,
82,FISV,MRT,2000-12-31,2000-12-31,2000-12-31,2021-07-28,78869000.0,5586320000.0,5985054000.0,,,0.322,1.694,-106987000.0,98856000.0,98856000.0,1183443000.0,177021000.0,,3.462,354683000.0,,,354683000.0,156668000.0,148842000.0,1525652000.0,0.0,0.0,328858000.0,477700000.0,0.248,477700000.0,328858000.0,300035000.0,0.24,0.233,0.24,1252072000.0,1197798000.0,1252072000.0,6422793280.0,20.0,13.445,477481000.0,0.646,1.0,745778000.0,0.387,935002000.0,28823000.0,4907145000.0,5635908000.0,0.0,1796899000.0,,,4334248000.0,,,5868897280.0,18302000.0,-88764000.0,10692000.0,-353520000.0,0.0,-507141000.0,-59025000.0,136726000.0,584468000.0,0.0,177021000.0,177021000.0,177021000.0,0.0,0.0,0.092,431472000.0,314306000.0,2057956000.0,0.0,4.687,33.154,32.944,205555000.0,0.0,7.907,3.042,3.029,2458931000.0,753531000.0,1929221000.0,1929221000.0,0.0,0.03,0.148,0.058,0.17,0.0,282630000.0,1.0,742272000.0,739152000,759216000.0,2.61,4651318000.0,0.0,123014000.0,57199000.0,6.293,
83,FISV,MRT,2000-09-30,2000-09-30,2000-09-30,2021-07-28,105360000.0,6101002000.0,5915401500.0,,,0.269,1.662,-75300000.0,93927000.0,93927000.0,879372000.0,167843000.0,,3.958,647823000.0,,,647823000.0,129605000.0,109366000.0,1373175000.0,0.0,0.0,307779000.0,417145000.0,0.262,417145000.0,307779000.0,284481000.0,0.229,0.222,0.229,1230555000.0,1157534000.0,1230555000.0,8034689120.0,26.0,19.261,193089000.0,0.261,1.0,714154000.0,0.448,947443000.0,23298000.0,5707455000.0,5673370750.0,0.0,329160000.0,,,4870447000.0,,,7378653120.0,18024000.0,-98599000.0,-1021000.0,-34235000.0,0.0,-414119000.0,163754000.0,368326000.0,268389000.0,0.0,167843000.0,167843000.0,167843000.0,0.0,0.0,0.105,412210000.0,301944000.0,2467353000.0,0.0,5.996,43.962,43.581,207877000.0,0.0,9.98,4.63,4.638,3068634000.0,709436000.0,1593526000.0,1593526000.0,0.0,0.028,0.145,0.054,0.193,0.0,300007000.0,1.0,739344000.0,740604000,762272000.0,2.152,5153559000.0,0.0,116638000.0,69272000.0,6.959,
84,FISV,MRT,2000-06-30,2000-06-30,2000-06-30,2021-07-28,87805000.0,5993969000.0,5655972750.0,,,0.272,1.569,-77452000.0,72513000.0,72513000.0,851870000.0,158298000.0,,4.178,728549000.0,,,728549000.0,134919000.0,104251000.0,1431019000.0,0.0,0.0,291218000.0,395469000.0,0.257,395469000.0,291218000.0,268302000.0,0.217,0.211,0.217,1157559000.0,1105078250.0,1157559000.0,6121143500.0,21.0,15.478,79040000.0,0.107,1.0,688130000.0,0.447,915093000.0,22916000.0,5734912000.0,5443953500.0,0.0,291987000.0,,,4836410000.0,,,5312397500.0,10074000.0,-172028000.0,-21334000.0,147392000.0,0.0,-82116000.0,-64302000.0,215343000.0,156492000.0,0.0,158298000.0,158298000.0,158298000.0,0.0,0.0,0.103,399840000.0,288290000.0,2303434000.0,0.0,4.589,33.559,33.218,209943000.0,0.0,7.208,3.45,3.454,2987167000.0,664694000.0,1540000000.0,1540000000.0,0.0,0.028,0.143,0.053,0.189,0.0,292731000.0,1.0,736980000.0,737946000,758406000.0,2.087,5078876000.0,0.0,110004000.0,71397000.0,6.882,
85,FISV,MRT,2000-03-31,2000-03-31,2000-03-31,2021-07-28,135474000.0,6258925000.0,5490869000.0,,,0.267,1.564,-72055000.0,74655000.0,74655000.0,815907000.0,147609000.0,,4.438,883401000.0,,,883401000.0,139912000.0,90922000.0,1285232000.0,0.0,0.0,271416000.0,362338000.0,0.247,362338000.0,271416000.0,250185000.0,0.203,0.196,0.203,1151006000.0,1084237750.0,1151006000.0,5186772486.0,19.0,14.315,-88154000.0,-0.12,1.0,650911000.0,0.444,873551000.0,21231000.0,6194120000.0,5280876250.0,0.0,349577000.0,,,5107919000.0,,,4560152486.0,-6821000.0,-197214000.0,-22669000.0,278707000.0,0.0,356745000.0,-347467000.0,-50390000.0,-16099000.0,0.0,147609000.0,147609000.0,147609000.0,0.0,0.0,0.101,379495000.0,271416000.0,2545415000.0,0.0,3.962,30.893,30.534,203863000.0,0.0,6.198,3.109,3.109,3376685000.0,619667000.0,1466818000.0,1466818000.0,0.0,0.027,0.136,0.051,0.185,0.0,283870000.0,1.0,735706236.0,735732000,753258000.0,1.994,5385374000.0,0.0,102576000.0,102042000.0,7.32,
86,FISV,MRT,1999-12-31,1999-12-31,1999-12-31,2021-07-28,125026000.0,5307710000.0,5037635000.0,,,0.279,1.477,-69697000.0,80554000.0,80554000.0,788389000.0,137868000.0,,3.865,707174000.0,,,707174000.0,131476000.0,86313000.0,1298120000.0,0.0,0.0,253085000.0,339398000.0,0.241,339398000.0,253085000.0,233675000.0,0.188,0.182,0.188,1091016000.0,1033101250.0,1091016000.0,5302936060.0,21.0,15.625,108140000.0,0.146,1.0,619156000.0,0.44,877334000.0,19410000.0,5056996000.0,4774292500.0,0.0,335573000.0,,,4216694000.0,,,4697802060.0,8996000.0,-210587000.0,-22800000.0,169959000.0,0.0,346506000.0,-515347000.0,-209011000.0,177837000.0,0.0,137868000.0,137868000.0,137868000.0,0.0,0.0,0.098,366071000.0,253085000.0,1830782000.0,0.0,4.306,34.075,33.963,195333000.0,0.0,6.385,3.338,3.352,2431418000.0,576510000.0,1407545000.0,1407545000.0,0.0,0.027,0.133,0.053,0.18,0.0,272616000.0,1.0,735756000.0,738856000,760072000.0,1.905,4430376000.0,0.0,95807000.0,72699000.0,5.996,
87,FISV,MRT,1999-09-30,1999-09-30,1999-09-30,2021-07-28,82363000.0,5063287000.0,4700292000.0,,,0.292,1.381,-77227000.0,75903000.0,75903000.0,771404000.0,132532000.0,,3.96,681037000.0,,,681037000.0,107911000.0,81696000.0,1360194000.0,0.0,0.0,242205000.0,323901000.0,0.236,323901000.0,242205000.0,224630000.0,0.18,0.173,0.18,1020732000.0,981796500.0,1020732000.0,4500114000.0,19.0,13.893,195859000.0,0.265,1.0,600718000.0,0.438,878635000.0,17575000.0,4789786000.0,4418487750.0,0.0,276149000.0,,,4042555000.0,,,4015505000.0,-11899000.0,-319429000.0,-16042000.0,203559000.0,0.0,333109000.0,-618094000.0,-169747000.0,273086000.0,0.0,132532000.0,132532000.0,132532000.0,0.0,0.0,0.097,358513000.0,242205000.0,1683812000.0,0.0,3.934,30.298,30.093,195743000.0,0.0,5.417,2.926,2.919,2194529000.0,541593000.0,1372122000.0,1372122000.0,0.0,0.028,0.135,0.055,0.177,0.0,270573000.0,1.0,741324000.0,739356000,755844000.0,1.856,4184652000.0,0.0,92098000.0,40443000.0,5.66,
88,FISV,MRT,1999-06-30,1999-06-30,1999-06-30,2021-07-28,151409000.0,5333554000.0,4458778500.0,,,0.298,1.45,-81959000.0,62439000.0,62439000.0,744639000.0,126208000.0,,3.965,547048000.0,,,547048000.0,108798000.0,79341000.0,1247348000.0,0.0,0.0,230570000.0,309911000.0,0.233,309911000.0,230570000.0,213910000.0,0.17,0.165,0.17,1074197000.0,933221250.0,1074197000.0,4275667635.0,19.0,13.796,238571000.0,0.322,1.0,584363000.0,0.44,735560000.0,16660000.0,5082603000.0,4172245250.0,0.0,413000000.0,,,4259357000.0,,,3862354635.0,-3238000.0,-217200000.0,4248000.0,63552000.0,0.0,241366000.0,-565134000.0,-220180000.0,320530000.0,0.0,126208000.0,126208000.0,126208000.0,0.0,0.0,0.095,353793000.0,230570000.0,2114710000.0,0.0,3.596,30.603,30.696,186875000.0,0.0,5.218,2.906,2.909,2606033000.0,506396000.0,1329002000.0,1329002000.0,0.0,0.028,0.135,0.055,0.173,0.0,271328000.0,1.0,740151000.0,740988000,763812000.0,1.794,4597994000.0,0.0,87702000.0,84585000.0,6.205,
89,FISV,MRT,1999-03-31,1999-03-31,1999-03-31,2021-07-28,63868000.0,4445989000.0,4108070250.0,,,0.316,1.28,-82456000.0,81476000.0,81476000.0,726979000.0,120540000.0,,3.697,494789000.0,,,494789000.0,119902000.0,78105000.0,1184523000.0,0.0,0.0,220878000.0,298983000.0,0.231,298983000.0,220878000.0,204305000.0,0.162,0.157,0.162,946460000.0,864058000.0,946460000.0,4757222564.0,22.0,15.911,159902000.0,0.216,1.0,569991000.0,0.439,691517000.0,16573000.0,4167785000.0,3827788500.0,0.0,273461000.0,,,3499529000.0,,,4400808564.0,-1656000.0,-151453000.0,2383000.0,96050000.0,0.0,249937000.0,-493951000.0,-221578000.0,242358000.0,0.0,120540000.0,120540000.0,120540000.0,0.0,0.0,0.093,349113000.0,220878000.0,1511775000.0,0.0,4.65,36.509,36.783,184915000.0,0.0,5.959,3.393,3.397,1939002000.0,472058000.0,1296970000.0,1296970000.0,0.0,0.029,0.14,0.058,0.17,0.0,270726000.0,1.0,738528381.0,739380000,767280000.0,1.754,3754472000.0,0.0,83765000.0,29094000.0,5.078,
90,FISV,MRT,1998-12-31,1998-12-31,1998-12-31,2021-07-28,39875000.0,3958338000.0,3876789500.0,,,0.318,1.202,-77542000.0,71558000.0,71558000.0,692392000.0,114274000.0,,3.469,427972000.0,,,427972000.0,107286000.0,76451000.0,1098773000.0,0.0,0.0,209639000.0,286090000.0,0.232,286090000.0,209639000.0,193684000.0,0.155,0.15,0.155,885797000.0,817957750.0,885797000.0,4496422560.0,21.0,15.717,202853000.0,0.275,1.0,541278000.0,0.439,680975000.0,15955000.0,3633777000.0,3605473500.0,0.0,180099000.0,,,3072541000.0,,,4216742560.0,-17819000.0,-217792000.0,-37389000.0,79835000.0,0.0,58478000.0,-356692000.0,-30779000.0,280395000.0,0.0,114274000.0,114274000.0,114274000.0,0.0,0.0,0.093,331639000.0,209639000.0,1273223000.0,0.0,4.76,36.9,36.875,179434000.0,0.0,5.716,3.418,3.416,1649501000.0,438642000.0,1233670000.0,1233670000.0,0.0,0.029,0.14,0.058,0.17,0.0,259126000.0,1.0,737766000.0,737238000,762924000.0,1.673,3277363000.0,14545000.0,79410000.0,14768000.0,4.445,
91,FISV,MRT,1998-09-30,1998-09-30,1998-09-30,2021-07-28,16551000.0,4097233000.0,3796327750.0,,,0.257,1.12,-63031000.0,87802000.0,87802000.0,555451000.0,90800000.0,,3.958,367482000.0,,,367482000.0,95011000.0,71823000.0,1214599000.0,0.0,0.0,165777000.0,237600000.0,0.244,237600000.0,165777000.0,153899000.0,0.13,0.126,0.13,826431000.0,788822250.0,826431000.0,4115051160.0,25.0,17.319,156671000.0,0.212,1.0,418981000.0,0.43,572097000.0,11878000.0,3804816000.0,3550842000.0,0.0,143955000.0,,,3270802000.0,,,3773972160.0,15566000.0,-141702000.0,-34401000.0,50583000.0,0.0,258102000.0,-462238000.0,-313121000.0,219702000.0,0.0,90800000.0,90800000.0,90800000.0,0.0,0.0,0.093,253204000.0,165777000.0,1428556000.0,0.0,4.567,41.564,39.368,167546000.0,0.0,5.118,3.873,3.874,1792655000.0,409061000.0,974432000.0,974432000.0,0.0,0.024,0.115,0.047,0.17,0.0,189982000.0,1.0,737424000.0,737616000,764442000.0,1.321,3525136000.0,29470000.0,63099000.0,20776000.0,4.779,
92,FISV,MRT,1998-06-30,1998-06-30,1998-06-30,2021-07-28,16462000.0,3930721000.0,,,,,1.066,-51670000.0,65677000.0,65677000.0,518181000.0,85115000.0,,3.929,406756000.0,,,406756000.0,97333000.0,68388000.0,1073781000.0,0.0,0.0,154846000.0,223234000.0,0.247,223234000.0,154846000.0,144265000.0,0.125,0.119,0.125,797544000.0,,797544000.0,3738321899.0,24.0,16.746,128450000.0,0.172,1.0,384963000.0,0.426,567024000.0,10581000.0,3704776000.0,,0.0,135642000.0,,,3133177000.0,,,3424197899.0,-6086000.0,-142144000.0,-32967000.0,60828000.0,0.0,158139000.0,-344345000.0,-193070000.0,180120000.0,0.0,85115000.0,85115000.0,85115000.0,0.0,0.0,0.094,230117000.0,154846000.0,1420410000.0,0.0,4.293,40.23,37.751,158779000.0,0.0,4.719,3.791,3.909,1809788000.0,380188000.0,903144000.0,903144000.0,0.0,,,,0.171,0.0,168832000.0,1.0,725636475.0,748116000,773370000.0,1.207,3363697000.0,29006000.0,59150000.0,9329000.0,4.496,
93,FISV,MRT,1998-03-31,1998-03-31,1998-03-31,2021-07-28,16622000.0,3520866000.0,,,,,1.051,-44218000.0,83132000.0,83132000.0,483161000.0,77270000.0,,3.62,397256000.0,,,397256000.0,85783000.0,65640000.0,1033019000.0,0.0,0.0,140662000.0,206302000.0,0.248,206302000.0,140662000.0,130968000.0,0.117,0.112,0.117,762059000.0,,762059000.0,3664092818.0,26.0,17.761,212228000.0,0.293,1.0,347149000.0,0.418,556465000.0,9694000.0,3278525000.0,,0.0,129618000.0,,,2758807000.0,,,3406463818.0,14140000.0,-140527000.0,-28393000.0,-10891000.0,0.0,-139956000.0,-102350000.0,107406000.0,256446000.0,0.0,77270000.0,77270000.0,77270000.0,0.0,0.0,0.093,206487000.0,140662000.0,1116461000.0,0.0,4.47,44.085,40.127,153011000.0,0.0,4.695,4.103,4.1,1445417000.0,351518000.0,830310000.0,830310000.0,0.0,,,,0.169,0.0,147061000.0,1.0,725580018.0,725157000,748782000.0,1.145,2964401000.0,34703000.0,53698000.0,17160000.0,4.088,
94,FISV,MRT,1997-12-31,1997-12-31,1997-12-31,2021-07-28,16563000.0,3636491000.0,3167735000.0,,,0.308,1.096,-39765000.0,89377000.0,89377000.0,555451000.0,90800000.0,,3.727,347006000.0,,,347006000.0,67569000.0,63186000.0,1082740000.0,0.0,0.0,165777000.0,228963000.0,0.235,228963000.0,165777000.0,153899000.0,0.13,0.125,0.13,769255000.0,687576500.0,769255000.0,,,,154804000.0,0.22,1.0,418981000.0,0.43,478869000.0,11878000.0,3415251000.0,2950944000.0,0.0,125999000.0,,,2867236000.0,,,2640573799.0,-11905000.0,-65017000.0,10040000.0,-31096000.0,0.0,91131000.0,-297605000.0,-167812000.0,194569000.0,0.0,90800000.0,90800000.0,90800000.0,0.0,0.0,0.093,253204000.0,165777000.0,1238105000.0,0.0,3.433,29.081,27.994,149055000.0,0.0,3.639,2.71,2.622,1583940000.0,324368000.0,974432000.0,974432000.0,0.0,0.029,0.132,0.056,0.17,0.0,189982000.0,1.0,725580018.0,702126000,722628000.0,1.388,3157622000.0,35233000.0,63099000.0,8436000.0,4.497,
95,FISV,MRT,1997-09-30,1997-09-30,1997-09-30,2021-07-28,,,,,,,,,,,,,,,,,,,,,,0.0,0.0,,,,,,,,,,,,,,,,,,1.0,,,,,,,,,,,,,,,,,,,,,,,,,,,,,,,,,,,,,,,,3.25,,,,,,,,,,,,,,1.0,,707400000,,,,,,,,
96,FISV,MRT,1997-06-30,1997-06-30,1997-06-30,2021-07-28,,,,,,,,,,,,,,,,,,,,,,0.0,0.0,,,,,,,,,,,,,,,,,,1.0,,,,,,,,,,,,,,,,,,,,,,,,,,,,,,,,,,,,,,,,3.306,,,,,,,,,,,,,,1.0,,700029000,,,,,,,,
97,FISV,MRT,1997-03-31,1997-03-31,1997-03-31,2021-07-28,,,,,,,,,,,,,,,,,,,,,,0.0,0.0,,,,,,,,,,,,,,,,,,1.0,,,,,,,,,,,,,,,,,,,,,,,,,,,,,,,,,,,,,,,,2.759,,,,,,,,,,,,,,1.0,,689593500,,,,,,,,
98,FISV,MRT,1996-12-31,1996-12-31,1996-12-31,2021-07-28,18621000.0,2698979000.0,,,,,0.88,-39450000.0,101282000.0,101282000.0,492653000.0,79708000.0,,3.455,306064000.0,,,306064000.0,46089000.0,65511000.0,970553000.0,0.0,0.0,153550000.0,219061000.0,0.249,219061000.0,153550000.0,134462000.0,0.116,0.113,0.116,605898000.0,,605898000.0,,,,130664000.0,0.19,1.0,386796000.0,0.44,417124000.0,19088000.0,2486637000.0,,0.0,72952000.0,,,2093081000.0,,,,24726000.0,-8025000.0,4896000.0,-119640000.0,0.0,-61380000.0,-84008000.0,-36533000.0,170114000.0,0.0,79708000.0,79708000.0,79708000.0,0.0,0.0,0.091,233246000.0,153550000.0,679701000.0,0.0,,,23.467,148413000.0,0.0,2.722,,2.131,890101000.0,233851000.0,879449000.0,879449000.0,0.0,,,,0.175,0.0,164003000.0,1.0,,688410000,702621000.0,1.278,2281855000.0,34144000.0,54754000.0,9808000.0,3.315,
99,FISV,MRT,1995-12-31,1995-12-31,1995-12-31,2021-07-28,,,,,,,,-46322000.0,,,452088000.0,-45926000.0,,,,,,,,66652000.0,,0.0,0.0,-57324000.0,9328000.0,0.012,9328000.0,-57324000.0,-76146000.0,-0.069,-0.069,-0.069,,,,,,,90650000.0,0.136,1.0,317016000.0,0.412,,18822000.0,,,,,,,,,,,20769000.0,-261417000.0,638000.0,180644000.0,0.0,63254000.0,-179457000.0,128282000.0,136972000.0,0.0,-45926000.0,-45926000.0,-45926000.0,0.0,0.0,-0.06,374340000.0,-57324000.0,,0.0,,,-32.206,,0.0,2.222,,1.925,,,769104000.0,769104000.0,0.0,,,,-0.075,0.0,141100000.0,1.0,,666198000,666198000.0,1.154,,,-30220000.0,,,
