None,ticker,dimension,calendardate,datekey,reportperiod,lastupdated,accoci,assets,assetsavg,assetsc,assetsnc,assetturnover,bvps,capex,cashneq,cashnequsd,cor,consolinc,currentratio,de,debt,debtc,debtnc,debtusd,deferredrev,depamor,deposits,divyield,dps,ebit,ebitda,ebitdamargin,ebitdausd,ebitusd,ebt,eps,epsdil,epsusd,equity,equityavg,equityusd,ev,evebit,evebitda,fcf,fcfps,fxusd,gp,grossmargin,intangibles,intexp,invcap,invcapavg,inventory,investments,investmentsc,investmentsnc,liabilities,liabilitiesc,liabilitiesnc,marketcap,ncf,ncfbus,ncfcommon,ncfdebt,ncfdiv,ncff,ncfi,ncfinv,ncfo,ncfx,netinc,netinccmn,netinccmnusd,netincdis,netincnci,netmargin,opex,opinc,payables,payoutratio,pb,pe,pe1,ppnenet,prefdivis,price,ps,ps1,receivables,retearn,revenue,revenueusd,rnd,roa,roe,roic,ros,sbcomp,sgna,sharefactor,sharesbas,shareswa,shareswadil,sps,tangibles,taxassets,taxexp,taxliabilities,tbvps,workingcapital
0,FISV,ARY,2020-12-31,2021-02-26,2020-12-31,2021-07-28,-387000000,74619000000,74170500000.0,16219000000.0,58400000000.0,0.2,48.103,-900000000.0,906000000,906000000,7812000000.0,975000000.0,1.037,1.277,20684000000,384000000.0,20300000000.0,20684000000,546000000,3210000000.0,0,0.0,0.0,1863000000.0,5073000000.0,0.342,5073000000.0,1863000000.0,1154000000.0,1.42,1.4,1.42,32330000000,31862000000.0,32330000000,97013586009,52.0,19.124,3247000000.0,4.831,1.0,7040000000.0,0.474,51680000000,709000000.0,27080000000,28105000000.0,0,2756000000,0.0,2756000000.0,41290000000,15637000000.0,25653000000.0,77235586009,-14000000.0,440000000.0,-1693000000.0,-2043000000.0,0.0,-3836000000.0,-341000000.0,-1000000.0,4147000000.0,16000000.0,958000000.0,958000000.0,958000000.0,0.0,17000000.0,0.065,5188000000.0,1852000000.0,3186000000,0.0,2.389,80.622,81.246,1628000000,0.0,115.37,5.2,5.221,2482000000,13441000000,14852000000.0,14852000000.0,0.0,0.013,0.03,0.066,0.125,369000000.0,5652000000.0,1.0,669459877,672100000,683400000.0,22.098,22939000000,0,196000000.0,4389000000,34.13,582000000.0
1,FISV,ARY,2019-12-31,2020-02-27,2019-12-31,2021-07-28,-180000000,77539000000,46679750000.0,17046000000.0,60493000000.0,0.218,64.374,-721000000.0,893000000,893000000,5309000000.0,914000000.0,1.084,1.294,21899000000,287000000.0,21612000000.0,21899000000,492000000,1651000000.0,0,0.0,0.0,1564000000.0,3215000000.0,0.316,3215000000.0,1564000000.0,1091000000.0,1.74,1.71,1.74,32979000000,17647000000.0,32979000000,94715381907,61.0,29.46,2074000000.0,4.048,1.0,4878000000.0,0.479,53680000000,473000000.0,29138000000,20201500000.0,0,2720000000,0.0,2720000000.0,42682000000,15727000000.0,26955000000.0,73709381907,518000000.0,-15954000000.0,-405000000.0,14740000000.0,0.0,14191000000.0,-16469000000.0,-45000000.0,2795000000.0,1000000.0,893000000.0,893000000.0,893000000.0,0.0,21000000.0,0.088,3269000000.0,1609000000.0,3080000000,0.0,2.235,82.541,62.379,1606000000,0.0,108.54,7.236,5.458,2782000000,12528000000,10187000000.0,10187000000.0,0.0,0.019,0.051,0.077,0.154,229000000.0,3284000000.0,1.0,679098783,512300000,522600000.0,19.885,23859000000,0,198000000.0,4247000000,46.572,1319000000.0
2,FISV,ARY,2018-12-31,2019-02-21,2018-12-31,2021-07-28,-67000000,11262000000,10598750000.0,2224000000.0,9038000000.0,0.549,5.655,-360000000.0,415000000,415000000,3069000000.0,1187000000.0,1.106,3.911,5959000000,4000000.0,5955000000.0,5959000000,380000000,556000000.0,0,0.0,0.0,1758000000.0,2314000000.0,0.397,2314000000.0,1758000000.0,1565000000.0,2.93,2.87,2.93,2293000000,2693750000.0,2293000000,38730995792,22.0,16.738,1185000000.0,2.922,1.0,2754000000.0,0.473,7845000000,193000000.0,6951000000,5964500000.0,0,0,0.0,0.0,8969000000,2010000000.0,6959000000.0,33186995792,133000000.0,-293000000.0,-1871000000.0,1034000000.0,0.0,-842000000.0,-613000000.0,-3000000.0,1545000000.0,0.0,1187000000.0,1187000000.0,1187000000.0,0.0,0.0,0.204,1001000000.0,1753000000.0,1626000000,0.0,14.473,27.959,28.925,398000000,0.0,84.75,5.699,5.902,1049000000,11635000000,5823000000.0,5823000000.0,0.0,0.112,0.441,0.295,0.302,73000000.0,1228000000.0,1.0,391586971,405500000,413700000.0,14.36,3417000000,0,378000000.0,745000000,8.427,214000000.0
3,FISV,ARY,2017-12-31,2018-02-22,2017-12-31,2021-07-28,-54000000,10289000000,9967250000.0,1975000000.0,8314000000.0,0.571,6.468,-287000000.0,325000000,325000000,3024000000.0,1246000000.0,1.019,2.767,4900000000,3000000.0,4897000000.0,4900000000,552000000,433000000.0,0,0.0,0.0,1580000000.0,2013000000.0,0.353,2013000000.0,1580000000.0,1404000000.0,2.95,2.89,2.95,2731000000,2474000000.0,2731000000,33936043553,21.0,16.858,1196000000.0,2.833,1.0,2672000000.0,0.469,7472000000,176000000.0,5454000000,5308250000.0,0,0,0.0,0.0,7558000000,1938000000.0,5620000000.0,29361043553,6000000.0,-367000000.0,-1145000000.0,325000000.0,0.0,-820000000.0,-657000000.0,-10000000.0,1483000000.0,0.0,1246000000.0,1246000000.0,1246000000.0,-14000000.0,0.0,0.219,1150000000.0,1522000000.0,1383000000,0.0,10.751,23.564,24.086,390000000,0.0,71.055,5.155,5.267,997000000,10240000000,5696000000.0,5696000000.0,0.0,0.125,0.504,0.298,0.277,63000000.0,1150000000.0,1.0,413215728,422200000,431200000.0,13.491,2817000000,0,158000000.0,552000000,6.672,37000000.0
4,FISV,ARY,2016-12-31,2017-02-23,2016-12-31,2021-07-28,-76000000,9743000000,9615500000.0,1728000000.0,8015000000.0,0.573,5.767,-290000000.0,300000000,300000000,2959000000.0,930000000.0,0.949,2.834,4562000000,95000000.0,4467000000.0,4562000000,483000000,411000000.0,0,0.0,0.0,1585000000.0,1996000000.0,0.363,1996000000.0,1585000000.0,1422000000.0,2.11,2.075,2.11,2541000000,2609000000.0,2541000000,28915397855,18.0,14.487,1141000000.0,2.59,1.0,2546000000.0,0.462,7206000000,163000000.0,4979000000,5033750000.0,0,0,0.0,0.0,7202000000,1820000000.0,5382000000.0,24653397855,25000000.0,-265000000.0,-1166000000.0,263000000.0,0.0,-852000000.0,-554000000.0,-1000000.0,1431000000.0,0.0,930000000.0,930000000.0,930000000.0,0.0,0.0,0.169,1101000000.0,1445000000.0,1242000000,0.0,9.702,26.509,27.227,405000000,0.0,57.45,4.478,4.598,902000000,8994000000,5505000000.0,5505000000.0,0.0,0.097,0.356,0.315,0.288,17000000.0,1101000000.0,1.0,429127900,440600000,447800000.0,12.494,2537000000,0,492000000.0,762000000,5.758,-92000000.0
5,FISV,ARY,2015-12-31,2016-02-19,2015-12-31,2021-07-28,-74000000,9340000000,9412500000.0,1506000000.0,7834000000.0,0.558,5.686,-359000000.0,275000000,275000000,2909000000.0,712000000.0,1.003,2.511,4293000000,5000000.0,4288000000.0,4293000000,473000000,417000000.0,0,0.0,0.0,1258000000.0,1675000000.0,0.319,1675000000.0,1258000000.0,1089000000.0,1.52,1.495,1.52,2660000000,2972500000.0,2660000000,25564890142,20.0,15.263,987000000.0,2.11,1.0,2345000000.0,0.446,7072000000,169000000.0,4784000000,4651250000.0,0,0,0.0,0.0,6680000000,1502000000.0,5178000000.0,21546890142,-19000000.0,0.0,-1451000000.0,414000000.0,0.0,-1005000000.0,-360000000.0,1000000.0,1346000000.0,0.0,712000000.0,712000000.0,712000000.0,0.0,0.0,0.136,1034000000.0,1311000000.0,1024000000,0.0,8.1,30.262,31.793,396000000,0.0,48.325,4.101,4.303,802000000,8064000000,5254000000.0,5254000000.0,0.0,0.076,0.24,0.27,0.239,27000000.0,1034000000.0,1.0,445874602,467800000,476000000.0,11.231,2268000000,0,377000000.0,726000000,4.848,4000000.0
6,FISV,ARY,2014-12-31,2015-02-20,2014-12-31,2021-07-28,-63000000,9337000000,9412750000.0,1486000000.0,7851000000.0,0.538,6.627,-292000000.0,294000000,294000000,2881000000.0,754000000.0,1.0,1.834,3803000000,92000000.0,3711000000.0,3803000000,489000000,404000000.0,0,0.0,0.0,1302000000.0,1706000000.0,0.337,1706000000.0,1302000000.0,1138000000.0,1.515,1.49,1.515,3295000000,3418750000.0,3295000000,22377667026,17.0,13.117,1014000000.0,2.039,1.0,2185000000.0,0.431,7212000000,164000000.0,4148000000,4225250000.0,0,0,0.0,0.0,6042000000,1486000000.0,4556000000.0,18868667026,-106000000.0,0.0,-1095000000.0,-49000000.0,0.0,-1126000000.0,-286000000.0,7000000.0,1306000000.0,0.0,754000000.0,754000000.0,754000000.0,0.0,0.0,0.149,975000000.0,1210000000.0,905000000,0.0,5.726,25.025,26.089,317000000,0.0,39.525,3.725,3.879,798000000,7352000000,5066000000.0,5066000000.0,0.0,0.08,0.221,0.308,0.257,49000000.0,975000000.0,1.0,477385630,497200000,505400000.0,10.189,2125000000,42000000,384000000.0,716000000,4.274,0.0
7,FISV,ARY,2013-12-31,2014-02-20,2013-12-31,2021-07-28,-60000000,9513000000,9491500000.0,1572000000.0,7941000000.0,0.507,6.831,-236000000.0,400000000,400000000,2776000000.0,648000000.0,1.18,1.654,3848000000,92000000.0,3756000000.0,3848000000,484000000,403000000.0,0,0.0,0.0,1140000000.0,1543000000.0,0.321,1543000000.0,1140000000.0,976000000.0,1.235,1.22,1.235,3585000000,3501250000.0,3585000000,17999539385,16.0,11.665,792000000.0,1.509,1.0,2038000000.0,0.423,7358000000,164000000.0,4271000000,4437250000.0,0,0,0.0,0.0,5928000000,1332000000.0,4596000000.0,14551539385,42000000.0,86000000.0,-529000000.0,-338000000.0,0.0,-873000000.0,-113000000.0,4000000.0,1028000000.0,0.0,648000000.0,648000000.0,648000000.0,2000000.0,0.0,0.135,977000000.0,1061000000.0,756000000,0.0,4.059,22.456,23.15,266000000,0.0,28.59,3.023,3.117,751000000,6598000000,4814000000.0,4814000000.0,0.0,0.068,0.185,0.257,0.237,46000000.0,977000000.0,1.0,508973046,524800000,532200000.0,9.173,2155000000,55000000,328000000.0,713000000,4.106,240000000.0
8,FISV,ARY,2012-12-31,2013-02-22,2012-12-31,2021-07-28,-60000000,8497000000,8462500000.0,1412000000.0,7085000000.0,0.53,6.291,-195000000.0,358000000,358000000,2597000000.0,611000000.0,1.278,1.487,3230000000,2000000.0,3228000000.0,3230000000,379000000,354000000.0,0,0.0,0.0,1088000000.0,1442000000.0,0.322,1442000000.0,1088000000.0,914000000.0,1.125,1.11,1.125,3417000000,3285750000.0,3417000000,13584323167,12.0,9.42,670000000.0,1.233,1.0,1885000000.0,0.421,6479000000,174000000.0,3785000000,3808500000.0,0,0,0.0,0.0,5080000000,1105000000.0,3975000000.0,10712323167,21000000.0,32000000.0,-538000000.0,-173000000.0,0.0,-706000000.0,-138000000.0,28000000.0,865000000.0,0.0,611000000.0,611000000.0,611000000.0,-14000000.0,0.0,0.136,829000000.0,1056000000.0,724000000,0.0,3.135,17.532,17.831,249000000,0.0,20.06,2.39,2.431,663000000,5950000000,4482000000.0,4482000000.0,0.0,0.072,0.186,0.286,0.243,44000000.0,829000000.0,1.0,534014116,543200000,550000000.0,8.251,2018000000,42000000,303000000.0,638000000,3.715,307000000.0
9,FISV,ARY,2011-12-31,2012-02-24,2011-12-31,2021-07-28,-78000000,8548000000,8413000000.0,1356000000.0,7192000000.0,0.516,5.712,-192000000.0,337000000,337000000,2542000000.0,472000000.0,0.98,1.624,3395000000,179000000.0,3216000000.0,3395000000,369000000,349000000.0,0,0.0,0.0,916000000.0,1265000000.0,0.292,1265000000.0,916000000.0,728000000.0,0.828,0.82,0.828,3258000000,3158500000.0,3258000000,12325422825,13.0,9.743,745000000.0,1.306,1.0,1795000000.0,0.414,6601000000,188000000.0,3621000000,3861750000.0,0,0,0.0,0.0,5290000000,1384000000.0,3906000000.0,9267422825,-226000000.0,-469000000.0,-460000000.0,-37000000.0,0.0,-498000000.0,-665000000.0,0.0,937000000.0,0.0,472000000.0,472000000.0,472000000.0,19000000.0,0.0,0.109,799000000.0,996000000.0,836000000,0.0,2.845,19.634,20.19,258000000,0.0,16.718,2.137,2.199,666000000,5339000000,4337000000.0,4337000000.0,0.0,0.056,0.149,0.237,0.211,39000000.0,799000000.0,1.0,554354588,570400000,576800000.0,7.603,1947000000,44000000,256000000.0,617000000,3.413,-28000000.0
10,FISV,ARY,2010-12-31,2011-02-24,2010-12-31,2021-07-28,-50000000,8281000000,8346500000.0,1417000000.0,6864000000.0,0.495,5.367,-175000000.0,563000000,563000000,2386000000.0,496000000.0,1.59,1.565,3356000000,3000000.0,3353000000.0,3356000000,351000000,339000000.0,0,0.0,0.0,995000000.0,1334000000.0,0.323,1334000000.0,995000000.0,797000000.0,0.825,0.818,0.825,3229000000,3174000000.0,3229000000,11851241033,12.0,8.884,797000000.0,1.325,1.0,1747000000.0,0.423,6256000000,198000000.0,3927000000,4075250000.0,0,0,0.0,0.0,5052000000,891000000.0,4161000000.0,9058241033,200000000.0,40000000.0,-351000000.0,-312000000.0,0.0,-671000000.0,-101000000.0,0.0,972000000.0,0.0,496000000.0,496000000.0,496000000.0,10000000.0,0.0,0.12,740000000.0,1007000000.0,537000000,0.0,2.805,18.263,18.791,267000000,0.0,15.502,2.192,2.257,572000000,4867000000,4133000000.0,4133000000.0,0.0,0.059,0.156,0.244,0.241,39000000.0,740000000.0,1.0,584308404,601600000,606800000.0,6.87,2025000000,37000000,301000000.0,627000000,3.366,526000000.0
11,FISV,ARY,2009-12-31,2010-02-26,2009-12-31,2021-07-28,-69000000,8378000000,9000000000.0,1277000000.0,7101000000.0,0.453,4.896,-198000000.0,363000000,363000000,2380000000.0,476000000.0,1.1,1.769,3641000000,259000000.0,3382000000.0,3641000000,337000000,333000000.0,0,0.0,0.0,969000000.0,1302000000.0,0.319,1302000000.0,969000000.0,749000000.0,0.77,0.765,0.77,3026000000,2871000000.0,3026000000,10621366677,11.0,8.158,646000000.0,1.045,1.0,1697000000.0,0.416,6377000000,220000000.0,4118000000,4432750000.0,0,0,0.0,0.0,5352000000,1161000000.0,4191000000.0,7343366677,95000000.0,-57000000.0,-130000000.0,-475000000.0,0.0,-1422000000.0,673000000.0,0.0,844000000.0,0.0,476000000.0,476000000.0,476000000.0,-3000000.0,0.0,0.117,751000000.0,946000000.0,565000000,0.0,2.427,15.427,15.653,293000000,0.0,12.053,1.801,1.827,554000000,4371000000,4077000000.0,4077000000.0,0.0,0.053,0.166,0.219,0.238,36000000.0,751000000.0,1.0,609281616,618000000,621600000.0,6.597,2001000000,46000000,273000000.0,580000000,3.238,116000000.0
12,FISV,ARY,2008-12-31,2009-02-27,2008-12-31,2021-07-28,-120000000,9331000000,9885250000.0,2145000000.0,7186000000.0,0.479,4.003,-199000000.0,232000000,232000000,3016000000.0,569000000.0,1.048,2.597,4105000000,255000000.0,3850000000.0,4105000000,338000000,362000000.0,0,0.0,0.0,1108000000.0,1470000000.0,0.31,1470000000.0,1108000000.0,848000000.0,0.877,0.873,0.877,2594000000,2727250000.0,2594000000,8961733603,8.0,6.096,255000000.0,0.394,1.0,1723000000.0,0.364,6530000000,260000000.0,4627000000,4949750000.0,0,0,0.0,0.0,6737000000,2047000000.0,4690000000.0,5088733603,-178000000.0,413000000.0,-441000000.0,-1303000000.0,0.0,-1669000000.0,1037000000.0,0.0,454000000.0,0.0,569000000.0,569000000.0,569000000.0,-223000000.0,0.0,0.12,833000000.0,890000000.0,101000000,0.0,1.962,8.943,9.299,303000000,0.0,8.155,1.074,1.115,601000000,3895000000,4739000000.0,4739000000.0,0.0,0.058,0.209,0.224,0.234,32000000.0,833000000.0,1.0,624001668,648000000,652400000.0,7.313,2801000000,71000000,279000000.0,530000000,4.323,98000000.0
13,FISV,ARY,2007-12-31,2008-02-28,2007-12-31,2021-07-28,-41000000,11846000000,7735092750.0,4204000000.0,7642000000.0,0.507,3.702,-160000000.0,297000000,297000000,2637000000.0,439000000.0,1.12,3.802,5405000000,510000000.0,4895000000.0,5405000000,351000000,193000000.0,0,0.0,0.0,768000000.0,961000000.0,0.245,961000000.0,768000000.0,692000000.0,0.66,0.65,0.66,2467000000,2417661000.0,2467000000,13800680846,18.0,14.361,503000000.0,0.755,1.0,1285000000.0,0.328,7141000000,76000000.0,6059000000,3165822000.0,0,0,0.0,0.0,9379000000,3754000000.0,5625000000.0,8692680846,274000000.0,-4333000000.0,-419000000.0,4461000000.0,0.0,3965000000.0,-4354000000.0,19000000.0,663000000.0,0.0,439000000.0,439000000.0,439000000.0,-31000000.0,0.0,0.112,555000000.0,730000000.0,182000000,0.0,3.524,19.801,20.027,372000000,0.0,13.217,2.216,2.246,840000000,3326000000,3922000000.0,3922000000.0,0.0,0.057,0.182,0.243,0.196,11000000.0,555000000.0,1.0,657664524,666400000,675200000.0,5.885,4705000000,71000000,253000000.0,571000000,7.06,450000000.0
14,FISV,ARY,2006-12-31,2007-02-28,2006-12-31,2021-07-28,-131000,6207923000,6233332500.0,,,0.729,3.465,-187488000.0,185328000,185328000,3210516000.0,449914000.0,,1.559,747256000,,,747256000,263236000,199106000.0,1986315000,0.0,0.0,757969000.0,957075000.0,0.211,957075000.0,757969000.0,716974000.0,0.642,0.632,0.642,2425622000,2412892500.0,2425622000,9596320275,13.0,10.027,447474000.0,0.639,1.0,1333635000.0,0.293,2977896000,40995000.0,3791955000,3891718500.0,0,2019197000,,,3782301000,,,9034392275,857000.0,-181044000.0,-523834000.0,138672000.0,0.0,-373017000.0,-261088000.0,107444000.0,634962000.0,0.0,449914000.0,449914000.0,449914000.0,-6689000.0,0.0,0.099,589354000.0,744281000.0,229025000,0.0,3.725,20.08,20.623,248040000,0.0,13.24,1.988,2.039,601226000,2886891000,4544151000.0,4544151000.0,0.0,0.072,0.186,0.195,0.167,17350000.0,589354000.0,1.0,682355912,699956000,710116000.0,6.492,3230027000,0,267060000.0,181491000,4.615,
15,FISV,ARY,2005-12-31,2006-03-15,2005-12-31,2021-07-28,1321000,6039516000,6149346750.0,,,0.66,3.265,-164951000.0,184471000,184471000,2797955000.0,516438000.0,,1.449,595385000,,,595385000,240105000,179179000.0,1960626000,0.0,0.0,850860000.0,1030039000.0,0.254,1030039000.0,850860000.0,823032000.0,0.685,0.675,0.685,2465740000,2527773250.0,2465740000,8004677736,9.0,7.771,425865000.0,0.564,1.0,1261523000.0,0.311,2843310000,27828000.0,3607120000,3701909750.0,0,2126538000,,,3573776000,,,7593763736,-331656000.0,-227394000.0,-620446000.0,-10164000.0,0.0,-460023000.0,-465904000.0,-104810000.0,590816000.0,0.0,516438000.0,516438000.0,516438000.0,-5081000.0,0.0,0.127,516127000.0,745396000.0,241751000,0.0,3.08,14.704,15.489,226013000,0.0,10.61,1.871,1.974,553402000,2436977000,4059478000.0,4059478000.0,0.0,0.084,0.204,0.23,0.21,0.0,516127000.0,1.0,715717600,755228000,763868000.0,5.375,3196206000,0,306594000.0,170258000,4.232,
16,FISV,ARY,2004-12-31,2005-02-25,2004-12-31,2021-07-28,26695000,8383349000,8142202000.0,,,0.458,3.288,-161093000.0,516127000,516127000,2351539000.0,377642000.0,,2.269,605327000,,,605327000,226080000,185363000.0,1829639000,0.0,0.0,649012000.0,834375000.0,0.224,834375000.0,649012000.0,624110000.0,0.485,0.477,0.485,2564422000,2452325000.0,2564422000,7433232114,11.0,8.909,537290000.0,0.689,1.0,1378207000.0,0.37,2378796000,24902000.0,6093753000,6028244250.0,0,1984536000,,,5818927000,,,7344032114,353459000.0,-64896000.0,-33678000.0,-192940000.0,0.0,20323000.0,-365247000.0,-139258000.0,698383000.0,0.0,377642000.0,377642000.0,377642000.0,17256000.0,0.0,0.101,718647000.0,659560000.0,202616000,0.0,2.864,19.447,19.588,213799000,0.0,9.5,1.969,1.987,437764000,1920539000,3729746000.0,3729746000.0,0.0,0.046,0.154,0.108,0.174,0.0,533284000.0,1.0,773056012,779924000,789148000.0,4.782,6004553000,0,246468000.0,179285000,7.699,
17,FISV,ARY,2003-12-31,2004-02-27,2003-12-31,2021-07-28,17345000,7214175000,6875956500.0,,,0.441,2.846,-143242000.0,202768000,202768000,1813471000.0,315012000.0,,2.279,838116000,,,838116000,208996000,171791000.0,1582698000,0.0,0.0,539308000.0,711099000.0,0.234,711099000.0,539308000.0,516413000.0,0.407,0.403,0.407,2199808000,2063713250.0,2199808000,8139320810,15.0,11.446,374859000.0,0.485,1.0,1220199000.0,0.402,2423067000,22895000.0,5426456000,5289522750.0,0,1904161000,,,5014367000,,,7503972810,-24471000.0,-735917000.0,18585000.0,254794000.0,0.0,148619000.0,-691191000.0,187968000.0,518101000.0,0.0,315012000.0,315012000.0,315012000.0,0.0,0.0,0.104,688231000.0,531968000.0,1965947000,0.0,3.411,23.821,23.686,206076000,0.0,9.64,2.474,2.456,2357935000,1542897000,3033670000.0,3033670000.0,0.0,0.046,0.153,0.102,0.178,0.0,516440000.0,1.0,778420416,772960000,783748000.0,3.925,4791108000,0,201401000.0,114845000,6.198,
18,FISV,ARY,2002-12-31,2003-02-28,2002-12-31,2021-07-28,23882000,6438705000,5791946500.0,,,0.444,2.387,-141880000.0,227239000,227239000,1546843000.0,266137000.0,,2.523,582824000,,,582824000,181173000,141114000.0,1707458000,0.0,0.0,454048000.0,595162000.0,0.232,595162000.0,454048000.0,436290000.0,0.347,0.343,0.347,1827669000,1759987500.0,1827669000,6480117487,14.0,10.888,434938000.0,0.568,1.0,1022044000.0,0.398,1672487000,17758000.0,5121803000,4689926250.0,0,2115778000,,,4611036000,,,6124532487,91151000.0,-406578000.0,-22158000.0,127287000.0,0.0,366013000.0,-851680000.0,-303222000.0,576818000.0,0.0,266137000.0,266137000.0,266137000.0,0.0,0.0,0.104,579005000.0,443039000.0,1789129000,0.0,3.351,23.013,22.983,223070000,0.0,7.975,2.384,2.377,2080249000,1227885000,2568887000.0,2568887000.0,0.0,0.046,0.151,0.097,0.177,0.0,437891000.0,1.0,767966456,765544000,779804000.0,3.356,4766218000,0,170153000.0,69838000,6.226,
19,FISV,ARY,2001-12-31,2002-02-27,2001-12-31,2021-07-28,76216000,5322242000,5284625250.0,,,0.358,2.146,-67974000.0,136088000,136088000,1048139000.0,208217000.0,,2.316,455893000,,,455893000,171101000,112233000.0,1420956000,0.0,0.0,359101000.0,471334000.0,0.249,471334000.0,359101000.0,347028000.0,0.278,0.273,0.278,1604826000,1428271000.0,1604826000,8248394517,23.0,17.5,374161000.0,0.5,1.0,842328000.0,0.446,1207072000,12073000.0,4434975000,4507557750.0,0,1885063000,,,3717416000,,,7928589517,37232000.0,-224842000.0,15053000.0,86762000.0,0.0,-2881000.0,-402022000.0,-72571000.0,442135000.0,0.0,208217000.0,208217000.0,208217000.0,0.0,0.0,0.11,488631000.0,353697000.0,1372782000,0.0,4.94,38.078,37.419,247748000,0.0,10.402,4.194,4.114,1738268000,961748000,1890467000.0,1890467000.0,0.0,0.039,0.146,0.08,0.19,0.0,377570000.0,1.0,762181160,747716000,766336000.0,2.528,4115170000,0,138811000.0,54780000,5.504,
20,FISV,ARY,2000-12-31,2001-02-27,2000-12-31,2021-07-28,78869000,5586320000,5985054000.0,,,0.276,1.694,-72979000.0,98856000,98856000,907828000.0,177021000.0,,3.462,354683000,,,354683000,156668000,112959000.0,1525652000,0.0,0.0,322124000.0,435083000.0,0.263,435083000.0,322124000.0,300035000.0,0.24,0.233,0.24,1252072000,1197798000.0,1252072000,6599053505,20.0,15.167,511489000.0,0.692,1.0,745778000.0,0.451,935002000,22089000.0,4907145000,5635908000.0,0,282256000,,,4334248000,,,6343226505,18302000.0,-88764000.0,10692000.0,-353520000.0,0.0,-507141000.0,-59025000.0,136726000.0,584468000.0,0.0,177021000.0,177021000.0,177021000.0,0.0,0.0,0.107,431472000.0,314306000.0,2057956000,0.0,5.066,35.833,35.507,205555000,0.0,8.522,3.836,3.809,2458931000,753531000,1653606000.0,1653606000.0,0.0,0.03,0.148,0.057,0.195,0.0,316638000.0,1.0,744364542,739152000,759216000.0,2.237,4651318000,0,123014000.0,57199000,6.293,
21,FISV,ARY,1999-12-31,2000-02-28,1999-12-31,2021-07-28,125026000,5307710000,5037635000.0,,,0.279,1.477,-69697000.0,80554000,80554000,788389000.0,137868000.0,,3.865,707174000,,,707174000,131476000,86313000.0,1298120000,0.0,0.0,253085000.0,339398000.0,0.241,339398000.0,253085000.0,233675000.0,0.187,0.182,0.187,1091016000,1033101250.0,1091016000,3922583937,15.0,11.557,108140000.0,0.146,1.0,619156000.0,0.44,877334000,19410000.0,5056996000,4774292500.0,0,335573000,,,4216694000,,,3295963937,8996000.0,-210587000.0,-22800000.0,169959000.0,0.0,346506000.0,-515347000.0,-209011000.0,177837000.0,0.0,137868000.0,137868000.0,137868000.0,0.0,0.0,0.098,366071000.0,253085000.0,1830782000,0.0,3.021,23.907,23.957,195333000,0.0,4.48,2.342,2.352,2431418000,576510000,1407545000.0,1407545000.0,0.0,0.027,0.133,0.053,0.18,0.0,272616000.0,1.0,735706236,738858000,760074000.0,1.905,4430376000,0,95807000.0,72699000,5.996,
22,FISV,ARY,1998-12-31,1999-02-23,1998-12-31,2021-07-28,39875000,3958338000,3876789500.0,,,0.318,1.202,-77542000.0,71558000,71558000,692392000.0,114274000.0,,3.469,427972000,,,427972000,107286000,76451000.0,1098773000,0.0,0.0,209639000.0,286090000.0,0.232,286090000.0,209639000.0,193684000.0,0.156,0.15,0.156,885797000,817957750.0,885797000,4172143969,20.0,14.583,172274000.0,0.234,1.0,541278000.0,0.439,680975000,15955000.0,3633777000,3605473500.0,0,180099000,,,3072541000,,,3815729969,-17819000.0,-217792000.0,-37389000.0,79835000.0,0.0,58478000.0,-326113000.0,-30779000.0,249816000.0,0.0,114274000.0,114274000.0,114274000.0,0.0,0.0,0.093,331639000.0,209639000.0,1273223000,0.0,4.308,33.391,33.12,179434000,0.0,5.167,3.093,3.088,1649501000,438642000,1233670000.0,1233670000.0,0.0,0.029,0.14,0.058,0.17,0.0,259126000.0,1.0,738528381,737235000,762921000.0,1.673,3277363000,14545000,79410000.0,14768000,4.445,
23,FISV,ARY,1997-12-31,1998-02-20,1997-12-31,2021-07-28,16442000,3636491000,,,,,1.096,-39765000.0,89377000,89377000,555451000.0,90800000.0,,3.727,347006000,,,347006000,67569000,63186000.0,1082740000,0.0,0.0,165777000.0,228963000.0,0.235,228963000.0,165777000.0,153899000.0,0.13,0.126,0.13,769255000,,769255000,3119639071,19.0,13.625,129793000.0,0.185,1.0,418981000.0,0.43,478869000,11878000.0,3415251000,,0,125999000,,,2867236000,,,2862010071,-11905000.0,-65017000.0,10040000.0,-31096000.0,0.0,91131000.0,-272594000.0,-167812000.0,169558000.0,0.0,90800000.0,90800000.0,90800000.0,0.0,0.0,0.093,253204000.0,165777000.0,1238105000,0.0,3.72,31.52,30.342,149055000,0.0,3.944,2.937,2.842,1583940000,324489000,974432000.0,974432000.0,0.0,,,,0.17,0.0,189982000.0,1.0,725580018,702121500,722628000.0,1.388,3157622000,35233000,63099000.0,8436000,4.497,
0,FISV,ARQ,2021-06-30,2021-07-28,2021-06-30,2021-07-28,-323000000,75776000000,,17727000000.0,58049000000.0,,47.903,-260000000.0,841000000,841000000,1967000000.0,284000000.0,1.028,1.352,20843000000,418000000.0,20425000000.0,20843000000,524000000,813000000.0,0,0.0,0.0,672000000.0,1485000000.0,0.367,1485000000.0,672000000.0,497000000.0,0.41,0.4,0.41,31793000000,,31793000000,95943636716,43.0,17.777,801000000.0,1.207,1.0,2084000000.0,0.514,51379000000,175000000.0,27148000000,,0,2590000000,0.0,2590000000.0,42983000000,17251000000.0,25732000000.0,75941636716,11000000.0,-212000000.0,-602000000.0,-426000000.0,0.0,-1066000000.0,10000000.0,464000000.0,1061000000.0,6000000.0,269000000.0,269000000.0,269000000.0,0.0,15000000.0,0.066,1440000000.0,644000000.0,3364000000,0.0,2.389,66.791,67.858,1650000000,0.0,114.68,4.924,4.935,2663000000,14014000000,4051000000.0,4051000000.0,0.0,,,,,61000000.0,1440000000.0,1.0,662204715,663700000,672700000.0,6.104,24397000000,0,228000000.0,4324000000,36.759,476000000.0
1,FISV,ARQ,2021-03-31,2021-04-28,2021-03-31,2021-07-28,-536000000,74840000000,,16440000000.0,58400000000.0,,47.638,-234000000.0,831000000,831000000,1907000000.0,318000000.0,1.034,1.318,21204000000,366000000.0,20838000000.0,21204000000,555000000,797000000.0,0,0.0,0.0,498000000.0,1295000000.0,0.345,1295000000.0,498000000.0,322000000.0,0.45,0.45,0.45,31851000000,,31851000000,102665677126,60.0,21.047,718000000.0,1.074,1.0,1848000000.0,0.492,51375000000,176000000.0,27933000000,,0,3037000000,0.0,3037000000.0,41995000000,15905000000.0,26090000000.0,82292677126,-75000000.0,-281000000.0,-699000000.0,401000000.0,0.0,-311000000.0,-708000000.0,-227000000.0,952000000.0,-8000000.0,304000000.0,304000000.0,304000000.0,0.0,14000000.0,0.081,1373000000.0,475000000.0,3243000000,0.0,2.584,94.589,96.422,1646000000,0.0,123.42,5.546,5.561,2617000000,13745000000,3755000000.0,3755000000.0,0.0,,,,,66000000.0,1373000000.0,1.0,666769382,668600000,679900000.0,5.616,23465000000,0,18000000.0,4289000000,35.096,535000000.0
2,FISV,ARQ,2020-12-31,2021-02-26,2020-12-31,2021-07-28,-387000000,74619000000,,16219000000.0,58400000000.0,,48.211,-211000000.0,906000000,906000000,1857000000.0,313000000.0,1.037,1.277,20684000000,384000000.0,20300000000.0,20684000000,546000000,774000000.0,0,0.0,0.0,494000000.0,1268000000.0,0.331,1268000000.0,494000000.0,320000000.0,0.44,0.44,0.44,32330000000,,32330000000,97013586009,52.0,19.124,975000000.0,1.454,1.0,1975000000.0,0.515,51680000000,174000000.0,27080000000,,0,2756000000,0.0,2756000000.0,41290000000,15637000000.0,25653000000.0,77235586009,-32000000.0,-1000000.0,-189000000.0,-817000000.0,0.0,-1051000000.0,-187000000.0,-1000000.0,1186000000.0,20000000.0,300000000.0,300000000.0,300000000.0,0.0,13000000.0,0.078,1459000000.0,516000000.0,3186000000,0.0,2.389,80.622,81.246,1628000000,0.0,115.37,5.2,5.221,2482000000,13441000000,3832000000.0,3832000000.0,0.0,,,,,83000000.0,1459000000.0,1.0,669459877,670600000,681300000.0,5.714,22939000000,0,20000000.0,4389000000,34.207,582000000.0
3,FISV,ARQ,2020-09-30,2020-10-28,2020-09-30,2021-07-28,-831000000,72372000000,,14025000000.0,58347000000.0,,47.316,-201000000.0,937000000,937000000,1868000000.0,276000000.0,1.057,1.252,21259000000,365000000.0,20894000000.0,21259000000,451000000,787000000.0,0,0.0,0.0,562000000.0,1349000000.0,0.356,1349000000.0,562000000.0,388000000.0,0.39,0.39,0.39,31692000000,,31692000000,83021354091,45.0,16.314,841000000.0,1.256,1.0,1918000000.0,0.507,51557000000,174000000.0,27874000000,,0,2772000000,0.0,2772000000.0,39683000000,13263000000.0,26420000000.0,62699354091,44000000.0,-7000000.0,-16000000.0,-802000000.0,0.0,-826000000.0,-180000000.0,0.0,1042000000.0,8000000.0,264000000.0,264000000.0,264000000.0,0.0,12000000.0,0.07,1376000000.0,542000000.0,3044000000,0.0,1.978,69.281,72.496,1630000000,0.0,93.52,4.162,4.158,2323000000,13141000000,3786000000.0,3786000000.0,0.0,,,,,84000000.0,1412000000.0,1.0,670437918,669800000,680300000.0,5.652,20815000000,0,124000000.0,4532000000,31.076,762000000.0
4,FISV,ARQ,2020-06-30,2020-08-06,2020-06-30,2021-07-28,-644000000,77093000000,,17482000000.0,59611000000.0,,47.139,-242000000.0,869000000,869000000,1920000000.0,9000000.0,1.043,1.387,21874000000,359000000.0,21515000000.0,21874000000,481000000,817000000.0,0,0.0,0.0,149000000.0,966000000.0,0.279,966000000.0,149000000.0,-25000000.0,0.0,0.0,0.0,31583000000,,31583000000,89563762188,52.0,18.951,789000000.0,1.178,1.0,1545000000.0,0.446,52724000000,174000000.0,28614000000,,0,2763000000,0.0,2763000000.0,43807000000,16760000000.0,27047000000.0,68558762188,-27000000.0,-26000000.0,-566000000.0,-223000000.0,0.0,-825000000.0,-238000000.0,0.0,1031000000.0,5000000.0,2000000.0,2000000.0,2000000.0,0.0,7000000.0,0.001,1377000000.0,168000000.0,2933000000,,2.171,81.715,82.565,1688000000,0.0,102.38,4.759,4.761,2512000000,12877000000,3465000000.0,3465000000.0,0.0,,,,,94000000.0,1377000000.0,1.0,669649953,670000000,680800000.0,5.172,24369000000,0,-27000000.0,4481000000,36.372,722000000.0
5,FISV,ARQ,2020-03-31,2020-05-08,2020-03-31,2021-07-28,-811000000,72598000000,,12933000000.0,59665000000.0,,46.959,-246000000.0,896000000,896000000,2167000000.0,377000000.0,1.067,1.226,21968000000,338000000.0,21630000000.0,21968000000,506000000,832000000.0,0,0.0,0.0,658000000.0,1490000000.0,0.395,1490000000.0,658000000.0,471000000.0,0.58,0.57,0.58,31843000000,,31843000000,91220562963,48.0,21.449,642000000.0,0.947,1.0,1602000000.0,0.425,52699000000,187000000.0,28852000000,,0,2814000000,0.0,2814000000.0,39052000000,12119000000.0,26933000000.0,70148562963,1000000.0,474000000.0,-922000000.0,-201000000.0,0.0,-1134000000.0,264000000.0,0.0,888000000.0,-17000000.0,392000000.0,392000000.0,392000000.0,0.0,-15000000.0,0.104,973000000.0,629000000.0,2875000000,0.0,2.203,66.178,57.89,1708000000,0.0,104.78,5.633,5.705,2582000000,12875000000,3769000000.0,3769000000.0,0.0,,,,,108000000.0,1404000000.0,1.0,669484281,678100000,691200000.0,5.558,19899000000,0,79000000.0,4227000000,29.345,814000000.0
6,FISV,ARQ,2019-12-31,2020-02-27,2019-12-31,2021-07-28,-180000000,77539000000,,17046000000.0,60493000000.0,,64.374,-290000000.0,893000000,893000000,2109000000.0,241000000.0,1.084,1.294,21899000000,287000000.0,21612000000.0,21899000000,492000000,789000000.0,0,0.0,0.0,495000000.0,1284000000.0,0.317,1284000000.0,495000000.0,301000000.0,0.32,0.32,0.32,32979000000,,32979000000,94715381907,61.0,29.46,888000000.0,1.733,1.0,1936000000.0,0.479,53680000000,194000000.0,29138000000,,0,2720000000,0.0,2720000000.0,42682000000,15727000000.0,26955000000.0,73709381907,-137000000.0,11000000.0,-250000000.0,-817000000.0,0.0,-1160000000.0,-160000000.0,-41000000.0,1178000000.0,5000000.0,247000000.0,247000000.0,247000000.0,0.0,-6000000.0,0.061,1448000000.0,488000000.0,3080000000,0.0,2.235,82.541,62.379,1606000000,0.0,108.54,7.236,5.458,2782000000,12528000000,4045000000.0,4045000000.0,0.0,,,,,108000000.0,1463000000.0,1.0,679098783,512300000,522600000.0,7.896,23859000000,0,54000000.0,4247000000,46.572,1319000000.0
7,FISV,ARQ,2019-09-30,2019-11-07,2019-09-30,2021-07-28,-379000000,77864000000,,17991000000.0,59873000000.0,,55.864,-221000000.0,1028000000,1028000000,1617000000.0,225000000.0,1.08,1.347,22491000000,368000000.0,22123000000.0,22491000000,412000000,571000000.0,0,0.0,0.0,415000000.0,986000000.0,0.315,986000000.0,415000000.0,251000000.0,0.34,0.33,0.34,32669000000,,32669000000,96013486860,64.0,38.116,817000000.0,1.397,1.0,1511000000.0,0.483,53254000000,164000000.0,29412000000,,0,2618000000,0.0,2618000000.0,44012000000,16661000000.0,27351000000.0,74550486860,-7371000000.0,-16029000000.0,-26000000.0,7845000000.0,0.0,7768000000.0,-16173000000.0,-1000000.0,1038000000.0,-4000000.0,198000000.0,198000000.0,198000000.0,0.0,27000000.0,0.063,1137000000.0,374000000.0,2901000000,0.0,2.282,79.99,49.615,1639000000,0.0,109.65,9.691,8.335,2653000000,12281000000,3128000000.0,3128000000.0,0.0,,,,,87000000.0,1137000000.0,1.0,679895001,584800000,596900000.0,5.349,24610000000,0,53000000.0,4110000000,42.083,1330000000.0
8,FISV,ARQ,2019-06-30,2019-07-26,2019-06-30,2021-07-28,-193000000,19640000000,,10209000000.0,9431000000.0,,6.487,-112000000.0,8441000000,8441000000,785000000.0,223000000.0,4.97,6.714,13756000000,9000000.0,13747000000.0,13756000000,360000000,146000000.0,0,0.0,0.0,347000000.0,493000000.0,0.326,493000000.0,347000000.0,283000000.0,0.57,0.56,0.57,2546000000,,2546000000,45516122146,32.0,22.522,94000000.0,0.239,1.0,727000000.0,0.481,7804000000,64000000.0,15097000000,,0,0,0.0,0.0,17094000000,2054000000.0,15040000000.0,40201122146,7989000000.0,8000000.0,22000000.0,7861000000.0,0.0,7883000000.0,-100000000.0,-3000000.0,206000000.0,0.0,223000000.0,223000000.0,223000000.0,0.0,0.0,0.147,343000000.0,384000000.0,1685000000,0.0,15.79,41.833,42.099,418000000,0.0,102.3,6.726,6.718,989000000,12083000000,1512000000.0,1512000000.0,0.0,,,,,15000000.0,343000000.0,1.0,392972846,392500000,399600000.0,3.852,11836000000,0,60000000.0,713000000,30.155,8155000000.0
9,FISV,ARQ,2019-03-31,2019-05-01,2019-03-31,2021-07-28,-85000000,11676000000,,2275000000.0,9401000000.0,,6.112,-98000000.0,452000000,452000000,798000000.0,225000000.0,1.073,3.877,5875000000,7000000.0,5868000000.0,5875000000,395000000,145000000.0,0,0.0,0.0,315000000.0,460000000.0,0.306,460000000.0,315000000.0,256000000.0,0.58,0.56,0.58,2394000000,,2394000000,39145355279,27.0,19.264,275000000.0,0.702,1.0,704000000.0,0.469,7820000000,59000000.0,7159000000,,0,0,0.0,0.0,9282000000,2120000000.0,7162000000.0,33722355279,37000000.0,56000000.0,-151000000.0,-149000000.0,0.0,-300000000.0,-36000000.0,0.0,373000000.0,0.0,225000000.0,225000000.0,225000000.0,0.0,0.0,0.15,341000000.0,363000000.0,1718000000,0.0,14.086,34.097,34.789,409000000,0.0,85.93,5.73,5.719,1044000000,11860000000,1502000000.0,1502000000.0,0.0,,,,,19000000.0,341000000.0,1.0,392439838,391700000,399100000.0,3.835,3856000000,0,31000000.0,745000000,9.844,155000000.0
10,FISV,ARQ,2018-12-31,2019-02-21,2018-12-31,2021-07-28,-67000000,11262000000,,2224000000.0,9038000000.0,,5.779,-97000000.0,415000000,415000000,822000000.0,286000000.0,1.106,3.911,5959000000,4000000.0,5955000000.0,5959000000,380000000,150000000.0,0,0.0,0.0,430000000.0,580000000.0,0.374,580000000.0,430000000.0,374000000.0,0.72,0.71,0.72,2293000000,,2293000000,38730995792,22.0,16.738,474000000.0,1.195,1.0,729000000.0,0.47,7845000000,56000000.0,6951000000,,0,0,0.0,0.0,8969000000,2010000000.0,6959000000.0,33186995792,-258000000.0,-712000000.0,-677000000.0,663000000.0,0.0,-23000000.0,-806000000.0,-3000000.0,571000000.0,0.0,286000000.0,286000000.0,286000000.0,0.0,0.0,0.184,71000000.0,658000000.0,1626000000,0.0,14.473,27.959,28.925,398000000,0.0,84.75,5.699,5.902,1049000000,11635000000,1551000000.0,1551000000.0,0.0,,,,,19000000.0,298000000.0,1.0,391586971,396800000,405000000.0,3.909,3417000000,0,88000000.0,745000000,8.611,214000000.0
11,FISV,ARQ,2018-09-30,2018-11-01,2018-09-30,2021-07-28,-79000000,10748000000,,2338000000.0,8410000000.0,,6.59,-94000000.0,673000000,673000000,749000000.0,227000000.0,1.008,3.039,5275000000,452000000.0,4823000000.0,5275000000,317000000,136000000.0,0,0.0,0.0,352000000.0,488000000.0,0.346,488000000.0,352000000.0,305000000.0,0.56,0.55,0.56,2661000000,,2661000000,34451445905,19.0,15.077,274000000.0,0.679,1.0,663000000.0,0.47,7252000000,47000000.0,5778000000,,0,0,0.0,0.0,8087000000,2320000000.0,5767000000.0,29849445905,325000000.0,0.0,-414000000.0,467000000.0,0.0,50000000.0,-93000000.0,2000000.0,368000000.0,0.0,227000000.0,227000000.0,227000000.0,0.0,0.0,0.161,305000000.0,358000000.0,1551000000,0.0,11.217,20.629,21.464,385000000,0.0,74.91,5.157,5.226,949000000,11349000000,1412000000.0,1412000000.0,0.0,,,,,18000000.0,305000000.0,1.0,398470777,403800000,412000000.0,3.497,3496000000,0,78000000.0,715000000,8.658,18000000.0
12,FISV,ARQ,2018-06-30,2018-08-01,2018-06-30,2021-07-28,-66000000,10218000000,,1804000000.0,8414000000.0,,6.978,-92000000.0,348000000,348000000,739000000.0,251000000.0,1.09,2.585,4806000000,1000000.0,4805000000.0,4806000000,352000000,136000000.0,0,0.0,0.0,368000000.0,504000000.0,0.355,504000000.0,368000000.0,323000000.0,0.61,0.6,0.61,2850000000,,2850000000,34722251006,19.0,15.236,142000000.0,0.348,1.0,681000000.0,0.48,7289000000,45000000.0,5732000000,,0,0,0.0,0.0,7368000000,1655000000.0,5713000000.0,30264251006,59000000.0,0.0,-381000000.0,201000000.0,0.0,-173000000.0,-95000000.0,-1000000.0,234000000.0,0.0,251000000.0,251000000.0,251000000.0,0.0,0.0,0.177,320000000.0,361000000.0,1302000000,0.0,10.619,20.843,21.477,374000000,0.0,74.74,5.24,5.285,932000000,11122000000,1420000000.0,1420000000.0,0.0,,,,,17000000.0,320000000.0,1.0,404927094,408400000,416400000.0,3.477,2929000000,0,72000000.0,692000000,7.172,149000000.0
13,FISV,ARQ,2018-03-31,2018-05-02,2018-03-31,2021-07-28,-56000000,10167000000,,1768000000.0,8399000000.0,,7.192,-77000000.0,382000000,382000000,759000000.0,423000000.0,1.051,2.422,4604000000,1000000.0,4603000000.0,4604000000,379000000,134000000.0,0,0.0,0.0,608000000.0,742000000.0,0.515,742000000.0,608000000.0,563000000.0,1.02,1.0,1.02,2971000000,,2971000000,32485419819,18.0,14.387,295000000.0,0.714,1.0,681000000.0,0.473,7309000000,45000000.0,5397000000,,0,0,0.0,0.0,7196000000,1683000000.0,5513000000.0,28263419819,7000000.0,419000000.0,-399000000.0,-297000000.0,0.0,-696000000.0,381000000.0,-1000000.0,372000000.0,0.0,423000000.0,423000000.0,423000000.0,0.0,0.0,0.294,305000000.0,376000000.0,1303000000,0.0,9.513,19.876,20.333,375000000,0.0,69.03,4.922,4.966,878000000,10871000000,1440000000.0,1440000000.0,0.0,,,,,19000000.0,305000000.0,1.0,409436764,413100000,421600000.0,3.486,2858000000,0,140000000.0,693000000,6.918,85000000.0
14,FISV,ARQ,2017-12-31,2018-02-22,2017-12-31,2021-07-28,-54000000,10289000000,,1975000000.0,8314000000.0,,6.562,-79000000.0,325000000,325000000,778000000.0,546000000.0,1.019,2.767,4900000000,3000000.0,4897000000.0,4900000000,552000000,111000000.0,0,0.0,0.0,440000000.0,551000000.0,0.363,551000000.0,440000000.0,395000000.0,1.3,1.275,1.3,2731000000,,2731000000,33936043553,21.0,16.858,389000000.0,0.935,1.0,738000000.0,0.487,7472000000,45000000.0,5454000000,,0,0,0.0,0.0,7558000000,1938000000.0,5620000000.0,29361043553,-19000000.0,-3000000.0,-194000000.0,-211000000.0,0.0,-405000000.0,-82000000.0,0.0,468000000.0,0.0,546000000.0,546000000.0,546000000.0,-14000000.0,0.0,0.36,313000000.0,425000000.0,1383000000,0.0,10.751,23.564,24.086,390000000,0.0,71.055,5.155,5.267,997000000,10240000000,1516000000.0,1516000000.0,0.0,,,,,15000000.0,313000000.0,1.0,413215728,416200000,424600000.0,3.642,2817000000,0,-151000000.0,552000000,6.768,37000000.0
15,FISV,ARQ,2017-09-30,2017-11-01,2017-09-30,2021-07-28,-55000000,10199000000,,1870000000.0,8329000000.0,,5.593,-72000000.0,325000000,325000000,746000000.0,232000000.0,1.011,3.34,5111000000,93000000.0,5018000000.0,5111000000,451000000,107000000.0,0,0.0,0.0,375000000.0,482000000.0,0.344,482000000.0,375000000.0,330000000.0,0.55,0.54,0.55,2350000000,,2350000000,30944291935,20.0,15.926,252000000.0,0.6,1.0,654000000.0,0.467,7500000000,45000000.0,5635000000,,0,0,0.0,0.0,7849000000,1850000000.0,5999000000.0,26158291935,26000000.0,-305000000.0,-285000000.0,368000000.0,0.0,83000000.0,-381000000.0,-10000000.0,324000000.0,0.0,232000000.0,232000000.0,232000000.0,0.0,0.0,0.166,284000000.0,370000000.0,1306000000,0.0,11.131,28.588,29.259,385000000,0.0,62.76,4.662,4.7,898000000,9694000000,1400000000.0,1400000000.0,0.0,,,,,15000000.0,284000000.0,1.0,416798788,420200000,429000000.0,3.332,2699000000,0,98000000.0,815000000,6.423,20000000.0
16,FISV,ARQ,2017-06-30,2017-08-02,2017-06-30,2021-07-28,-59000000,9685000000,,1632000000.0,8053000000.0,,5.644,-60000000.0,299000000,299000000,748000000.0,221000000.0,0.956,3.051,4741000000,95000000.0,4646000000.0,4741000000,464000000,109000000.0,0,0.0,0.0,374000000.0,483000000.0,0.348,483000000.0,374000000.0,330000000.0,0.525,0.51,0.525,2391000000,,2391000000,30533412994,20.0,15.788,168000000.0,0.397,1.0,638000000.0,0.46,7242000000,44000000.0,5178000000,,0,0,0.0,0.0,7294000000,1707000000.0,5587000000.0,26091412994,-9000000.0,19000000.0,-290000000.0,93000000.0,0.0,-197000000.0,-40000000.0,0.0,228000000.0,0.0,221000000.0,221000000.0,221000000.0,0.0,0.0,0.159,276000000.0,362000000.0,1148000000,0.0,10.912,29.087,29.729,396000000,0.0,61.985,4.667,4.696,845000000,9462000000,1386000000.0,1386000000.0,0.0,,,,,17000000.0,276000000.0,1.0,420931080,423600000,432600000.0,3.272,2443000000,0,109000000.0,773000000,5.767,-75000000.0
17,FISV,ARQ,2017-03-31,2017-04-27,2017-03-31,2021-07-28,-67000000,9696000000,,1615000000.0,8081000000.0,,5.65,-76000000.0,308000000,308000000,752000000.0,247000000.0,0.902,3.0,4638000000,91000000.0,4547000000.0,4638000000,494000000,106000000.0,0,0.0,0.0,391000000.0,497000000.0,0.357,497000000.0,391000000.0,349000000.0,0.575,0.565,0.575,2424000000,,2424000000,29791996142,20.0,15.557,387000000.0,0.902,1.0,642000000.0,0.461,7270000000,42000000.0,4966000000,,0,0,0.0,0.0,7272000000,1790000000.0,5482000000.0,25461996142,8000000.0,-78000000.0,-376000000.0,75000000.0,0.0,-301000000.0,-154000000.0,0.0,463000000.0,0.0,247000000.0,247000000.0,247000000.0,0.0,0.0,0.177,277000000.0,365000000.0,1205000000,0.0,10.504,28.673,29.457,400000000,0.0,59.945,4.573,4.619,861000000,9241000000,1394000000.0,1394000000.0,0.0,,,,,16000000.0,277000000.0,1.0,424755962,429000000,438400000.0,3.249,2426000000,0,102000000.0,767000000,5.655,-175000000.0
18,FISV,ARQ,2016-12-31,2017-02-23,2016-12-31,2021-07-28,-76000000,9743000000,,1728000000.0,8015000000.0,,5.871,-67000000.0,300000000,300000000,761000000.0,215000000.0,0.949,2.834,4562000000,95000000.0,4467000000.0,4562000000,483000000,105000000.0,0,0.0,0.0,376000000.0,481000000.0,0.336,481000000.0,376000000.0,334000000.0,0.495,0.485,0.495,2541000000,,2541000000,28915397855,18.0,14.487,322000000.0,0.744,1.0,670000000.0,0.468,7206000000,42000000.0,4979000000,,0,0,0.0,0.0,7202000000,1820000000.0,5382000000.0,24653397855,-3000000.0,0.0,-261000000.0,-68000000.0,0.0,-324000000.0,-68000000.0,-1000000.0,389000000.0,0.0,215000000.0,215000000.0,215000000.0,0.0,0.0,0.15,295000000.0,375000000.0,1242000000,0.0,9.702,26.509,27.227,405000000,0.0,57.45,4.478,4.598,902000000,8994000000,1431000000.0,1431000000.0,0.0,,,,,9000000.0,295000000.0,1.0,429127900,432800000,440000000.0,3.306,2537000000,0,119000000.0,762000000,5.862,-92000000.0
19,FISV,ARQ,2016-09-30,2016-10-27,2016-09-30,2021-07-28,-69000000,9637000000,,1600000000.0,8037000000.0,,5.86,-78000000.0,303000000,303000000,737000000.0,214000000.0,1.034,2.751,4630000000,6000000.0,4624000000.0,4630000000,413000000,104000000.0,0,0.0,0.0,369000000.0,473000000.0,0.343,473000000.0,369000000.0,328000000.0,0.49,0.48,0.49,2569000000,,2569000000,25327296290,17.0,13.022,277000000.0,0.632,1.0,643000000.0,0.466,7243000000,41000000.0,5173000000,,0,0,0.0,0.0,7068000000,1548000000.0,5520000000.0,21000296290,40000000.0,0.0,-319000000.0,73000000.0,0.0,-237000000.0,-78000000.0,0.0,355000000.0,0.0,214000000.0,214000000.0,214000000.0,0.0,0.0,0.155,274000000.0,369000000.0,1129000000,0.0,8.175,23.23,23.889,403000000,0.0,48.375,3.859,3.897,830000000,8779000000,1380000000.0,1380000000.0,0.0,,,,,6000000.0,274000000.0,1.0,434114652,438400000,445400000.0,3.148,2394000000,0,114000000.0,742000000,5.461,52000000.0
20,FISV,ARQ,2016-06-30,2016-08-03,2016-06-30,2021-07-28,-74000000,9530000000,,1486000000.0,8044000000.0,,5.95,-73000000.0,263000000,263000000,727000000.0,212000000.0,1.023,2.607,4554000000,6000000.0,4548000000.0,4554000000,440000000,102000000.0,0,0.0,0.0,362000000.0,464000000.0,0.34,464000000.0,362000000.0,322000000.0,0.475,0.47,0.475,2642000000,,2642000000,27250693462,18.0,13.946,105000000.0,0.236,1.0,636000000.0,0.467,7273000000,40000000.0,5096000000,,0,0,0.0,0.0,6888000000,1452000000.0,5436000000.0,22959693462,-20000000.0,0.0,-257000000.0,102000000.0,0.0,-127000000.0,-71000000.0,0.0,178000000.0,0.0,212000000.0,212000000.0,212000000.0,0.0,0.0,0.156,274000000.0,362000000.0,1006000000,0.0,8.69,25.286,26.047,394000000,0.0,52.225,4.272,4.314,812000000,8565000000,1363000000.0,1363000000.0,0.0,,,,,-11000000.0,274000000.0,1.0,439630320,444000000,451200000.0,3.07,2257000000,0,110000000.0,734000000,5.083,34000000.0
21,FISV,ARQ,2016-03-31,2016-05-06,2016-03-31,2021-07-28,-69000000,9552000000,,1476000000.0,8076000000.0,,6.004,-72000000.0,283000000,283000000,734000000.0,289000000.0,0.957,2.559,4449000000,4000000.0,4445000000.0,4449000000,480000000,100000000.0,0,0.0,0.0,478000000.0,578000000.0,0.434,578000000.0,478000000.0,438000000.0,0.65,0.635,0.65,2684000000,,2684000000,26985941039,19.0,14.698,437000000.0,0.978,1.0,597000000.0,0.449,7289000000,40000000.0,4887000000,,0,0,0.0,0.0,6868000000,1542000000.0,5326000000.0,22819941039,8000000.0,-265000000.0,-329000000.0,156000000.0,0.0,-164000000.0,-337000000.0,0.0,509000000.0,0.0,289000000.0,289000000.0,289000000.0,0.0,0.0,0.217,258000000.0,339000000.0,1058000000,0.0,8.502,27.728,28.511,401000000,0.0,51.32,4.298,4.32,805000000,8353000000,1331000000.0,1331000000.0,0.0,,,,,13000000.0,258000000.0,1.0,444659802,447000000,454600000.0,2.978,2263000000,0,149000000.0,721000000,5.063,-66000000.0
22,FISV,ARQ,2015-12-31,2016-02-19,2015-12-31,2021-07-28,-74000000,9340000000,,1506000000.0,7834000000.0,,5.844,-67000000.0,275000000,275000000,763000000.0,189000000.0,1.003,2.511,4293000000,5000000.0,4288000000.0,4293000000,473000000,105000000.0,0,0.0,0.0,325000000.0,430000000.0,0.314,430000000.0,325000000.0,287000000.0,0.41,0.405,0.41,2660000000,,2660000000,25564890142,20.0,15.263,324000000.0,0.712,1.0,605000000.0,0.442,7072000000,38000000.0,4784000000,,0,0,0.0,0.0,6680000000,1502000000.0,5178000000.0,21546890142,-34000000.0,0.0,-445000000.0,80000000.0,0.0,-361000000.0,-64000000.0,0.0,391000000.0,0.0,189000000.0,189000000.0,189000000.0,0.0,0.0,0.138,276000000.0,329000000.0,1024000000,0.0,8.1,30.262,31.793,396000000,0.0,48.325,4.101,4.303,802000000,8064000000,1368000000.0,1368000000.0,0.0,,,,,10000000.0,276000000.0,1.0,445874602,455200000,463400000.0,3.005,2268000000,0,98000000.0,726000000,4.982,4000000.0
23,FISV,ARQ,2015-09-30,2015-10-28,2015-09-30,2021-07-28,-75000000,9387000000,,1531000000.0,7856000000.0,,6.159,-89000000.0,309000000,309000000,713000000.0,218000000.0,1.085,2.272,4235000000,5000000.0,4230000000.0,4235000000,400000000,106000000.0,0,0.0,0.0,376000000.0,482000000.0,0.367,482000000.0,376000000.0,335000000.0,0.47,0.46,0.47,2869000000,,2869000000,26000552647,21.0,15.588,266000000.0,0.571,1.0,600000000.0,0.457,7107000000,41000000.0,4795000000,,0,0,0.0,0.0,6518000000,1411000000.0,5107000000.0,22074552647,-221000000.0,0.0,-479000000.0,-3000000.0,0.0,-483000000.0,-93000000.0,1000000.0,355000000.0,0.0,218000000.0,218000000.0,218000000.0,0.0,0.0,0.166,258000000.0,342000000.0,1006000000,0.0,7.694,31.356,32.522,397000000,0.0,48.295,4.243,4.324,783000000,7875000000,1313000000.0,1313000000.0,0.0,,,,,10000000.0,258000000.0,1.0,457077392,465800000,474000000.0,2.819,2280000000,37000000,117000000.0,720000000,4.895,120000000.0
24,FISV,ARQ,2015-06-30,2015-07-30,2015-06-30,2021-07-28,-66000000,9588000000,,1714000000.0,7874000000.0,,6.645,-113000000.0,530000000,530000000,710000000.0,127000000.0,1.283,2.051,4236000000,5000000.0,4231000000.0,4236000000,433000000,104000000.0,0,0.0,0.0,242000000.0,346000000.0,0.267,346000000.0,242000000.0,193000000.0,0.27,0.265,0.27,3143000000,,3143000000,24250311288,19.0,14.375,141000000.0,0.298,1.0,588000000.0,0.453,7144000000,49000000.0,4814000000,,0,0,0.0,0.0,6445000000,1336000000.0,5109000000.0,20544311288,234000000.0,0.0,-224000000.0,288000000.0,0.0,93000000.0,-113000000.0,0.0,254000000.0,0.0,127000000.0,127000000.0,127000000.0,0.0,0.0,0.098,262000000.0,326000000.0,898000000,0.0,6.537,28.337,29.291,382000000,0.0,43.79,3.988,4.02,746000000,7657000000,1298000000.0,1298000000.0,0.0,,,,,-11000000.0,262000000.0,1.0,469155316,473000000,480800000.0,2.744,2444000000,40000000,66000000.0,712000000,5.167,378000000.0
25,FISV,ARQ,2015-03-31,2015-05-06,2015-03-31,2021-07-28,-71000000,9335000000,,1498000000.0,7837000000.0,,6.738,-90000000.0,296000000,296000000,723000000.0,178000000.0,0.998,1.901,3852000000,95000000.0,3757000000.0,3852000000,470000000,102000000.0,0,0.0,0.0,315000000.0,417000000.0,0.327,417000000.0,315000000.0,274000000.0,0.375,0.365,0.375,3218000000,,3218000000,22236245948,17.0,12.721,256000000.0,0.536,1.0,552000000.0,0.433,7178000000,41000000.0,4212000000,,0,0,0.0,0.0,6117000000,1501000000.0,4616000000.0,18680245948,2000000.0,0.0,-303000000.0,49000000.0,0.0,-254000000.0,-90000000.0,0.0,346000000.0,0.0,178000000.0,178000000.0,178000000.0,0.0,0.0,0.14,238000000.0,314000000.0,936000000,0.0,5.805,24.451,25.367,338000000,0.0,39.445,3.658,3.689,765000000,7530000000,1275000000.0,1275000000.0,0.0,,,,,18000000.0,238000000.0,1.0,473577030,477600000,486000000.0,2.67,2157000000,39000000,96000000.0,720000000,4.516,-3000000.0
26,FISV,ARQ,2014-12-31,2015-02-20,2014-12-31,2021-07-28,-63000000,9337000000,,1486000000.0,7851000000.0,,6.783,-67000000.0,294000000,294000000,752000000.0,181000000.0,1.0,1.834,3803000000,92000000.0,3711000000.0,3803000000,489000000,104000000.0,0,0.0,0.0,319000000.0,423000000.0,0.321,423000000.0,319000000.0,278000000.0,0.37,0.365,0.37,3295000000,,3295000000,22377667026,17.0,13.117,280000000.0,0.576,1.0,564000000.0,0.429,7212000000,41000000.0,4148000000,,0,0,0.0,0.0,6042000000,1486000000.0,4556000000.0,18868667026,-115000000.0,0.0,-349000000.0,-49000000.0,0.0,-395000000.0,-67000000.0,0.0,347000000.0,0.0,181000000.0,181000000.0,181000000.0,0.0,0.0,0.138,247000000.0,317000000.0,905000000,0.0,5.726,25.025,26.089,317000000,0.0,39.525,3.725,3.879,798000000,7352000000,1316000000.0,1316000000.0,0.0,,,,,12000000.0,247000000.0,1.0,477385630,485800000,494000000.0,2.709,2125000000,42000000,97000000.0,716000000,4.374,0.0
27,FISV,ARQ,2014-09-30,2014-10-29,2014-09-30,2021-07-28,-57000000,9438000000,,1579000000.0,7859000000.0,,6.991,-75000000.0,409000000,409000000,705000000.0,239000000.0,1.13,1.726,3848000000,92000000.0,3756000000.0,3848000000,419000000,101000000.0,0,0.0,0.0,400000000.0,501000000.0,0.397,501000000.0,400000000.0,359000000.0,0.48,0.475,0.48,3462000000,,3462000000,19953064023,15.0,11.356,315000000.0,0.636,1.0,558000000.0,0.442,7254000000,41000000.0,4226000000,,0,0,0.0,0.0,5976000000,1397000000.0,4579000000.0,16514064023,80000000.0,0.0,-244000000.0,0.0,0.0,-240000000.0,-70000000.0,7000000.0,390000000.0,0.0,239000000.0,239000000.0,239000000.0,0.0,0.0,0.189,243000000.0,315000000.0,886000000,0.0,4.77,20.799,21.626,304000000,0.0,33.845,3.294,3.343,748000000,7171000000,1263000000.0,1263000000.0,0.0,,,,,10000000.0,243000000.0,1.0,487932162,495200000,503600000.0,2.55,2184000000,41000000,120000000.0,693000000,4.41,182000000.0
28,FISV,ARQ,2014-06-30,2014-07-30,2014-06-30,2021-07-28,-49000000,9403000000,,1525000000.0,7878000000.0,,6.97,-80000000.0,329000000,329000000,703000000.0,166000000.0,1.115,1.706,3848000000,92000000.0,3756000000.0,3848000000,442000000,99000000.0,0,0.0,0.0,308000000.0,407000000.0,0.325,407000000.0,308000000.0,267000000.0,0.33,0.325,0.33,3475000000,,3475000000,19107662524,15.0,11.68,197000000.0,0.395,1.0,550000000.0,0.439,7287000000,41000000.0,4267000000,,0,0,0.0,0.0,5928000000,1368000000.0,4560000000.0,15588662524,22000000.0,0.0,-179000000.0,0.0,0.0,-176000000.0,-79000000.0,0.0,277000000.0,0.0,166000000.0,166000000.0,166000000.0,0.0,0.0,0.132,243000000.0,307000000.0,834000000,0.0,4.486,21.833,22.5,300000000,0.0,31.275,3.149,3.15,730000000,6932000000,1253000000.0,1253000000.0,0.0,,,,,12000000.0,243000000.0,1.0,498438450,498600000,506800000.0,2.513,2116000000,45000000,101000000.0,680000000,4.244,157000000.0
29,FISV,ARQ,2014-03-31,2014-04-30,2014-03-31,2021-07-28,-54000000,9473000000,,1547000000.0,7926000000.0,,6.767,-70000000.0,307000000,307000000,721000000.0,168000000.0,1.076,1.751,3848000000,92000000.0,3756000000.0,3848000000,462000000,100000000.0,0,0.0,0.0,275000000.0,375000000.0,0.304,375000000.0,275000000.0,234000000.0,0.33,0.325,0.33,3443000000,,3443000000,18689079603,16.0,11.644,222000000.0,0.436,1.0,513000000.0,0.416,7316000000,41000000.0,4260000000,,0,0,0.0,0.0,6030000000,1438000000.0,4592000000.0,15148079603,-93000000.0,0.0,-323000000.0,0.0,0.0,-315000000.0,-70000000.0,0.0,292000000.0,0.0,168000000.0,168000000.0,168000000.0,0.0,0.0,0.136,242000000.0,271000000.0,884000000,0.0,4.4,21.671,22.595,284000000,0.0,30.39,3.094,3.158,752000000,6766000000,1234000000.0,1234000000.0,0.0,,,,,15000000.0,242000000.0,1.0,498456058,508800000,517200000.0,2.425,2157000000,52000000,66000000.0,717000000,4.239,109000000.0
30,FISV,ARQ,2013-12-31,2014-02-20,2013-12-31,2021-07-28,-60000000,9513000000,,1572000000.0,7941000000.0,,6.958,-65000000.0,400000000,400000000,700000000.0,221000000.0,1.18,1.654,3848000000,92000000.0,3756000000.0,3848000000,484000000,102000000.0,0,0.0,0.0,372000000.0,474000000.0,0.375,474000000.0,372000000.0,331000000.0,0.425,0.422,0.425,3585000000,,3585000000,17999539385,16.0,11.665,290000000.0,0.563,1.0,563000000.0,0.446,7358000000,41000000.0,4271000000,,0,0,0.0,0.0,5928000000,1332000000.0,4596000000.0,14551539385,52000000.0,116000000.0,-111000000.0,-83000000.0,0.0,-212000000.0,-64000000.0,2000000.0,355000000.0,0.0,221000000.0,221000000.0,221000000.0,-1000000.0,0.0,0.175,266000000.0,297000000.0,756000000,0.0,4.059,22.456,23.15,266000000,0.0,28.59,3.023,3.117,751000000,6598000000,1263000000.0,1263000000.0,0.0,,,,,9000000.0,266000000.0,1.0,508973046,515200000,523200000.0,2.451,2155000000,55000000,110000000.0,713000000,4.183,240000000.0
31,FISV,ARQ,2013-09-30,2013-10-30,2013-09-30,2021-07-28,-63000000,9456000000,,1527000000.0,7929000000.0,,6.659,-61000000.0,321000000,321000000,684000000.0,159000000.0,1.243,1.733,3931000000,2000000.0,3929000000.0,3931000000,400000000,101000000.0,0,0.0,0.0,279000000.0,380000000.0,0.316,380000000.0,279000000.0,238000000.0,0.305,0.302,0.305,3460000000,,3460000000,17176265099,16.0,11.685,218000000.0,0.42,1.0,517000000.0,0.43,7397000000,41000000.0,4441000000,,0,0,0.0,0.0,5996000000,1228000000.0,4768000000.0,13566265099,-4000000.0,-14000000.0,-188000000.0,-21000000.0,0.0,-204000000.0,-74000000.0,2000000.0,279000000.0,0.0,159000000.0,159000000.0,159000000.0,2000000.0,0.0,0.132,237000000.0,280000000.0,826000000,0.0,3.921,22.387,22.967,259000000,0.0,26.297,2.882,2.903,710000000,6377000000,1201000000.0,1201000000.0,0.0,,,,,11000000.0,237000000.0,1.0,515876608,519600000,527600000.0,2.311,2059000000,54000000,79000000.0,683000000,3.963,299000000.0
32,FISV,ARQ,2013-06-30,2013-07-31,2013-06-30,2021-07-28,-67000000,9434000000,,1454000000.0,7980000000.0,,6.534,-52000000.0,320000000,320000000,680000000.0,151000000.0,1.24,1.724,3953000000,2000000.0,3951000000.0,3953000000,410000000,103000000.0,0,0.0,0.0,273000000.0,376000000.0,0.314,376000000.0,273000000.0,232000000.0,0.285,0.282,0.285,3463000000,,3463000000,16152900673,15.0,11.163,117000000.0,0.221,1.0,518000000.0,0.432,7440000000,41000000.0,4454000000,,0,0,0.0,0.0,5971000000,1173000000.0,4798000000.0,12519900673,-42000000.0,0.0,-176000000.0,-96000000.0,0.0,-269000000.0,64000000.0,0.0,169000000.0,0.0,151000000.0,151000000.0,151000000.0,1000000.0,0.0,0.126,245000000.0,273000000.0,761000000,0.0,3.615,21.365,21.933,255000000,0.0,24.06,2.708,2.758,691000000,6218000000,1198000000.0,1198000000.0,0.0,,,,,12000000.0,245000000.0,1.0,520361624,530000000,537200000.0,2.26,1994000000,59000000,81000000.0,694000000,3.762,281000000.0
33,FISV,ARQ,2013-03-31,2013-05-01,2013-03-31,2021-07-28,-62000000,9563000000,,1453000000.0,8110000000.0,,6.554,-58000000.0,356000000,356000000,712000000.0,117000000.0,1.221,1.735,4049000000,2000000.0,4047000000.0,4049000000,422000000,97000000.0,0,0.0,0.0,216000000.0,313000000.0,0.272,313000000.0,216000000.0,175000000.0,0.22,0.215,0.22,3497000000,,3497000000,15268825600,14.0,10.722,167000000.0,0.313,1.0,440000000.0,0.382,7483000000,41000000.0,4583000000,,0,0,0.0,0.0,6066000000,1190000000.0,4876000000.0,11575825600,36000000.0,-16000000.0,-54000000.0,-138000000.0,0.0,-188000000.0,-39000000.0,0.0,225000000.0,0.0,117000000.0,117000000.0,117000000.0,0.0,0.0,0.102,229000000.0,211000000.0,766000000,0.0,3.31,19.423,19.632,258000000,0.0,21.733,2.558,2.562,674000000,6067000000,1152000000.0,1152000000.0,0.0,,,,,14000000.0,229000000.0,1.0,532650436,533600000,540400000.0,2.159,2080000000,59000000,58000000.0,711000000,3.898,263000000.0
34,FISV,ARQ,2012-12-31,2013-02-22,2012-12-31,2021-07-28,-60000000,8497000000,,1412000000.0,7085000000.0,,6.404,-49000000.0,358000000,358000000,657000000.0,179000000.0,1.278,1.487,3230000000,2000000.0,3228000000.0,3230000000,379000000,89000000.0,0,0.0,0.0,312000000.0,401000000.0,0.347,401000000.0,312000000.0,273000000.0,0.335,0.33,0.335,3417000000,,3417000000,13584323167,12.0,9.42,268000000.0,0.502,1.0,499000000.0,0.432,6479000000,39000000.0,3785000000,,0,0,0.0,0.0,5080000000,1105000000.0,3975000000.0,10712323167,51000000.0,32000000.0,-38000000.0,-221000000.0,0.0,-255000000.0,-16000000.0,1000000.0,317000000.0,0.0,179000000.0,179000000.0,179000000.0,-20000000.0,0.0,0.155,210000000.0,289000000.0,724000000,0.0,3.135,17.532,17.831,249000000,0.0,20.06,2.39,2.431,663000000,5950000000,1156000000.0,1156000000.0,0.0,,,,,9000000.0,210000000.0,1.0,534014116,533600000,540400000.0,2.166,2018000000,42000000,94000000.0,638000000,3.782,307000000.0
35,FISV,ARQ,2012-09-30,2012-10-31,2012-09-30,2021-07-28,-61000000,8453000000,,1325000000.0,7128000000.0,,6.038,-44000000.0,307000000,307000000,644000000.0,139000000.0,1.261,1.595,3449000000,2000000.0,3447000000.0,3449000000,330000000,90000000.0,0,0.0,0.0,267000000.0,357000000.0,0.319,357000000.0,267000000.0,219000000.0,0.258,0.255,0.258,3258000000,,3258000000,13133764525,12.0,9.302,119000000.0,0.221,1.0,474000000.0,0.424,6501000000,48000000.0,4043000000,,0,0,0.0,0.0,5195000000,1051000000.0,4144000000.0,9991764525,5000000.0,0.0,-156000000.0,30000000.0,0.0,-132000000.0,-24000000.0,27000000.0,163000000.0,0.0,139000000.0,139000000.0,139000000.0,3000000.0,0.0,0.124,207000000.0,267000000.0,719000000,0.0,3.067,17.377,17.961,256000000,0.0,18.715,2.227,2.251,643000000,5771000000,1118000000.0,1118000000.0,0.0,,,,,10000000.0,207000000.0,1.0,533890704,539600000,546400000.0,2.072,1952000000,37000000,80000000.0,603000000,3.617,274000000.0
36,FISV,ARQ,2012-06-30,2012-07-31,2012-06-30,2021-07-28,-73000000,8416000000,,1283000000.0,7133000000.0,,5.975,-44000000.0,302000000,302000000,635000000.0,161000000.0,1.039,1.587,3415000000,178000000.0,3237000000.0,3415000000,342000000,87000000.0,0,0.0,0.0,266000000.0,353000000.0,0.321,353000000.0,266000000.0,222000000.0,0.295,0.292,0.295,3253000000,,3253000000,12627508277,12.0,9.231,105000000.0,0.193,1.0,465000000.0,0.423,6532000000,44000000.0,3762000000,,0,0,0.0,0.0,5163000000,1235000000.0,3928000000.0,9514508277,-9000000.0,0.0,-136000000.0,18000000.0,0.0,-115000000.0,-40000000.0,0.0,149000000.0,0.0,161000000.0,161000000.0,161000000.0,2000000.0,0.0,0.146,206000000.0,259000000.0,715000000,0.0,2.925,16.9,17.359,256000000,0.0,17.532,2.147,2.154,606000000,5632000000,1100000000.0,1100000000.0,0.0,,,,,11000000.0,206000000.0,1.0,542678356,544400000,551200000.0,2.021,1884000000,39000000,61000000.0,610000000,3.461,48000000.0
37,FISV,ARQ,2012-03-31,2012-05-02,2012-03-31,2021-07-28,-62000000,8484000000,,1316000000.0,7168000000.0,,5.795,-58000000.0,311000000,311000000,661000000.0,132000000.0,0.973,1.639,3396000000,178000000.0,3218000000.0,3396000000,376000000,88000000.0,0,0.0,0.0,243000000.0,331000000.0,0.299,331000000.0,243000000.0,200000000.0,0.237,0.235,0.237,3215000000,,3215000000,12615583729,13.0,9.78,178000000.0,0.321,1.0,447000000.0,0.403,6572000000,43000000.0,3644000000,,0,0,0.0,0.0,5269000000,1353000000.0,3916000000.0,9530583729,-26000000.0,0.0,-208000000.0,0.0,0.0,-204000000.0,-58000000.0,0.0,236000000.0,0.0,132000000.0,132000000.0,132000000.0,1000000.0,0.0,0.119,206000000.0,241000000.0,799000000,0.0,2.964,19.371,19.997,260000000,0.0,17.457,2.168,2.203,650000000,5471000000,1108000000.0,1108000000.0,0.0,,,,,14000000.0,206000000.0,1.0,545930616,554800000,562000000.0,1.997,1912000000,38000000,68000000.0,620000000,3.446,-37000000.0
38,FISV,ARQ,2011-12-31,2012-02-24,2011-12-31,2021-07-28,-78000000,8548000000,,1356000000.0,7192000000.0,,5.785,-48000000.0,337000000,337000000,663000000.0,143000000.0,0.98,1.624,3395000000,179000000.0,3216000000.0,3395000000,369000000,90000000.0,0,0.0,0.0,281000000.0,371000000.0,0.32,371000000.0,281000000.0,231000000.0,0.253,0.252,0.253,3258000000,,3258000000,12325422825,13.0,9.743,208000000.0,0.369,1.0,498000000.0,0.429,6601000000,50000000.0,3621000000,,0,0,0.0,0.0,5290000000,1384000000.0,3906000000.0,9267422825,56000000.0,42000000.0,-39000000.0,-121000000.0,0.0,-159000000.0,-48000000.0,0.0,256000000.0,0.0,143000000.0,143000000.0,143000000.0,10000000.0,0.0,0.123,217000000.0,281000000.0,836000000,0.0,2.845,19.634,20.19,258000000,0.0,16.718,2.137,2.199,666000000,5339000000,1161000000.0,1161000000.0,0.0,,,,,10000000.0,217000000.0,1.0,554354588,563200000,569600000.0,2.061,1947000000,44000000,88000000.0,617000000,3.457,-28000000.0
39,FISV,ARQ,2011-09-30,2011-11-02,2011-09-30,2021-07-28,-79000000,8451000000,,1211000000.0,7240000000.0,,5.585,-42000000.0,281000000,281000000,631000000.0,127000000.0,1.162,1.681,3518000000,4000000.0,3514000000.0,3518000000,321000000,86000000.0,0,0.0,0.0,227000000.0,313000000.0,0.294,313000000.0,227000000.0,182000000.0,0.225,0.223,0.225,3152000000,,3152000000,11232157862,13.0,9.117,221000000.0,0.392,1.0,432000000.0,0.406,6659000000,45000000.0,3987000000,,0,0,0.0,0.0,5299000000,1042000000.0,4257000000.0,7995157862,-394000000.0,-462000000.0,-38000000.0,-157000000.0,0.0,-195000000.0,-462000000.0,0.0,263000000.0,0.0,127000000.0,127000000.0,127000000.0,0.0,0.0,0.119,189000000.0,243000000.0,717000000,0.0,2.537,17.967,18.381,262000000,0.0,14.19,1.879,1.883,579000000,5196000000,1063000000.0,1063000000.0,0.0,,,,,8000000.0,189000000.0,1.0,563436072,564400000,570400000.0,1.883,1792000000,47000000,55000000.0,644000000,3.175,169000000.0
40,FISV,ARQ,2011-06-30,2011-08-02,2011-06-30,2021-07-28,-47000000,8396000000,,1523000000.0,6873000000.0,,5.414,-46000000.0,675000000,675000000,624000000.0,90000000.0,1.32,1.721,3653000000,303000000.0,3350000000.0,3653000000,333000000,88000000.0,0,0.0,0.0,187000000.0,275000000.0,0.258,275000000.0,187000000.0,139000000.0,0.158,0.155,0.158,3086000000,,3086000000,11171055169,12.0,8.88,89000000.0,0.156,1.0,441000000.0,0.414,6247000000,48000000.0,3973000000,,0,0,0.0,0.0,5310000000,1154000000.0,4156000000.0,8193055169,158000000.0,0.0,-163000000.0,242000000.0,0.0,74000000.0,-44000000.0,0.0,135000000.0,0.0,90000000.0,90000000.0,90000000.0,7000000.0,0.0,0.085,190000000.0,251000000.0,518000000,0.0,2.655,18.207,18.866,272000000,0.0,14.47,1.943,1.956,547000000,5069000000,1065000000.0,1065000000.0,0.0,,,,,9000000.0,190000000.0,1.0,566209756,570000000,576800000.0,1.868,2149000000,42000000,49000000.0,636000000,3.77,369000000.0
41,FISV,ARQ,2011-03-31,2011-05-04,2011-03-31,2021-07-28,-41000000,8257000000,,1346000000.0,6911000000.0,,5.377,-56000000.0,517000000,517000000,624000000.0,112000000.0,1.423,1.631,3355000000,3000000.0,3352000000.0,3355000000,349000000,85000000.0,0,0.0,0.0,221000000.0,306000000.0,0.292,306000000.0,221000000.0,176000000.0,0.193,0.19,0.193,3138000000,,3138000000,11713170430,12.0,8.894,227000000.0,0.389,1.0,424000000.0,0.405,6283000000,45000000.0,3866000000,,0,0,0.0,0.0,5119000000,946000000.0,4173000000.0,8875170430,-46000000.0,-49000000.0,-220000000.0,-1000000.0,0.0,-218000000.0,-111000000.0,0.0,283000000.0,0.0,112000000.0,112000000.0,112000000.0,2000000.0,0.0,0.107,203000000.0,221000000.0,594000000,0.0,2.828,18.224,18.841,276000000,0.0,15.45,2.127,2.161,528000000,4979000000,1048000000.0,1048000000.0,0.0,,,,,12000000.0,203000000.0,1.0,574444688,583600000,590800000.0,1.796,1974000000,40000000,64000000.0,648000000,3.382,400000000.0
42,FISV,ARQ,2010-12-31,2011-02-24,2010-12-31,2021-07-28,-50000000,8281000000,,1417000000.0,6864000000.0,,5.454,-46000000.0,563000000,563000000,613000000.0,116000000.0,1.59,1.565,3356000000,3000000.0,3353000000.0,3356000000,351000000,87000000.0,0,0.0,0.0,251000000.0,338000000.0,0.314,338000000.0,251000000.0,193000000.0,0.198,0.195,0.198,3229000000,,3229000000,11851241033,12.0,8.884,251000000.0,0.424,1.0,465000000.0,0.431,6256000000,58000000.0,3927000000,,0,0,0.0,0.0,5052000000,891000000.0,4161000000.0,9058241033,-180000000.0,40000000.0,-138000000.0,-378000000.0,0.0,-516000000.0,39000000.0,0.0,297000000.0,0.0,116000000.0,116000000.0,116000000.0,3000000.0,0.0,0.108,198000000.0,267000000.0,537000000,0.0,2.805,18.263,18.791,267000000,0.0,15.502,2.192,2.257,572000000,4867000000,1078000000.0,1078000000.0,0.0,,,,,10000000.0,198000000.0,1.0,584308404,592000000,598400000.0,1.821,2025000000,37000000,77000000.0,627000000,3.421,526000000.0
43,FISV,ARQ,2010-09-30,2010-11-05,2010-09-30,2021-07-28,-69000000,8614000000,,1733000000.0,6881000000.0,,5.391,-45000000.0,743000000,743000000,589000000.0,132000000.0,1.556,1.669,3706000000,253000000.0,3453000000.0,3706000000,327000000,85000000.0,0,0.0,0.0,254000000.0,339000000.0,0.331,339000000.0,254000000.0,205000000.0,0.22,0.217,0.22,3228000000,,3228000000,11258622462,11.0,8.421,206000000.0,0.344,1.0,436000000.0,0.425,6288000000,49000000.0,4175000000,,0,0,0.0,0.0,5386000000,1114000000.0,4272000000.0,8295622462,405000000.0,0.0,-37000000.0,268000000.0,0.0,218000000.0,-64000000.0,0.0,251000000.0,0.0,132000000.0,132000000.0,132000000.0,2000000.0,0.0,0.129,185000000.0,251000000.0,534000000,0.0,2.57,16.658,17.006,270000000,0.0,13.945,2.015,2.028,604000000,4751000000,1025000000.0,1025000000.0,0.0,,,,,9000000.0,185000000.0,1.0,594881496,598800000,603600000.0,1.712,2326000000,55000000,73000000.0,617000000,3.884,619000000.0
44,FISV,ARQ,2010-06-30,2010-08-05,2010-06-30,2021-07-28,-76000000,8182000000,,1146000000.0,7036000000.0,,5.154,-42000000.0,338000000,338000000,586000000.0,127000000.0,1.355,1.622,3439000000,58000000.0,3381000000.0,3439000000,318000000,83000000.0,0,0.0,0.0,251000000.0,334000000.0,0.327,334000000.0,251000000.0,205000000.0,0.21,0.207,0.21,3121000000,,3121000000,10738299712,11.0,8.235,125000000.0,0.206,1.0,436000000.0,0.427,6316000000,46000000.0,4121000000,,0,0,0.0,0.0,5061000000,846000000.0,4215000000.0,7637299712,-78000000.0,0.0,-126000000.0,-76000000.0,0.0,-202000000.0,-43000000.0,0.0,167000000.0,0.0,127000000.0,127000000.0,127000000.0,3000000.0,0.0,0.124,185000000.0,251000000.0,470000000,0.0,2.447,15.878,16.163,273000000,0.0,12.72,1.87,1.886,500000000,4619000000,1022000000.0,1022000000.0,0.0,,,,,10000000.0,185000000.0,1.0,600416644,605600000,610400000.0,1.688,1866000000,42000000,78000000.0,585000000,3.081,300000000.0
45,FISV,ARQ,2010-03-31,2010-05-06,2010-03-31,2021-07-28,-70000000,8309000000,,1244000000.0,7065000000.0,,5.111,-42000000.0,416000000,416000000,598000000.0,121000000.0,1.257,1.665,3514000000,133000000.0,3381000000.0,3514000000,347000000,84000000.0,0,0.0,0.0,239000000.0,323000000.0,0.32,323000000.0,239000000.0,194000000.0,0.198,0.198,0.198,3118000000,,3118000000,10991001354,11.0,8.345,215000000.0,0.352,1.0,410000000.0,0.407,6339000000,45000000.0,4078000000,,0,0,0.0,0.0,5191000000,990000000.0,4201000000.0,7893001354,53000000.0,0.0,-50000000.0,-126000000.0,0.0,-171000000.0,-33000000.0,0.0,257000000.0,0.0,121000000.0,121000000.0,121000000.0,2000000.0,0.0,0.12,172000000.0,238000000.0,510000000,0.0,2.531,15.978,16.122,281000000,0.0,12.93,1.928,1.927,514000000,4492000000,1008000000.0,1008000000.0,0.0,,,,,10000000.0,172000000.0,1.0,610440940,610000000,614800000.0,1.652,1970000000,44000000,73000000.0,583000000,3.23,254000000.0
46,FISV,ARQ,2009-12-31,2010-02-26,2009-12-31,2021-07-28,-69000000,8378000000,,1277000000.0,7101000000.0,,4.925,-47000000.0,363000000,363000000,611000000.0,118000000.0,1.1,1.769,3641000000,259000000.0,3382000000.0,3641000000,337000000,85000000.0,0,0.0,0.0,256000000.0,341000000.0,0.321,341000000.0,256000000.0,197000000.0,0.193,0.19,0.193,3026000000,,3026000000,10621366677,11.0,8.158,169000000.0,0.275,1.0,451000000.0,0.425,6377000000,59000000.0,4118000000,,0,0,0.0,0.0,5352000000,1161000000.0,4191000000.0,7343366677,-706000000.0,10000000.0,-32000000.0,-141000000.0,0.0,-879000000.0,-43000000.0,0.0,216000000.0,0.0,118000000.0,118000000.0,118000000.0,10000000.0,0.0,0.111,195000000.0,256000000.0,565000000,0.0,2.427,15.427,15.653,293000000,0.0,12.053,1.801,1.827,554000000,4371000000,1062000000.0,1062000000.0,0.0,,,,,8000000.0,195000000.0,1.0,609281616,614400000,618000000.0,1.729,2001000000,46000000,79000000.0,580000000,3.257,116000000.0
47,FISV,ARQ,2009-09-30,2009-11-06,2009-09-30,2021-07-28,-89000000,9096000000,,1995000000.0,7101000000.0,,4.734,-53000000.0,278000000,278000000,579000000.0,115000000.0,1.256,2.121,3777000000,4000000.0,3773000000.0,3777000000,301000000,79000000.0,0,0.0,0.0,227000000.0,306000000.0,0.308,306000000.0,227000000.0,175000000.0,0.188,0.185,0.188,2914000000,,2914000000,10821466555,12.0,8.827,183000000.0,0.297,1.0,413000000.0,0.416,6388000000,52000000.0,4618000000,,0,0,0.0,0.0,6182000000,1589000000.0,4593000000.0,7322466555,-93000000.0,-67000000.0,-52000000.0,-106000000.0,0.0,-209000000.0,-120000000.0,0.0,236000000.0,0.0,115000000.0,115000000.0,115000000.0,9000000.0,0.0,0.116,182000000.0,231000000.0,102000000,0.0,2.513,17.434,17.493,288000000,0.0,11.895,1.773,1.773,518000000,4253000000,992000000.0,992000000.0,0.0,,,,,8000000.0,182000000.0,1.0,615591976,615600000,620800000.0,1.611,2708000000,45000000,60000000.0,568000000,4.399,406000000.0
48,FISV,ARQ,2009-06-30,2009-08-06,2009-06-30,2021-07-28,-93000000,9190000000,,2073000000.0,7117000000.0,,4.574,-53000000.0,309000000,309000000,619000000.0,140000000.0,1.164,2.24,3880000000,129000000.0,3751000000.0,3880000000,311000000,85000000.0,0,0.0,0.0,262000000.0,347000000.0,0.336,347000000.0,262000000.0,207000000.0,0.225,0.225,0.225,2836000000,,2836000000,10853080496,12.0,8.696,107000000.0,0.173,1.0,413000000.0,0.4,6475000000,55000000.0,4505000000,,0,0,0.0,0.0,6354000000,1781000000.0,4573000000.0,7282080496,817000000.0,0.0,-31000000.0,-127000000.0,0.0,-220000000.0,877000000.0,0.0,160000000.0,0.0,140000000.0,140000000.0,140000000.0,-26000000.0,0.0,0.136,181000000.0,232000000.0,101000000,0.0,2.568,19.013,19.269,292000000,0.0,11.793,1.727,1.734,542000000,4138000000,1032000000.0,1032000000.0,0.0,,,,,9000000.0,181000000.0,1.0,617517956,620000000,623200000.0,1.665,2715000000,63000000,67000000.0,543000000,4.379,292000000.0
49,FISV,ARQ,2009-03-31,2009-05-07,2009-03-31,2021-07-28,-106000000,9336000000,,2187000000.0,7149000000.0,,4.354,-45000000.0,312000000,312000000,625000000.0,103000000.0,1.072,2.448,4007000000,255000000.0,3752000000.0,4007000000,329000000,84000000.0,0,0.0,0.0,220000000.0,304000000.0,0.291,304000000.0,220000000.0,166000000.0,0.165,0.165,0.165,2708000000,,2708000000,9858194358,11.0,8.061,187000000.0,0.301,1.0,419000000.0,0.401,6501000000,54000000.0,4490000000,,0,0,0.0,0.0,6628000000,2040000000.0,4588000000.0,6163194358,77000000.0,0.0,-15000000.0,-101000000.0,0.0,-114000000.0,-41000000.0,0.0,232000000.0,0.0,103000000.0,103000000.0,103000000.0,-1000000.0,0.0,0.099,201000000.0,218000000.0,94000000,0.0,2.276,18.021,18.338,294000000,0.0,9.902,1.376,1.375,552000000,3998000000,1044000000.0,1044000000.0,0.0,,,,,11000000.0,201000000.0,1.0,622387716,622000000,624000000.0,1.678,2835000000,62000000,63000000.0,527000000,4.558,147000000.0
50,FISV,ARQ,2008-12-31,2009-02-27,2008-12-31,2021-07-28,-120000000,9331000000,,2145000000.0,7186000000.0,,4.102,-60000000.0,232000000,232000000,640000000.0,62000000.0,1.048,2.597,4105000000,255000000.0,3850000000.0,4105000000,338000000,86000000.0,0,0.0,0.0,183000000.0,269000000.0,0.254,269000000.0,183000000.0,110000000.0,0.102,0.103,0.102,2594000000,,2594000000,8961733603,8.0,6.096,89000000.0,0.141,1.0,421000000.0,0.397,6530000000,73000000.0,4627000000,,0,0,0.0,0.0,6737000000,2047000000.0,4690000000.0,5088733603,-326000000.0,-60000000.0,-231000000.0,-155000000.0,0.0,-320000000.0,-155000000.0,0.0,149000000.0,0.0,62000000.0,62000000.0,62000000.0,9000000.0,0.0,0.058,221000000.0,200000000.0,101000000,0.0,1.962,8.943,9.299,303000000,0.0,8.155,1.074,1.115,601000000,3895000000,1061000000.0,1061000000.0,0.0,,,,,8000000.0,202000000.0,1.0,624001668,632400000,633200000.0,1.678,2801000000,71000000,48000000.0,530000000,4.429,98000000.0
51,FISV,ARQ,2008-09-30,2008-11-06,2008-09-30,2021-07-28,-56000000,9588000000,,2456000000.0,7132000000.0,,4.269,-47000000.0,472000000,472000000,662000000.0,78000000.0,1.351,2.455,4259000000,8000000.0,4251000000.0,4259000000,284000000,88000000.0,0,0.0,0.0,240000000.0,328000000.0,0.304,328000000.0,240000000.0,183000000.0,0.12,0.12,0.12,2775000000,,2775000000,9033567759,8.0,6.346,59000000.0,0.091,1.0,418000000.0,0.387,6497000000,57000000.0,5060000000,,0,0,0.0,0.0,6813000000,1818000000.0,4995000000.0,5246567759,185000000.0,508000000.0,-141000000.0,-256000000.0,0.0,-396000000.0,475000000.0,0.0,106000000.0,0.0,78000000.0,78000000.0,78000000.0,-4000000.0,0.0,0.072,185000000.0,233000000.0,105000000,0.0,1.891,8.711,8.902,302000000,0.0,8.19,1.29,1.309,561000000,3833000000,1080000000.0,1080000000.0,0.0,,,,,8000000.0,204000000.0,1.0,640606564,650000000,655200000.0,1.662,3091000000,56000000,105000000.0,562000000,4.755,638000000.0
52,FISV,ARQ,2008-06-30,2008-08-07,2008-06-30,2021-07-28,-44000000,10102000000,,2531000000.0,7571000000.0,,4.357,-42000000.0,211000000,211000000,852000000.0,99000000.0,1.125,2.547,4516000000,263000000.0,4253000000.0,4516000000,336000000,98000000.0,0,0.0,0.0,224000000.0,322000000.0,0.249,322000000.0,224000000.0,162000000.0,0.152,0.15,0.152,2848000000,,2848000000,12498703295,12.0,9.24,-35000000.0,-0.054,1.0,443000000.0,0.342,7117000000,62000000.0,5040000000,,0,0,0.0,0.0,7254000000,2250000000.0,5004000000.0,8193703295,-296000000.0,-18000000.0,9000000.0,-260000000.0,0.0,-301000000.0,-2000000.0,0.0,7000000.0,0.0,99000000.0,99000000.0,99000000.0,0.0,0.0,0.076,219000000.0,224000000.0,174000000,0.0,2.877,12.699,12.703,332000000,0.0,12.488,1.969,1.961,808000000,3754000000,1295000000.0,1295000000.0,0.0,,,,,9000000.0,219000000.0,1.0,656152416,653600000,659200000.0,1.981,2985000000,77000000,63000000.0,582000000,4.567,281000000.0
53,FISV,ARQ,2008-03-31,2008-05-09,2008-03-31,2021-07-28,-77000000,10520000000,,2911000000.0,7609000000.0,,4.104,-50000000.0,371000000,371000000,872000000.0,329000000.0,1.066,2.908,4776000000,468000000.0,4308000000.0,4776000000,349000000,90000000.0,0,0.0,0.0,458000000.0,548000000.0,0.418,548000000.0,458000000.0,390000000.0,0.5,0.497,0.5,2692000000,,2692000000,12790260058,12.0,10.1,142000000.0,0.216,1.0,438000000.0,0.334,7123000000,68000000.0,5072000000,,0,0,0.0,0.0,7828000000,2730000000.0,5098000000.0,8385260058,259000000.0,-17000000.0,-78000000.0,-632000000.0,0.0,-652000000.0,719000000.0,0.0,192000000.0,0.0,329000000.0,329000000.0,329000000.0,-232000000.0,0.0,0.251,212000000.0,226000000.0,171000000,0.0,3.115,12.813,12.878,360000000,0.0,12.787,2.072,2.073,842000000,3655000000,1310000000.0,1310000000.0,0.0,,,,,7000000.0,212000000.0,1.0,655738812,656000000,661600000.0,1.997,3397000000,72000000,61000000.0,564000000,5.178,181000000.0
54,FISV,ARQ,2007-12-31,2008-02-28,2007-12-31,2021-07-28,-41000000,11846000000,,4204000000.0,7642000000.0,,3.754,-41045000.0,297000000,297000000,131599000.0,96326000.0,1.12,3.802,5405000000,510000000.0,4895000000.0,5405000000,351000000,41386000.0,0,0.0,0.0,184051000.0,225437000.0,0.588,225437000.0,184051000.0,141260000.0,0.148,0.145,0.148,2467000000,,2467000000,13800680846,18.0,14.361,163026000.0,0.248,1.0,251537000.0,0.657,7141000000,42791000.0,6059000000,,0,0,0.0,0.0,9379000000,3754000000.0,5625000000.0,8692680846,262190000.0,-4237238000.0,10314000.0,4263082000.0,0.0,4197402000.0,-4139283000.0,19000000.0,204071000.0,0.0,96326000.0,96326000.0,96326000.0,-21991000.0,0.0,0.251,96477000.0,155060000.0,182000000,0.0,3.524,19.801,20.027,372000000,0.0,13.217,2.216,2.246,840000000,3326000000,383136000.0,383136000.0,0.0,,,,,1361000.0,96477000.0,1.0,657664524,657196000,664064000.0,0.583,4705000000,71000000,44934000.0,571000000,7.159,450000000.0
55,FISV,ARQ,2007-09-30,2007-11-08,2007-09-30,2021-07-28,-9937000,6277939000,,3000808000.0,3277131000.0,,3.616,-37116000.0,161250000,161250000,826289000.0,120875000.0,1.096,1.636,971956000,60953000.0,911003000.0,971956000,251151000,50358000.0,0,0.0,0.0,206900000.0,257258000.0,0.219,257258000.0,206900000.0,194246000.0,0.182,0.182,0.182,2381901000,,2381901000,9274655870,12.0,9.453,131177000.0,0.199,1.0,347458000.0,0.296,2978212000,12654000.0,1373387000,,0,0,0.0,0.0,3896038000,2737046000.0,1158992000.0,8463949870,9670000.0,-50313000.0,-138208000.0,70461000.0,0.0,-71251000.0,-87372000.0,0.0,168293000.0,0.0,120875000.0,120875000.0,120875000.0,-925000.0,0.0,0.103,141483000.0,205975000.0,245449000,0.0,3.553,18.867,19.269,238164000,0.0,12.852,1.774,1.775,658212000,3229565000,1173747000.0,1173747000.0,0.0,,,,,3696000.0,141483000.0,1.0,658545020,658736000,666564000.0,1.782,3299727000,32098000,73371000.0,186744000,5.009,263762000.0
56,FISV,ARQ,2007-06-30,2007-08-03,2007-06-30,2021-07-28,335000,6453326000,,3176302000.0,3277024000.0,,3.572,-32929000.0,151580000,151580000,834330000.0,108236000.0,1.084,1.698,879800000,0.0,879800000.0,879800000,249922000,50993000.0,0,0.0,0.0,184713000.0,235706000.0,0.2,235706000.0,184713000.0,173268000.0,0.163,0.16,0.163,2391998000,,2391998000,8611412433,11.0,8.973,87256000.0,0.13,1.0,345806000.0,0.293,2983798000,11445000.0,1267484000,,0,0,0.0,0.0,4061328000,2930264000.0,1131064000.0,7883192433,-13327000.0,-2025000.0,-162896000.0,53190000.0,0.0,-199595000.0,66083000.0,101094000.0,120185000.0,0.0,108236000.0,108236000.0,108236000.0,-3593000.0,0.0,0.092,164686000.0,181120000.0,231150000,0.0,3.296,18.005,18.606,238246000,0.0,11.945,1.658,1.682,564180000,3108690000,1180136000.0,1180136000.0,0.0,,,,,-1796000.0,164686000.0,1.0,659957508,669568000,679628000.0,1.763,3469528000,32535000,65032000.0,196718000,5.182,246038000.0
57,FISV,ARQ,2007-03-31,2007-05-03,2007-03-31,2021-07-28,-414000,6363106000,,,,,3.573,-48910000.0,200795000,200795000,868625000.0,113563000.0,,1.619,821904000,,,821904000,271950000,50263000.0,2075453000,0.0,0.0,193369000.0,243632000.0,0.2,243632000.0,193369000.0,184981000.0,0.168,0.165,0.168,2429745000,,2429745000,9506584111,13.0,9.899,121541000.0,0.179,1.0,350794000.0,0.288,3020798000,8388000.0,3963417000,,0,2120344000,,,3933361000,,,8885475111,15467000.0,-43424000.0,-128210000.0,74267000.0,0.0,38444000.0,-193428000.0,-101094000.0,170451000.0,0.0,113563000.0,113563000.0,113563000.0,0.0,0.0,0.093,157425000.0,193369000.0,223023000,0.0,3.657,19.866,20.413,246033000,0.0,13.207,1.904,1.925,598976000,3000454000,1219419000.0,1219419000.0,0.0,,,,,7739000.0,157425000.0,1.0,672759804,680104000,690548000.0,1.793,3342308000,0,71418000.0,235531000,4.914,
58,FISV,ARQ,2006-12-31,2007-02-28,2006-12-31,2021-07-28,-131000,6207923000,,,,,3.524,-37523000.0,185328000,185328000,861958000.0,105946000.0,,1.559,747256000,,,747256000,263236000,56158000.0,1986315000,0.0,0.0,188398000.0,244556000.0,0.204,244556000.0,188398000.0,172270000.0,0.155,0.15,0.155,2425622000,,2425622000,9596320275,13.0,10.027,144863000.0,0.21,1.0,335783000.0,0.28,2977896000,16128000.0,3791955000,,0,2019197000,,,3782301000,,,9034392275,14431000.0,-1577000.0,-130349000.0,-86096000.0,0.0,-115278000.0,-52677000.0,-13577000.0,182386000.0,0.0,105946000.0,105946000.0,105946000.0,0.0,0.0,0.088,154384000.0,181399000.0,229025000,0.0,3.725,20.08,20.623,248040000,0.0,13.24,1.988,2.039,601226000,2886891000,1197741000.0,1197741000.0,0.0,,,,,-2907000.0,154384000.0,1.0,682355912,688268000,699628000.0,1.74,3230027000,0,66324000.0,181491000,4.693,
59,FISV,ARQ,2006-09-30,2006-11-02,2006-09-30,2021-07-28,685000,6165044000,,,,,3.528,-53745000.0,170897000,170897000,824708000.0,110088000.0,,1.519,829144000,,,829144000,232079000,50047000.0,1892604000,0.0,0.0,185740000.0,235787000.0,0.204,235787000.0,185740000.0,175753000.0,0.158,0.158,0.158,2447312000,,2447312000,9154247185,11.0,9.002,115346000.0,0.166,1.0,331837000.0,0.287,2989145000,9987000.0,3834146000,,0,2005588000,,,3717732000,,,8496000185,18918000.0,-76123000.0,-62201000.0,37200000.0,0.0,-478282000.0,328109000.0,457977000.0,169091000.0,0.0,110088000.0,110088000.0,110088000.0,0.0,0.0,0.095,146097000.0,185740000.0,238054000,0.0,3.472,17.183,17.698,253624000,0.0,12.265,1.92,1.923,591684000,2780945000,1156545000.0,1156545000.0,0.0,,,,,4310000.0,146097000.0,1.0,692702828,693704000,703500000.0,1.667,3175899000,0,65665000.0,177736000,4.578,
60,FISV,ARQ,2006-06-30,2006-07-28,2006-06-30,2021-07-28,2572000,6471208000,,,,,3.42,-49048000.0,151979000,151979000,765788000.0,117669000.0,,1.701,783095000,,,783095000,233332000,45535000.0,2321519000,0.0,0.0,190878000.0,236413000.0,0.216,236413000.0,190878000.0,182104000.0,0.168,0.165,0.168,2395500000,,2395500000,8231117149,10.0,8.227,43970000.0,0.063,1.0,327409000.0,0.299,2919102000,8774000.0,4183222000,,0,2463581000,,,4075708000,,,7600001149,-52796000.0,-40123000.0,-115452000.0,25204000.0,0.0,308800000.0,-454614000.0,-365443000.0,93018000.0,0.0,117669000.0,117669000.0,117669000.0,-6689000.0,0.0,0.108,143220000.0,184189000.0,269128000,0.0,3.173,15.283,15.92,239287000,0.0,10.905,1.776,1.785,583224000,2670857000,1093197000.0,1093197000.0,0.0,,,,,1076000.0,143220000.0,1.0,696928120,700452000,710204000.0,1.561,3552106000,0,64435000.0,181184000,5.071,
61,FISV,ARQ,2006-03-31,2006-04-28,2006-03-31,2021-07-28,3467000,6089155000,,,,,3.322,-47172000.0,204775000,204775000,758062000.0,116211000.0,,1.555,757935000,,,757935000,244031000,47366000.0,1925837000,0.0,0.0,192953000.0,240319000.0,0.219,240319000.0,192953000.0,186847000.0,0.163,0.16,0.163,2383136000,,2383136000,8471703859,10.0,8.502,143295000.0,0.2,1.0,338606000.0,0.309,2884764000,6106000.0,3757551000,,0,2098265000,,,3706019000,,,7918543859,20304000.0,-63221000.0,-215832000.0,162364000.0,0.0,-88257000.0,-81906000.0,28487000.0,190467000.0,0.0,116211000.0,116211000.0,116211000.0,0.0,0.0,0.106,145653000.0,192953000.0,268973000,0.0,3.323,16.042,16.868,233143000,0.0,11.268,1.893,1.932,550346000,2553188000,1096668000.0,1096668000.0,0.0,,,,,14871000.0,145653000.0,1.0,702777356,717404000,727132000.0,1.529,3204391000,0,70636000.0,233596000,4.467,
62,FISV,ARQ,2005-12-31,2006-03-15,2005-12-31,2021-07-28,1321000,6039516000,,,,,3.358,-55470000.0,184471000,184471000,937288000.0,150476000.0,,1.449,595385000,,,595385000,240105000,46727000.0,1960626000,0.0,0.0,257647000.0,304374000.0,0.282,304374000.0,257647000.0,238190000.0,0.205,0.2,0.205,2465740000,,2465740000,8004677736,9.0,7.771,145369000.0,0.198,1.0,141005000.0,0.131,2843310000,19457000.0,3607120000,,0,2126538000,,,3573776000,,,7593763736,10458000.0,-15627000.0,-191246000.0,-43327000.0,0.0,-259892000.0,66056000.0,173902000.0,200839000.0,0.0,150476000.0,150476000.0,150476000.0,-2100000.0,0.0,0.14,-57611000.0,198616000.0,241751000,0.0,3.08,14.704,15.489,226013000,0.0,10.61,1.871,1.974,553402000,2436977000,1078293000.0,1078293000.0,0.0,,,,,0.0,74841000.0,1.0,715717600,734240000,741884000.0,1.469,3196206000,0,87714000.0,170258000,4.353,
63,FISV,ARQ,2005-09-30,2005-10-28,2005-09-30,2021-07-28,190000,6112904000,,,,,3.332,-39841000.0,174013000,174013000,633751000.0,112939000.0,,1.447,638667000,,,638667000,206842000,44283000.0,2025545000,0.0,0.0,175119000.0,219402000.0,0.217,219402000.0,175119000.0,171690000.0,0.15,0.15,0.15,2497680000,,2497680000,8399753585,11.0,8.918,100454000.0,0.134,1.0,377894000.0,0.374,2848073000,3429000.0,3729485000,,0,2257225000,,,3615224000,,,7935099585,-392566000.0,-380057000.0,-194953000.0,48008000.0,0.0,-7769000.0,-525092000.0,-105194000.0,140295000.0,0.0,112939000.0,112939000.0,112939000.0,-3600000.0,0.0,0.112,206375000.0,171519000.0,232819000,0.0,3.177,17.123,17.773,210491000,0.0,10.752,2.051,2.083,518200000,2286501000,1011645000.0,1011645000.0,0.0,,,,,0.0,162092000.0,1.0,737977176,749624000,758704000.0,1.35,3264831000,0,58751000.0,176513000,4.355,
64,FISV,ARQ,2005-06-30,2005-07-29,2005-06-30,2021-07-28,-2623000,5956219000,,,,,3.359,-37868000.0,566579000,566579000,617163000.0,113997000.0,,1.322,590659000,,,590659000,221684000,45146000.0,1886369000,0.0,0.0,187245000.0,232391000.0,0.233,232391000.0,187245000.0,185965000.0,0.15,0.147,0.15,2564882000,,2564882000,8370882759,11.0,9.015,77629000.0,0.102,1.0,379263000.0,0.381,2459200000,1280000.0,3521099000,,0,2151974000,,,3391337000,,,8346802759,-153149000.0,-80627000.0,-138061000.0,-7689000.0,0.0,-588096000.0,319450000.0,437945000.0,115497000.0,0.0,113997000.0,113997000.0,113997000.0,0.0,0.0,0.114,192018000.0,187245000.0,220079000,0.0,3.254,18.849,19.359,202338000,0.0,11.092,2.187,2.22,473897000,2173562000,996426000.0,996426000.0,0.0,,,,,0.0,146872000.0,1.0,752472640,763516000,772908000.0,1.305,3497019000,0,71968000.0,187124000,4.58,
65,FISV,ARQ,2005-03-31,2005-04-29,2005-03-31,2021-07-28,-2777000,6488748000,,,,,3.339,-31772000.0,719728000,719728000,609753000.0,139026000.0,,1.512,598812000,,,598812000,225831000,43023000.0,2328715000,0.0,0.0,230849000.0,273872000.0,0.281,273872000.0,230849000.0,227187000.0,0.18,0.177,0.18,2582791000,,2582791000,7970610307,11.0,8.813,102413000.0,0.132,1.0,363361000.0,0.373,2417897000,3662000.0,3949935000,,0,2589898000,,,3905957000,,,8091526307,203601000.0,248917000.0,-96186000.0,-7156000.0,0.0,395734000.0,-326318000.0,-611463000.0,134185000.0,0.0,139026000.0,139026000.0,139026000.0,619000.0,0.0,0.143,175345000.0,188016000.0,205816000,0.0,3.133,19.09,19.404,196336000,0.0,10.575,2.149,2.172,466464000,2059565000,973114000.0,973114000.0,0.0,,,,,0.0,132322000.0,1.0,765156152,773532000,781980000.0,1.258,4070851000,0,88161000.0,267948000,5.263,
66,FISV,ARQ,2004-12-31,2005-02-25,2004-12-31,2021-07-28,26695000,8383349000,,,,,3.288,-51462000.0,516127000,516127000,571064000.0,97453000.0,,2.269,605327000,,,605327000,226080000,45042000.0,1829639000,0.0,0.0,171155000.0,216197000.0,0.243,216197000.0,171155000.0,159866000.0,0.125,0.122,0.125,2564422000,,2564422000,7433232114,11.0,8.909,216657000.0,0.278,1.0,317088000.0,0.357,2378796000,11289000.0,6093753000,,0,1984536000,,,5818927000,,,7344032114,106165000.0,-13800000.0,-60208000.0,-72981000.0,0.0,-133716000.0,-28238000.0,37024000.0,268119000.0,0.0,97453000.0,97453000.0,97453000.0,17256000.0,0.0,0.11,135385000.0,181703000.0,202616000,0.0,2.864,19.447,19.588,213799000,0.0,9.5,1.969,1.987,437764000,1920539000,888152000.0,888152000.0,0.0,,,,,0.0,90343000.0,1.0,773056012,779936000,788932000.0,1.139,6004553000,0,62413000.0,179285000,7.699,
67,FISV,ARQ,2004-09-30,2004-10-22,2004-09-30,2021-07-28,20489000,8249503000,,,,,3.221,-39717000.0,450062000,450062000,599360000.0,92357000.0,,2.278,719345000,,,719345000,199643000,45411000.0,1830166000,0.0,0.0,160717000.0,206128000.0,0.215,206128000.0,160717000.0,156322000.0,0.117,0.117,0.117,2516676000,,2516676000,6938900704,11.0,8.511,73561000.0,0.094,1.0,358734000.0,0.374,2482582000,4395000.0,6036204000,,0,2079955000,,,5732827000,,,6669617704,217330000.0,-10178000.0,6022000.0,71212000.0,0.0,42244000.0,61808000.0,111703000.0,113278000.0,0.0,92357000.0,92357000.0,92357000.0,0.0,0.0,0.096,198017000.0,160717000.0,2805413000,0.0,2.65,18.416,18.333,206450000,0.0,8.525,1.836,1.833,2914278000,1823086000,958094000.0,958094000.0,0.0,,,,,0.0,152606000.0,1.0,782359848,781336000,789888000.0,1.226,5766921000,0,63965000.0,178260000,7.381,
68,FISV,ARQ,2004-06-30,2004-07-22,2004-06-30,2021-07-28,20146000,8007134000,,,,,3.098,-38214000.0,232732000,232732000,483168000.0,95034000.0,,2.313,644382000,,,644382000,208530000,47952000.0,1865156000,0.0,0.0,160280000.0,208232000.0,0.22,208232000.0,160280000.0,155794000.0,0.122,0.12,0.122,2416949000,,2416949000,7148850089,12.0,9.059,149607000.0,0.192,1.0,462852000.0,0.489,2461356000,4486000.0,5957428000,,0,2188878000,,,5590185000,,,6737200089,24386000.0,-11143000.0,8846000.0,-116600000.0,0.0,-181369000.0,17934000.0,67291000.0,187821000.0,0.0,95034000.0,95034000.0,95034000.0,0.0,0.0,0.1,302572000.0,160280000.0,2428506000,0.0,2.787,19.237,19.082,201295000,0.0,8.625,1.941,1.939,2794572000,1730729000,946020000.0,946020000.0,0.0,,,,,0.0,254620000.0,1.0,781124648,780204000,789516000.0,1.213,5545778000,0,60760000.0,167856000,7.108,
69,FISV,ARQ,2004-03-31,2004-04-22,2004-03-31,2021-07-28,20327000,7928822000,,,,,2.97,-31700000.0,208346000,208346000,493562000.0,92798000.0,,2.431,767477000,,,767477000,215396000,46958000.0,1935614000,0.0,0.0,156860000.0,203818000.0,0.217,203818000.0,156860000.0,152128000.0,0.12,0.117,0.12,2311253000,,2311253000,8523135357,15.0,11.32,97465000.0,0.125,1.0,443918000.0,0.474,2462361000,4732000.0,6025592000,,0,2265147000,,,5617569000,,,7964004357,5578000.0,-29775000.0,11662000.0,-74571000.0,0.0,293164000.0,-416751000.0,-355276000.0,129165000.0,0.0,92798000.0,92798000.0,92798000.0,0.0,0.0,0.099,287058000.0,156860000.0,2259444000,0.0,3.446,23.871,23.64,201802000,0.0,10.213,2.44,2.435,2662304000,1635695000,937480000.0,937480000.0,0.0,,,,,0.0,240100000.0,1.0,779829068,778220000,788252000.0,1.205,5466461000,0,59330000.0,165363000,7.024,
70,FISV,ARQ,2003-12-31,2004-02-27,2003-12-31,2021-07-28,17345000,7214175000,,,,,2.836,-24455000.0,202768000,202768000,481348000.0,81974000.0,,2.279,838116000,,,838116000,208996000,50740000.0,1582698000,0.0,0.0,146356000.0,197096000.0,0.249,197096000.0,146356000.0,134384000.0,0.105,0.105,0.105,2199808000,,2199808000,8139320810,15.0,11.446,90091000.0,0.116,1.0,310157000.0,0.392,2423067000,11972000.0,5426456000,,0,1904161000,,,5014367000,,,7503972810,1066000.0,-153221000.0,2301000.0,46044000.0,0.0,-62294000.0,-51186000.0,126490000.0,114546000.0,0.0,81974000.0,81974000.0,81974000.0,0.0,0.0,0.104,171141000.0,139016000.0,1965947000,0.0,3.411,23.821,23.686,206076000,0.0,9.64,2.474,2.456,2357935000,1542897000,791505000.0,791505000.0,0.0,,,,,0.0,120401000.0,1.0,778420416,775612000,786652000.0,1.02,4791108000,0,52410000.0,114845000,6.177,
71,FISV,ARQ,2003-09-30,2003-10-22,2003-09-30,2021-07-28,9835000,7170717000,,,,,2.714,-37899000.0,201702000,201702000,464764000.0,80412000.0,,2.412,794272000,,,794272000,179257000,43669000.0,1693337000,0.0,0.0,136295000.0,179964000.0,0.226,179964000.0,136295000.0,131823000.0,0.105,0.102,0.105,2101821000,,2101821000,7314122440,14.0,10.412,184327000.0,0.238,1.0,331288000.0,0.416,2287362000,4472000.0,5475925000,,0,2024815000,,,5068896000,,,6721552440,-89447000.0,-392365000.0,5701000.0,88981000.0,0.0,178190000.0,-489863000.0,-59599000.0,222226000.0,0.0,80412000.0,80412000.0,80412000.0,0.0,0.0,0.101,194993000.0,136295000.0,1990576000,0.0,3.198,22.311,21.949,220563000,0.0,8.67,2.309,2.307,2316944000,1460923000,796052000.0,796052000.0,0.0,,,,,0.0,151324000.0,1.0,775265564,774504000,786112000.0,1.028,4883355000,0,51411000.0,116047000,6.305,
72,FISV,ARQ,2003-06-30,2003-07-23,2003-06-30,2021-07-28,17232000,6624652000,,,,,2.615,-45369000.0,291149000,291149000,437418000.0,78438000.0,,2.277,705290000,,,705290000,190380000,39983000.0,1609829000,0.0,0.0,132060000.0,172043000.0,0.233,172043000.0,132060000.0,128586000.0,0.102,0.1,0.102,2021705000,,2021705000,7943752786,16.0,12.056,-6092000.0,-0.008,1.0,301197000.0,0.408,1915842000,3474000.0,5122951000,,0,1981742000,,,4602947000,,,7529611786,108988000.0,-111192000.0,7832000.0,98490000.0,0.0,-37843000.0,107554000.0,264115000.0,39277000.0,0.0,78438000.0,78438000.0,78438000.0,0.0,0.0,0.106,169137000.0,132060000.0,1748319000,0.0,3.724,26.235,25.933,224608000,0.0,9.725,2.737,2.734,2089224000,1380511000,738615000.0,738615000.0,0.0,,,,,0.0,129154000.0,1.0,774253140,773180000,783244000.0,0.955,4708810000,0,50148000.0,118402000,6.09,
73,FISV,ARQ,2003-03-31,2003-04-23,2003-03-31,2021-07-28,14316000,6494282000,,,,,2.513,-35519000.0,182161000,182161000,429941000.0,74188000.0,,2.362,604409000,,,604409000,192944000,37399000.0,1753994000,0.0,0.0,124597000.0,161996000.0,0.229,161996000.0,124597000.0,121620000.0,0.098,0.095,0.098,1931519000,,1931519000,6567768385,14.0,10.534,106533000.0,0.139,1.0,277557000.0,0.392,1783771000,2977000.0,5132759000,,0,2238885000,,,4562763000,,,6145520385,-45078000.0,-79139000.0,2751000.0,21279000.0,0.0,70566000.0,-257696000.0,-143038000.0,142052000.0,0.0,74188000.0,74188000.0,74188000.0,0.0,0.0,0.105,152960000.0,124597000.0,1682464000,0.0,3.182,22.33,22.09,223898000,0.0,7.952,2.324,2.311,1939678000,1302073000,707498000.0,707498000.0,0.0,,,,,0.0,115561000.0,1.0,772778420,768548000,778984000.0,0.921,4710511000,0,47432000.0,100870000,6.129,
74,FISV,ARQ,2002-12-31,2003-02-28,2002-12-31,2021-07-28,23882000,6438705000,,,,,2.387,-66595000.0,227239000,227239000,404811000.0,68228000.0,,2.523,582824000,,,582824000,181173000,65519000.0,1707458000,0.0,0.0,122938000.0,188457000.0,0.282,188457000.0,122938000.0,111849000.0,0.09,0.09,0.09,1827669000,,1827669000,6480117487,14.0,10.888,218293000.0,0.285,1.0,264050000.0,0.395,1672487000,11089000.0,5121803000,,0,2115778000,,,4611036000,,,6124532487,9270000.0,-302839000.0,-5657000.0,135900000.0,0.0,138917000.0,-414535000.0,-75981000.0,284888000.0,0.0,68228000.0,68228000.0,68228000.0,0.0,0.0,0.102,150213000.0,113837000.0,1789129000,0.0,3.351,23.013,22.983,223070000,0.0,7.975,2.384,2.377,2080249000,1227885000,668861000.0,668861000.0,0.0,,,,,0.0,84694000.0,1.0,767966456,765628000,776612000.0,0.874,4766218000,0,43621000.0,69838000,6.225,
75,FISV,ARQ,2002-09-30,2002-10-22,2002-09-30,2021-07-28,30287000,5665831000,,,,,2.303,-18074000.0,217969000,217969000,380523000.0,66151000.0,,2.202,446924000,,,446924000,151485000,26155000.0,1677444000,0.0,0.0,110249000.0,136404000.0,0.215,136404000.0,110249000.0,108445000.0,0.085,0.085,0.085,1769305000,,1769305000,5833567210,14.0,11.083,72728000.0,0.095,1.0,255149000.0,0.401,1310255000,1804000.0,4584531000,,0,2053070000,,,3896526000,,,5604612210,29640000.0,-44435000.0,-19839000.0,47032000.0,0.0,114358000.0,-175520000.0,-103236000.0,90802000.0,0.0,66151000.0,66151000.0,66151000.0,0.0,0.0,0.104,145326000.0,109823000.0,1293006000,0.0,3.168,22.352,22.325,265943000,0.0,7.322,2.338,2.347,1713466000,1159657000,635672000.0,635672000.0,0.0,,,,,0.0,119171000.0,1.0,765396000,768192000,780100000.0,0.827,4355576000,0,42294000.0,70974000,5.67,
76,FISV,ARQ,2002-06-30,2002-07-23,2002-06-30,2021-07-28,66914000,5576771000,,,,,2.29,-26907000.0,188329000,188329000,378665000.0,66645000.0,,2.18,399893000,,,399893000,159002000,25220000.0,1585516000,0.0,0.0,111432000.0,136652000.0,0.216,136652000.0,111432000.0,109254000.0,0.087,0.085,0.087,1753620000,,1753620000,6081160715,15.0,11.957,127659000.0,0.167,1.0,253761000.0,0.401,1265434000,2178000.0,4522901000,,0,1998332000,,,3823151000,,,5869596715,49634000.0,-23458000.0,-2105000.0,-25985000.0,0.0,165831000.0,-270763000.0,-209979000.0,154566000.0,0.0,66645000.0,66645000.0,66645000.0,0.0,0.0,0.105,142896000.0,110865000.0,1369372000,0.0,3.347,24.743,24.463,262678000,0.0,7.633,2.634,2.623,1757893000,1093506000,632426000.0,632426000.0,0.0,,,,,0.0,117676000.0,1.0,769026756,765680000,781896000.0,0.826,4311337000,0,42609000.0,94103000,5.631,
77,FISV,ARQ,2002-03-31,2002-04-23,2002-03-31,2021-07-28,77190000,5486479000,,,,,2.215,-30304000.0,138695000,138695000,382844000.0,65113000.0,,2.248,425870000,,,425870000,163702000,24220000.0,1391594000,0.0,0.0,109429000.0,133649000.0,0.211,133649000.0,109429000.0,106742000.0,0.085,0.083,0.085,1689356000,,1689356000,8472152754,22.0,17.309,16258000.0,0.021,1.0,249084000.0,0.394,1243184000,2687000.0,4530470000,,0,1799519000,,,3797123000,,,8184977754,2607000.0,-35846000.0,5443000.0,-29660000.0,0.0,-53093000.0,9138000.0,85974000.0,46562000.0,0.0,65113000.0,65113000.0,65113000.0,0.0,0.0,0.103,140570000.0,108514000.0,1531378000,0.0,4.845,36.776,36.271,257101000,0.0,10.7,3.957,3.945,1938969000,1026861000,631928000.0,631928000.0,0.0,,,,,0.0,116350000.0,1.0,764951192,762676000,780608000.0,0.829,4243295000,0,41629000.0,77906000,5.564,
78,FISV,ARQ,2001-12-31,2002-02-27,2001-12-31,2021-07-28,76216000,5322242000,,,,,2.133,-21387000.0,136088000,136088000,281218000.0,52834000.0,,2.316,455893000,,,455893000,171101000,29064000.0,1420956000,0.0,0.0,90575000.0,119639000.0,0.241,119639000.0,90575000.0,88057000.0,0.07,0.07,0.07,1604826000,,1604826000,8248394517,23.0,17.5,132806000.0,0.177,1.0,215518000.0,0.434,1207072000,2518000.0,4434975000,,0,1885063000,,,3717416000,,,7928589517,43337000.0,-83612000.0,2149000.0,63196000.0,0.0,-113090000.0,2234000.0,118773000.0,154193000.0,0.0,52834000.0,52834000.0,52834000.0,0.0,0.0,0.106,126020000.0,89498000.0,1372782000,0.0,4.94,38.078,37.419,247748000,0.0,10.402,4.194,4.114,1738268000,961748000,496736000.0,496736000.0,0.0,,,,,0.0,97912000.0,1.0,762181160,752204000,770776000.0,0.66,4115170000,0,35223000.0,54780000,5.471,
79,FISV,ARQ,2001-09-30,2001-10-23,2001-09-30,2021-07-28,55843000,5228229000,,,,,1.895,-12472000.0,92751000,92751000,260479000.0,52629000.0,,2.69,379783000,,,379783000,144886000,28437000.0,1599392000,0.0,0.0,90215000.0,118652000.0,0.254,118652000.0,90215000.0,87714000.0,0.07,0.068,0.07,1416841000,,1416841000,7400945590,21.0,16.061,88367000.0,0.118,1.0,206694000.0,0.442,1045677000,2501000.0,4469584000,,0,1971945000,,,3811388000,,,7113913590,14788000.0,-48109000.0,3812000.0,31941000.0,0.0,188607000.0,-274658000.0,-205528000.0,100839000.0,0.0,52629000.0,52629000.0,52629000.0,0.0,0.0,0.113,117479000.0,89215000.0,1375070000,0.0,5.021,35.663,35.457,218199000,0.0,9.502,3.891,3.887,1799053000,908914000,467173000.0,467173000.0,0.0,,,,,0.0,89368000.0,1.0,748636000,747776000,766164000.0,0.625,4182552000,0,35085000.0,91666000,5.593,
80,FISV,ARQ,2001-06-30,2001-07-24,2001-06-30,2021-07-28,73427000,4950931000,,,,,1.844,-17407000.0,77963000,77963000,258142000.0,51989000.0,,2.598,346311000,,,346311000,157082000,27635000.0,1446537000,0.0,0.0,89885000.0,117520000.0,0.249,117520000.0,89885000.0,86648000.0,0.07,0.068,0.07,1375985000,,1375985000,7492337520,22.0,16.654,100267000.0,0.134,1.0,214504000.0,0.454,1007081000,3237000.0,4212198000,,0,1786036000,,,3574946000,,,7223989520,-4183000.0,-2218000.0,5886000.0,-29254000.0,0.0,-199715000.0,77858000.0,104935000.0,117674000.0,0.0,51989000.0,51989000.0,51989000.0,0.0,0.0,0.11,126125000.0,88379000.0,1365452000,0.0,5.25,37.705,37.448,217131000,0.0,9.662,4.088,4.08,1768230000,856285000,472646000.0,472646000.0,0.0,,,,,0.0,97898000.0,1.0,747696000,746232000,765006000.0,0.633,3943850000,0,34659000.0,80318000,5.285,
81,FISV,ARQ,2001-03-31,2001-04-24,2001-03-31,2021-07-28,73749000,5637099000,,,,,1.767,-16708000.0,82146000,82146000,248300000.0,50765000.0,,3.285,375562000,,,375562000,163113000,27097000.0,1622884000,0.0,0.0,88426000.0,115523000.0,0.255,115523000.0,88426000.0,84609000.0,0.068,0.067,0.068,1315432000,,1315432000,6557665200,20.0,14.647,52721000.0,0.071,1.0,205612000.0,0.453,1017041000,3817000.0,4913474000,,0,1891734000,,,4321667000,,,6264249200,-16710000.0,-90903000.0,3206000.0,20879000.0,0.0,121317000.0,-207456000.0,-90751000.0,69429000.0,0.0,50765000.0,50765000.0,50765000.0,0.0,0.0,0.112,119007000.0,86605000.0,1922643000,0.0,4.762,33.929,33.587,218134000,0.0,8.397,3.661,3.654,2341967000,804296000,453912000.0,453912000.0,0.0,,,,,0.0,92392000.0,1.0,746040000,744648000,763398000.0,0.61,4620058000,0,33844000.0,74371000,6.204,
82,FISV,ARQ,2000-12-31,2001-02-27,2000-12-31,2021-07-28,78869000,5586320000,,,,,1.687,-14713000.0,98856000,98856000,237636000.0,44095000.0,,3.462,354683000,,,354683000,156668000,29383000.0,1525652000,0.0,0.0,79724000.0,109107000.0,0.251,109107000.0,79724000.0,74736000.0,0.06,0.058,0.06,1252072000,,1252072000,6599053505,20.0,15.167,298050000.0,0.402,1.0,196945000.0,0.453,935002000,4988000.0,4907145000,,0,282256000,,,4334248000,,,6343226505,4929000.0,-324000.0,3415000.0,-293141000.0,0.0,-137249000.0,-170585000.0,-147273000.0,312763000.0,0.0,44095000.0,44095000.0,44095000.0,0.0,0.0,0.101,119204000.0,77741000.0,2057956000,0.0,5.066,35.833,35.507,205555000,0.0,8.522,3.836,3.809,2458931000,753531000,434581000.0,434581000.0,0.0,,,,,0.0,88750000.0,1.0,744364542,742320000,762924000.0,0.585,4651318000,0,30641000.0,57199000,6.266,
83,FISV,ARQ,2000-09-30,2000-10-24,2000-09-30,2021-07-28,105360000,6101002000,,,,,1.662,-14703000.0,93927000,93927000,226022000.0,44742000.0,,3.958,647823000,,,647823000,129605000,26606000.0,1373175000,0.0,0.0,81130000.0,107736000.0,0.265,107736000.0,81130000.0,75835000.0,0.06,0.058,0.06,1230555000,,1230555000,6313926720,21.0,15.136,154060000.0,0.208,1.0,180167000.0,0.444,947443000,5295000.0,5707455000,,0,329160000,,,4870447000,,,5760030720,21414000.0,-39749000.0,698000.0,-80731000.0,0.0,-137877000.0,-9472000.0,51384000.0,168763000.0,0.0,44742000.0,44742000.0,44742000.0,0.0,0.0,0.11,101944000.0,78223000.0,2467353000,0.0,4.681,34.318,34.035,207877000,0.0,7.76,3.615,3.607,3068634000,709436000,406189000.0,406189000.0,0.0,,,,,0.0,74290000.0,1.0,742272000,740604000,762270000.0,0.548,5153559000,0,31093000.0,69272000,6.959,
84,FISV,ARQ,2000-06-30,2000-07-25,2000-06-30,2021-07-28,87805000,5993969000,,,,,1.569,-21469000.0,72513000,72513000,226486000.0,45027000.0,,4.178,728549000,,,728549000,134919000,33045000.0,1431019000,0.0,0.0,82316000.0,115361000.0,0.277,115361000.0,82316000.0,76316000.0,0.062,0.06,0.062,1157559000,,1157559000,7125296000,24.0,18.017,230633000.0,0.313,1.0,189948000.0,0.456,915093000,6000000.0,5734912000,,0,291987000,,,4836410000,,,6469260000,-2142000.0,-42176000.0,3194000.0,-154856000.0,0.0,-397718000.0,143474000.0,216807000.0,252102000.0,0.0,45027000.0,45027000.0,45027000.0,0.0,0.0,0.108,110560000.0,79388000.0,2303434000,0.0,5.589,40.868,40.323,209943000,0.0,8.75,4.201,4.193,2987167000,664694000,416434000.0,416434000.0,0.0,,,,,0.0,78371000.0,1.0,739344000,737946000,758406000.0,0.564,5078876000,0,31289000.0,71397000,6.882,
85,FISV,ARQ,2000-03-31,2000-04-25,2000-03-31,2021-07-28,135474000,6258925000,,,,,1.564,-22094000.0,74655000,74655000,217684000.0,43157000.0,,4.438,883401000,,,883401000,139912000,23925000.0,1285232000,0.0,0.0,78954000.0,102879000.0,0.26,102879000.0,78954000.0,73148000.0,0.058,0.057,0.058,1151006000,,1151006000,5967606000,22.0,16.47,-171254000.0,-0.233,1.0,178718000.0,0.451,873551000,5806000.0,6194120000,,0,349577000,,,5107919000,,,5158860000,-5899000.0,-6515000.0,3385000.0,175208000.0,0.0,165703000.0,-22442000.0,15808000.0,-149160000.0,0.0,43157000.0,43157000.0,43157000.0,0.0,0.0,0.109,99764000.0,78954000.0,2545415000,0.0,4.482,34.949,34.653,203863000,0.0,7.0,3.517,3.511,3376685000,619667000,396402000.0,396402000.0,0.0,,,,,0.0,75227000.0,1.0,736980000,735732000,753258000.0,0.539,5385374000,0,29991000.0,102042000,7.32,
86,FISV,ARQ,1999-12-31,2000-02-28,1999-12-31,2021-07-28,125026000,5307710000,,,,,1.483,-17034000.0,80554000,80554000,209180000.0,34917000.0,,3.865,707174000,,,707174000,131476000,25790000.0,1298120000,0.0,0.0,65379000.0,91169000.0,0.243,91169000.0,65379000.0,59182000.0,0.048,0.047,0.048,1091016000,,1091016000,3922583937,15.0,11.557,6597000.0,0.009,1.0,165321000.0,0.441,877334000,6197000.0,5056996000,,0,335573000,,,4216694000,,,3295963937,4651000.0,-10159000.0,-8298000.0,26144000.0,0.0,-44227000.0,25247000.0,78492000.0,23631000.0,0.0,34917000.0,34917000.0,34917000.0,0.0,0.0,0.093,99942000.0,65379000.0,1830782000,0.0,3.021,23.907,23.957,195333000,0.0,4.48,2.342,2.352,2431418000,576510000,374501000.0,374501000.0,0.0,,,,,0.0,72119000.0,1.0,735706236,735708000,753360000.0,0.509,4430376000,0,24265000.0,72699000,6.022,
87,FISV,ARQ,1999-09-30,1999-10-19,1999-09-30,2021-07-28,82363000,5063287000,,,,,1.381,-16855000.0,75903000,75903000,198520000.0,35197000.0,,3.96,681037000,,,681037000,107911000,21491000.0,1360194000,0.0,0.0,64569000.0,86060000.0,0.244,86060000.0,64569000.0,59656000.0,0.048,0.047,0.048,1020732000,,1020732000,4130631500,17.0,12.753,31208000.0,0.042,1.0,154143000.0,0.437,878635000,4913000.0,4789786000,,0,276149000,,,4042555000,,,3525497500,13464000.0,-113178000.0,-19615000.0,100896000.0,0.0,194126000.0,-228725000.0,-98692000.0,48063000.0,0.0,35197000.0,35197000.0,35197000.0,0.0,0.0,0.1,89574000.0,64569000.0,1683812000,0.0,3.454,26.601,26.328,195743000,0.0,4.792,2.569,2.582,2194529000,541593000,352663000.0,352663000.0,0.0,,,,,0.0,67014000.0,1.0,735756000,739356000,755844000.0,0.477,4184652000,0,24459000.0,40443000,5.66,
88,FISV,ARQ,1999-06-30,1999-07-20,1999-06-30,2021-07-28,151409000,5333554000,,,,,1.45,-16072000.0,62439000,62439000,190523000.0,34338000.0,,3.965,547048000,,,547048000,108798000,19716000.0,1247348000,0.0,0.0,62514000.0,82230000.0,0.24,82230000.0,62514000.0,58199000.0,0.047,0.045,0.047,1074197000,,1074197000,4299956520,19.0,13.875,53180000.0,0.072,1.0,152729000.0,0.445,735560000,4315000.0,5082603000,,0,413000000,,,4259357000,,,3815347520,-19037000.0,-67362000.0,1859000.0,-23541000.0,0.0,41143000.0,-129432000.0,-45998000.0,69252000.0,0.0,34338000.0,34338000.0,34338000.0,0.0,0.0,0.1,90215000.0,62514000.0,2114710000,0.0,3.552,30.231,29.922,186875000,0.0,5.147,2.871,2.87,2606033000,506396000,343252000.0,343252000.0,0.0,,,,,0.0,69510000.0,1.0,741324000,740988000,763812000.0,0.463,4597994000,0,23861000.0,84585000,6.205,
89,FISV,ARQ,1999-03-31,1999-04-20,1999-03-31,2021-07-28,63868000,4445989000,,,,,1.28,-19736000.0,81476000,81476000,190166000.0,33416000.0,,3.697,494789000,,,494789000,119902000,19316000.0,1184523000,0.0,0.0,60623000.0,79939000.0,0.237,79939000.0,60623000.0,56638000.0,0.046,0.043,0.046,946460000,,946460000,4659312570,21.0,15.584,17155000.0,0.023,1.0,146963000.0,0.436,691517000,3985000.0,4167785000,,0,273461000,,,3499529000,,,4245999570,9918000.0,-19888000.0,3254000.0,66460000.0,0.0,155464000.0,-182437000.0,-142813000.0,36891000.0,0.0,33416000.0,33416000.0,33416000.0,0.0,0.0,0.099,86340000.0,60623000.0,1511775000,0.0,4.486,35.225,35.194,184915000,0.0,5.737,3.274,3.27,1939002000,472058000,337129000.0,337129000.0,0.0,,,,,0.0,63973000.0,1.0,740151000,739377000,767277000.0,0.456,3754472000,0,23222000.0,29094000,5.078,
90,FISV,ARQ,1998-12-31,1999-02-23,1998-12-31,2021-07-28,39875000,3958338000,,,,,1.202,-24564000.0,71558000,71558000,192195000.0,29581000.0,,3.469,427972000,,,427972000,107286000,21173000.0,1098773000,0.0,0.0,54499000.0,75672000.0,0.223,75672000.0,54499000.0,50137000.0,0.041,0.039,0.041,885797000,,885797000,4172143969,20.0,14.583,42625000.0,0.058,1.0,146883000.0,0.433,680975000,4362000.0,3633777000,,0,180099000,,,3072541000,,,3815729969,-16244000.0,-119001000.0,-1540000.0,59744000.0,0.0,-57624000.0,-25809000.0,105843000.0,67189000.0,0.0,29581000.0,29581000.0,29581000.0,0.0,0.0,0.087,92384000.0,54499000.0,1273223000,0.0,4.308,33.391,33.12,179434000,0.0,5.167,3.093,3.088,1649501000,438642000,339078000.0,339078000.0,0.0,,,,,0.0,70076000.0,1.0,738528381,737235000,762921000.0,0.46,3277363000,14545000,20556000.0,14768000,4.445,
91,FISV,ARQ,1998-09-30,1998-10-20,1998-09-30,2021-07-28,16551000,4097233000,,,,,1.12,-21587000.0,87802000,87802000,171755000.0,28873000.0,,3.958,367482000,,,367482000,95011000,19136000.0,1214599000,0.0,0.0,52934000.0,72070000.0,0.233,72070000.0,52934000.0,48936000.0,0.039,0.038,0.039,826431000,,826431000,3876699120,,,79816000.0,0.108,1.0,137788000.0,0.445,572097000,3998000.0,3804816000,,0,143955000,,,3270802000,,,3597019120,22125000.0,-10949000.0,675000.0,-39111000.0,0.0,102383000.0,-181661000.0,-140795000.0,101403000.0,0.0,28873000.0,28873000.0,28873000.0,0.0,0.0,0.093,84854000.0,52934000.0,1428556000,0.0,4.352,,,167546000,0.0,4.876,,,1792655000,409061000,309543000.0,309543000.0,0.0,,,,,0.0,67769000.0,1.0,737766000,737613000,764442000.0,0.42,3525136000,29470000,20063000.0,20776000,4.779,
92,FISV,ARQ,1998-06-30,1998-07-21,1998-06-30,2021-07-28,16462000,3930721000,,,,,1.066,-16569000.0,65677000,65677000,172863000.0,28670000.0,,3.929,406756000,,,406756000,97333000,18480000.0,1073781000,0.0,0.0,52822000.0,71302000.0,0.229,71302000.0,52822000.0,48594000.0,0.038,0.037,0.038,797544000,,797544000,4264174680,,,-18158000.0,-0.024,1.0,138357000.0,0.445,567024000,4228000.0,3704776000,,0,135642000,,,3133177000,,,3923095680,-17455000.0,-1615000.0,-6000.0,8957000.0,0.0,49714000.0,-65580000.0,-43813000.0,-1589000.0,0.0,28670000.0,28670000.0,28670000.0,0.0,0.0,0.092,85535000.0,52822000.0,1420410000,0.0,4.919,,,158779000,0.0,5.32,,,1809788000,380188000,311220000.0,311220000.0,0.0,,,,,0.0,68908000.0,1.0,737424000,748116000,773370000.0,0.416,3363697000,29006000,19924000.0,9329000,4.496,
93,FISV,ARQ,1998-03-31,1998-04-21,1998-03-31,2021-07-28,16622000,3520866000,,,,,1.051,-14822000.0,83132000,83132000,155579000.0,27150000.0,,3.62,397256000,,,397256000,85783000,17662000.0,1033019000,0.0,0.0,49384000.0,67046000.0,0.245,67046000.0,49384000.0,46017000.0,0.038,0.036,0.038,762059000,,762059000,3878342863,,,67991000.0,0.094,1.0,118250000.0,0.432,556465000,3367000.0,3278525000,,0,129618000,,,2758807000,,,3564218863,-6245000.0,-86227000.0,-36518000.0,50245000.0,0.0,-35995000.0,-53063000.0,47986000.0,82813000.0,0.0,27150000.0,27150000.0,27150000.0,0.0,0.0,0.099,68866000.0,49384000.0,1116461000,0.0,4.677,,,153011000,0.0,4.912,,,1445417000,351518000,273829000.0,273829000.0,0.0,,,,,0.0,52373000.0,1.0,725636475,725152500,748777500.0,0.378,2964401000,34703000,18867000.0,17160000,4.088,
94,FISV,ARQ,1997-12-31,1998-02-20,1997-12-31,2021-07-28,16442000,3636491000,,,,,1.096,,89377000,89377000,,,,3.727,347006000,,,347006000,67569000,,1082740000,0.0,0.0,,,,,,,,,,769255000,,769255000,3119639071,19.0,13.625,,,1.0,,,478869000,,3415251000,,0,125999000,,,2867236000,,,2862010071,,,,,,,,,,,,,,,,,,,1238105000,,3.72,31.52,30.342,149055000,,3.944,2.937,2.842,1583940000,324489000,,,,,,,,,,1.0,725580018,702121500,,,3157622000,35233000,,8436000,4.497,
0,FISV,ART,2021-06-30,2021-07-28,2021-06-30,2021-07-28,-323000000,75776000000,74401750000.0,17727000000.0,58049000000.0,0.207,47.903,-906000000.0,841000000,841000000,7599000000.0,1191000000.0,1.028,1.352,20843000000,418000000.0,20425000000.0,20843000000,524000000,3171000000.0,0,0.0,0.0,2226000000.0,5397000000.0,0.35,5397000000.0,2226000000.0,1527000000.0,1.69,1.68,1.69,31793000000,31916500000.0,31793000000,95943636716,43.0,17.777,3335000000.0,5.025,1.0,7825000000.0,0.507,51379000000,699000000.0,27148000000,27508750000.0,0,2590000000,0.0,2590000000.0,42983000000,17251000000.0,25732000000.0,75941636716,-52000000.0,-501000000.0,-1506000000.0,-1644000000.0,0.0,-3254000000.0,-1065000000.0,236000000.0,4241000000.0,26000000.0,1137000000.0,1137000000.0,1137000000.0,0.0,54000000.0,0.074,5648000000.0,2177000000.0,3364000000,0.0,2.389,66.791,67.858,1650000000,0.0,114.68,4.924,4.935,2663000000,14014000000,15424000000.0,15424000000.0,0.0,0.015,0.036,0.081,0.144,294000000.0,5684000000.0,1.0,662204715,663700000,672700000.0,23.239,24397000000,0,390000000.0,4324000000,36.759,476000000.0
1,FISV,ART,2021-03-31,2021-04-28,2021-03-31,2021-07-28,-536000000,74840000000,74731000000.0,16440000000.0,58400000000.0,0.199,47.638,-888000000.0,831000000,831000000,7552000000.0,916000000.0,1.034,1.318,21204000000,366000000.0,20838000000.0,21204000000,555000000,3175000000.0,0,0.0,0.0,1703000000.0,4878000000.0,0.329,4878000000.0,1703000000.0,1005000000.0,1.28,1.28,1.28,31851000000,31864000000.0,31851000000,102665677126,60.0,21.047,3323000000.0,4.97,1.0,7286000000.0,0.491,51375000000,698000000.0,27933000000,27875250000.0,0,3037000000,0.0,3037000000.0,41995000000,15905000000.0,26090000000.0,82292677126,-90000000.0,-315000000.0,-1470000000.0,-1441000000.0,0.0,-3013000000.0,-1313000000.0,-228000000.0,4211000000.0,25000000.0,870000000.0,870000000.0,870000000.0,0.0,46000000.0,0.059,5585000000.0,1701000000.0,3243000000,0.0,2.584,94.589,96.422,1646000000,0.0,123.42,5.546,5.561,2617000000,13745000000,14838000000.0,14838000000.0,0.0,0.012,0.027,0.061,0.115,327000000.0,5621000000.0,1.0,666769382,668600000,679900000.0,22.193,23465000000,0,135000000.0,4289000000,35.096,535000000.0
2,FISV,ART,2020-12-31,2021-02-26,2020-12-31,2021-07-28,-387000000,74619000000,74170500000.0,16219000000.0,58400000000.0,0.2,48.103,-900000000.0,906000000,906000000,7812000000.0,975000000.0,1.037,1.277,20684000000,384000000.0,20300000000.0,20684000000,546000000,3210000000.0,0,0.0,0.0,1863000000.0,5073000000.0,0.342,5073000000.0,1863000000.0,1154000000.0,1.42,1.4,1.42,32330000000,31862000000.0,32330000000,97013586009,52.0,19.124,3247000000.0,4.831,1.0,7040000000.0,0.474,51680000000,709000000.0,27080000000,28105000000.0,0,2756000000,0.0,2756000000.0,41290000000,15637000000.0,25653000000.0,77235586009,-14000000.0,440000000.0,-1693000000.0,-2043000000.0,0.0,-3836000000.0,-341000000.0,-1000000.0,4147000000.0,16000000.0,958000000.0,958000000.0,958000000.0,0.0,17000000.0,0.065,5188000000.0,1852000000.0,3186000000,0.0,2.389,80.622,81.246,1628000000,0.0,115.37,5.2,5.221,2482000000,13441000000,14852000000.0,14852000000.0,0.0,0.013,0.03,0.066,0.125,369000000.0,5652000000.0,1.0,669459877,672100000,683400000.0,22.098,22939000000,0,196000000.0,4389000000,34.13,582000000.0
3,FISV,ART,2020-09-30,2020-10-28,2020-09-30,2021-07-28,-831000000,72372000000,74900500000.0,14025000000.0,58347000000.0,0.201,47.316,-979000000.0,937000000,937000000,8064000000.0,903000000.0,1.057,1.252,21259000000,365000000.0,20894000000.0,21259000000,451000000,3225000000.0,0,0.0,0.0,1864000000.0,5089000000.0,0.338,5089000000.0,1864000000.0,1135000000.0,1.29,1.28,1.29,31692000000,32024250000.0,31692000000,83021354091,45.0,16.314,3160000000.0,4.718,1.0,7001000000.0,0.465,51557000000,729000000.0,27874000000,28619500000.0,0,2772000000,0.0,2772000000.0,39683000000,13263000000.0,26420000000.0,62699354091,-119000000.0,452000000.0,-1754000000.0,-2043000000.0,0.0,-3945000000.0,-314000000.0,-41000000.0,4139000000.0,1000000.0,905000000.0,905000000.0,905000000.0,0.0,-2000000.0,0.06,5174000000.0,1827000000.0,3044000000,0.0,1.978,69.281,72.496,1630000000,0.0,93.52,4.162,4.158,2323000000,13141000000,15065000000.0,15065000000.0,0.0,0.012,0.028,0.065,0.124,394000000.0,5656000000.0,1.0,670437918,669800000,680300000.0,22.492,20815000000,0,230000000.0,4532000000,31.076,762000000.0
4,FISV,ART,2020-06-30,2020-08-06,2020-06-30,2021-07-28,-644000000,77093000000,76273500000.0,17482000000.0,59611000000.0,0.189,47.139,-999000000.0,869000000,869000000,7813000000.0,852000000.0,1.043,1.387,21874000000,359000000.0,21515000000.0,21874000000,481000000,3009000000.0,0,0.0,0.0,1717000000.0,4726000000.0,0.328,4726000000.0,1717000000.0,998000000.0,1.24,1.22,1.24,31583000000,32268500000.0,31583000000,89563762188,52.0,18.951,3136000000.0,4.681,1.0,6594000000.0,0.458,52724000000,719000000.0,28614000000,29004000000.0,0,2763000000,0.0,2763000000.0,43807000000,16760000000.0,27047000000.0,68558762188,-7534000000.0,-15570000000.0,-1764000000.0,6604000000.0,0.0,4649000000.0,-16307000000.0,-42000000.0,4135000000.0,-11000000.0,839000000.0,839000000.0,839000000.0,0.0,13000000.0,0.058,4935000000.0,1659000000.0,2933000000,0.0,2.171,81.715,82.565,1688000000,0.0,102.38,4.759,4.761,2512000000,12877000000,14407000000.0,14407000000.0,0.0,0.011,0.026,0.059,0.119,397000000.0,5381000000.0,1.0,669649953,670000000,680800000.0,21.503,24369000000,0,159000000.0,4481000000,36.372,722000000.0
5,FISV,ART,2020-03-31,2020-05-08,2020-03-31,2021-07-28,-811000000,72598000000,61910250000.0,12933000000.0,59665000000.0,0.201,46.959,-869000000.0,896000000,896000000,6678000000.0,1066000000.0,1.067,1.226,21968000000,338000000.0,21630000000.0,21968000000,506000000,2338000000.0,0,0.0,0.0,1915000000.0,4253000000.0,0.341,4253000000.0,1915000000.0,1306000000.0,1.81,1.78,1.81,31843000000,25009250000.0,31843000000,91220562963,48.0,21.449,2441000000.0,3.6,1.0,5776000000.0,0.464,52699000000,609000000.0,28852000000,25624750000.0,0,2814000000,0.0,2814000000.0,39052000000,12119000000.0,26933000000.0,70148562963,482000000.0,-15536000000.0,-1176000000.0,14688000000.0,0.0,13357000000.0,-16169000000.0,-45000000.0,3310000000.0,-16000000.0,1060000000.0,1060000000.0,1060000000.0,0.0,6000000.0,0.085,3901000000.0,1875000000.0,2875000000,0.0,2.203,66.178,57.89,1708000000,0.0,104.78,5.633,5.705,2582000000,12875000000,12454000000.0,12454000000.0,0.0,0.017,0.042,0.075,0.154,318000000.0,4347000000.0,1.0,669484281,678100000,691200000.0,18.366,19899000000,0,246000000.0,4227000000,29.345,814000000.0
6,FISV,ART,2019-12-31,2020-02-27,2019-12-31,2021-07-28,-180000000,77539000000,46679750000.0,17046000000.0,60493000000.0,0.218,64.374,-721000000.0,893000000,893000000,5309000000.0,914000000.0,1.084,1.294,21899000000,287000000.0,21612000000.0,21899000000,492000000,1651000000.0,0,0.0,0.0,1564000000.0,3215000000.0,0.316,3215000000.0,1564000000.0,1091000000.0,1.74,1.71,1.74,32979000000,17647000000.0,32979000000,94715381907,61.0,29.46,2074000000.0,4.048,1.0,4878000000.0,0.479,53680000000,473000000.0,29138000000,20201500000.0,0,2720000000,0.0,2720000000.0,42682000000,15727000000.0,26955000000.0,73709381907,518000000.0,-15954000000.0,-405000000.0,14740000000.0,0.0,14191000000.0,-16469000000.0,-45000000.0,2795000000.0,1000000.0,893000000.0,893000000.0,893000000.0,0.0,21000000.0,0.088,3269000000.0,1609000000.0,3080000000,0.0,2.235,82.541,62.379,1606000000,0.0,108.54,7.236,5.458,2782000000,12528000000,10187000000.0,10187000000.0,0.0,0.019,0.051,0.077,0.154,229000000.0,3284000000.0,1.0,679098783,512300000,522600000.0,19.885,23859000000,0,198000000.0,4247000000,46.572,1319000000.0
7,FISV,ART,2019-09-30,2019-11-07,2019-09-30,2021-07-28,-379000000,77864000000,30110500000.0,17991000000.0,59873000000.0,0.255,55.864,-528000000.0,1028000000,1028000000,4022000000.0,959000000.0,1.08,1.347,22491000000,368000000.0,22123000000.0,22491000000,412000000,1012000000.0,0,0.0,0.0,1507000000.0,2519000000.0,0.327,2519000000.0,1507000000.0,1164000000.0,2.21,2.16,2.21,32669000000,9975500000.0,32669000000,96013486860,64.0,38.116,1660000000.0,2.839,1.0,3671000000.0,0.477,53254000000,343000000.0,29412000000,14654750000.0,0,2618000000,0.0,2618000000.0,44012000000,16661000000.0,27351000000.0,74550486860,397000000.0,-16677000000.0,-832000000.0,16220000000.0,0.0,15328000000.0,-17115000000.0,-7000000.0,2188000000.0,-4000000.0,932000000.0,932000000.0,932000000.0,0.0,27000000.0,0.121,1892000000.0,1779000000.0,2901000000,0.0,2.282,79.99,49.615,1639000000,0.0,109.65,9.691,8.335,2653000000,12281000000,7693000000.0,7693000000.0,0.0,0.031,0.093,0.103,0.196,140000000.0,2119000000.0,1.0,679895001,584800000,596900000.0,13.155,24610000000,0,232000000.0,4110000000,42.083,1330000000.0
8,FISV,ART,2019-06-30,2019-07-26,2019-06-30,2021-07-28,-193000000,19640000000,13331500000.0,10209000000.0,9431000000.0,0.448,6.487,-401000000.0,8441000000,8441000000,3154000000.0,961000000.0,4.97,6.714,13756000000,9000000.0,13747000000.0,13756000000,360000000,577000000.0,0,0.0,0.0,1444000000.0,2021000000.0,0.338,2021000000.0,1444000000.0,1218000000.0,2.43,2.38,2.43,2546000000,2473500000.0,2546000000,45516122146,32.0,22.522,1117000000.0,2.846,1.0,2823000000.0,0.472,7804000000,226000000.0,15097000000,8746250000.0,0,0,0.0,0.0,17094000000,2054000000.0,15040000000.0,40201122146,8093000000.0,-648000000.0,-1220000000.0,8842000000.0,0.0,7610000000.0,-1035000000.0,-4000000.0,1518000000.0,0.0,961000000.0,961000000.0,961000000.0,0.0,0.0,0.161,1060000000.0,1763000000.0,1685000000,0.0,15.79,41.833,42.099,418000000,0.0,102.3,6.726,6.718,989000000,12083000000,5977000000.0,5977000000.0,0.0,0.072,0.389,0.165,0.242,71000000.0,1287000000.0,1.0,392972846,392500000,399600000.0,15.228,11836000000,0,257000000.0,713000000,30.155,8155000000.0
9,FISV,ART,2019-03-31,2019-05-01,2019-03-31,2021-07-28,-85000000,11676000000,10976000000.0,2275000000.0,9401000000.0,0.536,6.112,-381000000.0,452000000,452000000,3108000000.0,989000000.0,1.073,3.877,5875000000,7000000.0,5868000000.0,5875000000,395000000,567000000.0,0,0.0,0.0,1465000000.0,2032000000.0,0.345,2032000000.0,1465000000.0,1258000000.0,2.47,2.42,2.47,2394000000,2549500000.0,2394000000,39145355279,27.0,19.264,1165000000.0,2.974,1.0,2777000000.0,0.472,7820000000,207000000.0,7159000000,6405000000.0,0,0,0.0,0.0,9282000000,2120000000.0,7162000000.0,33722355279,163000000.0,-656000000.0,-1623000000.0,1182000000.0,0.0,-446000000.0,-1030000000.0,-2000000.0,1546000000.0,0.0,989000000.0,989000000.0,989000000.0,0.0,0.0,0.168,1037000000.0,1740000000.0,1718000000,0.0,14.086,34.097,34.789,409000000,0.0,85.93,5.73,5.719,1044000000,11860000000,5885000000.0,5885000000.0,0.0,0.09,0.388,0.229,0.249,73000000.0,1264000000.0,1.0,392439838,391700000,399100000.0,15.024,3856000000,0,269000000.0,745000000,9.844,155000000.0
10,FISV,ART,2018-12-31,2019-02-21,2018-12-31,2021-07-28,-67000000,11262000000,10598750000.0,2224000000.0,9038000000.0,0.549,5.655,-360000000.0,415000000,415000000,3069000000.0,1187000000.0,1.106,3.911,5959000000,4000000.0,5955000000.0,5959000000,380000000,556000000.0,0,0.0,0.0,1758000000.0,2314000000.0,0.397,2314000000.0,1758000000.0,1565000000.0,2.93,2.87,2.93,2293000000,2693750000.0,2293000000,38730995792,22.0,16.738,1185000000.0,2.922,1.0,2754000000.0,0.473,7845000000,193000000.0,6951000000,5964500000.0,0,0,0.0,0.0,8969000000,2010000000.0,6959000000.0,33186995792,133000000.0,-293000000.0,-1871000000.0,1034000000.0,0.0,-842000000.0,-613000000.0,-3000000.0,1545000000.0,0.0,1187000000.0,1187000000.0,1187000000.0,0.0,0.0,0.204,1001000000.0,1753000000.0,1626000000,0.0,14.473,27.959,28.925,398000000,0.0,84.75,5.699,5.902,1049000000,11635000000,5823000000.0,5823000000.0,0.0,0.112,0.441,0.295,0.302,73000000.0,1228000000.0,1.0,391586971,405500000,413700000.0,14.36,3417000000,0,378000000.0,745000000,8.427,214000000.0
11,FISV,ART,2018-09-30,2018-11-01,2018-09-30,2021-07-28,-79000000,10748000000,10355500000.0,2338000000.0,8410000000.0,0.559,6.59,-342000000.0,673000000,673000000,3025000000.0,1447000000.0,1.008,3.039,5275000000,452000000.0,4823000000.0,5275000000,317000000,517000000.0,0,0.0,0.0,1768000000.0,2285000000.0,0.395,2285000000.0,1768000000.0,1586000000.0,3.49,3.425,3.49,2661000000,2803250000.0,2661000000,34451445905,19.0,15.077,1100000000.0,2.724,1.0,2763000000.0,0.477,7252000000,182000000.0,5778000000,5590250000.0,0,0,0.0,0.0,8087000000,2320000000.0,5767000000.0,29849445905,372000000.0,416000000.0,-1388000000.0,160000000.0,0.0,-1224000000.0,111000000.0,0.0,1442000000.0,0.0,1447000000.0,1447000000.0,1447000000.0,-14000000.0,0.0,0.25,1243000000.0,1520000000.0,1551000000,0.0,11.217,20.629,21.464,385000000,0.0,74.91,5.157,5.226,949000000,11349000000,5788000000.0,5788000000.0,0.0,0.14,0.516,0.316,0.305,69000000.0,1243000000.0,1.0,398470777,403800000,412000000.0,14.334,3496000000,0,139000000.0,715000000,8.658,18000000.0
12,FISV,ART,2018-06-30,2018-08-01,2018-06-30,2021-07-28,-66000000,10218000000,10218250000.0,1804000000.0,8414000000.0,0.565,6.978,-320000000.0,348000000,348000000,3022000000.0,1452000000.0,1.09,2.585,4806000000,1000000.0,4805000000.0,4806000000,352000000,488000000.0,0,0.0,0.0,1791000000.0,2279000000.0,0.395,2279000000.0,1791000000.0,1611000000.0,3.48,3.415,3.48,2850000000,2725500000.0,2850000000,34722251006,19.0,15.236,1078000000.0,2.64,1.0,2754000000.0,0.477,7289000000,180000000.0,5732000000,5554500000.0,0,0,0.0,0.0,7368000000,1655000000.0,5713000000.0,30264251006,73000000.0,111000000.0,-1259000000.0,61000000.0,0.0,-1191000000.0,-177000000.0,-12000000.0,1398000000.0,0.0,1452000000.0,1452000000.0,1452000000.0,-14000000.0,0.0,0.251,1222000000.0,1532000000.0,1302000000,0.0,10.619,20.843,21.477,374000000,0.0,74.74,5.24,5.285,932000000,11122000000,5776000000.0,5776000000.0,0.0,0.142,0.533,0.322,0.31,66000000.0,1222000000.0,1.0,404927094,408400000,416400000.0,14.143,2929000000,0,159000000.0,692000000,7.172,149000000.0
13,FISV,ART,2018-03-31,2018-05-02,2018-03-31,2021-07-28,-56000000,10167000000,10085000000.0,1768000000.0,8399000000.0,0.569,7.192,-288000000.0,382000000,382000000,3031000000.0,1422000000.0,1.051,2.422,4604000000,1000000.0,4603000000.0,4604000000,379000000,461000000.0,0,0.0,0.0,1797000000.0,2258000000.0,0.393,2258000000.0,1797000000.0,1618000000.0,3.395,3.325,3.395,2971000000,2610750000.0,2971000000,32485419819,18.0,14.387,1104000000.0,2.672,1.0,2711000000.0,0.472,7309000000,179000000.0,5397000000,5416000000.0,0,0,0.0,0.0,7196000000,1683000000.0,5513000000.0,28263419819,5000000.0,130000000.0,-1168000000.0,-47000000.0,0.0,-1215000000.0,-122000000.0,-11000000.0,1392000000.0,0.0,1422000000.0,1422000000.0,1422000000.0,-14000000.0,0.0,0.248,1178000000.0,1533000000.0,1303000000,0.0,9.513,19.876,20.333,375000000,0.0,69.03,4.922,4.966,878000000,10871000000,5742000000.0,5742000000.0,0.0,0.141,0.545,0.332,0.313,66000000.0,1178000000.0,1.0,409436764,413100000,421600000.0,13.9,2858000000,0,196000000.0,693000000,6.918,85000000.0
14,FISV,ART,2017-12-31,2018-02-22,2017-12-31,2021-07-28,-54000000,10289000000,9967250000.0,1975000000.0,8314000000.0,0.571,6.468,-287000000.0,325000000,325000000,3024000000.0,1246000000.0,1.019,2.767,4900000000,3000000.0,4897000000.0,4900000000,552000000,433000000.0,0,0.0,0.0,1580000000.0,2013000000.0,0.353,2013000000.0,1580000000.0,1404000000.0,2.95,2.89,2.95,2731000000,2474000000.0,2731000000,33936043553,21.0,16.858,1196000000.0,2.833,1.0,2672000000.0,0.469,7472000000,176000000.0,5454000000,5308250000.0,0,0,0.0,0.0,7558000000,1938000000.0,5620000000.0,29361043553,6000000.0,-367000000.0,-1145000000.0,325000000.0,0.0,-820000000.0,-657000000.0,-10000000.0,1483000000.0,0.0,1246000000.0,1246000000.0,1246000000.0,-14000000.0,0.0,0.219,1150000000.0,1522000000.0,1383000000,0.0,10.751,23.564,24.086,390000000,0.0,71.055,5.155,5.267,997000000,10240000000,5696000000.0,5696000000.0,0.0,0.125,0.504,0.298,0.277,63000000.0,1150000000.0,1.0,413215728,422200000,431200000.0,13.491,2817000000,0,158000000.0,552000000,6.672,37000000.0
15,FISV,ART,2017-09-30,2017-11-01,2017-09-30,2021-07-28,-55000000,10199000000,9830750000.0,1870000000.0,8329000000.0,0.571,5.593,-275000000.0,325000000,325000000,3007000000.0,915000000.0,1.011,3.34,5111000000,93000000.0,5018000000.0,5111000000,451000000,427000000.0,0,0.0,0.0,1516000000.0,1943000000.0,0.346,1943000000.0,1516000000.0,1343000000.0,2.145,2.1,2.145,2350000000,2426500000.0,2350000000,30944291935,20.0,15.926,1129000000.0,2.687,1.0,2604000000.0,0.464,7500000000,173000000.0,5635000000,5189500000.0,0,0,0.0,0.0,7849000000,1850000000.0,5999000000.0,26158291935,22000000.0,-364000000.0,-1212000000.0,468000000.0,0.0,-739000000.0,-643000000.0,-11000000.0,1404000000.0,0.0,915000000.0,915000000.0,915000000.0,0.0,0.0,0.163,1132000000.0,1472000000.0,1306000000,0.0,11.131,28.588,29.259,385000000,0.0,62.76,4.662,4.7,898000000,9694000000,5611000000.0,5611000000.0,0.0,0.093,0.377,0.292,0.27,57000000.0,1132000000.0,1.0,416798788,420200000,429000000.0,13.353,2699000000,0,428000000.0,815000000,6.423,20000000.0
16,FISV,ART,2017-06-30,2017-08-02,2017-06-30,2021-07-28,-59000000,9685000000,9690250000.0,1632000000.0,8053000000.0,0.577,5.644,-281000000.0,299000000,299000000,2998000000.0,897000000.0,0.956,3.051,4741000000,95000000.0,4646000000.0,4741000000,464000000,424000000.0,0,0.0,0.0,1510000000.0,1934000000.0,0.346,1934000000.0,1510000000.0,1341000000.0,2.085,2.04,2.085,2391000000,2481250000.0,2391000000,30533412994,20.0,15.788,1154000000.0,2.724,1.0,2593000000.0,0.464,7242000000,169000000.0,5178000000,5074000000.0,0,0,0.0,0.0,7294000000,1707000000.0,5587000000.0,26091412994,36000000.0,-59000000.0,-1246000000.0,173000000.0,0.0,-1059000000.0,-340000000.0,-1000000.0,1435000000.0,0.0,897000000.0,897000000.0,897000000.0,0.0,0.0,0.16,1122000000.0,1471000000.0,1148000000,0.0,10.912,29.087,29.729,396000000,0.0,61.985,4.667,4.696,845000000,9462000000,5591000000.0,5591000000.0,0.0,0.093,0.362,0.298,0.27,48000000.0,1122000000.0,1.0,420931080,423600000,432600000.0,13.199,2443000000,0,444000000.0,773000000,5.767,-75000000.0
17,FISV,ART,2017-03-31,2017-04-27,2017-03-31,2021-07-28,-67000000,9696000000,9651500000.0,1615000000.0,8081000000.0,0.577,5.65,-294000000.0,308000000,308000000,2977000000.0,888000000.0,0.902,3.0,4638000000,91000000.0,4547000000.0,4638000000,494000000,417000000.0,0,0.0,0.0,1498000000.0,1915000000.0,0.344,1915000000.0,1498000000.0,1333000000.0,2.035,2.0,2.035,2424000000,2544000000.0,2424000000,29791996142,20.0,15.557,1091000000.0,2.543,1.0,2591000000.0,0.465,7270000000,165000000.0,4966000000,5053500000.0,0,0,0.0,0.0,7272000000,1790000000.0,5482000000.0,25461996142,25000000.0,-78000000.0,-1213000000.0,182000000.0,0.0,-989000000.0,-371000000.0,-1000000.0,1385000000.0,0.0,888000000.0,888000000.0,888000000.0,0.0,0.0,0.159,1120000000.0,1471000000.0,1205000000,0.0,10.504,28.673,29.457,400000000,0.0,59.945,4.573,4.619,861000000,9241000000,5568000000.0,5568000000.0,0.0,0.092,0.349,0.296,0.269,20000000.0,1120000000.0,1.0,424755962,429000000,438400000.0,12.979,2426000000,0,445000000.0,767000000,5.655,-175000000.0
18,FISV,ART,2016-12-31,2017-02-23,2016-12-31,2021-07-28,-76000000,9743000000,9615500000.0,1728000000.0,8015000000.0,0.573,5.767,-290000000.0,300000000,300000000,2959000000.0,930000000.0,0.949,2.834,4562000000,95000000.0,4467000000.0,4562000000,483000000,411000000.0,0,0.0,0.0,1585000000.0,1996000000.0,0.363,1996000000.0,1585000000.0,1422000000.0,2.11,2.075,2.11,2541000000,2609000000.0,2541000000,28915397855,18.0,14.487,1141000000.0,2.59,1.0,2546000000.0,0.462,7206000000,163000000.0,4979000000,5033750000.0,0,0,0.0,0.0,7202000000,1820000000.0,5382000000.0,24653397855,25000000.0,-265000000.0,-1166000000.0,263000000.0,0.0,-852000000.0,-554000000.0,-1000000.0,1431000000.0,0.0,930000000.0,930000000.0,930000000.0,0.0,0.0,0.169,1101000000.0,1445000000.0,1242000000,0.0,9.702,26.509,27.227,405000000,0.0,57.45,4.478,4.598,902000000,8994000000,5505000000.0,5505000000.0,0.0,0.097,0.356,0.315,0.288,17000000.0,1101000000.0,1.0,429127900,440600000,447800000.0,12.494,2537000000,0,492000000.0,762000000,5.758,-92000000.0
19,FISV,ART,2016-09-30,2016-10-27,2016-09-30,2021-07-28,-69000000,9637000000,9514750000.0,1600000000.0,8037000000.0,0.572,5.86,-290000000.0,303000000,303000000,2961000000.0,904000000.0,1.034,2.751,4630000000,6000000.0,4624000000.0,4630000000,413000000,411000000.0,0,0.0,0.0,1534000000.0,1945000000.0,0.357,1945000000.0,1534000000.0,1375000000.0,2.025,1.99,2.025,2569000000,2638750000.0,2569000000,25327296290,17.0,13.022,1143000000.0,2.607,1.0,2481000000.0,0.456,7243000000,159000000.0,5173000000,4985000000.0,0,0,0.0,0.0,7068000000,1548000000.0,5520000000.0,21000296290,-6000000.0,-265000000.0,-1350000000.0,411000000.0,0.0,-889000000.0,-550000000.0,0.0,1433000000.0,0.0,904000000.0,904000000.0,904000000.0,0.0,0.0,0.166,1082000000.0,1399000000.0,1129000000,0.0,8.175,23.23,23.889,403000000,0.0,48.375,3.859,3.897,830000000,8779000000,5442000000.0,5442000000.0,0.0,0.095,0.343,0.308,0.282,18000000.0,1082000000.0,1.0,434114652,438400000,445400000.0,12.413,2394000000,0,471000000.0,742000000,5.461,52000000.0
20,FISV,ART,2016-06-30,2016-08-03,2016-06-30,2021-07-28,-74000000,9530000000,9452250000.0,1486000000.0,8044000000.0,0.569,5.95,-301000000.0,263000000,263000000,2937000000.0,908000000.0,1.023,2.607,4554000000,6000000.0,4548000000.0,4554000000,440000000,413000000.0,0,0.0,0.0,1541000000.0,1954000000.0,0.364,1954000000.0,1541000000.0,1382000000.0,2.005,1.97,2.005,2642000000,2713750000.0,2642000000,27250693462,18.0,13.946,1132000000.0,2.55,1.0,2438000000.0,0.454,7273000000,159000000.0,5096000000,4890500000.0,0,0,0.0,0.0,6888000000,1452000000.0,5436000000.0,22959693462,-267000000.0,-265000000.0,-1510000000.0,335000000.0,0.0,-1135000000.0,-565000000.0,1000000.0,1433000000.0,0.0,908000000.0,908000000.0,908000000.0,0.0,0.0,0.169,1066000000.0,1372000000.0,1006000000,0.0,8.69,25.286,26.047,394000000,0.0,52.225,4.272,4.314,812000000,8565000000,5375000000.0,5375000000.0,0.0,0.096,0.335,0.315,0.287,22000000.0,1066000000.0,1.0,439630320,444000000,451200000.0,12.106,2257000000,0,474000000.0,734000000,5.083,34000000.0
21,FISV,ART,2016-03-31,2016-05-06,2016-03-31,2021-07-28,-69000000,9552000000,9466750000.0,1476000000.0,8076000000.0,0.561,6.004,-341000000.0,283000000,283000000,2920000000.0,823000000.0,0.957,2.559,4449000000,4000000.0,4445000000.0,4449000000,480000000,415000000.0,0,0.0,0.0,1421000000.0,1836000000.0,0.346,1836000000.0,1421000000.0,1253000000.0,1.8,1.765,1.8,2684000000,2839000000.0,2684000000,26985941039,19.0,14.698,1168000000.0,2.613,1.0,2390000000.0,0.45,7289000000,168000000.0,4887000000,4820000000.0,0,0,0.0,0.0,6868000000,1542000000.0,5326000000.0,22819941039,-13000000.0,-265000000.0,-1477000000.0,521000000.0,0.0,-915000000.0,-607000000.0,1000000.0,1509000000.0,0.0,823000000.0,823000000.0,823000000.0,0.0,0.0,0.155,1054000000.0,1336000000.0,1058000000,0.0,8.502,27.728,28.511,401000000,0.0,51.32,4.298,4.32,805000000,8353000000,5310000000.0,5310000000.0,0.0,0.087,0.29,0.295,0.268,22000000.0,1054000000.0,1.0,444659802,447000000,454600000.0,11.879,2263000000,0,430000000.0,721000000,5.063,-66000000.0
22,FISV,ART,2015-12-31,2016-02-19,2015-12-31,2021-07-28,-74000000,9340000000,9412500000.0,1506000000.0,7834000000.0,0.558,5.686,-359000000.0,275000000,275000000,2909000000.0,712000000.0,1.003,2.511,4293000000,5000000.0,4288000000.0,4293000000,473000000,417000000.0,0,0.0,0.0,1258000000.0,1675000000.0,0.319,1675000000.0,1258000000.0,1089000000.0,1.52,1.495,1.52,2660000000,2972500000.0,2660000000,25564890142,20.0,15.263,987000000.0,2.11,1.0,2345000000.0,0.446,7072000000,169000000.0,4784000000,4651250000.0,0,0,0.0,0.0,6680000000,1502000000.0,5178000000.0,21546890142,-19000000.0,0.0,-1451000000.0,414000000.0,0.0,-1005000000.0,-360000000.0,1000000.0,1346000000.0,0.0,712000000.0,712000000.0,712000000.0,0.0,0.0,0.136,1034000000.0,1311000000.0,1024000000,0.0,8.1,30.262,31.793,396000000,0.0,48.325,4.101,4.303,802000000,8064000000,5254000000.0,5254000000.0,0.0,0.076,0.24,0.27,0.239,27000000.0,1034000000.0,1.0,445874602,467800000,476000000.0,11.231,2268000000,0,377000000.0,726000000,4.848,4000000.0
23,FISV,ART,2015-09-30,2015-10-28,2015-09-30,2021-07-28,-75000000,9387000000,9411750000.0,1531000000.0,7856000000.0,0.553,6.159,-359000000.0,309000000,309000000,2898000000.0,704000000.0,1.085,2.272,4235000000,5000000.0,4230000000.0,4235000000,400000000,416000000.0,0,0.0,0.0,1252000000.0,1668000000.0,0.321,1668000000.0,1252000000.0,1080000000.0,1.485,1.455,1.485,2869000000,3131250000.0,2869000000,26000552647,21.0,15.588,943000000.0,2.024,1.0,2304000000.0,0.443,7107000000,172000000.0,4795000000,4492250000.0,0,0,0.0,0.0,6518000000,1411000000.0,5107000000.0,22074552647,-100000000.0,0.0,-1355000000.0,285000000.0,0.0,-1039000000.0,-363000000.0,1000000.0,1302000000.0,0.0,704000000.0,704000000.0,704000000.0,0.0,0.0,0.135,1005000000.0,1299000000.0,1006000000,0.0,7.694,31.356,32.522,397000000,0.0,48.295,4.243,4.324,783000000,7875000000,5202000000.0,5202000000.0,0.0,0.075,0.225,0.279,0.241,29000000.0,1005000000.0,1.0,457077392,465800000,474000000.0,11.168,2280000000,37000000,376000000.0,720000000,4.895,120000000.0
24,FISV,ART,2015-06-30,2015-07-30,2015-06-30,2021-07-28,-66000000,9588000000,9424500000.0,1714000000.0,7874000000.0,0.547,6.645,-345000000.0,530000000,530000000,2890000000.0,725000000.0,1.283,2.051,4236000000,5000000.0,4231000000.0,4236000000,433000000,411000000.0,0,0.0,0.0,1276000000.0,1687000000.0,0.327,1687000000.0,1276000000.0,1104000000.0,1.495,1.47,1.495,3143000000,3279500000.0,3143000000,24250311288,19.0,14.375,992000000.0,2.097,1.0,2262000000.0,0.439,7144000000,172000000.0,4814000000,4350000000.0,0,0,0.0,0.0,6445000000,1336000000.0,5109000000.0,20544311288,201000000.0,0.0,-1120000000.0,288000000.0,0.0,-796000000.0,-340000000.0,7000000.0,1337000000.0,0.0,725000000.0,725000000.0,725000000.0,0.0,0.0,0.141,990000000.0,1272000000.0,898000000,0.0,6.537,28.337,29.291,382000000,0.0,43.79,3.988,4.02,746000000,7657000000,5152000000.0,5152000000.0,0.0,0.077,0.221,0.293,0.248,29000000.0,990000000.0,1.0,469155316,473000000,480800000.0,10.892,2444000000,40000000,379000000.0,712000000,5.167,378000000.0
25,FISV,ART,2015-03-31,2015-05-06,2015-03-31,2021-07-28,-71000000,9335000000,9378250000.0,1498000000.0,7837000000.0,0.545,6.738,-312000000.0,296000000,296000000,2883000000.0,764000000.0,0.998,1.901,3852000000,95000000.0,3757000000.0,3852000000,470000000,406000000.0,0,0.0,0.0,1342000000.0,1748000000.0,0.342,1748000000.0,1342000000.0,1178000000.0,1.555,1.53,1.555,3218000000,3362500000.0,3218000000,22236245948,17.0,12.721,1048000000.0,2.194,1.0,2224000000.0,0.435,7178000000,164000000.0,4212000000,4213250000.0,0,0,0.0,0.0,6117000000,1501000000.0,4616000000.0,18680245948,-11000000.0,0.0,-1075000000.0,0.0,0.0,-1065000000.0,-306000000.0,7000000.0,1360000000.0,0.0,764000000.0,764000000.0,764000000.0,0.0,0.0,0.15,971000000.0,1253000000.0,936000000,0.0,5.805,24.451,25.367,338000000,0.0,39.445,3.658,3.689,765000000,7530000000,5107000000.0,5107000000.0,0.0,0.081,0.227,0.319,0.263,52000000.0,971000000.0,1.0,473577030,477600000,486000000.0,10.693,2157000000,39000000,414000000.0,720000000,4.516,-3000000.0
26,FISV,ART,2014-12-31,2015-02-20,2014-12-31,2021-07-28,-63000000,9337000000,9412750000.0,1486000000.0,7851000000.0,0.538,6.627,-292000000.0,294000000,294000000,2881000000.0,754000000.0,1.0,1.834,3803000000,92000000.0,3711000000.0,3803000000,489000000,404000000.0,0,0.0,0.0,1302000000.0,1706000000.0,0.337,1706000000.0,1302000000.0,1138000000.0,1.515,1.49,1.515,3295000000,3418750000.0,3295000000,22377667026,17.0,13.117,1014000000.0,2.039,1.0,2185000000.0,0.431,7212000000,164000000.0,4148000000,4225250000.0,0,0,0.0,0.0,6042000000,1486000000.0,4556000000.0,18868667026,-106000000.0,0.0,-1095000000.0,-49000000.0,0.0,-1126000000.0,-286000000.0,7000000.0,1306000000.0,0.0,754000000.0,754000000.0,754000000.0,0.0,0.0,0.149,975000000.0,1210000000.0,905000000,0.0,5.726,25.025,26.089,317000000,0.0,39.525,3.725,3.879,798000000,7352000000,5066000000.0,5066000000.0,0.0,0.08,0.221,0.308,0.257,49000000.0,975000000.0,1.0,477385630,497200000,505400000.0,10.189,2125000000,42000000,384000000.0,716000000,4.274,0.0
27,FISV,ART,2014-09-30,2014-10-29,2014-09-30,2021-07-28,-57000000,9438000000,9456750000.0,1579000000.0,7859000000.0,0.53,6.991,-290000000.0,409000000,409000000,2829000000.0,794000000.0,1.13,1.726,3848000000,92000000.0,3756000000.0,3848000000,419000000,402000000.0,0,0.0,0.0,1355000000.0,1757000000.0,0.35,1757000000.0,1355000000.0,1191000000.0,1.565,1.547,1.565,3462000000,3491250000.0,3462000000,19953064023,15.0,11.356,1024000000.0,2.068,1.0,2184000000.0,0.436,7254000000,164000000.0,4226000000,4256000000.0,0,0,0.0,0.0,5976000000,1397000000.0,4579000000.0,16514064023,61000000.0,116000000.0,-857000000.0,-83000000.0,0.0,-943000000.0,-283000000.0,9000000.0,1314000000.0,0.0,794000000.0,794000000.0,794000000.0,-1000000.0,0.0,0.158,994000000.0,1190000000.0,886000000,0.0,4.77,20.799,21.626,304000000,0.0,33.845,3.294,3.343,748000000,7171000000,5013000000.0,5013000000.0,0.0,0.084,0.227,0.318,0.27,46000000.0,994000000.0,1.0,487932162,495200000,503600000.0,10.123,2184000000,41000000,397000000.0,693000000,4.41,182000000.0
28,FISV,ART,2014-06-30,2014-07-30,2014-06-30,2021-07-28,-49000000,9403000000,9461250000.0,1525000000.0,7878000000.0,0.523,6.97,-276000000.0,329000000,329000000,2808000000.0,714000000.0,1.115,1.706,3848000000,92000000.0,3756000000.0,3848000000,442000000,402000000.0,0,0.0,0.0,1234000000.0,1636000000.0,0.33,1636000000.0,1234000000.0,1070000000.0,1.39,1.375,1.39,3475000000,3490750000.0,3475000000,19107662524,15.0,11.68,927000000.0,1.859,1.0,2143000000.0,0.433,7287000000,164000000.0,4267000000,4309750000.0,0,0,0.0,0.0,5928000000,1368000000.0,4560000000.0,15588662524,-23000000.0,102000000.0,-801000000.0,-104000000.0,0.0,-907000000.0,-287000000.0,4000000.0,1203000000.0,0.0,714000000.0,714000000.0,714000000.0,1000000.0,0.0,0.144,988000000.0,1155000000.0,834000000,0.0,4.486,21.833,22.5,300000000,0.0,31.275,3.149,3.15,730000000,6932000000,4951000000.0,4951000000.0,0.0,0.075,0.205,0.286,0.249,47000000.0,988000000.0,1.0,498438450,498600000,506800000.0,9.93,2116000000,45000000,356000000.0,680000000,4.244,157000000.0
29,FISV,ART,2014-03-31,2014-04-30,2014-03-31,2021-07-28,-54000000,9473000000,9469000000.0,1547000000.0,7926000000.0,0.517,6.767,-248000000.0,307000000,307000000,2785000000.0,699000000.0,1.076,1.751,3848000000,92000000.0,3756000000.0,3848000000,462000000,406000000.0,0,0.0,0.0,1199000000.0,1605000000.0,0.328,1605000000.0,1199000000.0,1035000000.0,1.345,1.333,1.345,3443000000,3487750000.0,3443000000,18689079603,16.0,11.644,847000000.0,1.665,1.0,2111000000.0,0.431,7316000000,164000000.0,4260000000,4356500000.0,0,0,0.0,0.0,6030000000,1438000000.0,4592000000.0,15148079603,-87000000.0,102000000.0,-798000000.0,-200000000.0,0.0,-1000000000.0,-144000000.0,4000000.0,1095000000.0,0.0,699000000.0,699000000.0,699000000.0,2000000.0,0.0,0.143,990000000.0,1121000000.0,884000000,0.0,4.4,21.671,22.595,284000000,0.0,30.39,3.094,3.158,752000000,6766000000,4896000000.0,4896000000.0,0.0,0.074,0.2,0.275,0.245,47000000.0,990000000.0,1.0,498456058,508800000,517200000.0,9.623,2157000000,52000000,336000000.0,717000000,4.239,109000000.0
30,FISV,ART,2013-12-31,2014-02-20,2013-12-31,2021-07-28,-60000000,9513000000,9491500000.0,1572000000.0,7941000000.0,0.507,6.831,-236000000.0,400000000,400000000,2776000000.0,648000000.0,1.18,1.654,3848000000,92000000.0,3756000000.0,3848000000,484000000,403000000.0,0,0.0,0.0,1140000000.0,1543000000.0,0.321,1543000000.0,1140000000.0,976000000.0,1.235,1.22,1.235,3585000000,3501250000.0,3585000000,17999539385,16.0,11.665,792000000.0,1.509,1.0,2038000000.0,0.423,7358000000,164000000.0,4271000000,4437250000.0,0,0,0.0,0.0,5928000000,1332000000.0,4596000000.0,14551539385,42000000.0,86000000.0,-529000000.0,-338000000.0,0.0,-873000000.0,-113000000.0,4000000.0,1028000000.0,0.0,648000000.0,648000000.0,648000000.0,2000000.0,0.0,0.135,977000000.0,1061000000.0,756000000,0.0,4.059,22.456,23.15,266000000,0.0,28.59,3.023,3.117,751000000,6598000000,4814000000.0,4814000000.0,0.0,0.068,0.185,0.257,0.237,46000000.0,977000000.0,1.0,508973046,524800000,532200000.0,9.173,2155000000,55000000,328000000.0,713000000,4.106,240000000.0
31,FISV,ART,2013-09-30,2013-10-30,2013-09-30,2021-07-28,-63000000,9456000000,9237500000.0,1527000000.0,7929000000.0,0.51,6.659,-220000000.0,321000000,321000000,2733000000.0,606000000.0,1.243,1.733,3931000000,2000000.0,3929000000.0,3931000000,400000000,390000000.0,0,0.0,0.0,1080000000.0,1470000000.0,0.312,1470000000.0,1080000000.0,918000000.0,1.145,1.13,1.145,3460000000,3459250000.0,3460000000,17176265099,16.0,11.685,770000000.0,1.482,1.0,1974000000.0,0.419,7397000000,162000000.0,4441000000,4315750000.0,0,0,0.0,0.0,5996000000,1228000000.0,4768000000.0,13566265099,41000000.0,2000000.0,-456000000.0,-476000000.0,0.0,-916000000.0,-65000000.0,3000000.0,990000000.0,0.0,606000000.0,606000000.0,606000000.0,-17000000.0,0.0,0.129,921000000.0,1053000000.0,826000000,0.0,3.921,22.387,22.967,259000000,0.0,26.297,2.882,2.903,710000000,6377000000,4707000000.0,4707000000.0,0.0,0.066,0.175,0.25,0.229,46000000.0,921000000.0,1.0,515876608,519600000,527600000.0,9.059,2059000000,54000000,312000000.0,683000000,3.963,299000000.0
32,FISV,ART,2013-06-30,2013-07-31,2013-06-30,2021-07-28,-67000000,9434000000,8986750000.0,1454000000.0,7980000000.0,0.515,6.534,-203000000.0,320000000,320000000,2693000000.0,586000000.0,1.24,1.724,3953000000,2000000.0,3951000000.0,3953000000,410000000,379000000.0,0,0.0,0.0,1068000000.0,1447000000.0,0.313,1447000000.0,1068000000.0,899000000.0,1.097,1.083,1.097,3463000000,3408750000.0,3463000000,16152900673,15.0,11.163,671000000.0,1.266,1.0,1931000000.0,0.418,7440000000,169000000.0,4454000000,4216250000.0,0,0,0.0,0.0,5971000000,1173000000.0,4798000000.0,12519900673,50000000.0,16000000.0,-424000000.0,-425000000.0,0.0,-844000000.0,-15000000.0,28000000.0,874000000.0,0.0,586000000.0,586000000.0,586000000.0,-16000000.0,0.0,0.127,891000000.0,1040000000.0,761000000,0.0,3.615,21.365,21.933,255000000,0.0,24.06,2.708,2.758,691000000,6218000000,4624000000.0,4624000000.0,0.0,0.065,0.172,0.253,0.231,45000000.0,891000000.0,1.0,520361624,530000000,537200000.0,8.725,1994000000,59000000,313000000.0,694000000,3.762,281000000.0
33,FISV,ART,2013-03-31,2013-05-01,2013-03-31,2021-07-28,-62000000,9563000000,8732250000.0,1453000000.0,8110000000.0,0.518,6.554,-195000000.0,356000000,356000000,2648000000.0,596000000.0,1.221,1.735,4049000000,2000000.0,4047000000.0,4049000000,422000000,363000000.0,0,0.0,0.0,1061000000.0,1424000000.0,0.315,1424000000.0,1061000000.0,889000000.0,1.107,1.093,1.107,3497000000,3356250000.0,3497000000,15268825600,14.0,10.722,659000000.0,1.235,1.0,1878000000.0,0.415,7483000000,172000000.0,4583000000,4043250000.0,0,0,0.0,0.0,6066000000,1190000000.0,4876000000.0,11575825600,83000000.0,16000000.0,-384000000.0,-311000000.0,0.0,-690000000.0,-119000000.0,28000000.0,854000000.0,0.0,596000000.0,596000000.0,596000000.0,-15000000.0,0.0,0.132,852000000.0,1026000000.0,766000000,0.0,3.31,19.423,19.632,258000000,0.0,21.733,2.558,2.562,674000000,6067000000,4526000000.0,4526000000.0,0.0,0.068,0.178,0.262,0.234,44000000.0,852000000.0,1.0,532650436,533600000,540400000.0,8.482,2080000000,59000000,293000000.0,711000000,3.898,263000000.0
34,FISV,ART,2012-12-31,2013-02-22,2012-12-31,2021-07-28,-60000000,8497000000,8462500000.0,1412000000.0,7085000000.0,0.53,6.291,-195000000.0,358000000,358000000,2597000000.0,611000000.0,1.278,1.487,3230000000,2000000.0,3228000000.0,3230000000,379000000,354000000.0,0,0.0,0.0,1088000000.0,1442000000.0,0.322,1442000000.0,1088000000.0,914000000.0,1.125,1.11,1.125,3417000000,3285750000.0,3417000000,13584323167,12.0,9.42,670000000.0,1.233,1.0,1885000000.0,0.421,6479000000,174000000.0,3785000000,3808500000.0,0,0,0.0,0.0,5080000000,1105000000.0,3975000000.0,10712323167,21000000.0,32000000.0,-538000000.0,-173000000.0,0.0,-706000000.0,-138000000.0,28000000.0,865000000.0,0.0,611000000.0,611000000.0,611000000.0,-14000000.0,0.0,0.136,829000000.0,1056000000.0,724000000,0.0,3.135,17.532,17.831,249000000,0.0,20.06,2.39,2.431,663000000,5950000000,4482000000.0,4482000000.0,0.0,0.072,0.186,0.286,0.243,44000000.0,829000000.0,1.0,534014116,543200000,550000000.0,8.251,2018000000,42000000,303000000.0,638000000,3.715,307000000.0
35,FISV,ART,2012-09-30,2012-10-31,2012-09-30,2021-07-28,-61000000,8453000000,8475250000.0,1325000000.0,7128000000.0,0.529,6.038,-194000000.0,307000000,307000000,2603000000.0,575000000.0,1.261,1.595,3449000000,2000000.0,3447000000.0,3449000000,330000000,355000000.0,0,0.0,0.0,1057000000.0,1412000000.0,0.315,1412000000.0,1057000000.0,872000000.0,1.042,1.035,1.042,3258000000,3246000000.0,3258000000,13133764525,12.0,9.302,610000000.0,1.13,1.0,1884000000.0,0.42,6501000000,185000000.0,4043000000,3767500000.0,0,0,0.0,0.0,5195000000,1051000000.0,4144000000.0,9991764525,26000000.0,42000000.0,-539000000.0,-73000000.0,0.0,-610000000.0,-170000000.0,27000000.0,804000000.0,0.0,575000000.0,575000000.0,575000000.0,16000000.0,0.0,0.128,836000000.0,1048000000.0,719000000,0.0,3.067,17.377,17.961,256000000,0.0,18.715,2.227,2.251,643000000,5771000000,4487000000.0,4487000000.0,0.0,0.068,0.177,0.281,0.236,45000000.0,836000000.0,1.0,533890704,539600000,546400000.0,8.315,1952000000,37000000,297000000.0,603000000,3.617,274000000.0
36,FISV,ART,2012-06-30,2012-07-31,2012-06-30,2021-07-28,-73000000,8416000000,8474750000.0,1283000000.0,7133000000.0,0.523,5.975,-192000000.0,302000000,302000000,2590000000.0,563000000.0,1.039,1.587,3415000000,178000000.0,3237000000.0,3415000000,342000000,351000000.0,0,0.0,0.0,1017000000.0,1368000000.0,0.309,1368000000.0,1017000000.0,835000000.0,1.01,1.002,1.01,3253000000,3219500000.0,3253000000,12627508277,12.0,9.231,712000000.0,1.308,1.0,1842000000.0,0.416,6532000000,182000000.0,3762000000,3753500000.0,0,0,0.0,0.0,5163000000,1235000000.0,3928000000.0,9514508277,-373000000.0,-420000000.0,-421000000.0,-260000000.0,0.0,-673000000.0,-608000000.0,0.0,904000000.0,0.0,563000000.0,563000000.0,563000000.0,13000000.0,0.0,0.127,818000000.0,1024000000.0,715000000,0.0,2.925,16.9,17.359,256000000,0.0,17.532,2.147,2.154,606000000,5632000000,4432000000.0,4432000000.0,0.0,0.066,0.175,0.271,0.229,43000000.0,818000000.0,1.0,542678356,544400000,551200000.0,8.141,1884000000,39000000,272000000.0,610000000,3.461,48000000.0
37,FISV,ART,2012-03-31,2012-05-02,2012-03-31,2021-07-28,-62000000,8484000000,8469750000.0,1316000000.0,7168000000.0,0.519,5.795,-194000000.0,311000000,311000000,2579000000.0,492000000.0,0.973,1.639,3396000000,178000000.0,3218000000.0,3396000000,376000000,352000000.0,0,0.0,0.0,938000000.0,1290000000.0,0.293,1290000000.0,938000000.0,752000000.0,0.873,0.865,0.873,3215000000,3177750000.0,3215000000,12615583729,13.0,9.78,696000000.0,1.255,1.0,1818000000.0,0.413,6572000000,186000000.0,3644000000,3806250000.0,0,0,0.0,0.0,5269000000,1353000000.0,3916000000.0,9530583729,-206000000.0,-420000000.0,-448000000.0,-36000000.0,0.0,-484000000.0,-612000000.0,0.0,890000000.0,0.0,492000000.0,492000000.0,492000000.0,18000000.0,0.0,0.112,802000000.0,1016000000.0,799000000,0.0,2.964,19.371,19.997,260000000,0.0,17.457,2.168,2.203,650000000,5471000000,4397000000.0,4397000000.0,0.0,0.058,0.155,0.246,0.213,41000000.0,802000000.0,1.0,545930616,554800000,562000000.0,7.925,1912000000,38000000,260000000.0,620000000,3.446,-37000000.0
38,FISV,ART,2011-12-31,2012-02-24,2011-12-31,2021-07-28,-78000000,8548000000,8413000000.0,1356000000.0,7192000000.0,0.516,5.712,-192000000.0,337000000,337000000,2542000000.0,472000000.0,0.98,1.624,3395000000,179000000.0,3216000000.0,3395000000,369000000,349000000.0,0,0.0,0.0,916000000.0,1265000000.0,0.292,1265000000.0,916000000.0,728000000.0,0.828,0.82,0.828,3258000000,3158500000.0,3258000000,12325422825,13.0,9.743,745000000.0,1.306,1.0,1795000000.0,0.414,6601000000,188000000.0,3621000000,3861750000.0,0,0,0.0,0.0,5290000000,1384000000.0,3906000000.0,9267422825,-226000000.0,-469000000.0,-460000000.0,-37000000.0,0.0,-498000000.0,-665000000.0,0.0,937000000.0,0.0,472000000.0,472000000.0,472000000.0,19000000.0,0.0,0.109,799000000.0,996000000.0,836000000,0.0,2.845,19.634,20.19,258000000,0.0,16.718,2.137,2.199,666000000,5339000000,4337000000.0,4337000000.0,0.0,0.056,0.149,0.237,0.211,39000000.0,799000000.0,1.0,554354588,570400000,576800000.0,7.603,1947000000,44000000,256000000.0,617000000,3.413,-28000000.0
39,FISV,ART,2011-09-30,2011-11-02,2011-09-30,2021-07-28,-79000000,8451000000,8346250000.0,1211000000.0,7240000000.0,0.51,5.585,-190000000.0,281000000,281000000,2492000000.0,445000000.0,1.162,1.681,3518000000,4000000.0,3514000000.0,3518000000,321000000,346000000.0,0,0.0,0.0,886000000.0,1232000000.0,0.29,1232000000.0,886000000.0,690000000.0,0.772,0.762,0.772,3152000000,3151250000.0,3152000000,11232157862,13.0,9.117,788000000.0,1.396,1.0,1762000000.0,0.414,6659000000,196000000.0,3987000000,3938250000.0,0,0,0.0,0.0,5299000000,1042000000.0,4257000000.0,7995157862,-462000000.0,-471000000.0,-559000000.0,-294000000.0,0.0,-855000000.0,-578000000.0,0.0,978000000.0,0.0,445000000.0,445000000.0,445000000.0,12000000.0,0.0,0.105,780000000.0,982000000.0,717000000,0.0,2.537,17.967,18.381,262000000,0.0,14.19,1.879,1.883,579000000,5196000000,4254000000.0,4254000000.0,0.0,0.053,0.141,0.225,0.208,39000000.0,780000000.0,1.0,563436072,564400000,570400000.0,7.537,1792000000,47000000,245000000.0,644000000,3.175,169000000.0
40,FISV,ART,2011-06-30,2011-08-02,2011-06-30,2021-07-28,-47000000,8396000000,8387000000.0,1523000000.0,6873000000.0,0.503,5.414,-193000000.0,675000000,675000000,2450000000.0,450000000.0,1.32,1.721,3653000000,303000000.0,3350000000.0,3653000000,333000000,345000000.0,0,0.0,0.0,913000000.0,1258000000.0,0.298,1258000000.0,913000000.0,713000000.0,0.767,0.757,0.767,3086000000,3170250000.0,3086000000,11171055169,12.0,8.88,773000000.0,1.356,1.0,1766000000.0,0.419,6247000000,200000000.0,3973000000,3985250000.0,0,0,0.0,0.0,5310000000,1154000000.0,4156000000.0,8193055169,337000000.0,-9000000.0,-558000000.0,131000000.0,0.0,-442000000.0,-180000000.0,0.0,966000000.0,0.0,450000000.0,450000000.0,450000000.0,14000000.0,0.0,0.107,776000000.0,990000000.0,518000000,0.0,2.655,18.207,18.866,272000000,0.0,14.47,1.943,1.956,547000000,5069000000,4216000000.0,4216000000.0,0.0,0.054,0.142,0.229,0.217,40000000.0,776000000.0,1.0,566209756,570000000,576800000.0,7.396,2149000000,42000000,263000000.0,636000000,3.77,369000000.0
41,FISV,ART,2011-03-31,2011-05-04,2011-03-31,2021-07-28,-41000000,8257000000,8333500000.0,1346000000.0,6911000000.0,0.501,5.377,-189000000.0,517000000,517000000,2412000000.0,487000000.0,1.423,1.631,3355000000,3000000.0,3352000000.0,3355000000,349000000,340000000.0,0,0.0,0.0,977000000.0,1317000000.0,0.316,1317000000.0,977000000.0,779000000.0,0.82,0.81,0.82,3138000000,3179000000.0,3138000000,11713170430,12.0,8.894,809000000.0,1.386,1.0,1761000000.0,0.422,6283000000,198000000.0,3866000000,4022250000.0,0,0,0.0,0.0,5119000000,946000000.0,4173000000.0,8875170430,101000000.0,-9000000.0,-521000000.0,-187000000.0,0.0,-718000000.0,-179000000.0,0.0,998000000.0,0.0,487000000.0,487000000.0,487000000.0,10000000.0,0.0,0.117,771000000.0,990000000.0,594000000,0.0,2.828,18.224,18.841,276000000,0.0,15.45,2.127,2.161,528000000,4979000000,4173000000.0,4173000000.0,0.0,0.058,0.153,0.243,0.234,41000000.0,771000000.0,1.0,574444688,583600000,590800000.0,7.15,1974000000,40000000,292000000.0,648000000,3.382,400000000.0
42,FISV,ART,2010-12-31,2011-02-24,2010-12-31,2021-07-28,-50000000,8281000000,8346500000.0,1417000000.0,6864000000.0,0.495,5.367,-175000000.0,563000000,563000000,2386000000.0,496000000.0,1.59,1.565,3356000000,3000000.0,3353000000.0,3356000000,351000000,339000000.0,0,0.0,0.0,995000000.0,1334000000.0,0.323,1334000000.0,995000000.0,797000000.0,0.825,0.818,0.825,3229000000,3174000000.0,3229000000,11851241033,12.0,8.884,797000000.0,1.325,1.0,1747000000.0,0.423,6256000000,198000000.0,3927000000,4075250000.0,0,0,0.0,0.0,5052000000,891000000.0,4161000000.0,9058241033,200000000.0,40000000.0,-351000000.0,-312000000.0,0.0,-671000000.0,-101000000.0,0.0,972000000.0,0.0,496000000.0,496000000.0,496000000.0,10000000.0,0.0,0.12,740000000.0,1007000000.0,537000000,0.0,2.805,18.263,18.791,267000000,0.0,15.502,2.192,2.257,572000000,4867000000,4133000000.0,4133000000.0,0.0,0.059,0.156,0.244,0.241,39000000.0,740000000.0,1.0,584308404,601600000,606800000.0,6.87,2025000000,37000000,301000000.0,627000000,3.366,526000000.0
43,FISV,ART,2010-09-30,2010-11-05,2010-09-30,2021-07-28,-69000000,8614000000,8370750000.0,1733000000.0,6881000000.0,0.492,5.391,-176000000.0,743000000,743000000,2384000000.0,498000000.0,1.556,1.669,3706000000,253000000.0,3453000000.0,3706000000,327000000,337000000.0,0,0.0,0.0,1000000000.0,1337000000.0,0.325,1337000000.0,1000000000.0,801000000.0,0.82,0.813,0.82,3228000000,3123250000.0,3228000000,11258622462,11.0,8.421,715000000.0,1.194,1.0,1733000000.0,0.421,6288000000,199000000.0,4175000000,4123000000.0,0,0,0.0,0.0,5386000000,1114000000.0,4272000000.0,8295622462,-326000000.0,10000000.0,-245000000.0,-75000000.0,0.0,-1034000000.0,-183000000.0,0.0,891000000.0,0.0,498000000.0,498000000.0,498000000.0,17000000.0,0.0,0.121,737000000.0,996000000.0,534000000,0.0,2.57,16.658,17.006,270000000,0.0,13.945,2.015,2.028,604000000,4751000000,4117000000.0,4117000000.0,0.0,0.059,0.159,0.243,0.243,37000000.0,737000000.0,1.0,594881496,598800000,603600000.0,6.875,2326000000,55000000,303000000.0,617000000,3.884,619000000.0
44,FISV,ART,2010-06-30,2010-08-05,2010-06-30,2021-07-28,-76000000,8182000000,8491250000.0,1146000000.0,7036000000.0,0.481,5.154,-184000000.0,338000000,338000000,2374000000.0,481000000.0,1.355,1.622,3439000000,58000000.0,3381000000.0,3439000000,318000000,331000000.0,0,0.0,0.0,973000000.0,1304000000.0,0.319,1304000000.0,973000000.0,771000000.0,0.787,0.78,0.787,3121000000,3044750000.0,3121000000,10738299712,11.0,8.235,692000000.0,1.143,1.0,1710000000.0,0.419,6316000000,202000000.0,4121000000,4233750000.0,0,0,0.0,0.0,5061000000,846000000.0,4215000000.0,7637299712,-824000000.0,-57000000.0,-260000000.0,-449000000.0,0.0,-1461000000.0,-239000000.0,0.0,876000000.0,0.0,481000000.0,481000000.0,481000000.0,24000000.0,0.0,0.118,734000000.0,976000000.0,470000000,0.0,2.447,15.878,16.163,273000000,0.0,12.72,1.87,1.886,500000000,4619000000,4084000000.0,4084000000.0,0.0,0.057,0.158,0.23,0.238,36000000.0,734000000.0,1.0,600416644,605600000,610400000.0,6.744,1866000000,42000000,290000000.0,585000000,3.081,300000000.0
45,FISV,ART,2010-03-31,2010-05-06,2010-03-31,2021-07-28,-70000000,8309000000,8743250000.0,1244000000.0,7065000000.0,0.468,5.111,-195000000.0,416000000,416000000,2407000000.0,494000000.0,1.257,1.665,3514000000,133000000.0,3381000000.0,3514000000,347000000,333000000.0,0,0.0,0.0,984000000.0,1317000000.0,0.322,1317000000.0,984000000.0,773000000.0,0.802,0.797,0.802,3118000000,2973500000.0,3118000000,10991001354,11.0,8.345,674000000.0,1.105,1.0,1687000000.0,0.412,6339000000,211000000.0,4078000000,4329750000.0,0,0,0.0,0.0,5191000000,990000000.0,4201000000.0,7893001354,71000000.0,-57000000.0,-165000000.0,-500000000.0,0.0,-1479000000.0,681000000.0,0.0,869000000.0,0.0,494000000.0,494000000.0,494000000.0,-5000000.0,0.0,0.121,730000000.0,957000000.0,510000000,0.0,2.531,15.978,16.122,281000000,0.0,12.93,1.928,1.927,514000000,4492000000,4094000000.0,4094000000.0,0.0,0.057,0.166,0.227,0.24,35000000.0,730000000.0,1.0,610440940,610000000,614800000.0,6.711,1970000000,44000000,279000000.0,583000000,3.23,254000000.0
46,FISV,ART,2009-12-31,2010-02-26,2009-12-31,2021-07-28,-69000000,8378000000,9000000000.0,1277000000.0,7101000000.0,0.453,4.896,-198000000.0,363000000,363000000,2380000000.0,476000000.0,1.1,1.769,3641000000,259000000.0,3382000000.0,3641000000,337000000,333000000.0,0,0.0,0.0,969000000.0,1302000000.0,0.319,1302000000.0,969000000.0,749000000.0,0.77,0.765,0.77,3026000000,2871000000.0,3026000000,10621366677,11.0,8.158,646000000.0,1.045,1.0,1697000000.0,0.416,6377000000,220000000.0,4118000000,4432750000.0,0,0,0.0,0.0,5352000000,1161000000.0,4191000000.0,7343366677,95000000.0,-57000000.0,-130000000.0,-475000000.0,0.0,-1422000000.0,673000000.0,0.0,844000000.0,0.0,476000000.0,476000000.0,476000000.0,-3000000.0,0.0,0.117,751000000.0,946000000.0,565000000,0.0,2.427,15.427,15.653,293000000,0.0,12.053,1.801,1.827,554000000,4371000000,4077000000.0,4077000000.0,0.0,0.053,0.166,0.219,0.238,36000000.0,751000000.0,1.0,609281616,618000000,621600000.0,6.597,2001000000,46000000,273000000.0,580000000,3.238,116000000.0
47,FISV,ART,2009-09-30,2009-11-06,2009-09-30,2021-07-28,-89000000,9096000000,9238250000.0,1995000000.0,7101000000.0,0.447,4.734,-211000000.0,278000000,278000000,2463000000.0,420000000.0,1.256,2.121,3777000000,4000000.0,3773000000.0,3777000000,301000000,334000000.0,0,0.0,0.0,892000000.0,1226000000.0,0.297,1226000000.0,892000000.0,658000000.0,0.68,0.678,0.68,2914000000,2763000000.0,2914000000,10821466555,12.0,8.827,566000000.0,0.919,1.0,1666000000.0,0.403,6388000000,234000000.0,4618000000,4560000000.0,0,0,0.0,0.0,6182000000,1589000000.0,4593000000.0,7322466555,475000000.0,-127000000.0,-329000000.0,-489000000.0,0.0,-863000000.0,561000000.0,0.0,777000000.0,0.0,420000000.0,420000000.0,420000000.0,-9000000.0,0.0,0.102,785000000.0,881000000.0,102000000,0.0,2.513,17.434,17.493,288000000,0.0,11.895,1.773,1.773,518000000,4253000000,4129000000.0,4129000000.0,0.0,0.045,0.152,0.196,0.216,36000000.0,766000000.0,1.0,615591976,615600000,620800000.0,6.707,2708000000,45000000,238000000.0,568000000,4.399,406000000.0
48,FISV,ART,2009-06-30,2009-08-06,2009-06-30,2021-07-28,-93000000,9190000000,9361250000.0,2073000000.0,7117000000.0,0.45,4.574,-205000000.0,309000000,309000000,2546000000.0,383000000.0,1.164,2.24,3880000000,129000000.0,3751000000.0,3880000000,311000000,343000000.0,0,0.0,0.0,905000000.0,1248000000.0,0.296,1248000000.0,905000000.0,666000000.0,0.612,0.613,0.612,2836000000,2728250000.0,2836000000,10853080496,12.0,8.696,442000000.0,0.713,1.0,1671000000.0,0.396,6475000000,239000000.0,4505000000,4670500000.0,0,0,0.0,0.0,6354000000,1781000000.0,4573000000.0,7282080496,753000000.0,448000000.0,-418000000.0,-639000000.0,0.0,-1050000000.0,1156000000.0,0.0,647000000.0,0.0,383000000.0,383000000.0,383000000.0,-22000000.0,0.0,0.091,788000000.0,883000000.0,101000000,0.0,2.568,19.013,19.269,292000000,0.0,11.793,1.727,1.734,542000000,4138000000,4217000000.0,4217000000.0,0.0,0.041,0.14,0.194,0.215,36000000.0,788000000.0,1.0,617517956,620000000,623200000.0,6.802,2715000000,63000000,283000000.0,543000000,4.379,292000000.0
49,FISV,ART,2009-03-31,2009-05-07,2009-03-31,2021-07-28,-106000000,9336000000,9589250000.0,2187000000.0,7149000000.0,0.467,4.354,-194000000.0,312000000,312000000,2779000000.0,342000000.0,1.072,2.448,4007000000,255000000.0,3752000000.0,4007000000,329000000,356000000.0,0,0.0,0.0,867000000.0,1223000000.0,0.273,1223000000.0,867000000.0,621000000.0,0.54,0.538,0.54,2708000000,2731250000.0,2708000000,9858194358,11.0,8.061,300000000.0,0.482,1.0,1701000000.0,0.38,6501000000,246000000.0,4490000000,4804250000.0,0,0,0.0,0.0,6628000000,2040000000.0,4588000000.0,6163194358,-360000000.0,430000000.0,-378000000.0,-772000000.0,0.0,-1131000000.0,277000000.0,0.0,494000000.0,0.0,342000000.0,342000000.0,342000000.0,4000000.0,0.0,0.076,826000000.0,875000000.0,94000000,0.0,2.276,18.021,18.338,294000000,0.0,9.902,1.376,1.375,552000000,3998000000,4480000000.0,4480000000.0,0.0,0.036,0.125,0.18,0.194,36000000.0,826000000.0,1.0,622387716,622000000,624000000.0,7.203,2835000000,62000000,279000000.0,527000000,4.558,147000000.0
50,FISV,ART,2008-12-31,2009-02-27,2008-12-31,2021-07-28,-120000000,9331000000,9885250000.0,2145000000.0,7186000000.0,0.479,4.003,-199000000.0,232000000,232000000,3016000000.0,569000000.0,1.048,2.597,4105000000,255000000.0,3850000000.0,4105000000,338000000,362000000.0,0,0.0,0.0,1108000000.0,1470000000.0,0.31,1470000000.0,1108000000.0,848000000.0,0.877,0.873,0.877,2594000000,2727250000.0,2594000000,8961733603,8.0,6.096,255000000.0,0.394,1.0,1723000000.0,0.364,6530000000,260000000.0,4627000000,4949750000.0,0,0,0.0,0.0,6737000000,2047000000.0,4690000000.0,5088733603,-178000000.0,413000000.0,-441000000.0,-1303000000.0,0.0,-1669000000.0,1037000000.0,0.0,454000000.0,0.0,569000000.0,569000000.0,569000000.0,-223000000.0,0.0,0.12,833000000.0,890000000.0,101000000,0.0,1.962,8.943,9.299,303000000,0.0,8.155,1.074,1.115,601000000,3895000000,4739000000.0,4739000000.0,0.0,0.058,0.209,0.224,0.234,32000000.0,833000000.0,1.0,624001668,648000000,652400000.0,7.313,2801000000,71000000,279000000.0,530000000,4.323,98000000.0
51,FISV,ART,2008-09-30,2008-11-06,2008-09-30,2021-07-28,-56000000,9588000000,10514000000.0,2456000000.0,7132000000.0,0.387,4.269,-180045000.0,472000000,472000000,2517599000.0,602326000.0,1.351,2.455,4259000000,8000000.0,4251000000.0,4259000000,284000000,317386000.0,0,0.0,0.0,1106051000.0,1423437000.0,0.35,1423437000.0,1106051000.0,876260000.0,0.92,0.913,0.92,2775000000,2695500000.0,2775000000,9033567759,8.0,6.346,329026000.0,0.506,1.0,1550537000.0,0.381,6497000000,229791000.0,5060000000,5307750000.0,0,0,0.0,0.0,6813000000,1818000000.0,4995000000.0,5246567759,410190000.0,-3764238000.0,-199686000.0,3115082000.0,0.0,2848402000.0,-2947283000.0,19000000.0,509071000.0,0.0,602326000.0,602326000.0,602326000.0,-257991000.0,0.0,0.148,712477000.0,838060000.0,105000000,0.0,1.891,8.711,8.902,302000000,0.0,8.19,1.29,1.309,561000000,3833000000,4068136000.0,4068136000.0,0.0,0.057,0.223,0.208,0.272,25361000.0,731477000.0,1.0,640606564,650000000,655200000.0,6.259,3091000000,56000000,273934000.0,562000000,4.755,638000000.0
52,FISV,ART,2008-06-30,2008-08-07,2008-06-30,2021-07-28,-44000000,10102000000,9686484750.0,2531000000.0,7571000000.0,0.43,4.357,-170161000.0,211000000,211000000,2681888000.0,645201000.0,1.125,2.547,4516000000,263000000.0,4253000000.0,4516000000,336000000,279744000.0,0,0.0,0.0,1072951000.0,1352695000.0,0.325,1352695000.0,1072951000.0,887506000.0,0.983,0.975,0.983,2848000000,2597225250.0,2848000000,12498703295,12.0,9.24,401203000.0,0.614,1.0,1479995000.0,0.356,7117000000,185445000.0,5040000000,4386096750.0,0,0,0.0,0.0,7254000000,2250000000.0,5004000000.0,8193703295,234860000.0,-4322551000.0,-196894000.0,3441543000.0,0.0,3173151000.0,-3509655000.0,19000000.0,571364000.0,0.0,645201000.0,645201000.0,645201000.0,-254916000.0,0.0,0.155,668960000.0,811035000.0,174000000,0.0,2.877,12.699,12.703,332000000,0.0,12.488,1.969,1.961,808000000,3754000000,4161883000.0,4161883000.0,0.0,0.067,0.248,0.245,0.258,21057000.0,668960000.0,1.0,656152416,653600000,659200000.0,6.368,2985000000,77000000,242305000.0,582000000,4.567,281000000.0
53,FISV,ART,2008-03-31,2008-05-09,2008-03-31,2021-07-28,-77000000,10520000000,8774316250.0,2911000000.0,7609000000.0,0.461,4.104,-161090000.0,371000000,371000000,2664218000.0,654437000.0,1.066,2.908,4776000000,468000000.0,4308000000.0,4776000000,349000000,232737000.0,0,0.0,0.0,1033664000.0,1266401000.0,0.313,1266401000.0,1033664000.0,898774000.0,0.993,0.985,0.993,2692000000,2483224750.0,2692000000,12790260058,12.0,10.1,523459000.0,0.798,1.0,1382801000.0,0.342,7123000000,134890000.0,5072000000,3442967750.0,0,0,0.0,0.0,7828000000,2730000000.0,5098000000.0,8385260058,517533000.0,-4306576000.0,-368790000.0,3754733000.0,0.0,3274556000.0,-3441572000.0,120094000.0,684549000.0,0.0,654437000.0,654437000.0,654437000.0,-258509000.0,0.0,0.162,614646000.0,768155000.0,171000000,0.0,3.115,12.813,12.878,360000000,0.0,12.787,2.072,2.073,842000000,3655000000,4047019000.0,4047019000.0,0.0,0.075,0.264,0.3,0.255,10261000.0,614646000.0,1.0,655738812,656000000,661600000.0,6.169,3397000000,72000000,244337000.0,564000000,5.178,181000000.0
54,FISV,ART,2007-12-31,2008-02-28,2007-12-31,2021-07-28,-41000000,11846000000,7735092750.0,4204000000.0,7642000000.0,0.507,3.702,-160000000.0,297000000,297000000,2637000000.0,439000000.0,1.12,3.802,5405000000,510000000.0,4895000000.0,5405000000,351000000,193000000.0,0,0.0,0.0,768000000.0,961000000.0,0.245,961000000.0,768000000.0,692000000.0,0.66,0.65,0.66,2467000000,2417661000.0,2467000000,13800680846,18.0,14.361,503000000.0,0.755,1.0,1285000000.0,0.328,7141000000,76000000.0,6059000000,3165822000.0,0,0,0.0,0.0,9379000000,3754000000.0,5625000000.0,8692680846,274000000.0,-4333000000.0,-419000000.0,4461000000.0,0.0,3965000000.0,-4354000000.0,19000000.0,663000000.0,0.0,439000000.0,439000000.0,439000000.0,-31000000.0,0.0,0.112,555000000.0,730000000.0,182000000,0.0,3.524,19.801,20.027,372000000,0.0,13.217,2.216,2.246,840000000,3326000000,3922000000.0,3922000000.0,0.0,0.057,0.182,0.243,0.196,11000000.0,555000000.0,1.0,657664524,666400000,675200000.0,5.885,4705000000,71000000,253000000.0,571000000,7.06,450000000.0
55,FISV,ART,2007-09-30,2007-11-08,2007-09-30,2021-07-28,-9937000,6277939000,6325573500.0,3000808000.0,3277131000.0,0.754,3.616,-156478000.0,161250000,161250000,3391202000.0,448620000.0,1.096,1.636,971956000,60953000.0,911003000.0,971956000,251151000,207772000.0,0,0.0,0.0,773380000.0,981152000.0,0.206,981152000.0,773380000.0,724765000.0,0.667,0.657,0.667,2381901000,2407316500.0,2381901000,9274655870,12.0,9.453,484837000.0,0.736,1.0,1379841000.0,0.289,2978212000,48615000.0,1373387000,2599060750.0,0,0,0.0,0.0,3896038000,2737046000.0,1158992000.0,8463949870,26241000.0,-97339000.0,-559663000.0,111822000.0,0.0,-347680000.0,-267394000.0,-13577000.0,641315000.0,0.0,448620000.0,448620000.0,448620000.0,-4518000.0,0.0,0.094,617978000.0,761863000.0,245449000,0.0,3.553,18.867,19.269,238164000,0.0,12.852,1.774,1.775,658212000,3229565000,4771043000.0,4771043000.0,0.0,0.071,0.186,0.298,0.162,6732000.0,617978000.0,1.0,658545020,658736000,666564000.0,7.243,3299727000,32098000,276145000.0,186744000,5.009,263762000.0
56,FISV,ART,2007-06-30,2007-08-03,2007-06-30,2021-07-28,335000,6453326000,6297349750.0,3176302000.0,3277024000.0,0.755,3.572,-173107000.0,151580000,151580000,3389621000.0,437833000.0,1.084,1.698,879800000,0.0,879800000.0,879800000,249922000,207461000.0,0,0.0,0.0,752220000.0,959681000.0,0.202,959681000.0,752220000.0,706272000.0,0.642,0.632,0.642,2391998000,2423669250.0,2391998000,8611412433,11.0,8.973,469006000.0,0.7,1.0,1364220000.0,0.287,2983798000,45948000.0,1267484000,3214250500.0,0,0,0.0,0.0,4061328000,2930264000.0,1131064000.0,7883192433,35489000.0,-123149000.0,-483656000.0,78561000.0,0.0,-754711000.0,148087000.0,444400000.0,642113000.0,0.0,437833000.0,437833000.0,437833000.0,-3593000.0,0.0,0.092,622592000.0,741628000.0,231150000,0.0,3.296,18.005,18.606,238246000,0.0,11.945,1.658,1.682,564180000,3108690000,4753841000.0,4753841000.0,0.0,0.07,0.181,0.234,0.158,7346000.0,622592000.0,1.0,659957508,669568000,679628000.0,7.1,3469528000,32535000,268439000.0,196718000,5.182,246038000.0
57,FISV,ART,2007-03-31,2007-05-03,2007-03-31,2021-07-28,-414000,6363106000,6301820250.0,,,0.741,3.573,-189226000.0,200795000,200795000,3321079000.0,447266000.0,,1.619,821904000,,,821904000,271950000,202003000.0,2075453000,0.0,0.0,758385000.0,960388000.0,0.206,960388000.0,758385000.0,715108000.0,0.647,0.637,0.647,2429745000,2424544750.0,2429745000,9506584111,13.0,9.899,425720000.0,0.626,1.0,1345823000.0,0.288,3020798000,43277000.0,3963417000,3943185000.0,0,2120344000,,,3933361000,,,8885475111,-3980000.0,-161247000.0,-436212000.0,50575000.0,0.0,-246316000.0,-372610000.0,-22137000.0,614946000.0,0.0,447266000.0,447266000.0,447266000.0,-6689000.0,0.0,0.096,601126000.0,744697000.0,223023000,0.0,3.657,19.866,20.413,246033000,0.0,13.207,1.904,1.925,598976000,3000454000,4666902000.0,4666902000.0,0.0,0.071,0.184,0.192,0.163,10218000.0,601126000.0,1.0,672759804,680104000,690548000.0,6.862,3342308000,0,267842000.0,235531000,4.914,
58,FISV,ART,2006-12-31,2007-02-28,2006-12-31,2021-07-28,-131000,6207923000,6233332500.0,,,0.729,3.465,-187488000.0,185328000,185328000,3210516000.0,449914000.0,,1.559,747256000,,,747256000,263236000,199106000.0,1986315000,0.0,0.0,757969000.0,957075000.0,0.211,957075000.0,757969000.0,716974000.0,0.642,0.632,0.642,2425622000,2412892500.0,2425622000,9596320275,13.0,10.027,447474000.0,0.639,1.0,1333635000.0,0.293,2977896000,40995000.0,3791955000,3891718500.0,0,2019197000,,,3782301000,,,9034392275,857000.0,-181044000.0,-523834000.0,138672000.0,0.0,-373017000.0,-261088000.0,107444000.0,634962000.0,0.0,449914000.0,449914000.0,449914000.0,-6689000.0,0.0,0.099,589354000.0,744281000.0,229025000,0.0,3.725,20.08,20.623,248040000,0.0,13.24,1.988,2.039,601226000,2886891000,4544151000.0,4544151000.0,0.0,0.072,0.186,0.195,0.167,17350000.0,589354000.0,1.0,682355912,699956000,710116000.0,6.492,3230027000,0,267060000.0,181491000,4.615,
59,FISV,ART,2006-09-30,2006-11-02,2006-09-30,2021-07-28,685000,6165044000,6191230750.0,,,0.715,3.528,-205435000.0,170897000,170897000,3285846000.0,494444000.0,,1.519,829144000,,,829144000,232079000,189675000.0,1892604000,0.0,0.0,827218000.0,1016893000.0,0.23,1016893000.0,827218000.0,782894000.0,0.693,0.683,0.693,2447312000,2422922000.0,2447312000,9154247185,11.0,9.002,447980000.0,0.646,1.0,1138857000.0,0.257,2989145000,44324000.0,3834146000,3845509750.0,0,2005588000,,,3717732000,,,8496000185,-3116000.0,-195094000.0,-584731000.0,181441000.0,0.0,-517631000.0,-142355000.0,294923000.0,653415000.0,0.0,494444000.0,494444000.0,494444000.0,-8789000.0,0.0,0.112,377359000.0,761498000.0,238054000,0.0,3.472,17.183,17.698,253624000,0.0,12.265,1.92,1.923,591684000,2780945000,4424703000.0,4424703000.0,0.0,0.08,0.204,0.215,0.187,20257000.0,509811000.0,1.0,692702828,693704000,703500000.0,6.378,3175899000,0,288450000.0,177736000,4.578,
60,FISV,ART,2006-06-30,2006-07-28,2006-06-30,2021-07-28,2572000,6471208000,6178195750.0,,,0.693,3.42,-191531000.0,151979000,151979000,3094889000.0,497295000.0,,1.701,783095000,,,783095000,233332000,183911000.0,2321519000,0.0,0.0,816597000.0,1000508000.0,0.234,1000508000.0,816597000.0,778831000.0,0.685,0.675,0.685,2395500000,2435514000.0,2395500000,8231117149,10.0,8.227,433088000.0,0.618,1.0,1184914000.0,0.277,2919102000,37766000.0,4183222000,3819344500.0,0,2463581000,,,4075708000,,,7600001149,-414600000.0,-499028000.0,-717483000.0,192249000.0,0.0,-47118000.0,-995556000.0,-268248000.0,624619000.0,0.0,497295000.0,497295000.0,497295000.0,-12389000.0,0.0,0.116,437637000.0,747277000.0,269128000,0.0,3.173,15.283,15.92,239287000,0.0,10.905,1.776,1.785,583224000,2670857000,4279803000.0,4279803000.0,0.0,0.08,0.204,0.214,0.191,15947000.0,525806000.0,1.0,696928120,700452000,710204000.0,6.11,3552106000,0,281536000.0,181184000,5.071,
61,FISV,ART,2006-03-31,2006-04-28,2006-03-31,2021-07-28,3467000,6089155000,6049448500.0,,,0.691,3.322,-180351000.0,204775000,204775000,2946264000.0,493623000.0,,1.555,757935000,,,757935000,244031000,183522000.0,1925837000,0.0,0.0,812964000.0,996486000.0,0.238,996486000.0,812964000.0,782692000.0,0.668,0.658,0.668,2383136000,2477859500.0,2383136000,8471703859,10.0,8.502,466747000.0,0.651,1.0,1236768000.0,0.296,2884764000,30272000.0,3757551000,3653813750.0,0,2098265000,,,3706019000,,,7918543859,-514953000.0,-539532000.0,-740092000.0,159356000.0,0.0,-944014000.0,-221492000.0,535140000.0,647098000.0,0.0,493623000.0,493623000.0,493623000.0,-5700000.0,0.0,0.118,486435000.0,750333000.0,268973000,0.0,3.323,16.042,16.868,233143000,0.0,11.268,1.893,1.932,550346000,2553188000,4183032000.0,4183032000.0,0.0,0.082,0.199,0.222,0.194,14871000.0,529458000.0,1.0,702777356,717404000,727132000.0,5.831,3204391000,0,289069000.0,233596000,4.467,
62,FISV,ART,2005-12-31,2006-03-15,2005-12-31,2021-07-28,1321000,6039516000,6149346750.0,,,0.66,3.265,-164951000.0,184471000,184471000,2797955000.0,516438000.0,,1.449,595385000,,,595385000,240105000,179179000.0,1960626000,0.0,0.0,850860000.0,1030039000.0,0.254,1030039000.0,850860000.0,823032000.0,0.685,0.675,0.685,2465740000,2527773250.0,2465740000,8004677736,9.0,7.771,425865000.0,0.564,1.0,1261523000.0,0.311,2843310000,27828000.0,3607120000,3701909750.0,0,2126538000,,,3573776000,,,7593763736,-331656000.0,-227394000.0,-620446000.0,-10164000.0,0.0,-460023000.0,-465904000.0,-104810000.0,590816000.0,0.0,516438000.0,516438000.0,516438000.0,-5081000.0,0.0,0.127,516127000.0,745396000.0,241751000,0.0,3.08,14.704,15.489,226013000,0.0,10.61,1.871,1.974,553402000,2436977000,4059478000.0,4059478000.0,0.0,0.084,0.204,0.23,0.21,0.0,516127000.0,1.0,715717600,755228000,763868000.0,5.375,3196206000,0,306594000.0,170258000,4.232,
63,FISV,ART,2005-09-30,2005-10-28,2005-09-30,2021-07-28,190000,6112904000,6735305000.0,,,0.574,3.332,-160943000.0,174013000,174013000,2431731000.0,463415000.0,,1.447,638667000,,,638667000,206842000,177494000.0,2025545000,0.0,0.0,764368000.0,941862000.0,0.243,941862000.0,764368000.0,744708000.0,0.605,0.597,0.605,2497680000,2552443750.0,2497680000,8399753585,11.0,8.918,497153000.0,0.663,1.0,1437606000.0,0.372,2848073000,19660000.0,3729485000,4323568000.0,0,2257225000,,,3615224000,,,7935099585,-235949000.0,-225567000.0,-489408000.0,-39818000.0,0.0,-333847000.0,-560198000.0,-241688000.0,658096000.0,0.0,463415000.0,463415000.0,463415000.0,14275000.0,0.0,0.12,709123000.0,728483000.0,232819000,0.0,3.177,17.123,17.773,210491000,0.0,10.752,2.051,2.083,518200000,2286501000,3869337000.0,3869337000.0,0.0,0.069,0.182,0.177,0.198,0.0,531629000.0,1.0,737977176,749624000,758704000.0,5.162,3264831000,0,281293000.0,176513000,4.355,
64,FISV,ART,2005-06-30,2005-07-29,2005-06-30,2021-07-28,-2623000,5956219000,7269454750.0,,,0.525,3.359,-160819000.0,566579000,566579000,2397340000.0,442833000.0,,1.322,590659000,,,590659000,221684000,178622000.0,1886369000,0.0,0.0,749966000.0,928588000.0,0.243,928588000.0,749966000.0,729340000.0,0.573,0.565,0.573,2564882000,2557192750.0,2564882000,8370882759,11.0,9.015,470260000.0,0.616,1.0,1418446000.0,0.372,2459200000,20626000.0,3521099000,4900247750.0,0,2151974000,,,3391337000,,,8346802759,373947000.0,144312000.0,-288433000.0,-16614000.0,0.0,-283834000.0,26702000.0,-24791000.0,631079000.0,0.0,442833000.0,442833000.0,442833000.0,17875000.0,0.0,0.116,700765000.0,717681000.0,220079000,0.0,3.254,18.849,19.359,202338000,0.0,11.092,2.187,2.22,473897000,2173562000,3815786000.0,3815786000.0,0.0,0.061,0.173,0.153,0.197,0.0,522143000.0,1.0,752472640,763516000,772908000.0,4.998,3497019000,0,286507000.0,187124000,4.58,
65,FISV,ART,2005-03-31,2005-04-29,2005-03-31,2021-07-28,-2777000,6488748000,7782183500.0,,,0.484,3.339,-161165000.0,719728000,719728000,2263345000.0,423870000.0,,1.512,598812000,,,598812000,225831000,181428000.0,2328715000,0.0,0.0,723001000.0,904429000.0,0.24,904429000.0,723001000.0,699169000.0,0.545,0.537,0.545,2582791000,2520209500.0,2582791000,7970610307,11.0,8.813,542238000.0,0.701,1.0,1502035000.0,0.399,2417897000,23832000.0,3949935000,5509330000.0,0,2589898000,,,3905957000,,,8091526307,551482000.0,213796000.0,-141526000.0,-125525000.0,0.0,122893000.0,-274814000.0,-395445000.0,703403000.0,0.0,423870000.0,423870000.0,423870000.0,17875000.0,0.0,0.113,811319000.0,690716000.0,205816000,0.0,3.133,19.09,19.404,196336000,0.0,10.575,2.149,2.172,466464000,2059565000,3765380000.0,3765380000.0,0.0,0.054,0.168,0.131,0.192,0.0,629891000.0,1.0,765156152,773532000,781980000.0,4.868,4070851000,0,275299000.0,267948000,5.263,
66,FISV,ART,2004-12-31,2005-02-25,2004-12-31,2021-07-28,26695000,8383349000,8142202000.0,,,0.458,3.288,-161093000.0,516127000,516127000,2351539000.0,377642000.0,,2.269,605327000,,,605327000,226080000,185363000.0,1829639000,0.0,0.0,649012000.0,834375000.0,0.224,834375000.0,649012000.0,624110000.0,0.485,0.477,0.485,2564422000,2452325000.0,2564422000,7433232114,11.0,8.909,537290000.0,0.689,1.0,1378207000.0,0.37,2378796000,24902000.0,6093753000,6028244250.0,0,1984536000,,,5818927000,,,7344032114,353459000.0,-64896000.0,-33678000.0,-192940000.0,0.0,20323000.0,-365247000.0,-139258000.0,698383000.0,0.0,377642000.0,377642000.0,377642000.0,17256000.0,0.0,0.101,718647000.0,659560000.0,202616000,0.0,2.864,19.447,19.588,213799000,0.0,9.5,1.969,1.987,437764000,1920539000,3729746000.0,3729746000.0,0.0,0.046,0.154,0.108,0.174,0.0,533284000.0,1.0,773056012,779924000,789148000.0,4.782,6004553000,0,246468000.0,179285000,7.699,
67,FISV,ART,2004-09-30,2004-10-22,2004-09-30,2021-07-28,20489000,8249503000,7849908500.0,,,0.463,3.221,-134086000.0,450062000,450062000,2057438000.0,362163000.0,,2.278,719345000,,,719345000,199643000,191061000.0,1830166000,0.0,0.0,624213000.0,815274000.0,0.224,815274000.0,624213000.0,598628000.0,0.465,0.46,0.465,2516676000,2361171500.0,2516676000,6938900704,11.0,8.511,410724000.0,0.526,1.0,1575661000.0,0.434,2482582000,25585000.0,6036204000,5861420000.0,0,2079955000,,,5732827000,,,6669617704,248360000.0,-204317000.0,28831000.0,-73915000.0,0.0,91745000.0,-388195000.0,-49792000.0,544810000.0,0.0,362163000.0,362163000.0,362163000.0,0.0,0.0,0.1,958788000.0,616873000.0,2805413000,0.0,2.65,18.416,18.333,206450000,0.0,8.525,1.836,1.833,2914278000,1823086000,3633099000.0,3633099000.0,0.0,0.046,0.153,0.106,0.172,0.0,767727000.0,1.0,782359848,781336000,789888000.0,4.65,5766921000,0,236465000.0,178260000,7.381,
68,FISV,ART,2004-06-30,2004-07-22,2004-06-30,2021-07-28,20146000,8007134000,7580212000.0,,,0.458,3.098,-132268000.0,232732000,232732000,1922842000.0,350218000.0,,2.313,644382000,,,644382000,208530000,189319000.0,1865156000,0.0,0.0,599791000.0,789110000.0,0.227,789110000.0,599791000.0,574129000.0,0.452,0.445,0.452,2416949000,2257457750.0,2416949000,7148850089,12.0,9.059,521490000.0,0.668,1.0,1548215000.0,0.446,2461356000,25662000.0,5957428000,5721350250.0,0,2188878000,,,5590185000,,,6737200089,-58417000.0,-586504000.0,28510000.0,-56146000.0,0.0,227691000.0,-939866000.0,-221094000.0,653758000.0,0.0,350218000.0,350218000.0,350218000.0,0.0,0.0,0.101,955764000.0,592451000.0,2428506000,0.0,2.787,19.237,19.082,201295000,0.0,8.625,1.941,1.939,2794572000,1730729000,3471057000.0,3471057000.0,0.0,0.046,0.155,0.105,0.173,0.0,766445000.0,1.0,781124648,780204000,789516000.0,4.449,5545778000,0,223911000.0,167856000,7.108,
69,FISV,ART,2004-03-31,2004-04-22,2004-03-31,2021-07-28,20327000,7928822000,7234591500.0,,,0.451,2.97,-139423000.0,208346000,208346000,1877092000.0,333622000.0,,2.431,767477000,,,767477000,215396000,181350000.0,1935614000,0.0,0.0,571571000.0,752921000.0,0.231,752921000.0,571571000.0,546921000.0,0.432,0.425,0.432,2311253000,2158646750.0,2311253000,8523135357,15.0,11.32,365791000.0,0.47,1.0,1386560000.0,0.425,2462361000,24650000.0,6025592000,5512731000.0,0,2265147000,,,5617569000,,,7964004357,26185000.0,-686553000.0,27496000.0,158944000.0,0.0,371217000.0,-850246000.0,-24270000.0,505214000.0,0.0,333622000.0,333622000.0,333622000.0,0.0,0.0,0.102,822329000.0,564231000.0,2259444000,0.0,3.446,23.871,23.64,201802000,0.0,10.213,2.44,2.435,2662304000,1635695000,3263652000.0,3263652000.0,0.0,0.046,0.155,0.104,0.175,0.0,640979000.0,1.0,779829068,778220000,788252000.0,4.194,5466461000,0,213299000.0,165363000,7.024,
70,FISV,ART,2003-12-31,2004-02-27,2003-12-31,2021-07-28,17345000,7214175000,6875956500.0,,,0.441,2.846,-143242000.0,202768000,202768000,1813471000.0,315012000.0,,2.279,838116000,,,838116000,208996000,171791000.0,1582698000,0.0,0.0,539308000.0,711099000.0,0.234,711099000.0,539308000.0,516413000.0,0.407,0.403,0.407,2199808000,2063713250.0,2199808000,8139320810,15.0,11.446,374859000.0,0.485,1.0,1220199000.0,0.402,2423067000,22895000.0,5426456000,5289522750.0,0,1904161000,,,5014367000,,,7503972810,-24471000.0,-735917000.0,18585000.0,254794000.0,0.0,148619000.0,-691191000.0,187968000.0,518101000.0,0.0,315012000.0,315012000.0,315012000.0,0.0,0.0,0.104,688231000.0,531968000.0,1965947000,0.0,3.411,23.821,23.686,206076000,0.0,9.64,2.474,2.456,2357935000,1542897000,3033670000.0,3033670000.0,0.0,0.046,0.153,0.102,0.178,0.0,516440000.0,1.0,778420416,772960000,783748000.0,3.925,4791108000,0,201401000.0,114845000,6.198,
71,FISV,ART,2003-09-30,2003-10-22,2003-09-30,2021-07-28,9835000,7170717000,6682089000.0,,,0.436,2.714,-185382000.0,201702000,201702000,1736934000.0,301266000.0,,2.412,794272000,,,794272000,179257000,186570000.0,1693337000,0.0,0.0,515890000.0,702460000.0,0.241,702460000.0,515890000.0,493878000.0,0.395,0.388,0.395,2101821000,1970678500.0,2101821000,7314122440,14.0,10.412,503061000.0,0.65,1.0,1174092000.0,0.403,2287362000,22012000.0,5475925000,5213359500.0,0,2024815000,,,5068896000,,,6721552440,-16267000.0,-885535000.0,10627000.0,344650000.0,0.0,349830000.0,-1054540000.0,-14503000.0,688443000.0,0.0,301266000.0,301266000.0,301266000.0,0.0,0.0,0.103,667303000.0,506789000.0,1990576000,0.0,3.198,22.311,21.949,220563000,0.0,8.67,2.309,2.307,2316944000,1460923000,2911026000.0,2911026000.0,0.0,0.045,0.153,0.099,0.177,0.0,480733000.0,1.0,775265564,774504000,786112000.0,3.759,4883355000,0,192612000.0,116047000,6.305,
72,FISV,ART,2003-06-30,2003-07-23,2003-06-30,2021-07-28,17232000,6624652000,6305867500.0,,,0.436,2.615,-165557000.0,291149000,291149000,1652693000.0,287005000.0,,2.277,705290000,,,705290000,190380000,169056000.0,1609829000,0.0,0.0,489844000.0,658900000.0,0.24,658900000.0,489844000.0,470500000.0,0.375,0.37,0.375,2021705000,1887549500.0,2021705000,7943752786,16.0,12.056,391462000.0,0.506,1.0,1097953000.0,0.399,1915842000,19344000.0,5122951000,4990511000.0,0,1981742000,,,4602947000,,,7529611786,102820000.0,-537605000.0,-14913000.0,302701000.0,0.0,285998000.0,-740197000.0,-58140000.0,557019000.0,0.0,287005000.0,287005000.0,287005000.0,0.0,0.0,0.104,617636000.0,480317000.0,1748319000,0.0,3.724,26.235,25.933,224608000,0.0,9.725,2.737,2.734,2089224000,1380511000,2750646000.0,2750646000.0,0.0,0.046,0.152,0.098,0.178,0.0,448580000.0,1.0,774253140,773180000,783244000.0,3.558,4708810000,0,183495000.0,118402000,6.09,
73,FISV,ART,2003-03-31,2003-04-23,2003-03-31,2021-07-28,14316000,6494282000,6043897250.0,,,0.438,2.513,-147095000.0,182161000,182161000,1593940000.0,275212000.0,,2.362,604409000,,,604409000,192944000,154293000.0,1753994000,0.0,0.0,469216000.0,623509000.0,0.236,623509000.0,469216000.0,451168000.0,0.36,0.355,0.36,1931519000,1820528250.0,1931519000,6567768385,14.0,10.534,525213000.0,0.683,1.0,1050517000.0,0.397,1783771000,18048000.0,5132759000,4840498500.0,0,2238885000,,,4562763000,,,6145520385,43466000.0,-449871000.0,-24850000.0,178226000.0,0.0,489672000.0,-1118514000.0,-532234000.0,672308000.0,0.0,275212000.0,275212000.0,275212000.0,0.0,0.0,0.104,591395000.0,459122000.0,1682464000,0.0,3.182,22.33,22.09,223898000,0.0,7.952,2.324,2.311,1939678000,1302073000,2644457000.0,2644457000.0,0.0,0.046,0.151,0.097,0.177,0.0,437102000.0,1.0,772778420,768548000,778984000.0,3.441,4710511000,0,175956000.0,100870000,6.129,
74,FISV,ART,2002-12-31,2003-02-28,2002-12-31,2021-07-28,23882000,6438705000,5791946500.0,,,0.444,2.387,-141880000.0,227239000,227239000,1546843000.0,266137000.0,,2.523,582824000,,,582824000,181173000,141114000.0,1707458000,0.0,0.0,454048000.0,595162000.0,0.232,595162000.0,454048000.0,436290000.0,0.347,0.343,0.347,1827669000,1759987500.0,1827669000,6480117487,14.0,10.888,434938000.0,0.568,1.0,1022044000.0,0.398,1672487000,17758000.0,5121803000,4689926250.0,0,2115778000,,,4611036000,,,6124532487,91151000.0,-406578000.0,-22158000.0,127287000.0,0.0,366013000.0,-851680000.0,-303222000.0,576818000.0,0.0,266137000.0,266137000.0,266137000.0,0.0,0.0,0.104,579005000.0,443039000.0,1789129000,0.0,3.351,23.013,22.983,223070000,0.0,7.975,2.384,2.377,2080249000,1227885000,2568887000.0,2568887000.0,0.0,0.046,0.151,0.097,0.177,0.0,437891000.0,1.0,767966456,765544000,779804000.0,3.356,4766218000,0,170153000.0,69838000,6.226,
75,FISV,ART,2002-09-30,2002-10-22,2002-09-30,2021-07-28,30287000,5665831000,5512830750.0,,,0.435,2.303,-96672000.0,217969000,217969000,1423250000.0,250743000.0,,2.202,446924000,,,446924000,151485000,104659000.0,1677444000,0.0,0.0,421685000.0,526344000.0,0.22,526344000.0,421685000.0,412498000.0,0.328,0.323,0.328,1769305000,1704276750.0,1769305000,5833567210,14.0,11.083,349451000.0,0.455,1.0,973512000.0,0.406,1310255000,9187000.0,4584531000,4518219250.0,0,2053070000,,,3896526000,,,5604612210,125218000.0,-187351000.0,-14352000.0,54583000.0,0.0,114006000.0,-434911000.0,-108468000.0,446123000.0,0.0,250743000.0,250743000.0,250743000.0,0.0,0.0,0.105,554812000.0,418700000.0,1293006000,0.0,3.168,22.352,22.325,265943000,0.0,7.322,2.338,2.347,1713466000,1159657000,2396762000.0,2396762000.0,0.0,0.045,0.147,0.093,0.176,0.0,451109000.0,1.0,765396000,768192000,780100000.0,3.12,4355576000,0,161755000.0,70974000,5.67,
76,FISV,ART,2002-06-30,2002-07-23,2002-06-30,2021-07-28,66914000,5576771000,5403430250.0,,,0.412,2.29,-91070000.0,188329000,188329000,1303206000.0,237221000.0,,2.18,399893000,,,399893000,159002000,106941000.0,1585516000,0.0,0.0,401651000.0,508592000.0,0.228,508592000.0,401651000.0,391767000.0,0.312,0.305,0.312,1753620000,1616160750.0,1753620000,6081160715,15.0,11.957,365090000.0,0.477,1.0,925057000.0,0.415,1265434000,9884000.0,4522901000,4489482500.0,0,1998332000,,,3823151000,,,5869596715,110366000.0,-191025000.0,9299000.0,39492000.0,0.0,188255000.0,-534049000.0,-210760000.0,456160000.0,0.0,237221000.0,237221000.0,237221000.0,0.0,0.0,0.106,526965000.0,398092000.0,1369372000,0.0,3.347,24.743,24.463,262678000,0.0,7.633,2.634,2.623,1757893000,1093506000,2228263000.0,2228263000.0,0.0,0.044,0.147,0.089,0.18,0.0,421306000.0,1.0,769026756,765680000,781896000.0,2.91,4311337000,0,154546000.0,94103000,5.631,
77,FISV,ART,2002-03-31,2002-04-23,2002-03-31,2021-07-28,77190000,5486479000,5246970250.0,,,0.394,2.215,-81570000.0,138695000,138695000,1182683000.0,222565000.0,,2.248,425870000,,,425870000,163702000,109356000.0,1391594000,0.0,0.0,380104000.0,489460000.0,0.237,489460000.0,380104000.0,369161000.0,0.295,0.288,0.295,1689356000,1521752000.0,1689356000,8472152754,22.0,17.309,337698000.0,0.443,1.0,885800000.0,0.428,1243184000,10943000.0,4530470000,4411806750.0,0,1799519000,,,3797123000,,,8184977754,56549000.0,-169785000.0,17290000.0,36223000.0,0.0,-177291000.0,-185428000.0,104154000.0,419268000.0,0.0,222565000.0,222565000.0,222565000.0,0.0,0.0,0.108,510194000.0,375606000.0,1531378000,0.0,4.845,36.776,36.271,257101000,0.0,10.7,3.957,3.945,1938969000,1026861000,2068483000.0,2068483000.0,0.0,0.042,0.146,0.086,0.184,0.0,401528000.0,1.0,764951192,762676000,780608000.0,2.712,4243295000,0,146596000.0,77906000,5.564,
78,FISV,ART,2001-12-31,2002-02-27,2001-12-31,2021-07-28,76216000,5322242000,5284625250.0,,,0.358,2.146,-67974000.0,136088000,136088000,1048139000.0,208217000.0,,2.316,455893000,,,455893000,171101000,112233000.0,1420956000,0.0,0.0,359101000.0,471334000.0,0.249,471334000.0,359101000.0,347028000.0,0.278,0.273,0.278,1604826000,1428271000.0,1604826000,8248394517,23.0,17.5,374161000.0,0.5,1.0,842328000.0,0.446,1207072000,12073000.0,4434975000,4507557750.0,0,1885063000,,,3717416000,,,7928589517,37232000.0,-224842000.0,15053000.0,86762000.0,0.0,-2881000.0,-402022000.0,-72571000.0,442135000.0,0.0,208217000.0,208217000.0,208217000.0,0.0,0.0,0.11,488631000.0,353697000.0,1372782000,0.0,4.94,38.078,37.419,247748000,0.0,10.402,4.194,4.114,1738268000,961748000,1890467000.0,1890467000.0,0.0,0.039,0.146,0.08,0.19,0.0,377570000.0,1.0,762181160,747716000,766336000.0,2.528,4115170000,0,138811000.0,54780000,5.504,
79,FISV,ART,2001-09-30,2001-10-23,2001-09-30,2021-07-28,55843000,5228229000,5350644750.0,,,0.342,1.895,-61300000.0,92751000,92751000,1004557000.0,199478000.0,,2.69,379783000,,,379783000,144886000,112552000.0,1599392000,0.0,0.0,348250000.0,460802000.0,0.252,460802000.0,348250000.0,333707000.0,0.268,0.261,0.268,1416841000,1340082500.0,1416841000,7400945590,21.0,16.061,539405000.0,0.721,1.0,823755000.0,0.451,1045677000,14543000.0,4469584000,4625600250.0,0,1971945000,,,3811388000,,,7113913590,-1176000.0,-141554000.0,16319000.0,-269575000.0,0.0,-27040000.0,-574841000.0,-338617000.0,600705000.0,0.0,199478000.0,199478000.0,199478000.0,0.0,0.0,0.109,481815000.0,341940000.0,1375070000,0.0,5.021,35.663,35.457,218199000,0.0,9.502,3.891,3.887,1799053000,908914000,1828312000.0,1828312000.0,0.0,0.037,0.149,0.075,0.19,0.0,368408000.0,1.0,748636000,747776000,766164000.0,2.445,4182552000,0,134229000.0,91666000,5.593,
80,FISV,ART,2001-06-30,2001-07-24,2001-06-30,2021-07-28,73427000,4950931000,5568838000.0,,,0.317,1.844,-63531000.0,77963000,77963000,970100000.0,191591000.0,,2.598,346311000,,,346311000,157082000,110721000.0,1446537000,0.0,0.0,339165000.0,449886000.0,0.255,449886000.0,339165000.0,321828000.0,0.258,0.252,0.258,1375985000,1293511000.0,1375985000,7492337520,22.0,16.654,605098000.0,0.811,1.0,797228000.0,0.451,1007081000,17337000.0,4212198000,4935068000.0,0,1786036000,,,3574946000,,,7223989520,5450000.0,-133194000.0,13205000.0,-382247000.0,0.0,-353524000.0,-309655000.0,-81705000.0,668629000.0,0.0,191591000.0,191591000.0,191591000.0,0.0,0.0,0.108,466280000.0,330948000.0,1365452000,0.0,5.25,37.705,37.448,217131000,0.0,9.662,4.088,4.08,1768230000,856285000,1767328000.0,1767328000.0,0.0,0.034,0.148,0.069,0.192,0.0,353330000.0,1.0,747696000,746232000,765006000.0,2.368,3943850000,0,130237000.0,80318000,5.285,
81,FISV,ART,2001-03-31,2001-04-24,2001-03-31,2021-07-28,73749000,5637099000,5829597500.0,,,0.294,1.767,-67593000.0,82146000,82146000,938444000.0,184629000.0,,3.285,375562000,,,375562000,163113000,116131000.0,1622884000,0.0,0.0,331596000.0,447727000.0,0.262,447727000.0,331596000.0,311496000.0,0.25,0.243,0.25,1315432000,1238904500.0,1315432000,6557665200,20.0,14.647,735464000.0,0.988,1.0,772672000.0,0.452,1017041000,20100000.0,4913474000,5315746500.0,0,1891734000,,,4321667000,,,6264249200,7491000.0,-173152000.0,10513000.0,-507849000.0,0.0,-551527000.0,-244039000.0,30167000.0,803057000.0,0.0,184629000.0,184629000.0,184629000.0,0.0,0.0,0.108,450715000.0,321957000.0,1922643000,0.0,4.762,33.929,33.587,218134000,0.0,8.397,3.661,3.654,2341967000,804296000,1711116000.0,1711116000.0,0.0,0.032,0.149,0.062,0.194,0.0,333803000.0,1.0,746040000,744648000,763398000.0,2.298,4620058000,0,126867000.0,74371000,6.204,
82,FISV,ART,2000-12-31,2001-02-27,2000-12-31,2021-07-28,78869000,5586320000,5985054000.0,,,0.276,1.694,-72979000.0,98856000,98856000,907828000.0,177021000.0,,3.462,354683000,,,354683000,156668000,112959000.0,1525652000,0.0,0.0,322124000.0,435083000.0,0.263,435083000.0,322124000.0,300035000.0,0.24,0.233,0.24,1252072000,1197798000.0,1252072000,6599053505,20.0,15.167,511489000.0,0.692,1.0,745778000.0,0.451,935002000,22089000.0,4907145000,5635908000.0,0,282256000,,,4334248000,,,6343226505,18302000.0,-88764000.0,10692000.0,-353520000.0,0.0,-507141000.0,-59025000.0,136726000.0,584468000.0,0.0,177021000.0,177021000.0,177021000.0,0.0,0.0,0.107,431472000.0,314306000.0,2057956000,0.0,5.066,35.833,35.507,205555000,0.0,8.522,3.836,3.809,2458931000,753531000,1653606000.0,1653606000.0,0.0,0.03,0.148,0.057,0.195,0.0,316638000.0,1.0,744364542,739152000,759216000.0,2.237,4651318000,0,123014000.0,57199000,6.293,
83,FISV,ART,2000-09-30,2000-10-24,2000-09-30,2021-07-28,105360000,6101002000,5915401500.0,,,0.269,1.662,-75300000.0,93927000,93927000,879372000.0,167843000.0,,3.958,647823000,,,647823000,129605000,109366000.0,1373175000,0.0,0.0,307779000.0,417145000.0,0.262,417145000.0,307779000.0,284481000.0,0.228,0.222,0.228,1230555000,1157534000.0,1230555000,6313926720,21.0,15.136,220036000.0,0.297,1.0,714154000.0,0.448,947443000,23298000.0,5707455000,5673370750.0,0,329160000,,,4870447000,,,5760030720,18024000.0,-98599000.0,-1021000.0,-34235000.0,0.0,-414119000.0,136807000.0,362491000.0,295336000.0,0.0,167843000.0,167843000.0,167843000.0,0.0,0.0,0.105,412210000.0,301944000.0,2467353000,0.0,4.681,34.318,34.035,207877000,0.0,7.76,3.615,3.607,3068634000,709436000,1593526000.0,1593526000.0,0.0,0.028,0.145,0.054,0.193,0.0,300007000.0,1.0,742272000,740604000,762270000.0,2.152,5153559000,0,116638000.0,69272000,6.959,
84,FISV,ART,2000-06-30,2000-07-25,2000-06-30,2021-07-28,87805000,5993969000,5655972750.0,,,0.272,1.569,-77452000.0,72513000,72513000,851870000.0,158298000.0,,4.178,728549000,,,728549000,134919000,104251000.0,1431019000,0.0,0.0,291218000.0,395469000.0,0.257,395469000.0,291218000.0,268302000.0,0.217,0.21,0.217,1157559000,1105078250.0,1157559000,7125296000,24.0,18.017,97184000.0,0.132,1.0,688130000.0,0.447,915093000,22916000.0,5734912000,5443953500.0,0,291987000,,,4836410000,,,6469260000,10074000.0,-172028000.0,-21334000.0,147392000.0,0.0,-82116000.0,-82446000.0,212415000.0,174636000.0,0.0,158298000.0,158298000.0,158298000.0,0.0,0.0,0.103,399840000.0,288290000.0,2303434000,0.0,5.589,40.868,40.323,209943000,0.0,8.75,4.201,4.193,2987167000,664694000,1540000000.0,1540000000.0,0.0,0.028,0.143,0.053,0.189,0.0,292731000.0,1.0,739344000,737946000,758406000.0,2.087,5078876000,0,110004000.0,71397000,6.882,
85,FISV,ART,2000-03-31,2000-04-25,2000-03-31,2021-07-28,135474000,6258925000,5490869000.0,,,0.267,1.564,-72055000.0,74655000,74655000,815907000.0,147609000.0,,4.438,883401000,,,883401000,139912000,90922000.0,1285232000,0.0,0.0,271416000.0,362338000.0,0.247,362338000.0,271416000.0,250185000.0,0.202,0.195,0.202,1151006000,1084237750.0,1151006000,5967606000,22.0,16.47,-80269000.0,-0.109,1.0,650911000.0,0.444,873551000,21231000.0,6194120000,5280876250.0,0,349577000,,,5107919000,,,5158860000,-6821000.0,-197214000.0,-22669000.0,278707000.0,0.0,356745000.0,-355352000.0,-50390000.0,-8214000.0,0.0,147609000.0,147609000.0,147609000.0,0.0,0.0,0.101,379495000.0,271416000.0,2545415000,0.0,4.482,34.949,34.653,203863000,0.0,7.0,3.517,3.511,3376685000,619667000,1466818000.0,1466818000.0,0.0,0.027,0.136,0.051,0.185,0.0,283870000.0,1.0,736980000,735732000,753258000.0,1.994,5385374000,0,102576000.0,102042000,7.32,
86,FISV,ART,1999-12-31,2000-02-28,1999-12-31,2021-07-28,125026000,5307710000,5037635000.0,,,0.279,1.477,-69697000.0,80554000,80554000,788389000.0,137868000.0,,3.865,707174000,,,707174000,131476000,86313000.0,1298120000,0.0,0.0,253085000.0,339398000.0,0.241,339398000.0,253085000.0,233675000.0,0.187,0.182,0.187,1091016000,1033101250.0,1091016000,3922583937,15.0,11.557,108140000.0,0.146,1.0,619156000.0,0.44,877334000,19410000.0,5056996000,4774292500.0,0,335573000,,,4216694000,,,3295963937,8996000.0,-210587000.0,-22800000.0,169959000.0,0.0,346506000.0,-515347000.0,-209011000.0,177837000.0,0.0,137868000.0,137868000.0,137868000.0,0.0,0.0,0.098,366071000.0,253085000.0,1830782000,0.0,3.021,23.907,23.957,195333000,0.0,4.48,2.342,2.352,2431418000,576510000,1407545000.0,1407545000.0,0.0,0.027,0.133,0.053,0.18,0.0,272616000.0,1.0,735706236,738858000,760074000.0,1.905,4430376000,0,95807000.0,72699000,5.996,
87,FISV,ART,1999-09-30,1999-10-19,1999-09-30,2021-07-28,82363000,5063287000,4700292000.0,,,0.292,1.381,-77227000.0,75903000,75903000,771404000.0,132532000.0,,3.96,681037000,,,681037000,107911000,81696000.0,1360194000,0.0,0.0,242205000.0,323901000.0,0.236,323901000.0,242205000.0,224630000.0,0.182,0.174,0.182,1020732000,981796500.0,1020732000,4130631500,17.0,12.753,144168000.0,0.195,1.0,600718000.0,0.438,878635000,17575000.0,4789786000,4418487750.0,0,276149000,,,4042555000,,,3525497500,-11899000.0,-319429000.0,-16042000.0,203559000.0,0.0,333109000.0,-566403000.0,-181660000.0,221395000.0,0.0,132532000.0,132532000.0,132532000.0,0.0,0.0,0.097,358513000.0,242205000.0,1683812000,0.0,3.454,26.601,26.328,195743000,0.0,4.792,2.569,2.582,2194529000,541593000,1372122000.0,1372122000.0,0.0,0.028,0.135,0.055,0.177,0.0,270573000.0,1.0,735756000,739356000,755844000.0,1.856,4184652000,0,92098000.0,40443000,5.66,
88,FISV,ART,1999-06-30,1999-07-20,1999-06-30,2021-07-28,151409000,5333554000,4458778500.0,,,0.298,1.45,-81959000.0,62439000,62439000,744639000.0,126208000.0,,3.965,547048000,,,547048000,108798000,79341000.0,1247348000,0.0,0.0,230570000.0,309911000.0,0.233,309911000.0,230570000.0,213910000.0,0.172,0.165,0.172,1074197000,933221250.0,1074197000,4299956520,19.0,13.875,192776000.0,0.26,1.0,584363000.0,0.44,735560000,16660000.0,5082603000,4172245250.0,0,413000000,,,4259357000,,,3815347520,-3238000.0,-217200000.0,4248000.0,63552000.0,0.0,241366000.0,-519339000.0,-223763000.0,274735000.0,0.0,126208000.0,126208000.0,126208000.0,0.0,0.0,0.095,353793000.0,230570000.0,2114710000,0.0,3.552,30.231,29.922,186875000,0.0,5.147,2.871,2.87,2606033000,506396000,1329002000.0,1329002000.0,0.0,0.028,0.135,0.055,0.173,0.0,271328000.0,1.0,741324000,740988000,763812000.0,1.794,4597994000,0,87702000.0,84585000,6.205,
89,FISV,ART,1999-03-31,1999-04-20,1999-03-31,2021-07-28,63868000,4445989000,4108070250.0,,,0.316,1.28,-82456000.0,81476000,81476000,726979000.0,120540000.0,,3.697,494789000,,,494789000,119902000,78105000.0,1184523000,0.0,0.0,220878000.0,298983000.0,0.231,298983000.0,220878000.0,204305000.0,0.163,0.157,0.163,946460000,864058000.0,946460000,4659312570,21.0,15.584,121438000.0,0.164,1.0,569991000.0,0.439,691517000,16573000.0,4167785000,3827788500.0,0,273461000,,,3499529000,,,4245999570,-1656000.0,-151453000.0,2383000.0,96050000.0,0.0,249937000.0,-455487000.0,-221578000.0,203894000.0,0.0,120540000.0,120540000.0,120540000.0,0.0,0.0,0.093,349113000.0,220878000.0,1511775000,0.0,4.486,35.225,35.194,184915000,0.0,5.737,3.274,3.27,1939002000,472058000,1296970000.0,1296970000.0,0.0,0.029,0.14,0.058,0.17,0.0,270726000.0,1.0,740151000,739377000,767277000.0,1.754,3754472000,0,83765000.0,29094000,5.078,
90,FISV,ART,1998-12-31,1999-02-23,1998-12-31,2021-07-28,39875000,3958338000,3876789500.0,,,0.318,1.202,-77542000.0,71558000,71558000,692392000.0,114274000.0,,3.469,427972000,,,427972000,107286000,76451000.0,1098773000,0.0,0.0,209639000.0,286090000.0,0.232,286090000.0,209639000.0,193684000.0,0.156,0.15,0.156,885797000,817957750.0,885797000,4172143969,20.0,14.583,172274000.0,0.234,1.0,541278000.0,0.439,680975000,15955000.0,3633777000,3605473500.0,0,180099000,,,3072541000,,,3815729969,-17819000.0,-217792000.0,-37389000.0,79835000.0,0.0,58478000.0,-326113000.0,-30779000.0,249816000.0,0.0,114274000.0,114274000.0,114274000.0,0.0,0.0,0.093,331639000.0,209639000.0,1273223000,0.0,4.308,33.391,33.12,179434000,0.0,5.167,3.093,3.088,1649501000,438642000,1233670000.0,1233670000.0,0.0,0.029,0.14,0.058,0.17,0.0,259126000.0,1.0,738528381,737235000,762921000.0,1.673,3277363000,14545000,79410000.0,14768000,4.445,
91,FISV,ART,1998-09-30,1998-10-20,1998-09-30,2021-07-28,16551000,4097233000,3796327750.0,,,,1.12,,87802000,87802000,,,,3.958,367482000,,,367482000,95011000,,1214599000,0.0,0.0,,,,,,,,,,826431000,788822250.0,826431000,3876699120,,,,,1.0,,,572097000,,3804816000,3550842000.0,0,143955000,,,3270802000,,,3597019120,,,,,,,,,,,,,,,,,,,1428556000,,4.352,,,167546000,,4.876,,,1792655000,409061000,,,,,,,,,,1.0,737766000,737613000,,,3525136000,29470000,,20776000,4.779,
92,FISV,ART,1998-06-30,1998-07-21,1998-06-30,2021-07-28,16462000,3930721000,,,,,1.066,,65677000,65677000,,,,3.929,406756000,,,406756000,97333000,,1073781000,0.0,0.0,,,,,,,,,,797544000,,797544000,4264174680,,,,,1.0,,,567024000,,3704776000,,0,135642000,,,3133177000,,,3923095680,,,,,,,,,,,,,,,,,,,1420410000,,4.919,,,158779000,,5.32,,,1809788000,380188000,,,,,,,,,,1.0,737424000,748116000,,,3363697000,29006000,,9329000,4.496,
93,FISV,ART,1998-03-31,1998-04-21,1998-03-31,2021-07-28,16622000,3520866000,,,,,1.051,,83132000,83132000,,,,3.62,397256000,,,397256000,85783000,,1033019000,0.0,0.0,,,,,,,,,,762059000,,762059000,3878342863,,,,,1.0,,,556465000,,3278525000,,0,129618000,,,2758807000,,,3564218863,,,,,,,,,,,,,,,,,,,1116461000,,4.677,,,153011000,,4.912,,,1445417000,351518000,,,,,,,,,,1.0,725636475,725152500,,,2964401000,34703000,,17160000,4.088,
94,FISV,ART,1997-12-31,1998-02-20,1997-12-31,2021-07-28,16442000,3636491000,,,,,1.096,-39765000.0,89377000,89377000,555451000.0,90800000.0,,3.727,347006000,,,347006000,67569000,63186000.0,1082740000,0.0,0.0,165777000.0,228963000.0,0.235,228963000.0,165777000.0,153899000.0,0.13,0.126,0.13,769255000,,769255000,3119639071,19.0,13.625,129793000.0,0.185,1.0,418981000.0,0.43,478869000,11878000.0,3415251000,,0,125999000,,,2867236000,,,2862010071,-11905000.0,-65017000.0,10040000.0,-31096000.0,0.0,91131000.0,-272594000.0,-167812000.0,169558000.0,0.0,90800000.0,90800000.0,90800000.0,0.0,0.0,0.093,253204000.0,165777000.0,1238105000,0.0,3.72,31.52,30.342,149055000,0.0,3.944,2.937,2.842,1583940000,324489000,974432000.0,974432000.0,0.0,,,,0.17,0.0,189982000.0,1.0,725580018,702121500,722628000.0,1.388,3157622000,35233000,63099000.0,8436000,4.497,
