None,ticker,dimension,calendardate,datekey,reportperiod,lastupdated,accoci,assets,assetsavg,assetsc,assetsnc,assetturnover,bvps,capex,cashneq,cashnequsd,cor,consolinc,currentratio,de,debt,debtc,debtnc,debtusd,deferredrev,depamor,deposits,divyield,dps,ebit,ebitda,ebitdamargin,ebitdausd,ebitusd,ebt,eps,epsdil,epsusd,equity,equityavg,equityusd,ev,evebit,evebitda,fcf,fcfps,fxusd,gp,grossmargin,intangibles,intexp,invcap,invcapavg,inventory,investments,investmentsc,investmentsnc,liabilities,liabilitiesc,liabilitiesnc,marketcap,ncf,ncfbus,ncfcommon,ncfdebt,ncfdiv,ncff,ncfi,ncfinv,ncfo,ncfx,netinc,netinccmn,netinccmnusd,netincdis,netincnci,netmargin,opex,opinc,payables,payoutratio,pb,pe,pe1,ppnenet,prefdivis,price,ps,ps1,receivables,retearn,revenue,revenueusd,rnd,roa,roe,roic,ros,sbcomp,sgna,sharefactor,sharesbas,shareswa,shareswadil,sps,tangibles,taxassets,taxexp,taxliabilities,tbvps,workingcapital
0,AEE,MRY,2020-12-31,2020-12-31,2020-12-31,2021-08-07,-1000000.0,32030000000.0,30458750000.0,1653000000.0,30377000000.0,0.19,36.186,-3299000000.0,156000000.0,156000000.0,3419000000.0,877000000.0,0.758,2.568,11576000000.0,498000000.0,11078000000.0,11576000000.0,0.0,1085000000.0,0.0,0.026,2.0,1445000000.0,2530000000.0,0.437,2530000000.0,1445000000.0,1026000000.0,3.53,3.53,3.53,8938000000.0,8434750000.0,8938000000.0,30091976703.0,21.0,11.894,-1572000000.0,-6.364,1.0,2375000000.0,0.41,411000000.0,419000000.0,40859000000.0,38675500000.0,521000000.0,982000000.0,0.0,982000000.0,22950000000.0,2180000000.0,20770000000.0,19296976703.0,125000000.0,0.0,476000000.0,1771000000.0,-494000000.0,1727000000.0,-3329000000.0,-41000000.0,1727000000.0,0.0,871000000.0,871000000.0,871000000.0,0.0,6000000.0,0.15,1075000000.0,1300000000.0,958000000.0,0.567,2.159,22.155,22.113,26807000000.0,0.0,78.06,3.331,3.328,749000000.0,2757000000.0,5794000000.0,5794000000.0,0.0,0.029,0.103,0.037,0.249,21000000.0,0.0,1.0,247206978.0,247000000,248700000.0,23.457,31619000000.0,0.0,155000000.0,3293000000.0,128.012,-527000000.0
1,AEE,MRY,2019-12-31,2019-12-31,2019-12-31,2021-08-07,-17000000.0,28933000000.0,28272750000.0,1431000000.0,27502000000.0,0.209,32.814,-2442000000.0,16000000.0,16000000.0,3648000000.0,834000000.0,0.571,2.573,9797000000.0,882000000.0,8915000000.0,9797000000.0,0.0,1002000000.0,0.0,0.025,1.92,1391000000.0,2393000000.0,0.405,2393000000.0,1391000000.0,1010000000.0,3.37,3.37,3.37,8059000000.0,7904250000.0,8059000000.0,28406088026.0,20.0,11.87,-272000000.0,-1.107,1.0,2262000000.0,0.383,411000000.0,381000000.0,35798000000.0,34926000000.0,494000000.0,847000000.0,0.0,847000000.0,20732000000.0,2505000000.0,18227000000.0,18895088026.0,69000000.0,0.0,68000000.0,773000000.0,-472000000.0,334000000.0,-2435000000.0,4000000.0,2170000000.0,0.0,828000000.0,828000000.0,828000000.0,0.0,6000000.0,0.14,995000000.0,1267000000.0,874000000.0,0.57,2.345,22.82,22.789,24376000000.0,0.0,76.8,3.197,3.192,734000000.0,2380000000.0,5910000000.0,5910000000.0,0.0,0.029,0.105,0.04,0.235,20000000.0,0.0,1.0,246029792.0,245600000,247100000.0,24.064,28522000000.0,0.0,182000000.0,2919000000.0,116.132,-1074000000.0
2,AEE,MRY,2018-12-31,2018-12-31,2018-12-31,2021-08-07,-22000000.0,27215000000.0,26723000000.0,1533000000.0,25682000000.0,0.235,31.3,-2338000000.0,16000000.0,16000000.0,3979000000.0,821000000.0,0.571,2.548,9036000000.0,1177000000.0,7859000000.0,9036000000.0,0.0,938000000.0,0.0,0.028,1.848,1453000000.0,2391000000.0,0.38,2391000000.0,1453000000.0,1052000000.0,3.34,3.34,3.34,7631000000.0,7475750000.0,7631000000.0,24708414512.0,17.0,10.334,-168000000.0,-0.689,1.0,2312000000.0,0.368,411000000.0,401000000.0,33137000000.0,32380250000.0,483000000.0,684000000.0,0.0,684000000.0,19442000000.0,2687000000.0,16755000000.0,15935414512.0,39000000.0,0.0,74000000.0,609000000.0,-451000000.0,205000000.0,-2336000000.0,-16000000.0,2170000000.0,0.0,815000000.0,815000000.0,815000000.0,0.0,6000000.0,0.13,955000000.0,1357000000.0,817000000.0,0.553,2.088,19.553,19.53,22810000000.0,0.0,65.23,2.533,2.528,837000000.0,2024000000.0,6291000000.0,6291000000.0,0.0,0.03,0.109,0.045,0.231,20000000.0,0.0,1.0,244295792.0,243800000,245800000.0,25.804,26804000000.0,0.0,237000000.0,2666000000.0,109.943,-1154000000.0
3,AEE,MRY,2017-12-31,2017-12-31,2017-12-31,2021-08-07,-18000000.0,25945000000.0,25406750000.0,1612000000.0,24333000000.0,0.243,29.613,-2195000000.0,10000000.0,10000000.0,3868000000.0,529000000.0,0.548,2.592,8419000000.0,1325000000.0,7094000000.0,8419000000.0,0.0,876000000.0,108000000.0,0.03,1.778,1490000000.0,2366000000.0,0.383,2366000000.0,1490000000.0,1099000000.0,2.16,2.16,2.16,7184000000.0,7187750000.0,7184000000.0,22449026734.0,15.0,9.488,-77000000.0,-0.317,1.0,2306000000.0,0.374,411000000.0,391000000.0,31003000000.0,30486250000.0,522000000.0,704000000.0,0.0,704000000.0,18619000000.0,2940000000.0,15679000000.0,14313026734.0,16000000.0,0.0,-24000000.0,579000000.0,-431000000.0,102000000.0,-2204000000.0,-16000000.0,2118000000.0,0.0,523000000.0,523000000.0,523000000.0,0.0,6000000.0,0.085,896000000.0,1410000000.0,902000000.0,0.823,1.992,27.367,27.31,21466000000.0,0.0,58.99,2.318,2.318,838000000.0,1660000000.0,6174000000.0,6174000000.0,0.0,0.021,0.073,0.049,0.241,17000000.0,0.0,1.0,242634798.0,242600000,244200000.0,25.449,25534000000.0,0.0,576000000.0,2607000000.0,105.251,-1328000000.0
4,AEE,MRY,2016-12-31,2016-12-31,2016-12-31,2021-08-07,-23000000.0,24699000000.0,24002750000.0,1593000000.0,23106000000.0,0.253,29.279,-2131000000.0,9000000.0,9000000.0,3909000000.0,659000000.0,0.596,2.457,7834000000.0,1239000000.0,6595000000.0,7834000000.0,0.0,835000000.0,107000000.0,0.041,2.14,1417000000.0,2252000000.0,0.371,2252000000.0,1417000000.0,1035000000.0,2.69,2.69,2.69,7103000000.0,7021750000.0,7103000000.0,20356621503.0,14.0,9.039,-14000000.0,-0.058,1.0,2167000000.0,0.357,411000000.0,382000000.0,29439000000.0,28992750000.0,527000000.0,607000000.0,0.0,607000000.0,17454000000.0,2674000000.0,14780000000.0,12728621503.0,-299000000.0,0.0,-51000000.0,249000000.0,-416000000.0,-258000000.0,-2158000000.0,-18000000.0,2117000000.0,0.0,653000000.0,653000000.0,653000000.0,0.0,6000000.0,0.107,845000000.0,1322000000.0,805000000.0,0.796,1.792,19.493,19.502,20113000000.0,0.0,52.46,2.095,2.095,795000000.0,1568000000.0,6076000000.0,6076000000.0,0.0,0.027,0.093,0.049,0.233,17000000.0,0.0,1.0,242634798.0,242600000,243400000.0,25.045,24288000000.0,0.0,382000000.0,4365000000.0,100.115,-1081000000.0
5,AEE,MRY,2015-12-31,2015-12-31,2015-12-31,2021-08-07,-3000000.0,23640000000.0,23283750000.0,1917000000.0,21723000000.0,0.262,28.631,-1969000000.0,292000000.0,292000000.0,3974000000.0,636000000.0,0.916,2.383,7576000000.0,696000000.0,6880000000.0,7576000000.0,0.0,777000000.0,100000000.0,0.038,1.655,1348000000.0,2125000000.0,0.348,2125000000.0,1348000000.0,993000000.0,2.6,2.6,2.6,6946000000.0,6857000000.0,6946000000.0,17576102318.0,13.0,8.271,62000000.0,0.256,1.0,2124000000.0,0.348,411000000.0,355000000.0,28420000000.0,27663250000.0,538000000.0,556000000.0,0.0,556000000.0,16552000000.0,2093000000.0,14459000000.0,10489102318.0,287000000.0,0.0,0.0,652000000.0,-402000000.0,232000000.0,-1976000000.0,-14000000.0,2031000000.0,0.0,630000000.0,630000000.0,630000000.0,-51000000.0,6000000.0,0.103,865000000.0,1259000000.0,777000000.0,0.637,1.51,16.649,16.627,18799000000.0,0.0,43.23,1.72,1.72,725000000.0,1331000000.0,6098000000.0,6098000000.0,0.0,0.027,0.092,0.049,0.221,24000000.0,0.0,1.0,242634798.0,242600000,243600000.0,25.136,23229000000.0,0.0,363000000.0,3988000000.0,95.75,-176000000.0
6,AEE,MRY,2014-12-31,2014-12-31,2014-12-31,2021-08-07,-9000000.0,22289000000.0,21729750000.0,1694000000.0,20595000000.0,0.279,27.671,-1859000000.0,5000000.0,5000000.0,4054000000.0,592000000.0,0.753,2.299,6919000000.0,834000000.0,6085000000.0,6919000000.0,0.0,710000000.0,0.0,0.035,1.61,1304000000.0,2014000000.0,0.333,2014000000.0,1304000000.0,963000000.0,2.42,2.42,2.42,6713000000.0,6643000000.0,6713000000.0,17876743232.0,14.0,8.876,-294000000.0,-1.212,1.0,1999000000.0,0.33,411000000.0,341000000.0,26543000000.0,25662750000.0,524000000.0,549000000.0,0.0,549000000.0,15434000000.0,2249000000.0,13185000000.0,11192743232.0,-25000000.0,0.0,0.0,547000000.0,-390000000.0,127000000.0,-1717000000.0,-8000000.0,1565000000.0,0.0,586000000.0,586000000.0,586000000.0,1000000.0,6000000.0,0.097,745000000.0,1254000000.0,711000000.0,0.665,1.667,19.1,19.062,17424000000.0,0.0,46.13,1.849,1.849,769000000.0,1103000000.0,6053000000.0,6053000000.0,0.0,0.027,0.088,0.051,0.215,25000000.0,0.0,1.0,242634798.0,242600000,244400000.0,24.951,21878000000.0,0.0,377000000.0,3681000000.0,90.181,-555000000.0
7,AEE,MRY,2013-12-31,2013-12-31,2013-12-31,2021-08-07,3000000.0,21042000000.0,21913750000.0,1972000000.0,19070000000.0,0.266,26.974,-1424000000.0,30000000.0,30000000.0,3948000000.0,295000000.0,0.801,2.194,6406000000.0,902000000.0,5504000000.0,6406000000.0,0.0,666000000.0,0.0,0.044,1.6,998000000.0,1664000000.0,0.285,1664000000.0,998000000.0,600000000.0,1.19,1.19,1.19,6544000000.0,6464250000.0,6544000000.0,14762669703.0,15.0,8.872,269000000.0,1.109,1.0,1890000000.0,0.324,411000000.0,398000000.0,24546000000.0,24700250000.0,526000000.0,494000000.0,0.0,494000000.0,14356000000.0,2461000000.0,11895000000.0,8773669703.0,-179000000.0,0.0,0.0,247000000.0,-388000000.0,-149000000.0,-1723000000.0,-17000000.0,1693000000.0,0.0,289000000.0,289000000.0,289000000.0,0.0,6000000.0,0.05,706000000.0,1184000000.0,806000000.0,1.345,1.341,30.359,30.387,16205000000.0,0.0,36.16,1.503,1.503,904000000.0,907000000.0,5838000000.0,5838000000.0,0.0,0.013,0.045,0.04,0.171,27000000.0,0.0,1.0,242634671.0,242600000,244500000.0,24.064,20631000000.0,106000000.0,311000000.0,3368000000.0,85.041,-489000000.0
8,AEE,MRY,2012-12-31,2012-12-31,2012-12-31,2021-08-07,-8000000.0,22230000000.0,22901750000.0,3596000000.0,18634000000.0,0.252,27.271,-1154000000.0,184000000.0,184000000.0,3920000000.0,-974000000.0,1.339,2.337,6157000000.0,355000000.0,5802000000.0,6157000000.0,0.0,633000000.0,107000000.0,0.052,1.6,-275000000.0,358000000.0,0.062,358000000.0,-275000000.0,-667000000.0,-4.01,-4.01,-4.01,6616000000.0,7369250000.0,6616000000.0,14147737093.0,-51.0,39.519,536000000.0,2.209,1.0,1861000000.0,0.322,425000000.0,392000000.0,25092000000.0,27169000000.0,570000000.0,408000000.0,0.0,408000000.0,15463000000.0,2686000000.0,12777000000.0,7453737093.0,-46000000.0,0.0,0.0,-26000000.0,-382000000.0,-426000000.0,-1310000000.0,-19000000.0,1690000000.0,0.0,-974000000.0,-974000000.0,-974000000.0,0.0,6000000.0,-0.168,673000000.0,1188000000.0,533000000.0,-0.399,1.127,-7.653,-7.661,15348000000.0,0.0,30.72,1.289,1.289,716000000.0,1006000000.0,5781000000.0,5781000000.0,0.0,-0.043,-0.132,-0.01,-0.048,29000000.0,0.0,1.0,242634671.0,242600000,243000000.0,23.829,21805000000.0,170000000.0,307000000.0,3305000000.0,89.88,910000000.0
9,AEE,MRY,2011-12-31,2011-12-31,2011-12-31,2021-08-07,-50000000.0,23645000000.0,23430250000.0,2295000000.0,21350000000.0,0.262,32.791,-943000000.0,255000000.0,255000000.0,4383000000.0,526000000.0,1.286,1.967,7004000000.0,327000000.0,6677000000.0,7004000000.0,0.0,602000000.0,98000000.0,0.047,1.555,1160000000.0,1762000000.0,0.287,1762000000.0,1160000000.0,773000000.0,2.15,2.15,2.15,7919000000.0,7857250000.0,7919000000.0,14713405899.0,13.0,8.35,935000000.0,3.872,1.0,1765000000.0,0.287,418000000.0,387000000.0,28191000000.0,28087500000.0,712000000.0,472000000.0,115000000.0,357000000.0,15577000000.0,1785000000.0,13792000000.0,8025405899.0,-290000000.0,0.0,65000000.0,-636000000.0,-375000000.0,-1120000000.0,-1048000000.0,-21000000.0,1878000000.0,0.0,519000000.0,519000000.0,519000000.0,0.0,6000000.0,0.084,732000000.0,1033000000.0,693000000.0,0.723,1.013,15.463,15.409,18127000000.0,0.0,33.13,1.305,1.301,866000000.0,2369000000.0,6148000000.0,6148000000.0,0.0,0.022,0.066,0.041,0.189,17000000.0,0.0,1.0,242239840.0,241500000,242100000.0,25.458,23227000000.0,20000000.0,254000000.0,3459000000.0,96.178,510000000.0
10,AEE,MRY,2010-12-31,2010-12-31,2010-12-31,2021-08-07,-17000000.0,23511000000.0,23686250000.0,2890000000.0,20621000000.0,0.322,32.37,-1083000000.0,545000000.0,545000000.0,5368000000.0,151000000.0,1.531,2.022,7737000000.0,424000000.0,7313000000.0,7737000000.0,0.0,746000000.0,100000000.0,0.055,1.54,961000000.0,1707000000.0,0.223,1707000000.0,961000000.0,464000000.0,0.58,0.58,0.58,7730000000.0,7844000000.0,7730000000.0,13890791434.0,14.0,8.138,740000000.0,3.099,1.0,2270000000.0,0.297,418000000.0,497000000.0,28397000000.0,28554000000.0,707000000.0,466000000.0,129000000.0,337000000.0,15627000000.0,1888000000.0,13739000000.0,6760791434.0,-77000000.0,0.0,80000000.0,-431000000.0,-368000000.0,-804000000.0,-1096000000.0,-15000000.0,1823000000.0,0.0,139000000.0,139000000.0,139000000.0,0.0,12000000.0,0.018,1354000000.0,916000000.0,651000000.0,2.655,0.875,48.639,48.603,17853000000.0,0.0,28.19,0.885,0.881,1133000000.0,2225000000.0,7638000000.0,7638000000.0,0.0,0.006,0.018,0.034,0.126,0.0,0.0,1.0,239829423.0,238800000,238800000.0,31.985,23093000000.0,0.0,325000000.0,3035000000.0,96.704,1002000000.0
11,AEE,MRY,2009-12-31,2009-12-31,2009-12-31,2021-08-07,-13000000.0,23702000000.0,23389250000.0,2842000000.0,20860000000.0,0.305,35.644,-1780000000.0,622000000.0,622000000.0,4987000000.0,624000000.0,1.661,1.991,8165000000.0,224000000.0,7941000000.0,8165000000.0,0.0,708000000.0,101000000.0,0.055,1.54,1452000000.0,2160000000.0,0.303,2160000000.0,1452000000.0,944000000.0,2.78,2.78,2.78,7856000000.0,7476000000.0,7856000000.0,13942942257.0,10.0,6.455,187000000.0,0.848,1.0,2148000000.0,0.301,960000000.0,508000000.0,28574000000.0,27898500000.0,782000000.0,414000000.0,121000000.0,293000000.0,15642000000.0,1711000000.0,13931000000.0,6621942257.0,530000000.0,0.0,634000000.0,66000000.0,-338000000.0,344000000.0,-1781000000.0,-3000000.0,1967000000.0,0.0,612000000.0,612000000.0,612000000.0,0.0,12000000.0,0.086,732000000.0,1416000000.0,694000000.0,0.554,0.843,10.82,10.054,17610000000.0,0.0,27.95,0.928,0.863,1109000000.0,2455000000.0,7135000000.0,7135000000.0,0.0,0.026,0.082,0.052,0.204,0.0,0.0,1.0,236921011.0,220400000,220400000.0,32.373,22742000000.0,0.0,332000000.0,2702000000.0,103.185,1131000000.0
12,AEE,MRY,2008-12-31,2008-12-31,2008-12-31,2021-08-07,0.0,22671000000.0,21638250000.0,2608000000.0,20063000000.0,0.364,33.141,-2069000000.0,92000000.0,92000000.0,5808000000.0,644000000.0,0.848,2.225,8108000000.0,1554000000.0,6554000000.0,8108000000.0,0.0,705000000.0,126000000.0,0.076,2.54,1372000000.0,2077000000.0,0.264,2077000000.0,1372000000.0,932000000.0,2.88,2.88,2.88,6963000000.0,6894250000.0,6963000000.0,14645921924.0,11.0,7.051,-545000000.0,-2.594,1.0,2061000000.0,0.262,998000000.0,440000000.0,26612000000.0,25142750000.0,842000000.0,446000000.0,207000000.0,239000000.0,15492000000.0,3077000000.0,12415000000.0,7032921924.0,-263000000.0,0.0,154000000.0,739000000.0,-534000000.0,310000000.0,-2097000000.0,-23000000.0,1524000000.0,0.0,605000000.0,605000000.0,605000000.0,0.0,39000000.0,0.077,699000000.0,1362000000.0,813000000.0,0.882,1.01,11.625,11.549,16567000000.0,0.0,33.26,0.894,0.888,1258000000.0,2181000000.0,7869000000.0,7869000000.0,0.0,0.028,0.088,0.055,0.174,0.0,0.0,1.0,211452854.0,210100000,210100000.0,37.454,21673000000.0,0.0,327000000.0,2285000000.0,103.156,-469000000.0
13,AEE,MRY,2007-12-31,2007-12-31,2007-12-31,2021-08-07,36000000.0,20728000000.0,20322500000.0,2462000000.0,18266000000.0,0.372,32.555,-1449000000.0,355000000.0,355000000.0,5522000000.0,656000000.0,0.848,2.07,7384000000.0,1695000000.0,5689000000.0,7384000000.0,0.0,735000000.0,0.0,0.047,2.54,1371000000.0,2106000000.0,0.278,2106000000.0,1371000000.0,948000000.0,2.98,2.98,2.98,6752000000.0,6670750000.0,6752000000.0,17997176509.0,13.0,8.546,-341000000.0,-1.644,1.0,2040000000.0,0.27,1029000000.0,423000000.0,23824000000.0,23357250000.0,735000000.0,342000000.0,35000000.0,307000000.0,13976000000.0,2904000000.0,11072000000.0,11276176509.0,218000000.0,0.0,91000000.0,1046000000.0,-527000000.0,578000000.0,-1468000000.0,-14000000.0,1108000000.0,0.0,618000000.0,618000000.0,618000000.0,0.0,38000000.0,0.082,681000000.0,1359000000.0,687000000.0,0.852,1.67,18.246,18.191,15069000000.0,0.0,54.21,1.491,1.487,1191000000.0,2110000000.0,7562000000.0,7562000000.0,0.0,0.03,0.093,0.059,0.181,0.0,0.0,1.0,208009159.0,207400000,207400000.0,36.461,19699000000.0,0.0,330000000.0,2239000000.0,94.981,-442000000.0
14,AEE,MRY,2006-12-31,2006-12-31,2006-12-31,2021-08-07,62000000.0,19635000000.0,18807250000.0,1874000000.0,17761000000.0,0.367,32.018,-1267000000.0,137000000.0,137000000.0,5046000000.0,547000000.0,0.851,1.983,6353000000.0,1068000000.0,5285000000.0,6353000000.0,0.0,656000000.0,0.0,0.047,2.54,1181000000.0,1837000000.0,0.266,1837000000.0,1181000000.0,831000000.0,2.66,2.66,2.66,6583000000.0,6448500000.0,6583000000.0,17173465320.0,15.0,9.349,12000000.0,0.058,1.0,1849000000.0,0.268,1048000000.0,350000000.0,22600000000.0,22034000000.0,647000000.0,285000000.0,0.0,285000000.0,13052000000.0,2203000000.0,10849000000.0,11082465320.0,41000000.0,0.0,96000000.0,487000000.0,-522000000.0,28000000.0,-1266000000.0,-12000000.0,1279000000.0,0.0,547000000.0,547000000.0,547000000.0,0.0,0.0,0.079,661000000.0,1188000000.0,671000000.0,0.955,1.683,20.26,20.199,14286000000.0,0.0,53.73,1.607,1.602,887000000.0,2024000000.0,6895000000.0,6895000000.0,0.0,0.029,0.085,0.054,0.171,0.0,0.0,1.0,206262150.0,205600000,205600000.0,33.536,18587000000.0,0.0,284000000.0,2320000000.0,90.404,-329000000.0
15,AEE,MRY,2005-12-31,2005-12-31,2005-12-31,2021-08-07,-24000000.0,18171000000.0,17771250000.0,1818000000.0,16353000000.0,0.382,31.693,-898000000.0,96000000.0,96000000.0,4864000000.0,606000000.0,1.223,1.855,5643000000.0,289000000.0,5354000000.0,5643000000.0,0.0,656000000.0,0.0,0.05,2.54,1263000000.0,1919000000.0,0.283,1919000000.0,1263000000.0,962000000.0,3.02,3.02,3.02,6364000000.0,6230500000.0,6364000000.0,15759981621.0,12.0,8.213,353000000.0,1.758,1.0,1916000000.0,0.283,1299000000.0,301000000.0,20932000000.0,20751750000.0,572000000.0,300000000.0,0.0,300000000.0,11807000000.0,1487000000.0,10320000000.0,10466981621.0,27000000.0,0.0,454000000.0,-199000000.0,-511000000.0,-263000000.0,-961000000.0,-12000000.0,1251000000.0,0.0,606000000.0,606000000.0,606000000.0,0.0,0.0,0.089,632000000.0,1284000000.0,706000000.0,0.841,1.645,17.272,16.967,13581000000.0,0.0,51.24,1.544,1.518,965000000.0,1999000000.0,6780000000.0,6780000000.0,0.0,0.034,0.097,0.061,0.186,0.0,0.0,1.0,204273646.0,200800000,200800000.0,33.765,16872000000.0,0.0,356000000.0,2229000000.0,84.024,331000000.0
16,AEE,MRY,2004-12-31,2004-12-31,2004-12-31,2021-08-07,-45000000.0,17450000000.0,16132500000.0,1472000000.0,15978000000.0,0.318,31.116,-838000000.0,69000000.0,69000000.0,3500000000.0,530000000.0,0.82,2.009,5861000000.0,840000000.0,5021000000.0,5861000000.0,0.0,581000000.0,0.0,0.051,2.54,1090000000.0,1671000000.0,0.325,1671000000.0,1090000000.0,812000000.0,2.84,2.84,2.84,5800000000.0,5518250000.0,5800000000.0,15578098165.0,14.0,9.323,274000000.0,1.47,1.0,1635000000.0,0.318,1066000000.0,278000000.0,20381000000.0,18843250000.0,497000000.0,375000000.0,0.0,375000000.0,11650000000.0,1795000000.0,9855000000.0,9767098165.0,-42000000.0,-443000000.0,1441000000.0,-751000000.0,-479000000.0,95000000.0,-1249000000.0,-11000000.0,1112000000.0,0.0,530000000.0,530000000.0,530000000.0,0.0,0.0,0.103,557000000.0,1078000000.0,567000000.0,0.894,1.684,18.428,17.655,13297000000.0,0.0,50.14,1.902,1.82,816000000.0,1904000000.0,5135000000.0,5135000000.0,0.0,0.033,0.096,0.058,0.212,0.0,0.0,1.0,194796533.0,186400000,186400000.0,27.548,16384000000.0,0.0,282000000.0,2079000000.0,87.897,-323000000.0
17,AEE,MRY,2003-12-31,2003-12-31,2003-12-31,2021-08-07,-44000000.0,14236000000.0,13704750000.0,1317000000.0,12919000000.0,0.334,27.027,-705000000.0,111000000.0,111000000.0,3016000000.0,524000000.0,0.904,2.27,4729000000.0,659000000.0,4070000000.0,4729000000.0,0.0,519000000.0,0.0,0.055,2.54,1102000000.0,1621000000.0,0.354,1621000000.0,1102000000.0,825000000.0,3.25,3.25,3.25,4354000000.0,4233750000.0,4354000000.0,11918427232.0,11.0,7.353,317000000.0,1.968,1.0,1558000000.0,0.341,574000000.0,277000000.0,16823000000.0,16410000000.0,487000000.0,364000000.0,0.0,364000000.0,9882000000.0,1457000000.0,8425000000.0,7470427232.0,-517000000.0,-479000000.0,361000000.0,-227000000.0,-410000000.0,-358000000.0,-1181000000.0,0.0,1022000000.0,0.0,524000000.0,524000000.0,524000000.0,0.0,0.0,0.115,468000000.0,1090000000.0,480000000.0,0.782,1.716,14.257,14.154,10920000000.0,0.0,46.0,1.633,1.62,673000000.0,1853000000.0,4574000000.0,4574000000.0,0.0,0.038,0.124,0.067,0.241,0.0,0.0,1.0,162400592.0,161100000,161100000.0,28.392,13662000000.0,0.0,301000000.0,2107000000.0,84.804,-140000000.0
18,AEE,MRY,2002-12-31,2002-12-31,2002-12-31,2021-08-07,-93000000.0,12151000000.0,11120000000.0,1452000000.0,10699000000.0,0.345,25.011,-815000000.0,628000000.0,628000000.0,2445000000.0,382000000.0,1.209,2.163,4043000000.0,610000000.0,3433000000.0,4043000000.0,0.0,431000000.0,0.0,0.061,2.54,833000000.0,1264000000.0,0.329,1264000000.0,833000000.0,619000000.0,2.61,2.61,2.61,3842000000.0,3732500000.0,3842000000.0,9501696401.0,11.0,7.517,12000000.0,0.078,1.0,1396000000.0,0.363,0.0,214000000.0,14365000000.0,13470750000.0,299000000.0,210000000.0,0.0,210000000.0,8309000000.0,1201000000.0,7108000000.0,6385696401.0,561000000.0,0.0,658000000.0,276000000.0,-376000000.0,537000000.0,-803000000.0,0.0,827000000.0,0.0,382000000.0,382000000.0,382000000.0,0.0,0.0,0.099,523000000.0,873000000.0,369000000.0,0.973,1.662,16.716,15.927,9492000000.0,0.0,41.57,1.663,1.663,486000000.0,1739000000.0,3841000000.0,3841000000.0,0.0,0.034,0.102,0.062,0.217,0.0,0.0,1.0,153613096.0,153613096,146100000.0,25.004,12151000000.0,0.0,237000000.0,1901000000.0,79.101,251000000.0
19,AEE,MRY,2001-12-31,2001-12-31,2001-12-31,2021-08-07,5000000.0,10401000000.0,10102291500.0,863000000.0,9538000000.0,0.382,24.388,-1126000000.0,67000000.0,67000000.0,2487000000.0,469000000.0,0.546,2.106,3615000000.0,780000000.0,2835000000.0,3615000000.0,0.0,406000000.0,0.0,0.06,2.54,965000000.0,1371000000.0,0.355,1371000000.0,965000000.0,774000000.0,3.41,3.41,3.41,3349000000.0,3257068000.0,3349000000.0,9027017132.0,9.0,6.584,-388000000.0,-2.826,1.0,1371000000.0,0.355,0.0,191000000.0,12368000000.0,12002554250.0,295000000.0,226000000.0,0.0,226000000.0,7052000000.0,1581000000.0,5471000000.0,5821446132.0,-59000000.0,0.0,33000000.0,675000000.0,-350000000.0,307000000.0,-1104000000.0,0.0,738000000.0,0.0,469000000.0,469000000.0,469000000.0,0.0,0.0,0.122,406000000.0,965000000.0,392000000.0,0.745,1.738,12.412,12.405,8427000000.0,0.0,42.3,1.509,1.506,460000000.0,1733000000.0,3858000000.0,3858000000.0,0.0,0.046,0.144,0.08,0.25,0.0,0.0,1.0,137622840.0,137320692,137300000.0,28.095,10401000000.0,0.0,305000000.0,1911000000.0,75.742,-718000000.0
20,AEE,MRY,2000-12-31,2000-12-31,2000-12-31,2021-08-07,0.0,9714430000.0,9490966000.0,921182000.0,8793248000.0,0.406,23.297,-950000000.0,125968000.0,125968000.0,2057000000.0,457000000.0,0.777,2.039,2992772000.0,247704000.0,2745068000.0,2992772000.0,0.0,383000000.0,0.0,0.055,2.54,935000000.0,1318000000.0,0.342,1318000000.0,935000000.0,755000000.0,3.33,3.33,3.33,3196671000.0,3152269750.0,3196671000.0,8951563045.0,10.0,6.792,-86000000.0,-0.627,1.0,1799000000.0,0.467,0.0,180000000.0,11395273000.0,10980772750.0,107572000.0,230860000.0,0.0,230860000.0,6517759000.0,1185961000.0,5331798000.0,6354448045.0,-69000000.0,0.0,0.0,337000000.0,-349000000.0,-22000000.0,-911000000.0,0.0,864000000.0,0.0,457000000.0,457000000.0,457000000.0,0.0,0.0,0.119,648000000.0,1151000000.0,462924000.0,0.763,1.988,13.905,13.907,7705672000.0,0.0,46.31,1.648,1.648,530954000.0,1613960000.0,3856000000.0,3856000000.0,0.0,0.048,0.145,0.085,0.242,0.0,0.0,1.0,137215462.0,137215462,137200000.0,28.102,9714430000.0,600100000.0,298000000.0,1879191000.0,70.797,-264779000.0
21,AEE,MRY,1999-12-31,1999-12-31,1999-12-31,2021-08-07,0.0,9177615000.0,9046572750.0,879006000.0,8298609000.0,0.391,22.517,-592708000.0,194882000.0,194882000.0,973277000.0,385095000.0,0.816,1.97,2657480000.0,209032000.0,2448448000.0,2657480000.0,0.0,352761000.0,0.0,0.078,2.54,812240000.0,1165001000.0,0.329,1165001000.0,812240000.0,643965000.0,2.81,2.81,2.81,3089700000.0,3077679750.0,3089700000.0,6701434380.0,8.0,5.752,324867000.0,2.368,1.0,2562786000.0,0.725,0.0,168275000.0,10563045000.0,10408144000.0,123143000.0,253236000.0,0.0,253236000.0,6087915000.0,1077168000.0,5010747000.0,4493806380.0,118019000.0,0.0,0.0,57343000.0,-348527000.0,-241350000.0,-558206000.0,0.0,917575000.0,0.0,385095000.0,385095000.0,385095000.0,0.0,0.0,0.109,1609918000.0,952868000.0,341274000.0,0.904,1.454,11.669,11.655,7165185000.0,0.0,32.75,1.271,1.271,391109000.0,1505827000.0,3536063000.0,3536063000.0,0.0,0.043,0.125,0.078,0.23,0.0,0.0,1.0,137215462.0,137215462,137215462.0,25.77,9177615000.0,622520000.0,258870000.0,1890583000.0,66.885,-198162000.0
22,AEE,MRY,1998-12-31,1998-12-31,1998-12-31,2021-08-07,0.0,8847439000.0,8911816750.0,771160000.0,8076279000.0,0.372,22.272,-345337000.0,76863000.0,76863000.0,780123000.0,386497000.0,0.818,1.895,2549665000.0,260241000.0,2289424000.0,2549665000.0,0.0,338488000.0,0.0,0.059,2.54,835750000.0,1174238000.0,0.354,1174238000.0,835750000.0,654170000.0,2.82,2.82,2.82,3056120000.0,3025557750.0,3056120000.0,8507981073.0,10.0,7.246,457907000.0,3.337,1.0,2538085000.0,0.765,0.0,181580000.0,10377888000.0,10646391000.0,112908000.0,248571000.0,0.0,248571000.0,5791319000.0,942353000.0,4848966000.0,5857728073.0,34438000.0,0.0,0.0,-46182000.0,-348527000.0,-445990000.0,-322816000.0,0.0,803244000.0,0.0,386497000.0,386497000.0,386497000.0,0.0,0.0,0.116,1580345000.0,957740000.0,284818000.0,0.901,1.917,15.156,15.138,6928039000.0,0.0,42.69,1.765,1.765,425593000.0,1472200000.0,3318208000.0,3318208000.0,0.0,0.043,0.128,0.079,0.252,0.0,0.0,1.0,137215462.0,137215462,137215462.0,24.182,8847439000.0,633529000.0,267673000.0,1880654000.0,64.478,-171193000.0
23,AEE,MRY,1997-12-31,1997-12-31,1997-12-31,2021-08-07,0.0,8827547000.0,8880057000.0,711216000.0,8116331000.0,0.375,21.976,-416025000.0,42425000.0,42425000.0,836445000.0,334716000.0,0.927,1.926,2644575000.0,138507000.0,2506068000.0,2644575000.0,0.0,340079000.0,0.0,,0.0,754263000.0,1094342000.0,0.329,1094342000.0,754263000.0,568895000.0,2.44,2.44,2.44,3015434000.0,3014147500.0,3015434000.0,,,,292418000.0,2.131,1.0,2490098000.0,0.749,0.0,185368000.0,10662412000.0,10659050000.0,93431000.0,219626000.0,0.0,219626000.0,5808579000.0,767285000.0,5041294000.0,,18839000.0,0.0,0.0,80754000.0,-331282000.0,-302407000.0,-387197000.0,0.0,708443000.0,0.0,334716000.0,334716000.0,334716000.0,0.0,0.0,0.101,1513166000.0,976932000.0,293391000.0,0.0,,,,6987085000.0,0.0,,,,418935000.0,1434658000.0,3326543000.0,3326543000.0,0.0,0.038,0.111,0.071,0.227,0.0,0.0,1.0,137215462.0,137215462,137215462.0,24.243,8827547000.0,639792000.0,234179000.0,1893616000.0,64.333,-56069000.0
24,AEE,MRY,1996-12-31,1996-12-31,1996-12-31,2021-08-07,0.0,8932567000.0,,729175000.0,8203392000.0,,21.957,-487080000.0,11899000.0,11899000.0,880204000.0,371684000.0,0.894,1.964,2550932000.0,215478000.0,2335454000.0,2550932000.0,0.0,333565000.0,0.0,,0.0,805091000.0,1138656000.0,0.342,1138656000.0,805091000.0,624689000.0,2.71,2.71,2.71,3012861000.0,,3012861000.0,,,,295364000.0,2.153,1.0,2448217000.0,0.736,0.0,180402000.0,10655688000.0,,106153000.0,209911000.0,0.0,209911000.0,5916172000.0,815912000.0,5100260000.0,,5865000.0,0.0,0.0,21741000.0,-326855000.0,-296075000.0,-480504000.0,0.0,782444000.0,0.0,371684000.0,371684000.0,371684000.0,0.0,0.0,0.112,1458511000.0,989706000.0,297017000.0,0.0,,,,6951106000.0,0.0,,,,430411000.0,1431295000.0,3328421000.0,3328421000.0,0.0,,,,0.242,0.0,0.0,1.0,,137215462,137215462.0,24.257,8932567000.0,734206000.0,253005000.0,1971500000.0,65.099,-86737000.0
25,AEE,MRY,1995-12-31,1995-12-31,1995-12-31,2021-08-07,,,,,,,,-472283000.0,,,823951000.0,372872000.0,,,,,,,,322813000.0,,,0.0,812638000.0,1135451000.0,0.351,1135451000.0,812638000.0,633812000.0,2.72,2.72,2.72,,,,,,,319373000.0,2.328,1.0,2411926000.0,0.745,,178826000.0,,,,,,,,,,,-1321000.0,0.0,0.0,16645000.0,-319875000.0,-324542000.0,-468435000.0,0.0,791656000.0,0.0,372872000.0,372872000.0,372872000.0,0.0,0.0,0.115,1447803000.0,964123000.0,,0.0,,,,,0.0,,,,,,3235877000.0,3235877000.0,0.0,,,,0.251,0.0,0.0,1.0,,137215462,137215462.0,23.582,,,260940000.0,,,
0,AEE,MRQ,2021-06-30,2021-06-30,2021-06-30,2021-08-07,-1000000.0,33916000000.0,,2116000000.0,31800000000.0,,36.521,-879000000.0,230000000.0,230000000.0,901000000.0,208000000.0,0.972,2.612,12931000000.0,439000000.0,12492000000.0,12931000000.0,0.0,301000000.0,0.0,0.026,0.55,334000000.0,635000000.0,0.431,635000000.0,334000000.0,238000000.0,0.81,0.81,0.81,9353000000.0,,9353000000.0,32738431625.0,22.0,12.462,-408000000.0,-1.593,1.0,571000000.0,0.388,411000000.0,96000000.0,44029000000.0,,527000000.0,1070000000.0,0.0,1070000000.0,24434000000.0,2177000000.0,22257000000.0,20454431625.0,95000000.0,0.0,133000000.0,505000000.0,-142000000.0,495000000.0,-871000000.0,7000000.0,471000000.0,0.0,207000000.0,207000000.0,207000000.0,0.0,1000000.0,0.141,285000000.0,286000000.0,779000000.0,0.679,2.187,22.185,21.75,28020000000.0,0.0,80.04,3.412,3.42,841000000.0,2915000000.0,1472000000.0,1472000000.0,0.0,,,,,5000000.0,0.0,1.0,255552619.0,256100000,257200000.0,5.748,33505000000.0,0.0,31000000.0,3487000000.0,130.828,-61000000.0
1,AEE,MRQ,2021-03-31,2021-03-31,2021-03-31,2021-08-07,0.0,32789000000.0,,1823000000.0,30966000000.0,,35.959,-888000000.0,140000000.0,140000000.0,969000000.0,235000000.0,0.79,2.57,12424000000.0,897000000.0,11527000000.0,12424000000.0,0.0,295000000.0,0.0,0.025,0.55,360000000.0,655000000.0,0.418,655000000.0,360000000.0,260000000.0,0.92,0.92,0.92,9148000000.0,,9148000000.0,32049971343.0,21.0,12.04,-923000000.0,-3.628,1.0,597000000.0,0.381,411000000.0,100000000.0,42355000000.0,,467000000.0,1010000000.0,0.0,1010000000.0,23512000000.0,2307000000.0,21205000000.0,20612971343.0,-129000000.0,0.0,125000000.0,846000000.0,-140000000.0,795000000.0,-889000000.0,-2000000.0,-35000000.0,0.0,233000000.0,233000000.0,233000000.0,0.0,2000000.0,0.149,281000000.0,316000000.0,581000000.0,0.598,2.253,21.517,21.078,27307000000.0,0.0,81.36,3.482,3.496,735000000.0,2850000000.0,1566000000.0,1566000000.0,0.0,,,,,6000000.0,0.0,1.0,253355105.0,254400000,255900000.0,6.156,32378000000.0,0.0,27000000.0,3381000000.0,127.272,-484000000.0
2,AEE,MRQ,2020-12-31,2020-12-31,2020-12-31,2021-08-07,-1000000.0,32030000000.0,,1653000000.0,30377000000.0,,36.099,-1354000000.0,156000000.0,156000000.0,841000000.0,116000000.0,0.758,2.568,11576000000.0,498000000.0,11078000000.0,11576000000.0,0.0,283000000.0,0.0,0.026,0.515,244000000.0,527000000.0,0.397,527000000.0,244000000.0,136000000.0,0.47,0.47,0.47,8938000000.0,,8938000000.0,30091976703.0,21.0,11.894,-956000000.0,-3.861,1.0,487000000.0,0.367,411000000.0,108000000.0,40859000000.0,,521000000.0,982000000.0,0.0,982000000.0,22950000000.0,2180000000.0,20770000000.0,19296976703.0,133000000.0,0.0,439000000.0,772000000.0,-127000000.0,1083000000.0,-1348000000.0,-7000000.0,398000000.0,0.0,115000000.0,115000000.0,115000000.0,0.0,1000000.0,0.087,276000000.0,211000000.0,958000000.0,1.096,2.159,22.155,22.113,26807000000.0,0.0,78.06,3.331,3.328,749000000.0,2757000000.0,1328000000.0,1328000000.0,0.0,,,,,5000000.0,0.0,1.0,247206978.0,247600000,249600000.0,5.363,31619000000.0,0.0,21000000.0,3293000000.0,127.702,-527000000.0
3,AEE,MRQ,2020-09-30,2020-09-30,2020-09-30,2021-08-07,-15000000.0,30517000000.0,,1590000000.0,28927000000.0,,34.355,-661000000.0,6000000.0,6000000.0,861000000.0,369000000.0,0.755,2.578,10801000000.0,629000000.0,10172000000.0,10801000000.0,0.0,270000000.0,109000000.0,0.025,0.495,540000000.0,810000000.0,0.498,810000000.0,540000000.0,430000000.0,1.48,1.48,1.48,8489000000.0,,8489000000.0,30179049153.0,21.0,12.223,-26000000.0,-0.105,1.0,767000000.0,0.471,411000000.0,110000000.0,38796000000.0,,557000000.0,904000000.0,0.0,904000000.0,21886000000.0,2105000000.0,19781000000.0,19539049153.0,5000000.0,0.0,10000000.0,151000000.0,-123000000.0,36000000.0,-666000000.0,-2000000.0,635000000.0,0.0,367000000.0,367000000.0,367000000.0,0.0,2000000.0,0.225,273000000.0,494000000.0,640000000.0,0.334,2.302,22.987,22.988,25541000000.0,0.0,79.08,3.379,3.38,817000000.0,2769000000.0,1628000000.0,1628000000.0,0.0,,,,,5000000.0,0.0,1.0,247079529.0,247100000,249200000.0,6.588,30106000000.0,0.0,63000000.0,3350000000.0,121.837,-515000000.0
4,AEE,MRQ,2020-06-30,2020-06-30,2020-06-30,2021-08-07,-16000000.0,30016000000.0,,1620000000.0,28396000000.0,,33.321,-613000000.0,8000000.0,8000000.0,773000000.0,244000000.0,0.81,2.631,10648000000.0,477000000.0,10171000000.0,10648000000.0,0.0,269000000.0,126000000.0,0.028,0.495,401000000.0,670000000.0,0.479,670000000.0,401000000.0,293000000.0,0.99,0.99,0.99,8227000000.0,,8227000000.0,27679252941.0,19.0,11.243,-209000000.0,-0.846,1.0,625000000.0,0.447,411000000.0,108000000.0,38245000000.0,,514000000.0,854000000.0,0.0,854000000.0,21647000000.0,2000000000.0,19647000000.0,17371252941.0,-40000000.0,0.0,14000000.0,296000000.0,-122000000.0,187000000.0,-631000000.0,-17000000.0,404000000.0,0.0,243000000.0,243000000.0,243000000.0,0.0,1000000.0,0.174,271000000.0,354000000.0,616000000.0,0.5,2.111,20.509,20.453,25081000000.0,0.0,70.36,2.988,2.988,885000000.0,2525000000.0,1398000000.0,1398000000.0,0.0,,,,,5000000.0,0.0,1.0,246891031.0,246900000,247900000.0,5.662,29605000000.0,0.0,50000000.0,3176000000.0,119.907,-380000000.0
5,AEE,MRQ,2020-03-31,2020-03-31,2020-03-31,2021-08-07,-16000000.0,29272000000.0,,1464000000.0,27808000000.0,,32.812,-671000000.0,42000000.0,42000000.0,944000000.0,148000000.0,0.619,2.603,10350000000.0,972000000.0,9378000000.0,10350000000.0,0.0,263000000.0,0.0,0.027,0.495,260000000.0,523000000.0,0.363,523000000.0,260000000.0,167000000.0,0.59,0.59,0.59,8085000000.0,,8085000000.0,27714055585.0,21.0,11.763,-381000000.0,-1.546,1.0,496000000.0,0.344,411000000.0,93000000.0,36802000000.0,,471000000.0,742000000.0,0.0,742000000.0,21045000000.0,2367000000.0,18678000000.0,17933055585.0,27000000.0,0.0,13000000.0,552000000.0,-122000000.0,421000000.0,-684000000.0,-15000000.0,290000000.0,0.0,146000000.0,146000000.0,146000000.0,0.0,2000000.0,0.101,255000000.0,241000000.0,544000000.0,0.839,2.218,22.903,22.903,24678000000.0,0.0,72.83,3.095,3.097,733000000.0,2404000000.0,1440000000.0,1440000000.0,0.0,,,,,6000000.0,0.0,1.0,246231712.0,246400000,248100000.0,5.844,28861000000.0,0.0,21000000.0,2948000000.0,117.131,-903000000.0
6,AEE,MRQ,2019-12-31,2019-12-31,2019-12-31,2021-08-07,-17000000.0,28933000000.0,,1431000000.0,27502000000.0,,32.773,-655000000.0,16000000.0,16000000.0,887000000.0,95000000.0,0.571,2.573,9797000000.0,882000000.0,8915000000.0,9797000000.0,0.0,257000000.0,0.0,0.025,0.495,209000000.0,466000000.0,0.354,466000000.0,209000000.0,118000000.0,0.38,0.38,0.38,8059000000.0,,8059000000.0,28406088026.0,20.0,11.87,-153000000.0,-0.622,1.0,429000000.0,0.326,411000000.0,91000000.0,35798000000.0,,494000000.0,847000000.0,0.0,847000000.0,20732000000.0,2505000000.0,18227000000.0,18895088026.0,21000000.0,0.0,14000000.0,265000000.0,-122000000.0,156000000.0,-637000000.0,12000000.0,502000000.0,0.0,94000000.0,94000000.0,94000000.0,0.0,1000000.0,0.071,250000000.0,179000000.0,874000000.0,1.303,2.345,22.82,22.789,24376000000.0,0.0,76.8,3.197,3.192,734000000.0,2380000000.0,1316000000.0,1316000000.0,0.0,,,,,5000000.0,0.0,1.0,246029792.0,245900000,247400000.0,5.352,28522000000.0,0.0,24000000.0,2919000000.0,115.99,-1074000000.0
7,AEE,MRQ,2019-09-30,2019-09-30,2019-09-30,2021-08-07,-21000000.0,28546000000.0,,1495000000.0,27051000000.0,,32.786,-637000000.0,20000000.0,20000000.0,891000000.0,366000000.0,0.654,2.523,9531000000.0,880000000.0,8651000000.0,9531000000.0,0.0,251000000.0,0.0,0.024,0.475,552000000.0,803000000.0,0.484,803000000.0,552000000.0,456000000.0,1.48,1.48,1.48,8062000000.0,,8062000000.0,29227556006.0,21.0,12.443,152000000.0,0.618,1.0,768000000.0,0.463,411000000.0,96000000.0,35361000000.0,,488000000.0,798000000.0,0.0,798000000.0,20342000000.0,2285000000.0,18057000000.0,19676556006.0,33000000.0,0.0,17000000.0,-10000000.0,-117000000.0,-112000000.0,-644000000.0,-7000000.0,789000000.0,0.0,364000000.0,364000000.0,364000000.0,0.0,2000000.0,0.219,248000000.0,520000000.0,598000000.0,0.321,2.441,24.534,24.48,23894000000.0,0.0,80.05,3.272,3.274,807000000.0,2408000000.0,1659000000.0,1659000000.0,0.0,,,,,5000000.0,0.0,1.0,245803323.0,245900000,247500000.0,6.747,28135000000.0,0.0,92000000.0,3066000000.0,114.416,-790000000.0
8,AEE,MRQ,2019-06-30,2019-06-30,2019-06-30,2021-08-07,-21000000.0,28103000000.0,,1514000000.0,26589000000.0,,31.722,-585000000.0,6000000.0,6000000.0,850000000.0,180000000.0,0.55,2.589,9557000000.0,1335000000.0,8222000000.0,9557000000.0,0.0,249000000.0,0.0,0.025,0.475,315000000.0,564000000.0,0.409,564000000.0,315000000.0,218000000.0,0.73,0.73,0.73,7791000000.0,,7791000000.0,27794802387.0,20.0,11.853,-93000000.0,-0.379,1.0,529000000.0,0.384,411000000.0,97000000.0,34491000000.0,,433000000.0,783000000.0,0.0,783000000.0,20170000000.0,2752000000.0,17418000000.0,18446802387.0,4000000.0,0.0,18000000.0,199000000.0,-117000000.0,99000000.0,-587000000.0,2000000.0,492000000.0,0.0,179000000.0,179000000.0,179000000.0,0.0,1000000.0,0.13,249000000.0,280000000.0,593000000.0,0.651,2.368,23.204,23.111,23479000000.0,0.0,75.11,3.035,3.035,878000000.0,2161000000.0,1379000000.0,1379000000.0,0.0,,,,,4000000.0,0.0,1.0,245597156.0,245600000,247200000.0,5.615,27692000000.0,0.0,39000000.0,2758000000.0,112.752,-1238000000.0
9,AEE,MRQ,2019-03-31,2019-03-31,2019-03-31,2021-08-07,-21000000.0,27509000000.0,,1422000000.0,26087000000.0,,31.462,-565000000.0,8000000.0,8000000.0,1020000000.0,193000000.0,0.594,2.552,9356000000.0,1135000000.0,8221000000.0,9356000000.0,0.0,245000000.0,111000000.0,0.025,0.475,315000000.0,560000000.0,0.36,560000000.0,315000000.0,218000000.0,0.78,0.78,0.78,7705000000.0,,7705000000.0,27013189550.0,18.0,11.13,-178000000.0,-0.727,1.0,536000000.0,0.344,411000000.0,97000000.0,34054000000.0,,402000000.0,754000000.0,0.0,754000000.0,19662000000.0,2392000000.0,17270000000.0,17993189550.0,11000000.0,0.0,19000000.0,319000000.0,-116000000.0,191000000.0,-567000000.0,-3000000.0,387000000.0,0.0,191000000.0,191000000.0,191000000.0,0.0,2000000.0,0.123,248000000.0,288000000.0,522000000.0,0.609,2.335,21.045,21.014,23044000000.0,0.0,73.55,2.873,2.876,829000000.0,2099000000.0,1556000000.0,1556000000.0,0.0,,,,,6000000.0,0.0,1.0,244638879.0,244900000,246400000.0,6.354,27098000000.0,0.0,27000000.0,2789000000.0,110.649,-970000000.0
10,AEE,MRQ,2018-12-31,2018-12-31,2018-12-31,2021-08-07,-22000000.0,27215000000.0,,1533000000.0,25682000000.0,,31.223,-619000000.0,16000000.0,16000000.0,1011000000.0,69000000.0,0.571,2.548,9036000000.0,1177000000.0,7859000000.0,9036000000.0,0.0,239000000.0,0.0,0.028,0.475,183000000.0,422000000.0,0.297,422000000.0,183000000.0,84000000.0,0.28,0.28,0.28,7631000000.0,,7631000000.0,24708414512.0,17.0,10.334,-135000000.0,-0.552,1.0,408000000.0,0.288,411000000.0,99000000.0,33137000000.0,,483000000.0,684000000.0,0.0,684000000.0,19442000000.0,2687000000.0,16755000000.0,15935414512.0,15000000.0,0.0,18000000.0,251000000.0,-117000000.0,148000000.0,-617000000.0,-3000000.0,484000000.0,0.0,68000000.0,68000000.0,68000000.0,0.0,1000000.0,0.048,242000000.0,166000000.0,817000000.0,1.696,2.088,19.553,19.53,22810000000.0,0.0,65.23,2.533,2.528,837000000.0,2024000000.0,1419000000.0,1419000000.0,0.0,,,,,5000000.0,0.0,1.0,244295792.0,244400000,246700000.0,5.806,26804000000.0,0.0,16000000.0,2666000000.0,109.673,-1154000000.0
11,AEE,MRQ,2018-09-30,2018-09-30,2018-09-30,2021-08-07,-17000000.0,26959000000.0,,1640000000.0,25319000000.0,,31.364,-591000000.0,11000000.0,11000000.0,950000000.0,359000000.0,0.636,2.503,8784000000.0,1170000000.0,7614000000.0,8784000000.0,0.0,236000000.0,126000000.0,0.029,0.458,563000000.0,799000000.0,0.463,799000000.0,563000000.0,462000000.0,1.46,1.46,1.46,7656000000.0,,7656000000.0,24365207536.0,16.0,10.035,275000000.0,1.127,1.0,774000000.0,0.449,411000000.0,101000000.0,32741000000.0,,525000000.0,752000000.0,0.0,752000000.0,19161000000.0,2580000000.0,16581000000.0,15428207536.0,-4000000.0,0.0,16000000.0,-184000000.0,-111000000.0,-280000000.0,-590000000.0,-6000000.0,866000000.0,0.0,357000000.0,357000000.0,357000000.0,0.0,2000000.0,0.207,241000000.0,533000000.0,591000000.0,0.314,2.015,22.457,22.418,22379000000.0,0.0,63.22,2.46,2.461,949000000.0,2073000000.0,1724000000.0,1724000000.0,0.0,,,,,5000000.0,0.0,1.0,244039980.0,244100000,246300000.0,7.063,26548000000.0,0.0,105000000.0,2891000000.0,108.759,-940000000.0
12,AEE,MRQ,2018-06-30,2018-06-30,2018-06-30,2021-08-07,-19000000.0,26639000000.0,,1685000000.0,24954000000.0,,30.308,-537000000.0,29000000.0,29000000.0,940000000.0,240000000.0,0.622,2.587,8966000000.0,1353000000.0,7613000000.0,8966000000.0,0.0,233000000.0,114000000.0,0.03,0.458,413000000.0,646000000.0,0.413,646000000.0,413000000.0,313000000.0,0.98,0.98,0.98,7386000000.0,,7386000000.0,23692334156.0,15.0,9.714,25000000.0,0.103,1.0,623000000.0,0.399,411000000.0,100000000.0,32454000000.0,,475000000.0,714000000.0,0.0,714000000.0,19111000000.0,2711000000.0,16400000000.0,14826334156.0,7000000.0,0.0,23000000.0,67000000.0,-112000000.0,-23000000.0,-532000000.0,-3000000.0,562000000.0,0.0,239000000.0,239000000.0,239000000.0,0.0,1000000.0,0.153,238000000.0,385000000.0,565000000.0,0.467,2.007,23.991,23.863,21998000000.0,0.0,60.85,2.365,2.365,1005000000.0,1827000000.0,1563000000.0,1563000000.0,0.0,,,,,4000000.0,0.0,1.0,243653807.0,243700000,245800000.0,6.414,26228000000.0,0.0,74000000.0,2769000000.0,107.624,-1026000000.0
13,AEE,MRQ,2018-03-31,2018-03-31,2018-03-31,2021-08-07,-17000000.0,26079000000.0,,1567000000.0,24512000000.0,,29.765,-591000000.0,30000000.0,30000000.0,1078000000.0,153000000.0,0.468,2.587,8896000000.0,2130000000.0,6766000000.0,8896000000.0,0.0,230000000.0,115000000.0,0.032,0.458,294000000.0,524000000.0,0.331,524000000.0,294000000.0,193000000.0,0.62,0.62,0.62,7230000000.0,,7230000000.0,22149408611.0,15.0,9.172,-333000000.0,-1.371,1.0,507000000.0,0.32,411000000.0,101000000.0,31189000000.0,,453000000.0,698000000.0,0.0,698000000.0,18707000000.0,3345000000.0,15362000000.0,13740408611.0,21000000.0,0.0,17000000.0,475000000.0,-111000000.0,360000000.0,-597000000.0,-4000000.0,258000000.0,0.0,151000000.0,151000000.0,151000000.0,0.0,2000000.0,0.095,234000000.0,273000000.0,497000000.0,0.739,1.9,24.022,23.996,21666000000.0,0.0,56.63,2.201,2.203,870000000.0,1699000000.0,1585000000.0,1585000000.0,0.0,,,,,6000000.0,0.0,1.0,242634798.0,242900000,244400000.0,6.525,25668000000.0,0.0,42000000.0,2702000000.0,105.673,-1778000000.0
14,AEE,MRQ,2017-12-31,2017-12-31,2017-12-31,2021-08-07,-18000000.0,25945000000.0,,1612000000.0,24333000000.0,,29.613,-620000000.0,10000000.0,10000000.0,959000000.0,-59000000.0,0.548,2.592,8419000000.0,1325000000.0,7094000000.0,8419000000.0,0.0,223000000.0,108000000.0,0.03,0.458,236000000.0,459000000.0,0.328,459000000.0,236000000.0,140000000.0,-0.24,-0.24,-0.24,7184000000.0,,7184000000.0,22449026734.0,15.0,9.488,-149000000.0,-0.614,1.0,440000000.0,0.315,411000000.0,96000000.0,31003000000.0,,522000000.0,704000000.0,0.0,704000000.0,18619000000.0,2940000000.0,15679000000.0,14313026734.0,11000000.0,0.0,0.0,272000000.0,-111000000.0,160000000.0,-620000000.0,-4000000.0,471000000.0,0.0,-60000000.0,-60000000.0,-60000000.0,0.0,1000000.0,-0.043,228000000.0,212000000.0,902000000.0,-1.908,1.992,27.367,27.31,21466000000.0,0.0,58.99,2.318,2.318,838000000.0,1660000000.0,1399000000.0,1399000000.0,0.0,,,,,5000000.0,0.0,1.0,242634798.0,242600000,244800000.0,5.767,25534000000.0,0.0,200000000.0,2607000000.0,105.251,-1328000000.0
15,AEE,MRQ,2017-09-30,2017-09-30,2017-09-30,2021-08-07,-21000000.0,25617000000.0,,1581000000.0,24036000000.0,,30.276,-527000000.0,9000000.0,9000000.0,929000000.0,290000000.0,0.613,2.468,8145000000.0,1223000000.0,6922000000.0,8145000000.0,0.0,220000000.0,108000000.0,0.03,0.44,590000000.0,810000000.0,0.47,810000000.0,590000000.0,493000000.0,1.19,1.19,1.19,7345000000.0,,7345000000.0,22314996716.0,16.0,9.83,257000000.0,1.059,1.0,794000000.0,0.461,411000000.0,97000000.0,30761000000.0,,547000000.0,672000000.0,0.0,672000000.0,18130000000.0,2581000000.0,15549000000.0,14033996716.0,4000000.0,0.0,0.0,-147000000.0,-106000000.0,-255000000.0,-525000000.0,-3000000.0,784000000.0,0.0,288000000.0,288000000.0,288000000.0,0.0,2000000.0,0.167,225000000.0,569000000.0,548000000.0,0.37,1.911,22.82,22.862,20906000000.0,0.0,57.84,2.289,2.289,854000000.0,1830000000.0,1723000000.0,1723000000.0,0.0,,,,,4000000.0,0.0,1.0,242634798.0,242600000,244700000.0,7.102,25206000000.0,0.0,205000000.0,4930000000.0,103.899,-1000000000.0
16,AEE,MRQ,2017-06-30,2017-06-30,2017-06-30,2021-08-07,-21000000.0,25254000000.0,,1571000000.0,23683000000.0,,29.505,-517000000.0,10000000.0,10000000.0,928000000.0,194000000.0,0.568,2.508,8291000000.0,1470000000.0,6821000000.0,8291000000.0,0.0,216000000.0,108000000.0,0.032,0.44,406000000.0,622000000.0,0.405,622000000.0,406000000.0,307000000.0,0.79,0.79,0.79,7158000000.0,,7158000000.0,21448844407.0,14.0,9.069,15000000.0,0.062,1.0,609000000.0,0.396,411000000.0,99000000.0,30359000000.0,,512000000.0,651000000.0,0.0,651000000.0,17954000000.0,2765000000.0,15189000000.0,13264844407.0,2000000.0,0.0,0.0,98000000.0,-107000000.0,-10000000.0,-520000000.0,-3000000.0,532000000.0,0.0,193000000.0,193000000.0,193000000.0,0.0,1000000.0,0.126,222000000.0,387000000.0,522000000.0,0.557,1.853,19.059,19.115,20589000000.0,0.0,54.67,2.117,2.116,857000000.0,1649000000.0,1537000000.0,1537000000.0,0.0,,,,,4000000.0,0.0,1.0,242634798.0,242600000,243500000.0,6.336,24843000000.0,0.0,114000000.0,4618000000.0,102.403,-1194000000.0
17,AEE,MRQ,2017-03-31,2017-03-31,2017-03-31,2021-08-07,-23000000.0,24811000000.0,,1450000000.0,23361000000.0,,29.118,-531000000.0,8000000.0,8000000.0,1052000000.0,104000000.0,0.525,2.492,8192000000.0,1595000000.0,6597000000.0,8192000000.0,0.0,217000000.0,106000000.0,0.039,0.44,258000000.0,475000000.0,0.314,475000000.0,258000000.0,159000000.0,0.42,0.42,0.42,7064000000.0,,7064000000.0,21070433623.0,15.0,9.217,-200000000.0,-0.824,1.0,463000000.0,0.306,411000000.0,99000000.0,29822000000.0,,467000000.0,635000000.0,0.0,635000000.0,17605000000.0,2762000000.0,14843000000.0,13245433623.0,-1000000.0,0.0,-24000000.0,356000000.0,-107000000.0,207000000.0,-539000000.0,-6000000.0,331000000.0,0.0,102000000.0,102000000.0,102000000.0,0.0,2000000.0,0.067,221000000.0,242000000.0,460000000.0,1.048,1.875,20.378,20.369,20298000000.0,0.0,54.59,2.151,2.151,752000000.0,1563000000.0,1515000000.0,1515000000.0,0.0,,,,,4000000.0,0.0,1.0,242634798.0,242600000,242600000.0,6.245,24400000000.0,0.0,57000000.0,4451000000.0,100.577,-1312000000.0
18,AEE,MRQ,2016-12-31,2016-12-31,2016-12-31,2021-08-07,-23000000.0,24699000000.0,,1593000000.0,23106000000.0,,29.279,-594000000.0,9000000.0,9000000.0,1053000000.0,33000000.0,0.596,2.457,7834000000.0,1239000000.0,6595000000.0,7834000000.0,0.0,210000000.0,107000000.0,0.041,0.44,153000000.0,363000000.0,0.268,363000000.0,153000000.0,58000000.0,0.13,0.13,0.13,7103000000.0,,7103000000.0,20356621503.0,14.0,9.039,-36000000.0,-0.148,1.0,303000000.0,0.223,411000000.0,95000000.0,29439000000.0,,527000000.0,607000000.0,0.0,607000000.0,17454000000.0,2674000000.0,14780000000.0,12728621503.0,-25000000.0,0.0,-51000000.0,183000000.0,-107000000.0,24000000.0,-607000000.0,-5000000.0,558000000.0,0.0,32000000.0,32000000.0,32000000.0,0.0,1000000.0,0.024,217000000.0,86000000.0,805000000.0,3.385,1.792,19.493,19.502,20113000000.0,0.0,52.46,2.095,2.095,795000000.0,1568000000.0,1356000000.0,1356000000.0,0.0,,,,,0.0,0.0,1.0,242634798.0,242600000,244600000.0,5.589,24288000000.0,0.0,26000000.0,4365000000.0,100.115,-1081000000.0
19,AEE,MRQ,2016-09-30,2016-09-30,2016-09-30,2021-08-07,-2000000.0,24134000000.0,,1599000000.0,22535000000.0,,29.65,-513000000.0,18000000.0,18000000.0,957000000.0,371000000.0,0.698,2.335,7646000000.0,1039000000.0,6607000000.0,7646000000.0,0.0,206000000.0,104000000.0,0.043,0.425,699000000.0,905000000.0,0.487,905000000.0,699000000.0,602000000.0,1.52,1.52,1.52,7193000000.0,,7193000000.0,19733779366.0,14.0,8.833,283000000.0,1.167,1.0,902000000.0,0.485,411000000.0,97000000.0,29060000000.0,,551000000.0,599000000.0,0.0,599000000.0,16799000000.0,2291000000.0,14508000000.0,11932779366.0,5000000.0,0.0,0.0,-171000000.0,-103000000.0,-275000000.0,-516000000.0,-4000000.0,796000000.0,0.0,369000000.0,369000000.0,369000000.0,0.0,2000000.0,0.198,211000000.0,691000000.0,513000000.0,0.28,1.659,18.358,18.351,19647000000.0,0.0,49.18,1.98,1.979,832000000.0,1643000000.0,1859000000.0,1859000000.0,0.0,,,,,5000000.0,0.0,1.0,242634798.0,242600000,242900000.0,7.663,23723000000.0,0.0,233000000.0,4470000000.0,97.786,-692000000.0
20,AEE,MRQ,2016-06-30,2016-06-30,2016-06-30,2021-08-07,-1000000.0,23793000000.0,,1594000000.0,22199000000.0,,28.533,-507000000.0,13000000.0,13000000.0,892000000.0,148000000.0,0.656,2.417,7814000000.0,1209000000.0,6605000000.0,7814000000.0,0.0,209000000.0,100000000.0,0.039,0.85,334000000.0,543000000.0,0.381,543000000.0,334000000.0,239000000.0,0.61,0.61,0.61,6922000000.0,,6922000000.0,20584372477.0,15.0,9.521,-93000000.0,-0.383,1.0,535000000.0,0.375,411000000.0,95000000.0,28753000000.0,,515000000.0,582000000.0,0.0,582000000.0,16729000000.0,2430000000.0,14299000000.0,13000372477.0,0.0,0.0,0.0,217000000.0,-103000000.0,111000000.0,-525000000.0,-4000000.0,414000000.0,0.0,147000000.0,147000000.0,147000000.0,0.0,1000000.0,0.103,210000000.0,325000000.0,499000000.0,1.393,1.878,20.834,20.767,19324000000.0,0.0,53.58,2.166,2.166,838000000.0,1376000000.0,1427000000.0,1427000000.0,0.0,,,,,6000000.0,0.0,1.0,242634798.0,242600000,242600000.0,5.882,23382000000.0,0.0,92000000.0,4209000000.0,96.381,-836000000.0
21,AEE,MRQ,2016-03-31,2016-03-31,2016-03-31,2021-08-07,-5000000.0,23385000000.0,,1458000000.0,21927000000.0,,28.314,-517000000.0,13000000.0,13000000.0,1007000000.0,107000000.0,0.793,2.384,7597000000.0,716000000.0,6881000000.0,7597000000.0,0.0,210000000.0,98000000.0,0.033,0.425,231000000.0,441000000.0,0.308,441000000.0,231000000.0,136000000.0,0.43,0.43,0.43,6869000000.0,,6869000000.0,19440003380.0,15.0,9.218,-168000000.0,-0.692,1.0,427000000.0,0.298,411000000.0,95000000.0,28719000000.0,,483000000.0,567000000.0,0.0,567000000.0,16374000000.0,1839000000.0,14535000000.0,12156003380.0,-279000000.0,0.0,0.0,20000000.0,-103000000.0,-118000000.0,-510000000.0,-5000000.0,349000000.0,0.0,105000000.0,105000000.0,105000000.0,0.0,2000000.0,0.073,207000000.0,220000000.0,429000000.0,0.988,1.77,19.388,19.419,19000000000.0,0.0,50.1,2.034,2.034,670000000.0,1333000000.0,1434000000.0,1434000000.0,0.0,,,,,6000000.0,0.0,1.0,242634798.0,242600000,242600000.0,5.911,22974000000.0,0.0,31000000.0,4064000000.0,94.699,-381000000.0
22,AEE,MRQ,2015-12-31,2015-12-31,2015-12-31,2021-08-07,-3000000.0,23640000000.0,,1917000000.0,21723000000.0,,28.631,-607000000.0,292000000.0,292000000.0,966000000.0,30000000.0,0.916,2.383,7576000000.0,696000000.0,6880000000.0,7576000000.0,0.0,195000000.0,100000000.0,0.038,0.425,150000000.0,345000000.0,0.264,345000000.0,150000000.0,59000000.0,0.12,0.12,0.12,6946000000.0,,6946000000.0,17576102318.0,13.0,8.271,-118000000.0,-0.486,1.0,342000000.0,0.261,411000000.0,91000000.0,28420000000.0,,538000000.0,556000000.0,0.0,556000000.0,16552000000.0,2093000000.0,14459000000.0,10489102318.0,220000000.0,0.0,0.0,448000000.0,-104000000.0,345000000.0,-614000000.0,-7000000.0,489000000.0,0.0,29000000.0,29000000.0,29000000.0,1000000.0,1000000.0,0.022,202000000.0,140000000.0,777000000.0,3.542,1.51,16.649,16.627,18799000000.0,0.0,43.23,1.72,1.72,725000000.0,1331000000.0,1308000000.0,1308000000.0,0.0,,,,,4000000.0,0.0,1.0,242634798.0,242600000,243000000.0,5.392,23229000000.0,0.0,30000000.0,3988000000.0,95.75,-176000000.0
23,AEE,MRQ,2015-09-30,2015-09-30,2015-09-30,2021-08-07,-5000000.0,23459000000.0,,1983000000.0,21476000000.0,,28.912,-488000000.0,72000000.0,72000000.0,1006000000.0,345000000.0,0.797,2.324,7159000000.0,1178000000.0,5981000000.0,7159000000.0,0.0,195000000.0,0.0,0.039,0.41,638000000.0,833000000.0,0.454,833000000.0,638000000.0,551000000.0,1.42,1.42,1.42,7014000000.0,,7014000000.0,17516172911.0,13.0,8.313,273000000.0,1.125,1.0,827000000.0,0.451,411000000.0,87000000.0,27646000000.0,,548000000.0,534000000.0,0.0,534000000.0,16303000000.0,2489000000.0,13814000000.0,10256172911.0,70000000.0,0.0,0.0,-103000000.0,-99000000.0,-204000000.0,-487000000.0,-3000000.0,761000000.0,0.0,343000000.0,343000000.0,343000000.0,0.0,2000000.0,0.187,201000000.0,626000000.0,525000000.0,0.289,1.462,15.803,15.772,18307000000.0,0.0,42.27,1.665,1.665,855000000.0,1405000000.0,1833000000.0,1833000000.0,0.0,,,,,6000000.0,0.0,1.0,242634798.0,242600000,243900000.0,7.556,23048000000.0,225000000.0,208000000.0,4306000000.0,95.004,-506000000.0
24,AEE,MRQ,2015-06-30,2015-06-30,2015-06-30,2021-08-07,-5000000.0,23152000000.0,,1991000000.0,21161000000.0,,27.881,-440000000.0,2000000.0,2000000.0,895000000.0,151000000.0,0.779,2.402,7262000000.0,1281000000.0,5981000000.0,7262000000.0,0.0,192000000.0,0.0,0.043,0.41,298000000.0,490000000.0,0.35,490000000.0,298000000.0,209000000.0,0.61,0.61,0.61,6764000000.0,,6764000000.0,16331479189.0,13.0,8.073,29000000.0,0.12,1.0,506000000.0,0.361,411000000.0,89000000.0,27445000000.0,,500000000.0,555000000.0,0.0,555000000.0,16246000000.0,2556000000.0,13690000000.0,9142479189.0,-4000000.0,0.0,0.0,66000000.0,-100000000.0,-37000000.0,-436000000.0,1000000.0,469000000.0,0.0,150000000.0,150000000.0,150000000.0,-52000000.0,1000000.0,0.107,269000000.0,237000000.0,486000000.0,0.672,1.352,15.263,15.255,17986000000.0,0.0,37.68,1.525,1.524,870000000.0,1161000000.0,1401000000.0,1401000000.0,0.0,,,,,6000000.0,0.0,1.0,242634798.0,242600000,242600000.0,5.775,22741000000.0,286000000.0,59000000.0,4121000000.0,93.739,-565000000.0
25,AEE,MRQ,2015-03-31,2015-03-31,2015-03-31,2021-08-07,-9000000.0,22884000000.0,,1993000000.0,20891000000.0,,27.634,-434000000.0,6000000.0,6000000.0,1107000000.0,110000000.0,0.791,2.392,7195000000.0,1335000000.0,5860000000.0,7195000000.0,0.0,195000000.0,0.0,0.038,0.41,262000000.0,457000000.0,0.294,457000000.0,262000000.0,174000000.0,0.45,0.45,0.45,6704000000.0,,6704000000.0,17188188476.0,13.0,8.413,-122000000.0,-0.503,1.0,449000000.0,0.289,411000000.0,88000000.0,27142000000.0,,449000000.0,558000000.0,0.0,558000000.0,16038000000.0,2520000000.0,13518000000.0,10239188476.0,1000000.0,0.0,0.0,241000000.0,-99000000.0,128000000.0,-439000000.0,-5000000.0,312000000.0,0.0,108000000.0,108000000.0,108000000.0,0.0,2000000.0,0.069,193000000.0,256000000.0,434000000.0,0.911,1.527,17.122,17.085,17700000000.0,0.0,42.2,1.702,1.702,836000000.0,1111000000.0,1556000000.0,1556000000.0,0.0,,,,,8000000.0,0.0,1.0,242634798.0,242600000,242600000.0,6.414,22473000000.0,331000000.0,66000000.0,4108000000.0,92.634,-527000000.0
26,AEE,MRQ,2014-12-31,2014-12-31,2014-12-31,2021-08-07,-9000000.0,22289000000.0,,1694000000.0,20595000000.0,,27.671,-521000000.0,5000000.0,5000000.0,1051000000.0,49000000.0,0.753,2.299,6919000000.0,834000000.0,6085000000.0,6919000000.0,0.0,184000000.0,0.0,0.035,0.41,143000000.0,327000000.0,0.239,327000000.0,143000000.0,68000000.0,0.2,0.2,0.2,6713000000.0,,6713000000.0,17876743232.0,14.0,8.876,-159000000.0,-0.655,1.0,319000000.0,0.233,411000000.0,75000000.0,26543000000.0,,524000000.0,549000000.0,0.0,549000000.0,15434000000.0,2249000000.0,13185000000.0,11192743232.0,-8000000.0,0.0,0.0,256000000.0,-99000000.0,135000000.0,-505000000.0,8000000.0,362000000.0,0.0,48000000.0,48000000.0,48000000.0,-2000000.0,1000000.0,0.035,194000000.0,125000000.0,711000000.0,2.05,1.667,19.1,19.062,17424000000.0,0.0,46.13,1.849,1.849,769000000.0,1103000000.0,1370000000.0,1370000000.0,0.0,,,,,5000000.0,0.0,1.0,242634798.0,242600000,244700000.0,5.647,21878000000.0,0.0,20000000.0,3681000000.0,90.181,-555000000.0
27,AEE,MRQ,2014-09-30,2014-09-30,2014-09-30,2021-08-07,6000000.0,21876000000.0,,1942000000.0,19934000000.0,,27.923,-429000000.0,13000000.0,13000000.0,922000000.0,295000000.0,0.916,2.208,6697000000.0,872000000.0,5825000000.0,6697000000.0,0.0,177000000.0,0.0,0.042,0.4,572000000.0,749000000.0,0.449,749000000.0,572000000.0,487000000.0,1.21,1.21,1.21,6774000000.0,,6774000000.0,15991191807.0,12.0,7.909,120000000.0,0.495,1.0,748000000.0,0.448,431000000.0,85000000.0,26010000000.0,,561000000.0,529000000.0,0.0,529000000.0,14960000000.0,2119000000.0,12841000000.0,9300191807.0,-33000000.0,0.0,0.0,-40000000.0,-97000000.0,-140000000.0,-442000000.0,-1000000.0,549000000.0,0.0,293000000.0,293000000.0,293000000.0,1000000.0,2000000.0,0.175,187000000.0,561000000.0,466000000.0,0.331,1.373,16.174,16.173,16991000000.0,0.0,38.33,1.549,1.549,787000000.0,1154000000.0,1670000000.0,1670000000.0,0.0,,,,,5000000.0,0.0,1.0,242634798.0,242600000,244300000.0,6.884,21445000000.0,301000000.0,194000000.0,4065000000.0,88.397,-177000000.0
28,AEE,MRQ,2014-06-30,2014-06-30,2014-06-30,2021-08-07,6000000.0,21588000000.0,,1965000000.0,19623000000.0,,27.09,-457000000.0,46000000.0,46000000.0,914000000.0,150000000.0,0.85,2.263,6737000000.0,912000000.0,5825000000.0,6737000000.0,0.0,173000000.0,0.0,0.039,0.4,337000000.0,510000000.0,0.359,510000000.0,337000000.0,248000000.0,0.61,0.61,0.61,6572000000.0,,6572000000.0,16466910542.0,12.0,8.168,-42000000.0,-0.173,1.0,505000000.0,0.356,430000000.0,89000000.0,25537000000.0,,491000000.0,523000000.0,0.0,523000000.0,14874000000.0,2312000000.0,12562000000.0,9918910542.0,20000000.0,0.0,0.0,162000000.0,-97000000.0,62000000.0,-457000000.0,-2000000.0,415000000.0,0.0,149000000.0,149000000.0,149000000.0,0.0,1000000.0,0.105,183000000.0,322000000.0,575000000.0,0.656,1.509,16.984,16.963,16726000000.0,0.0,40.88,1.661,1.66,966000000.0,957000000.0,1419000000.0,1419000000.0,0.0,,,,,6000000.0,0.0,1.0,242634798.0,242600000,242600000.0,5.849,21158000000.0,177000000.0,99000000.0,3718000000.0,87.214,-347000000.0
29,AEE,MRQ,2014-03-31,2014-03-31,2014-03-31,2021-08-07,3000000.0,21166000000.0,,1840000000.0,19326000000.0,,26.847,-452000000.0,26000000.0,26000000.0,1167000000.0,98000000.0,0.675,2.228,6574000000.0,1348000000.0,5226000000.0,6574000000.0,0.0,176000000.0,0.0,0.039,0.4,252000000.0,428000000.0,0.269,428000000.0,252000000.0,160000000.0,0.4,0.4,0.4,6513000000.0,,6513000000.0,16372548445.0,13.0,8.461,-213000000.0,-0.878,1.0,427000000.0,0.268,428000000.0,92000000.0,24561000000.0,,424000000.0,503000000.0,0.0,503000000.0,14511000000.0,2725000000.0,11786000000.0,9996548445.0,-4000000.0,0.0,0.0,169000000.0,-97000000.0,70000000.0,-313000000.0,-13000000.0,239000000.0,0.0,96000000.0,96000000.0,96000000.0,1000000.0,2000000.0,0.06,181000000.0,246000000.0,559000000.0,1.0,1.535,18.861,18.813,16425000000.0,0.0,41.2,1.678,1.678,990000000.0,906000000.0,1594000000.0,1594000000.0,0.0,,,,,9000000.0,0.0,1.0,242634671.0,242600000,242600000.0,6.57,20738000000.0,95000000.0,64000000.0,3491000000.0,85.482,-885000000.0
30,AEE,MRQ,2013-12-31,2013-12-31,2013-12-31,2021-08-07,3000000.0,21042000000.0,,1972000000.0,19070000000.0,,26.974,-447000000.0,30000000.0,30000000.0,973000000.0,38000000.0,0.801,2.194,6406000000.0,902000000.0,5504000000.0,6406000000.0,0.0,166000000.0,0.0,0.044,0.4,169000000.0,335000000.0,0.253,335000000.0,169000000.0,60000000.0,0.15,0.15,0.15,6544000000.0,,6544000000.0,14762669703.0,15.0,8.872,-68000000.0,-0.28,1.0,349000000.0,0.264,411000000.0,109000000.0,24546000000.0,,526000000.0,494000000.0,0.0,494000000.0,14356000000.0,2461000000.0,11895000000.0,8773669703.0,-164000000.0,0.0,0.0,247000000.0,-97000000.0,147000000.0,-690000000.0,-4000000.0,379000000.0,0.0,37000000.0,37000000.0,37000000.0,0.0,1000000.0,0.028,178000000.0,171000000.0,806000000.0,2.667,1.341,30.359,30.387,16205000000.0,0.0,36.16,1.503,1.503,904000000.0,907000000.0,1322000000.0,1322000000.0,0.0,,,,,8000000.0,0.0,1.0,242634671.0,242600000,244800000.0,5.449,20631000000.0,106000000.0,23000000.0,3368000000.0,85.041,-489000000.0
31,AEE,MRQ,2013-09-30,2013-09-30,2013-09-30,2021-08-07,-19000000.0,22385000000.0,,3273000000.0,19112000000.0,,27.098,-377000000.0,169000000.0,169000000.0,896000000.0,304000000.0,1.014,2.382,6158000000.0,884000000.0,5274000000.0,6158000000.0,0.0,166000000.0,106000000.0,0.046,0.4,577000000.0,743000000.0,0.454,743000000.0,577000000.0,489000000.0,1.25,1.25,1.25,6574000000.0,,6574000000.0,14486391938.0,-66.0,32.481,169000000.0,0.697,1.0,742000000.0,0.453,430000000.0,88000000.0,24716000000.0,,581000000.0,459000000.0,0.0,459000000.0,15660000000.0,3228000000.0,12432000000.0,8453391938.0,19000000.0,0.0,0.0,-25000000.0,-97000000.0,-131000000.0,-396000000.0,-5000000.0,546000000.0,0.0,302000000.0,302000000.0,302000000.0,0.0,2000000.0,0.184,175000000.0,567000000.0,414000000.0,0.32,1.286,-9.351,-9.366,15834000000.0,0.0,34.84,1.464,1.464,804000000.0,967000000.0,1638000000.0,1638000000.0,0.0,,,,,5000000.0,0.0,1.0,242634671.0,242600000,245100000.0,6.752,21955000000.0,43000000.0,187000000.0,3646000000.0,90.499,45000000.0
32,AEE,MRQ,2013-06-30,2013-06-30,2013-06-30,2021-08-07,-9000000.0,22276000000.0,,3408000000.0,18868000000.0,,26.274,-314000000.0,150000000.0,150000000.0,964000000.0,96000000.0,1.037,2.471,6183000000.0,909000000.0,5274000000.0,6183000000.0,0.0,168000000.0,110000000.0,0.046,0.4,261000000.0,429000000.0,0.306,429000000.0,261000000.0,161000000.0,0.39,0.39,0.39,6374000000.0,,6374000000.0,14353338069.0,-98.0,28.31,75000000.0,0.309,1.0,439000000.0,0.313,429000000.0,100000000.0,24594000000.0,,511000000.0,442000000.0,0.0,442000000.0,15751000000.0,3286000000.0,12465000000.0,8356338069.0,-11000000.0,0.0,0.0,25000000.0,-97000000.0,-66000000.0,-334000000.0,-5000000.0,389000000.0,0.0,95000000.0,95000000.0,95000000.0,0.0,1000000.0,0.068,178000000.0,261000000.0,428000000.0,1.026,1.311,-10.044,-10.041,15601000000.0,0.0,34.44,1.43,1.429,808000000.0,762000000.0,1403000000.0,1403000000.0,0.0,,,,,5000000.0,0.0,1.0,242634671.0,242600000,242600000.0,5.783,21847000000.0,157000000.0,66000000.0,3538000000.0,90.054,122000000.0
33,AEE,MRQ,2013-03-31,2013-03-31,2013-03-31,2021-08-07,-15000000.0,21952000000.0,,3296000000.0,18656000000.0,,26.237,-286000000.0,161000000.0,161000000.0,1115000000.0,-143000000.0,1.279,2.425,6158000000.0,355000000.0,5803000000.0,6158000000.0,0.0,166000000.0,110000000.0,0.046,0.4,-9000000.0,157000000.0,0.106,157000000.0,-9000000.0,-110000000.0,-0.6,-0.6,-0.6,6365000000.0,,6365000000.0,15269066178.0,-7635.0,23.821,93000000.0,0.383,1.0,360000000.0,0.244,427000000.0,101000000.0,24945000000.0,,461000000.0,464000000.0,27000000.0,437000000.0,15436000000.0,2577000000.0,12859000000.0,8497066178.0,-23000000.0,0.0,0.0,0.0,-97000000.0,-99000000.0,-303000000.0,-3000000.0,379000000.0,0.0,-145000000.0,-145000000.0,-145000000.0,0.0,2000000.0,-0.098,175000000.0,185000000.0,341000000.0,-0.667,1.335,-11.867,-11.871,15408000000.0,0.0,35.02,1.454,1.454,811000000.0,764000000.0,1475000000.0,1475000000.0,0.0,,,,,9000000.0,0.0,1.0,242634671.0,242600000,242600000.0,6.08,21525000000.0,80000000.0,35000000.0,3394000000.0,88.726,719000000.0
34,AEE,MRQ,2012-12-31,2012-12-31,2012-12-31,2021-08-07,-8000000.0,22230000000.0,,3596000000.0,18634000000.0,,27.271,-336000000.0,184000000.0,184000000.0,973000000.0,-1155000000.0,1.339,2.337,6157000000.0,355000000.0,5802000000.0,6157000000.0,0.0,167000000.0,107000000.0,0.052,0.4,-1050000000.0,-883000000.0,-0.702,-883000000.0,-1050000000.0,-1147000000.0,-4.76,-4.76,-4.76,6616000000.0,,6616000000.0,14147737093.0,-51.0,39.519,42000000.0,0.173,1.0,285000000.0,0.227,425000000.0,97000000.0,25092000000.0,,570000000.0,408000000.0,0.0,408000000.0,15463000000.0,2686000000.0,12777000000.0,7453737093.0,-89000000.0,0.0,0.0,-11000000.0,-98000000.0,-119000000.0,-348000000.0,-4000000.0,378000000.0,0.0,-1156000000.0,-1156000000.0,-1156000000.0,0.0,1000000.0,-0.919,177000000.0,108000000.0,533000000.0,-0.084,1.127,-7.653,-7.661,15348000000.0,0.0,30.72,1.289,1.289,716000000.0,1006000000.0,1258000000.0,1258000000.0,0.0,,,,,6000000.0,0.0,1.0,242634671.0,242600000,243300000.0,5.185,21805000000.0,170000000.0,9000000.0,3305000000.0,89.88,910000000.0
35,AEE,MRQ,2012-09-30,2012-09-30,2012-09-30,2021-08-07,2000000.0,23498000000.0,,2406000000.0,21092000000.0,,32.457,-281000000.0,298000000.0,298000000.0,970000000.0,374000000.0,1.556,1.965,6992000000.0,211000000.0,6781000000.0,6992000000.0,0.0,152000000.0,96000000.0,0.049,0.4,652000000.0,804000000.0,0.47,804000000.0,652000000.0,553000000.0,1.54,1.54,1.54,7874000000.0,,7874000000.0,14696874702.0,18.0,11.117,270000000.0,1.113,1.0,739000000.0,0.432,425000000.0,99000000.0,28221000000.0,,756000000.0,541000000.0,134000000.0,407000000.0,15472000000.0,1546000000.0,13926000000.0,7926874702.0,200000000.0,0.0,0.0,103000000.0,-97000000.0,-2000000.0,-349000000.0,-4000000.0,551000000.0,0.0,374000000.0,374000000.0,374000000.0,0.0,2000000.0,0.219,161000000.0,578000000.0,458000000.0,0.26,1.007,38.294,38.435,17833000000.0,0.0,32.67,1.68,1.68,870000000.0,2259000000.0,1709000000.0,1709000000.0,0.0,,,,,11000000.0,0.0,1.0,242634671.0,242600000,242900000.0,7.045,23073000000.0,0.0,179000000.0,3622000000.0,95.107,860000000.0
36,AEE,MRQ,2012-06-30,2012-06-30,2012-06-30,2021-08-07,-30000000.0,22980000000.0,,2154000000.0,20826000000.0,,31.142,-254000000.0,117000000.0,117000000.0,890000000.0,210000000.0,1.344,2.023,6887000000.0,209000000.0,6678000000.0,6887000000.0,0.0,158000000.0,97000000.0,0.047,0.4,405000000.0,563000000.0,0.402,563000000.0,405000000.0,307000000.0,0.87,0.87,0.87,7555000000.0,,7555000000.0,14911966865.0,21.0,11.797,124000000.0,0.511,1.0,512000000.0,0.365,423000000.0,98000000.0,27724000000.0,,686000000.0,542000000.0,156000000.0,386000000.0,15280000000.0,1603000000.0,13677000000.0,8137966865.0,-116000000.0,0.0,0.0,-96000000.0,-97000000.0,-192000000.0,-302000000.0,-4000000.0,378000000.0,0.0,211000000.0,211000000.0,211000000.0,0.0,1000000.0,0.15,168000000.0,344000000.0,479000000.0,0.46,1.077,68.966,68.449,17690000000.0,0.0,33.54,1.542,1.542,860000000.0,1983000000.0,1402000000.0,1402000000.0,0.0,,,,,4000000.0,0.0,1.0,242634671.0,242600000,242600000.0,5.779,22557000000.0,0.0,96000000.0,3415000000.0,92.98,551000000.0
37,AEE,MRQ,2012-03-31,2012-03-31,2012-03-31,2021-08-07,-35000000.0,22899000000.0,,2124000000.0,20775000000.0,,30.635,-283000000.0,208000000.0,208000000.0,1087000000.0,-403000000.0,1.316,2.061,6982000000.0,305000000.0,6677000000.0,6982000000.0,0.0,156000000.0,98000000.0,0.048,0.4,-282000000.0,-126000000.0,-0.089,-126000000.0,-282000000.0,-380000000.0,-1.66,-1.66,-1.66,7432000000.0,,7432000000.0,14619889278.0,23.0,12.043,100000000.0,0.412,1.0,325000000.0,0.23,420000000.0,98000000.0,27639000000.0,,625000000.0,557000000.0,167000000.0,390000000.0,15320000000.0,1614000000.0,13706000000.0,7870889278.0,-41000000.0,0.0,0.0,-22000000.0,-90000000.0,-113000000.0,-311000000.0,-7000000.0,383000000.0,0.0,-403000000.0,-403000000.0,-403000000.0,0.0,2000000.0,-0.285,167000000.0,158000000.0,366000000.0,-0.241,1.059,174.909,171.474,17535000000.0,0.0,32.58,1.392,1.397,743000000.0,1869000000.0,1412000000.0,1412000000.0,0.0,,,,,8000000.0,0.0,1.0,241586534.0,242600000,242600000.0,5.82,22479000000.0,0.0,23000000.0,3289000000.0,92.659,510000000.0
38,AEE,MRQ,2011-12-31,2011-12-31,2011-12-31,2021-08-07,-50000000.0,23645000000.0,,2295000000.0,21350000000.0,,32.669,-190000000.0,255000000.0,255000000.0,234000000.0,26000000.0,1.286,1.967,7004000000.0,327000000.0,6677000000.0,7004000000.0,0.0,44000000.0,98000000.0,0.047,0.4,37000000.0,81000000.0,0.415,81000000.0,37000000.0,-14000000.0,0.1,0.1,0.1,7919000000.0,,7919000000.0,14713405899.0,13.0,8.35,123000000.0,0.507,1.0,-39000000.0,-0.2,418000000.0,51000000.0,28191000000.0,,712000000.0,472000000.0,115000000.0,357000000.0,15577000000.0,1785000000.0,13792000000.0,8025405899.0,-267000000.0,0.0,16000000.0,-107000000.0,-96000000.0,-283000000.0,-297000000.0,-5000000.0,313000000.0,0.0,25000000.0,25000000.0,25000000.0,0.0,0.0,0.128,21000000.0,-60000000.0,693000000.0,4.0,1.013,15.463,15.409,18127000000.0,0.0,33.13,1.305,1.301,866000000.0,2369000000.0,195000000.0,195000000.0,0.0,,,,,17000000.0,0.0,1.0,242239840.0,242400000,244800000.0,0.804,23227000000.0,20000000.0,-39000000.0,3459000000.0,95.821,510000000.0
39,AEE,MRQ,2011-09-30,2011-09-30,2011-09-30,2021-08-07,-25000000.0,23356000000.0,,2680000000.0,20676000000.0,,33.086,-262000000.0,522000000.0,522000000.0,1398000000.0,287000000.0,1.45,1.901,7210000000.0,528000000.0,6682000000.0,7210000000.0,0.0,185000000.0,98000000.0,0.052,0.385,561000000.0,746000000.0,0.329,746000000.0,561000000.0,448000000.0,1.18,1.18,1.18,7997000000.0,,7997000000.0,14212407448.0,11.0,6.963,404000000.0,1.671,1.0,870000000.0,0.384,417000000.0,113000000.0,27779000000.0,,734000000.0,424000000.0,94000000.0,330000000.0,15204000000.0,1848000000.0,13356000000.0,7194407448.0,144000000.0,0.0,17000000.0,-187000000.0,-93000000.0,-265000000.0,-257000000.0,-4000000.0,666000000.0,0.0,285000000.0,285000000.0,285000000.0,0.0,2000000.0,0.126,320000000.0,550000000.0,410000000.0,0.326,0.9,13.177,13.231,17873000000.0,0.0,29.77,0.939,0.939,1014000000.0,2440000000.0,2268000000.0,2268000000.0,0.0,,,,,0.0,0.0,1.0,241666357.0,241700000,241700000.0,9.384,22939000000.0,0.0,163000000.0,3541000000.0,94.907,832000000.0
40,AEE,MRQ,2011-06-30,2011-06-30,2011-06-30,2021-08-07,-21000000.0,23391000000.0,,2603000000.0,20788000000.0,,32.289,-238000000.0,378000000.0,378000000.0,1269000000.0,139000000.0,1.507,1.984,7396000000.0,342000000.0,7054000000.0,7396000000.0,0.0,186000000.0,100000000.0,0.053,0.385,327000000.0,513000000.0,0.288,513000000.0,327000000.0,223000000.0,0.57,0.57,0.57,7788000000.0,,7788000000.0,13993727268.0,16.0,8.768,101000000.0,0.419,1.0,512000000.0,0.287,415000000.0,104000000.0,28267000000.0,,654000000.0,515000000.0,159000000.0,356000000.0,15448000000.0,1727000000.0,13721000000.0,6954727268.0,-195000000.0,0.0,15000000.0,-217000000.0,-93000000.0,-296000000.0,-238000000.0,-8000000.0,339000000.0,0.0,138000000.0,138000000.0,138000000.0,0.0,1000000.0,0.077,196000000.0,316000000.0,482000000.0,0.675,0.893,73.986,77.946,17945000000.0,0.0,28.84,0.908,0.908,1124000000.0,2248000000.0,1781000000.0,1781000000.0,0.0,,,,,0.0,0.0,1.0,241148657.0,241200000,241200000.0,7.384,22976000000.0,0.0,85000000.0,3347000000.0,95.257,876000000.0
41,AEE,MRQ,2011-03-31,2011-03-31,2011-03-31,2021-08-07,-20000000.0,23329000000.0,,2715000000.0,20614000000.0,,32.107,-253000000.0,573000000.0,573000000.0,1482000000.0,74000000.0,1.478,2.0,7612000000.0,489000000.0,7123000000.0,7612000000.0,0.0,187000000.0,100000000.0,0.055,0.385,235000000.0,422000000.0,0.222,422000000.0,235000000.0,116000000.0,0.29,0.29,0.29,7725000000.0,,7725000000.0,13904420868.0,16.0,8.53,307000000.0,1.276,1.0,422000000.0,0.222,418000000.0,119000000.0,28113000000.0,,572000000.0,490000000.0,137000000.0,353000000.0,15449000000.0,1837000000.0,13612000000.0,6712420868.0,28000000.0,0.0,17000000.0,-125000000.0,-93000000.0,-276000000.0,-256000000.0,-4000000.0,560000000.0,0.0,71000000.0,71000000.0,71000000.0,0.0,3000000.0,0.037,195000000.0,227000000.0,401000000.0,1.328,0.869,62.152,63.795,17888000000.0,0.0,28.07,0.883,0.888,1118000000.0,2203000000.0,1904000000.0,1904000000.0,0.0,,,,,0.0,0.0,1.0,239131488.0,240600000,240600000.0,7.914,22911000000.0,0.0,45000000.0,3160000000.0,95.224,878000000.0
42,AEE,MRQ,2010-12-31,2010-12-31,2010-12-31,2021-08-07,-17000000.0,23511000000.0,,2890000000.0,20621000000.0,,32.208,-322000000.0,545000000.0,545000000.0,1314000000.0,54000000.0,1.531,2.022,7737000000.0,424000000.0,7313000000.0,7737000000.0,0.0,158000000.0,100000000.0,0.055,0.385,202000000.0,360000000.0,0.211,360000000.0,202000000.0,82000000.0,0.21,0.21,0.21,7730000000.0,,7730000000.0,13890791434.0,14.0,8.138,5000000.0,0.021,1.0,392000000.0,0.23,418000000.0,120000000.0,28397000000.0,,707000000.0,466000000.0,129000000.0,337000000.0,15627000000.0,1888000000.0,13739000000.0,6760791434.0,-63000000.0,0.0,20000000.0,0.0,-92000000.0,-70000000.0,-320000000.0,-3000000.0,327000000.0,0.0,52000000.0,52000000.0,52000000.0,0.0,2000000.0,0.03,194000000.0,198000000.0,651000000.0,1.833,0.875,48.639,48.603,17853000000.0,0.0,28.19,0.885,0.881,1133000000.0,2225000000.0,1706000000.0,1706000000.0,0.0,,,,,0.0,0.0,1.0,239829423.0,240000000,240000000.0,7.108,23093000000.0,0.0,30000000.0,3035000000.0,96.221,1002000000.0
43,AEE,MRQ,2010-09-30,2010-09-30,2010-09-30,2021-08-07,-10000000.0,23631000000.0,,3120000000.0,20511000000.0,,32.403,-212000000.0,608000000.0,608000000.0,1395000000.0,-164000000.0,1.63,2.028,7738000000.0,479000000.0,7259000000.0,7738000000.0,0.0,201000000.0,99000000.0,0.054,0.385,100000000.0,301000000.0,0.133,301000000.0,100000000.0,-30000000.0,-0.7,-0.7,-0.7,7754000000.0,,7754000000.0,14294870095.0,14.0,8.155,513000000.0,2.144,1.0,872000000.0,0.385,420000000.0,130000000.0,28427000000.0,,746000000.0,468000000.0,153000000.0,315000000.0,15722000000.0,1914000000.0,13808000000.0,6793870095.0,102000000.0,0.0,17000000.0,-271000000.0,-93000000.0,-407000000.0,-216000000.0,-4000000.0,725000000.0,0.0,-167000000.0,-167000000.0,-167000000.0,0.0,3000000.0,-0.074,783000000.0,89000000.0,414000000.0,-0.55,0.876,40.927,42.388,17655000000.0,0.0,28.4,0.888,0.888,1204000000.0,2266000000.0,2267000000.0,2267000000.0,0.0,,,,,0.0,0.0,1.0,239220778.0,239300000,239300000.0,9.473,23211000000.0,0.0,137000000.0,3291000000.0,96.995,1206000000.0
44,AEE,MRQ,2010-06-30,2010-06-30,2010-06-30,2021-08-07,-13000000.0,23915000000.0,,2830000000.0,21085000000.0,,33.519,-237000000.0,506000000.0,506000000.0,1204000000.0,155000000.0,1.608,1.967,8007000000.0,354000000.0,7653000000.0,8007000000.0,0.0,197000000.0,98000000.0,0.065,0.385,350000000.0,547000000.0,0.317,547000000.0,350000000.0,235000000.0,0.64,0.64,0.64,7991000000.0,,7991000000.0,13251066944.0,9.0,6.189,154000000.0,0.646,1.0,521000000.0,0.302,944000000.0,115000000.0,28712000000.0,,676000000.0,455000000.0,166000000.0,289000000.0,15715000000.0,1760000000.0,13955000000.0,5664066944.0,146000000.0,0.0,23000000.0,60000000.0,-92000000.0,-2000000.0,-243000000.0,-4000000.0,391000000.0,0.0,152000000.0,152000000.0,152000000.0,0.0,3000000.0,0.088,190000000.0,331000000.0,465000000.0,0.602,0.709,10.114,9.863,17747000000.0,0.0,23.77,0.787,0.787,1088000000.0,2526000000.0,1725000000.0,1725000000.0,0.0,,,,,0.0,0.0,1.0,238286367.0,238400000,238400000.0,7.236,22971000000.0,0.0,83000000.0,2944000000.0,96.355,1070000000.0
45,AEE,MRQ,2010-03-31,2010-03-31,2010-03-31,2021-08-07,-4000000.0,23688000000.0,,2658000000.0,21030000000.0,,33.253,-312000000.0,360000000.0,360000000.0,1455000000.0,106000000.0,1.621,1.972,7947000000.0,204000000.0,7743000000.0,7947000000.0,0.0,190000000.0,97000000.0,0.059,0.385,309000000.0,499000000.0,0.257,499000000.0,309000000.0,177000000.0,0.43,0.43,0.43,7901000000.0,,7901000000.0,13739095009.0,10.0,6.378,68000000.0,0.286,1.0,485000000.0,0.25,955000000.0,132000000.0,28680000000.0,,635000000.0,540000000.0,233000000.0,307000000.0,15578000000.0,1640000000.0,13938000000.0,6194095009.0,-262000000.0,0.0,20000000.0,-220000000.0,-91000000.0,-325000000.0,-317000000.0,-4000000.0,380000000.0,0.0,102000000.0,102000000.0,102000000.0,0.0,4000000.0,0.053,187000000.0,298000000.0,427000000.0,0.895,0.784,10.81,10.268,17671000000.0,0.0,26.08,0.865,0.866,1072000000.0,2466000000.0,1940000000.0,1940000000.0,0.0,,,,,0.0,0.0,1.0,237503643.0,237600000,237600000.0,8.165,22733000000.0,0.0,75000000.0,2883000000.0,95.678,1018000000.0
46,AEE,MRQ,2009-12-31,2009-12-31,2009-12-31,2021-08-07,-13000000.0,23702000000.0,,2842000000.0,20860000000.0,,33.162,-438000000.0,622000000.0,622000000.0,1284000000.0,82000000.0,1.661,1.991,8165000000.0,224000000.0,7941000000.0,8165000000.0,0.0,151000000.0,101000000.0,0.055,0.385,255000000.0,406000000.0,0.236,406000000.0,255000000.0,123000000.0,0.3,0.3,0.3,7856000000.0,,7856000000.0,13942942257.0,10.0,6.455,-167000000.0,-0.705,1.0,436000000.0,0.253,960000000.0,132000000.0,28574000000.0,,782000000.0,414000000.0,121000000.0,293000000.0,15642000000.0,1711000000.0,13931000000.0,6621942257.0,59000000.0,0.0,17000000.0,283000000.0,-91000000.0,224000000.0,-436000000.0,-3000000.0,271000000.0,0.0,79000000.0,79000000.0,79000000.0,0.0,3000000.0,0.046,191000000.0,245000000.0,694000000.0,1.283,0.843,10.82,10.054,17610000000.0,0.0,27.95,0.928,0.863,1109000000.0,2455000000.0,1720000000.0,1720000000.0,0.0,,,,,0.0,0.0,1.0,236921011.0,236900000,236900000.0,7.26,22742000000.0,0.0,44000000.0,2702000000.0,95.998,1131000000.0
47,AEE,MRQ,2009-09-30,2009-09-30,2009-09-30,2021-08-07,-21000000.0,23594000000.0,,2780000000.0,20814000000.0,,35.93,-461000000.0,563000000.0,563000000.0,1145000000.0,229000000.0,1.443,1.983,7884000000.0,563000000.0,7321000000.0,7884000000.0,0.0,193000000.0,107000000.0,0.071,0.385,496000000.0,689000000.0,0.38,689000000.0,496000000.0,362000000.0,1.04,1.04,1.04,7840000000.0,,7840000000.0,13583342918.0,10.0,6.453,364000000.0,1.668,1.0,670000000.0,0.369,969000000.0,134000000.0,28020000000.0,,857000000.0,519000000.0,239000000.0,280000000.0,15548000000.0,1926000000.0,13622000000.0,5419342918.0,312000000.0,0.0,570000000.0,-530000000.0,-83000000.0,-50000000.0,-463000000.0,-3000000.0,825000000.0,0.0,227000000.0,227000000.0,227000000.0,0.0,2000000.0,0.125,185000000.0,485000000.0,443000000.0,0.37,0.691,9.185,9.226,17272000000.0,0.0,25.28,0.737,0.75,848000000.0,2467000000.0,1815000000.0,1815000000.0,0.0,,,,,0.0,0.0,1.0,214372742.0,218200000,218200000.0,8.318,22625000000.0,0.0,135000000.0,2659000000.0,103.689,854000000.0
48,AEE,MRQ,2009-06-30,2009-06-30,2009-06-30,2021-08-07,-13000000.0,23190000000.0,,2664000000.0,20526000000.0,,33.46,-454000000.0,251000000.0,251000000.0,1137000000.0,168000000.0,1.047,2.216,8415000000.0,1094000000.0,7321000000.0,8415000000.0,0.0,188000000.0,0.0,0.082,0.385,372000000.0,560000000.0,0.333,560000000.0,372000000.0,248000000.0,0.77,0.77,0.77,7147000000.0,,7147000000.0,13288518953.0,10.0,6.565,-99000000.0,-0.463,1.0,547000000.0,0.325,981000000.0,124000000.0,27828000000.0,,733000000.0,526000000.0,277000000.0,249000000.0,15836000000.0,2545000000.0,13291000000.0,5315518953.0,-53000000.0,0.0,19000000.0,141000000.0,-82000000.0,42000000.0,-450000000.0,6000000.0,355000000.0,0.0,165000000.0,165000000.0,165000000.0,0.0,3000000.0,0.098,182000000.0,365000000.0,523000000.0,0.5,0.744,9.375,9.322,17006000000.0,0.0,24.89,0.7,0.7,1152000000.0,2323000000.0,1684000000.0,1684000000.0,0.0,,,,,0.0,0.0,1.0,213560424.0,213600000,213600000.0,7.884,22209000000.0,0.0,83000000.0,2420000000.0,103.975,119000000.0
49,AEE,MRQ,2009-03-31,2009-03-31,2009-03-31,2021-08-07,6000000.0,23071000000.0,,2757000000.0,20314000000.0,,33.197,-427000000.0,304000000.0,304000000.0,1421000000.0,145000000.0,0.957,2.237,8277000000.0,1377000000.0,6900000000.0,8277000000.0,0.0,176000000.0,0.0,0.099,0.385,329000000.0,505000000.0,0.264,505000000.0,329000000.0,211000000.0,0.66,0.66,0.66,7061000000.0,,7061000000.0,12887061239.0,9.0,6.205,89000000.0,0.418,1.0,495000000.0,0.258,991000000.0,118000000.0,27172000000.0,,657000000.0,547000000.0,324000000.0,223000000.0,15798000000.0,2881000000.0,12917000000.0,4871061239.0,212000000.0,0.0,28000000.0,172000000.0,-82000000.0,128000000.0,-432000000.0,-3000000.0,516000000.0,0.0,141000000.0,141000000.0,141000000.0,0.0,4000000.0,0.074,174000000.0,321000000.0,519000000.0,0.583,0.69,8.012,8.052,16781000000.0,0.0,23.19,0.632,0.64,1119000000.0,2241000000.0,1916000000.0,1916000000.0,0.0,,,,,0.0,0.0,1.0,210050075.0,212700000,212700000.0,9.008,22080000000.0,0.0,70000000.0,2339000000.0,103.808,-124000000.0
50,AEE,MRQ,2008-12-31,2008-12-31,2008-12-31,2021-08-07,0.0,22671000000.0,,2608000000.0,20063000000.0,,32.86,-592000000.0,92000000.0,92000000.0,1523000000.0,63000000.0,0.848,2.225,8108000000.0,1554000000.0,6554000000.0,8108000000.0,0.0,177000000.0,126000000.0,0.076,0.635,174000000.0,351000000.0,0.181,351000000.0,174000000.0,65000000.0,0.27,0.27,0.27,6963000000.0,,6963000000.0,14645921924.0,11.0,7.051,-321000000.0,-1.515,1.0,415000000.0,0.214,998000000.0,109000000.0,26612000000.0,,842000000.0,446000000.0,207000000.0,239000000.0,15492000000.0,3077000000.0,12415000000.0,7032921924.0,-114000000.0,0.0,47000000.0,292000000.0,-135000000.0,211000000.0,-596000000.0,3000000.0,271000000.0,0.0,57000000.0,57000000.0,57000000.0,0.0,6000000.0,0.029,246000000.0,169000000.0,813000000.0,2.352,1.01,11.625,11.549,16567000000.0,0.0,33.26,0.894,0.888,1258000000.0,2181000000.0,1938000000.0,1938000000.0,0.0,,,,,0.0,0.0,1.0,211452854.0,211900000,211900000.0,9.146,21673000000.0,0.0,8000000.0,2285000000.0,102.279,-469000000.0
51,AEE,MRQ,2008-09-30,2008-09-30,2008-09-30,2021-08-07,51000000.0,21479000000.0,,2547000000.0,18932000000.0,,33.49,-556000000.0,206000000.0,206000000.0,1459000000.0,215000000.0,0.873,2.05,7819000000.0,1676000000.0,6143000000.0,7819000000.0,0.0,178000000.0,0.0,0.065,0.635,430000000.0,608000000.0,0.295,608000000.0,430000000.0,317000000.0,0.97,0.97,0.97,7043000000.0,,7043000000.0,15880430691.0,11.0,7.318,196000000.0,0.932,1.0,601000000.0,0.292,998000000.0,113000000.0,25176000000.0,,956000000.0,269000000.0,0.0,269000000.0,14436000000.0,2918000000.0,11518000000.0,8204430691.0,1000000.0,0.0,32000000.0,-49000000.0,-133000000.0,-185000000.0,-566000000.0,-10000000.0,752000000.0,0.0,204000000.0,204000000.0,204000000.0,0.0,11000000.0,0.099,173000000.0,428000000.0,509000000.0,0.655,1.165,12.507,12.47,15977000000.0,0.0,39.03,1.06,1.06,1059000000.0,2259000000.0,2060000000.0,2060000000.0,0.0,,,,,0.0,0.0,1.0,210208319.0,210300000,210300000.0,9.796,20481000000.0,0.0,113000000.0,2302000000.0,97.389,-371000000.0
52,AEE,MRQ,2008-06-30,2008-06-30,2008-06-30,2021-08-07,-66000000.0,21645000000.0,,2766000000.0,18879000000.0,,32.539,-399000000.0,205000000.0,205000000.0,1236000000.0,217000000.0,0.899,2.175,7881000000.0,1735000000.0,6146000000.0,7881000000.0,0.0,170000000.0,0.0,0.06,0.635,443000000.0,613000000.0,0.342,613000000.0,443000000.0,325000000.0,0.98,0.98,0.98,6817000000.0,,6817000000.0,16166122662.0,11.0,7.198,-227000000.0,-1.084,1.0,554000000.0,0.309,1008000000.0,118000000.0,25235000000.0,,719000000.0,557000000.0,273000000.0,284000000.0,14828000000.0,3078000000.0,11750000000.0,8846122662.0,19000000.0,0.0,29000000.0,370000000.0,-133000000.0,255000000.0,-408000000.0,-13000000.0,172000000.0,0.0,206000000.0,206000000.0,206000000.0,0.0,11000000.0,0.115,111000000.0,443000000.0,527000000.0,0.648,1.298,12.71,12.644,15566000000.0,0.0,42.23,1.152,1.152,1294000000.0,2188000000.0,1790000000.0,1790000000.0,0.0,,,,,0.0,0.0,1.0,209474844.0,209500000,209500000.0,8.544,20637000000.0,0.0,119000000.0,2319000000.0,98.506,-312000000.0
53,AEE,MRQ,2008-03-31,2008-03-31,2008-03-31,2021-08-07,-19000000.0,20758000000.0,,2303000000.0,18455000000.0,,32.362,-522000000.0,186000000.0,186000000.0,1591000000.0,149000000.0,0.656,2.073,7506000000.0,2440000000.0,5066000000.0,7506000000.0,0.0,180000000.0,0.0,0.058,0.635,325000000.0,505000000.0,0.243,505000000.0,325000000.0,225000000.0,0.66,0.66,0.66,6754000000.0,,6754000000.0,16167744364.0,12.0,7.566,-193000000.0,-0.925,1.0,490000000.0,0.235,1020000000.0,100000000.0,23548000000.0,,556000000.0,291000000.0,0.0,291000000.0,14004000000.0,3510000000.0,10494000000.0,9138744364.0,-169000000.0,0.0,46000000.0,126000000.0,-133000000.0,29000000.0,-527000000.0,-3000000.0,329000000.0,0.0,138000000.0,138000000.0,138000000.0,0.0,11000000.0,0.066,169000000.0,321000000.0,443000000.0,0.962,1.353,14.437,14.439,15294000000.0,0.0,44.04,1.2,1.207,1289000000.0,2115000000.0,2081000000.0,2081000000.0,0.0,,,,,0.0,0.0,1.0,207510090.0,208700000,208700000.0,9.971,19738000000.0,0.0,87000000.0,2183000000.0,94.576,-1207000000.0
54,AEE,MRQ,2007-12-31,2007-12-31,2007-12-31,2021-08-07,36000000.0,20728000000.0,,2462000000.0,18266000000.0,,32.415,-375000000.0,355000000.0,355000000.0,1405000000.0,146000000.0,0.848,2.07,7384000000.0,1695000000.0,5689000000.0,7384000000.0,0.0,178000000.0,0.0,0.047,0.635,266000000.0,444000000.0,0.245,444000000.0,266000000.0,159000000.0,0.52,0.52,0.52,6752000000.0,,6752000000.0,17997176509.0,13.0,8.546,-187000000.0,-0.898,1.0,407000000.0,0.225,1029000000.0,107000000.0,23824000000.0,,735000000.0,342000000.0,35000000.0,307000000.0,13976000000.0,2904000000.0,11072000000.0,11276176509.0,185000000.0,0.0,20000000.0,496000000.0,-132000000.0,372000000.0,-375000000.0,-2000000.0,188000000.0,0.0,108000000.0,108000000.0,108000000.0,0.0,38000000.0,0.06,147000000.0,260000000.0,687000000.0,1.221,1.67,18.246,18.191,15069000000.0,0.0,54.21,1.491,1.487,1191000000.0,2110000000.0,1812000000.0,1812000000.0,0.0,,,,,0.0,0.0,1.0,208009159.0,208300000,208300000.0,8.699,19699000000.0,0.0,51000000.0,2239000000.0,94.57,-442000000.0
55,AEE,MRQ,2007-09-30,2007-09-30,2007-09-30,2021-08-07,41000000.0,20405000000.0,,2341000000.0,18064000000.0,,32.543,-335000000.0,170000000.0,170000000.0,1339000000.0,244000000.0,0.935,2.02,6891000000.0,1405000000.0,5486000000.0,6891000000.0,0.0,200000000.0,0.0,0.048,0.635,484000000.0,684000000.0,0.343,684000000.0,484000000.0,374000000.0,1.18,1.18,1.18,6756000000.0,,6756000000.0,17545085680.0,14.0,8.857,42000000.0,0.202,1.0,658000000.0,0.329,1028000000.0,110000000.0,23594000000.0,,757000000.0,301000000.0,0.0,301000000.0,13649000000.0,2504000000.0,11145000000.0,10899085680.0,-517000000.0,0.0,23000000.0,-439000000.0,-132000000.0,-555000000.0,-339000000.0,-2000000.0,377000000.0,0.0,244000000.0,244000000.0,244000000.0,0.0,0.0,0.122,176000000.0,482000000.0,415000000.0,0.538,1.613,19.088,19.091,14729000000.0,0.0,52.5,1.476,1.476,1212000000.0,2134000000.0,1997000000.0,1997000000.0,0.0,,,,,0.0,0.0,1.0,207601632.0,207600000,207600000.0,9.619,19377000000.0,0.0,130000000.0,2302000000.0,93.338,-163000000.0
56,AEE,MRQ,2007-06-30,2007-06-30,2007-06-30,2021-08-07,42000000.0,20531000000.0,,2565000000.0,17966000000.0,,31.956,-359000000.0,687000000.0,687000000.0,1226000000.0,143000000.0,0.91,2.102,7333000000.0,1822000000.0,5511000000.0,7333000000.0,0.0,175000000.0,0.0,0.052,0.635,329000000.0,504000000.0,0.292,504000000.0,329000000.0,221000000.0,0.69,0.69,0.69,6618000000.0,,6618000000.0,16501133076.0,12.0,8.222,-174000000.0,-0.84,1.0,502000000.0,0.291,1037000000.0,108000000.0,23320000000.0,,612000000.0,314000000.0,0.0,314000000.0,13913000000.0,2820000000.0,11093000000.0,10146133076.0,526000000.0,0.0,27000000.0,822000000.0,-132000000.0,709000000.0,-368000000.0,-6000000.0,185000000.0,0.0,143000000.0,143000000.0,143000000.0,0.0,0.0,0.083,176000000.0,326000000.0,455000000.0,0.92,1.533,16.365,16.391,14538000000.0,0.0,49.01,1.39,1.391,1088000000.0,2023000000.0,1728000000.0,1728000000.0,0.0,,,,,0.0,0.0,1.0,207021691.0,207100000,207100000.0,8.344,19494000000.0,0.0,78000000.0,2272000000.0,94.128,-255000000.0
57,AEE,MRQ,2007-03-31,2007-03-31,2007-03-31,2021-08-07,23000000.0,19626000000.0,,1860000000.0,17766000000.0,,31.738,-380000000.0,161000000.0,161000000.0,1548000000.0,123000000.0,0.827,1.993,6516000000.0,1256000000.0,5260000000.0,6516000000.0,0.0,182000000.0,0.0,0.05,0.635,294000000.0,476000000.0,0.235,476000000.0,294000000.0,194000000.0,0.59,0.59,0.59,6557000000.0,,6557000000.0,16569314843.0,13.0,8.488,-22000000.0,-0.106,1.0,476000000.0,0.235,1041000000.0,100000000.0,22691000000.0,,489000000.0,301000000.0,0.0,301000000.0,13069000000.0,2249000000.0,10820000000.0,10353314843.0,24000000.0,0.0,21000000.0,167000000.0,-131000000.0,52000000.0,-386000000.0,-4000000.0,358000000.0,0.0,123000000.0,123000000.0,123000000.0,0.0,0.0,0.061,183000000.0,293000000.0,454000000.0,1.076,1.579,17.256,17.345,14353000000.0,0.0,50.3,1.454,1.46,1080000000.0,2011000000.0,2024000000.0,2024000000.0,0.0,,,,,0.0,0.0,1.0,205831309.0,206600000,206600000.0,9.797,18585000000.0,0.0,71000000.0,2253000000.0,89.956,-389000000.0
58,AEE,MRQ,2006-12-31,2006-12-31,2006-12-31,2021-08-07,62000000.0,19635000000.0,,1874000000.0,17761000000.0,,31.925,-256000000.0,137000000.0,137000000.0,1290000000.0,61000000.0,0.851,1.983,6353000000.0,1068000000.0,5285000000.0,6353000000.0,0.0,149000000.0,0.0,0.047,0.635,168000000.0,317000000.0,0.194,317000000.0,168000000.0,72000000.0,0.29,0.29,0.29,6583000000.0,,6583000000.0,17173465320.0,15.0,9.349,-46000000.0,-0.223,1.0,345000000.0,0.211,1048000000.0,96000000.0,22600000000.0,,647000000.0,285000000.0,0.0,285000000.0,13052000000.0,2203000000.0,10849000000.0,11082465320.0,103000000.0,0.0,18000000.0,235000000.0,-131000000.0,115000000.0,-222000000.0,-2000000.0,210000000.0,0.0,61000000.0,61000000.0,61000000.0,0.0,0.0,0.037,176000000.0,169000000.0,671000000.0,2.19,1.683,20.26,20.199,14286000000.0,0.0,53.73,1.607,1.602,887000000.0,2024000000.0,1635000000.0,1635000000.0,0.0,,,,,0.0,0.0,1.0,206262150.0,206200000,206200000.0,7.929,18587000000.0,0.0,11000000.0,2320000000.0,90.141,-329000000.0
59,AEE,MRQ,2006-09-30,2006-09-30,2006-09-30,2021-08-07,-23000000.0,18830000000.0,,1737000000.0,17093000000.0,,31.802,-256000000.0,34000000.0,34000000.0,1201000000.0,293000000.0,0.944,1.876,6125000000.0,776000000.0,5349000000.0,6125000000.0,0.0,167000000.0,0.0,0.048,0.635,543000000.0,710000000.0,0.372,710000000.0,543000000.0,454000000.0,1.42,1.42,1.42,6548000000.0,,6548000000.0,17042715129.0,15.0,9.463,194000000.0,0.942,1.0,709000000.0,0.371,1204000000.0,89000000.0,21877000000.0,,710000000.0,302000000.0,0.0,302000000.0,12282000000.0,1840000000.0,10442000000.0,10867715129.0,-17000000.0,0.0,21000000.0,-98000000.0,-131000000.0,-218000000.0,-249000000.0,-5000000.0,450000000.0,0.0,293000000.0,293000000.0,293000000.0,0.0,0.0,0.153,162000000.0,547000000.0,382000000.0,0.447,1.66,21.478,21.635,14028000000.0,0.0,52.79,1.561,1.561,846000000.0,2094000000.0,1910000000.0,1910000000.0,0.0,,,,,0.0,0.0,1.0,205866928.0,205900000,205900000.0,9.276,17626000000.0,0.0,161000000.0,2383000000.0,85.605,-103000000.0
60,AEE,MRQ,2006-06-30,2006-06-30,2006-06-30,2021-08-07,-36000000.0,18450000000.0,,1545000000.0,16905000000.0,,30.91,-219000000.0,51000000.0,51000000.0,1112000000.0,123000000.0,1.097,1.906,6226000000.0,521000000.0,5705000000.0,6226000000.0,0.0,171000000.0,0.0,0.05,0.635,278000000.0,449000000.0,0.29,449000000.0,278000000.0,191000000.0,0.6,0.6,0.6,6349000000.0,,6349000000.0,16463024510.0,15.0,9.146,27000000.0,0.131,1.0,438000000.0,0.283,1226000000.0,87000000.0,21991000000.0,,549000000.0,289000000.0,0.0,289000000.0,12101000000.0,1408000000.0,10693000000.0,10370024510.0,22000000.0,0.0,30000000.0,107000000.0,-130000000.0,-2000000.0,-222000000.0,-2000000.0,246000000.0,0.0,123000000.0,123000000.0,123000000.0,0.0,0.0,0.079,162000000.0,276000000.0,404000000.0,1.058,1.633,21.035,21.13,13920000000.0,0.0,50.5,1.496,1.496,835000000.0,1932000000.0,1550000000.0,1550000000.0,0.0,,,,,0.0,0.0,1.0,205347020.0,205400000,205400000.0,7.546,17224000000.0,0.0,68000000.0,2178000000.0,83.856,137000000.0
61,AEE,MRQ,2006-03-31,2006-03-31,2006-03-31,2021-08-07,-44000000.0,18314000000.0,,1463000000.0,16851000000.0,,30.83,-536000000.0,29000000.0,29000000.0,1443000000.0,70000000.0,0.976,1.901,6122000000.0,614000000.0,5508000000.0,6122000000.0,0.0,169000000.0,0.0,0.051,0.635,190000000.0,359000000.0,0.199,359000000.0,190000000.0,114000000.0,0.34,0.34,0.34,6314000000.0,,6314000000.0,15695877636.0,13.0,8.362,-163000000.0,-0.796,1.0,357000000.0,0.198,1240000000.0,76000000.0,21668000000.0,,423000000.0,309000000.0,0.0,309000000.0,12000000000.0,1499000000.0,10501000000.0,10148877636.0,-67000000.0,0.0,27000000.0,243000000.0,-130000000.0,133000000.0,-573000000.0,-3000000.0,373000000.0,0.0,70000000.0,70000000.0,70000000.0,0.0,0.0,0.039,161000000.0,196000000.0,338000000.0,1.868,1.607,18.286,18.316,13854000000.0,0.0,49.82,1.457,1.465,899000000.0,1939000000.0,1800000000.0,1800000000.0,0.0,,,,,0.0,0.0,1.0,203710912.0,204800000,204800000.0,8.789,17074000000.0,0.0,44000000.0,2228000000.0,83.369,-36000000.0
62,AEE,MRQ,2005-12-31,2005-12-31,2005-12-31,2021-08-07,-24000000.0,18171000000.0,,1818000000.0,16353000000.0,,31.135,-222000000.0,96000000.0,96000000.0,1394000000.0,20000000.0,1.223,1.855,5643000000.0,289000000.0,5354000000.0,5643000000.0,0.0,157000000.0,0.0,0.05,0.635,126000000.0,283000000.0,0.166,283000000.0,126000000.0,46000000.0,0.08,0.08,0.08,6364000000.0,,6364000000.0,15759981621.0,12.0,8.213,-148000000.0,-0.724,1.0,307000000.0,0.18,1299000000.0,80000000.0,20932000000.0,,572000000.0,300000000.0,0.0,300000000.0,11807000000.0,1487000000.0,10320000000.0,10466981621.0,-182000000.0,-12000000.0,24000000.0,75000000.0,-128000000.0,-31000000.0,-225000000.0,-12000000.0,74000000.0,0.0,20000000.0,20000000.0,20000000.0,0.0,0.0,0.012,160000000.0,147000000.0,706000000.0,7.938,1.645,17.272,16.967,13581000000.0,0.0,51.24,1.544,1.518,965000000.0,1999000000.0,1701000000.0,1701000000.0,0.0,,,,,0.0,0.0,1.0,204273646.0,204400000,204400000.0,8.322,16872000000.0,0.0,26000000.0,2229000000.0,82.544,331000000.0
63,AEE,MRQ,2005-09-30,2005-09-30,2005-09-30,2021-08-07,-17000000.0,18090000000.0,,1983000000.0,16107000000.0,,31.678,-221000000.0,278000000.0,278000000.0,1214000000.0,280000000.0,1.42,1.802,5571000000.0,370000000.0,5201000000.0,5571000000.0,0.0,200000000.0,0.0,0.047,0.635,509000000.0,709000000.0,0.377,709000000.0,509000000.0,439000000.0,1.37,1.37,1.37,6456000000.0,,6456000000.0,16312483832.0,12.0,8.044,207000000.0,1.016,1.0,667000000.0,0.355,957000000.0,70000000.0,21030000000.0,,840000000.0,368000000.0,0.0,368000000.0,11634000000.0,1396000000.0,10238000000.0,10899483832.0,251000000.0,12000000.0,28000000.0,134000000.0,-130000000.0,28000000.0,-205000000.0,0.0,428000000.0,0.0,280000000.0,280000000.0,280000000.0,0.0,0.0,0.149,158000000.0,509000000.0,461000000.0,0.464,1.688,16.292,16.111,13402000000.0,0.0,53.49,1.659,1.66,806000000.0,2109000000.0,1881000000.0,1881000000.0,0.0,,,,,0.0,0.0,1.0,203766757.0,203800000,203800000.0,9.23,17133000000.0,0.0,159000000.0,2308000000.0,84.068,587000000.0
64,AEE,MRQ,2005-06-30,2005-06-30,2005-06-30,2021-08-07,-30000000.0,17491000000.0,,1565000000.0,15926000000.0,,31.367,-242000000.0,27000000.0,27000000.0,1061000000.0,185000000.0,1.134,1.792,5440000000.0,511000000.0,4929000000.0,5440000000.0,0.0,164000000.0,0.0,0.046,0.635,362000000.0,526000000.0,0.332,526000000.0,362000000.0,285000000.0,0.93,0.93,0.93,6264000000.0,,6264000000.0,16557718151.0,13.0,8.845,150000000.0,0.751,1.0,523000000.0,0.33,934000000.0,77000000.0,20590000000.0,,649000000.0,373000000.0,0.0,373000000.0,11227000000.0,1380000000.0,9847000000.0,10833718151.0,-3000000.0,0.0,372000000.0,-308000000.0,-129000000.0,-66000000.0,-329000000.0,0.0,392000000.0,0.0,185000000.0,185000000.0,185000000.0,0.0,0.0,0.117,157000000.0,366000000.0,370000000.0,0.683,1.73,17.446,17.556,13397000000.0,0.0,55.3,1.807,1.842,819000000.0,1959000000.0,1584000000.0,1584000000.0,0.0,,,,,0.0,0.0,1.0,195908104.0,199700000,199700000.0,7.932,16557000000.0,0.0,100000000.0,2205000000.0,82.909,185000000.0
65,AEE,MRQ,2005-03-31,2005-03-31,2005-03-31,2021-08-07,-28000000.0,17333000000.0,,1438000000.0,15895000000.0,,29.892,-213000000.0,30000000.0,30000000.0,1206000000.0,121000000.0,0.859,1.969,5754000000.0,772000000.0,4982000000.0,5754000000.0,0.0,135000000.0,0.0,0.052,0.635,266000000.0,401000000.0,0.247,401000000.0,266000000.0,192000000.0,0.62,0.62,0.62,5838000000.0,,5838000000.0,14773879109.0,13.0,8.579,144000000.0,0.737,1.0,420000000.0,0.258,927000000.0,74000000.0,20455000000.0,,563000000.0,371000000.0,0.0,371000000.0,11495000000.0,1675000000.0,9820000000.0,8981879109.0,-39000000.0,0.0,30000000.0,-100000000.0,-124000000.0,-194000000.0,-202000000.0,0.0,357000000.0,0.0,121000000.0,121000000.0,121000000.0,0.0,0.0,0.074,157000000.0,263000000.0,365000000.0,1.024,1.539,16.213,17.077,13332000000.0,0.0,49.01,1.616,1.722,791000000.0,1903000000.0,1626000000.0,1626000000.0,0.0,,,,,0.0,0.0,1.0,183266254.0,195300000,195300000.0,8.326,16406000000.0,0.0,71000000.0,2120000000.0,84.004,-237000000.0
66,AEE,MRQ,2004-12-31,2004-12-31,2004-12-31,2021-08-07,-45000000.0,17450000000.0,,1472000000.0,15978000000.0,,29.728,-284000000.0,69000000.0,69000000.0,1115000000.0,83000000.0,0.82,2.009,5861000000.0,840000000.0,5021000000.0,5861000000.0,0.0,183000000.0,0.0,0.051,0.635,209000000.0,392000000.0,0.265,392000000.0,209000000.0,123000000.0,0.4,0.4,0.4,5800000000.0,,5800000000.0,15578098165.0,14.0,9.323,92000000.0,0.472,1.0,362000000.0,0.245,1066000000.0,86000000.0,20381000000.0,,497000000.0,375000000.0,0.0,375000000.0,11650000000.0,1795000000.0,9855000000.0,9767098165.0,-578000000.0,8000000.0,23000000.0,-574000000.0,-123000000.0,-682000000.0,-272000000.0,-11000000.0,376000000.0,0.0,83000000.0,83000000.0,83000000.0,0.0,0.0,0.056,159000000.0,203000000.0,567000000.0,1.587,1.684,18.428,17.655,13297000000.0,0.0,50.14,1.902,1.82,816000000.0,1904000000.0,1477000000.0,1477000000.0,0.0,,,,,0.0,0.0,1.0,194796533.0,195100000,195100000.0,7.57,16384000000.0,0.0,40000000.0,2079000000.0,83.977,-323000000.0
67,AEE,MRQ,2004-09-30,2004-09-30,2004-09-30,2021-08-07,-27000000.0,17764000000.0,,2142000000.0,15622000000.0,,30.14,-170000000.0,647000000.0,647000000.0,758000000.0,232000000.0,1.559,2.046,6458000000.0,294000000.0,6164000000.0,6458000000.0,0.0,136000000.0,0.0,0.055,0.635,417000000.0,553000000.0,0.423,553000000.0,417000000.0,355000000.0,1.2,1.2,1.2,5832000000.0,,5832000000.0,12831783958.0,13.0,8.284,130000000.0,0.672,1.0,549000000.0,0.42,979000000.0,62000000.0,21222000000.0,,605000000.0,359000000.0,0.0,359000000.0,11932000000.0,1374000000.0,10558000000.0,8965783958.0,136000000.0,-451000000.0,483000000.0,105000000.0,-124000000.0,446000000.0,-610000000.0,0.0,300000000.0,0.0,232000000.0,232000000.0,232000000.0,0.0,0.0,0.178,136000000.0,413000000.0,320000000.0,0.529,1.537,18.486,17.548,13052000000.0,0.0,46.15,1.911,1.904,782000000.0,1945000000.0,1307000000.0,1307000000.0,0.0,,,,,0.0,0.0,1.0,194274842.0,193500000,193500000.0,6.755,16785000000.0,0.0,123000000.0,2115000000.0,86.744,768000000.0
68,AEE,MRQ,2004-06-30,2004-06-30,2004-06-30,2021-08-07,-41000000.0,14677000000.0,,1652000000.0,13025000000.0,,28.67,-216000000.0,511000000.0,511000000.0,771000000.0,118000000.0,1.598,1.802,4377000000.0,326000000.0,4051000000.0,4377000000.0,0.0,132000000.0,0.0,0.059,0.635,244000000.0,376000000.0,0.327,376000000.0,244000000.0,178000000.0,0.65,0.65,0.65,5238000000.0,,5238000000.0,11614377132.0,11.0,7.143,-24000000.0,-0.131,1.0,378000000.0,0.329,565000000.0,66000000.0,16944000000.0,,458000000.0,372000000.0,0.0,372000000.0,9439000000.0,1034000000.0,8405000000.0,7846377132.0,-122000000.0,0.0,32000000.0,-23000000.0,-116000000.0,-108000000.0,-206000000.0,0.0,192000000.0,0.0,118000000.0,118000000.0,118000000.0,0.0,0.0,0.103,132000000.0,246000000.0,273000000.0,0.977,1.498,14.861,13.725,11052000000.0,0.0,42.96,1.656,1.657,648000000.0,1835000000.0,1149000000.0,1149000000.0,0.0,,,,,0.0,0.0,1.0,182643788.0,182700000,182700000.0,6.289,14112000000.0,0.0,60000000.0,2140000000.0,77.241,618000000.0
69,AEE,MRQ,2004-03-31,2004-03-31,2004-03-31,2021-08-07,-44000000.0,14639000000.0,,1687000000.0,12952000000.0,,29.851,-168000000.0,633000000.0,633000000.0,872000000.0,97000000.0,1.66,1.814,4401000000.0,333000000.0,4068000000.0,4401000000.0,0.0,130000000.0,0.0,0.055,0.635,220000000.0,350000000.0,0.287,350000000.0,220000000.0,156000000.0,0.55,0.55,0.55,5203000000.0,,5203000000.0,12068979180.0,11.0,7.413,76000000.0,0.436,1.0,346000000.0,0.284,565000000.0,64000000.0,16826000000.0,,412000000.0,379000000.0,0.0,379000000.0,9436000000.0,1016000000.0,8420000000.0,7450979180.0,522000000.0,0.0,903000000.0,-259000000.0,-116000000.0,439000000.0,-161000000.0,0.0,244000000.0,0.0,97000000.0,97000000.0,97000000.0,0.0,0.0,0.08,130000000.0,216000000.0,249000000.0,1.155,1.432,14.329,14.585,10963000000.0,0.0,46.09,1.593,1.718,588000000.0,1834000000.0,1218000000.0,1218000000.0,0.0,,,,,0.0,0.0,1.0,161661514.0,174300000,174300000.0,6.988,14074000000.0,0.0,59000000.0,2130000000.0,80.746,671000000.0
70,AEE,MRQ,2003-12-31,2003-12-31,2003-12-31,2021-08-07,-44000000.0,14236000000.0,,1317000000.0,12919000000.0,,26.827,-246000000.0,111000000.0,111000000.0,747000000.0,38000000.0,0.904,2.27,4729000000.0,659000000.0,4070000000.0,4729000000.0,0.0,131000000.0,0.0,0.055,0.635,139000000.0,270000000.0,0.265,270000000.0,139000000.0,66000000.0,0.23,0.23,0.23,4354000000.0,,4354000000.0,11918427232.0,11.0,7.353,-76000000.0,-0.468,1.0,270000000.0,0.265,574000000.0,73000000.0,16823000000.0,,487000000.0,364000000.0,0.0,364000000.0,9882000000.0,1457000000.0,8425000000.0,7470427232.0,11000000.0,10000000.0,25000000.0,191000000.0,-102000000.0,84000000.0,-243000000.0,0.0,170000000.0,0.0,38000000.0,38000000.0,38000000.0,0.0,0.0,0.037,131000000.0,139000000.0,480000000.0,2.761,1.716,14.257,14.154,10920000000.0,0.0,46.0,1.633,1.62,673000000.0,1853000000.0,1017000000.0,1017000000.0,0.0,,,,,0.0,0.0,1.0,162400592.0,162300000,162300000.0,6.266,13662000000.0,0.0,28000000.0,2107000000.0,84.177,-140000000.0
71,AEE,MRQ,2003-09-30,2003-09-30,2003-09-30,2021-08-07,-103000000.0,13537000000.0,,1310000000.0,12227000000.0,,26.786,-126000000.0,100000000.0,100000000.0,772000000.0,275000000.0,1.049,2.123,4548000000.0,502000000.0,4046000000.0,4548000000.0,0.0,132000000.0,0.0,0.059,0.635,498000000.0,630000000.0,0.466,630000000.0,498000000.0,429000000.0,1.7,1.7,1.7,4334000000.0,,4334000000.0,11605821523.0,12.0,7.917,296000000.0,1.829,1.0,581000000.0,0.429,630000000.0,69000000.0,16106000000.0,,476000000.0,361000000.0,0.0,361000000.0,9203000000.0,1249000000.0,7954000000.0,6942821523.0,-1000000.0,0.0,28000000.0,-205000000.0,-103000000.0,-301000000.0,-122000000.0,0.0,422000000.0,0.0,275000000.0,275000000.0,275000000.0,0.0,0.0,0.203,81000000.0,500000000.0,275000000.0,0.374,1.602,15.293,15.661,10152000000.0,0.0,42.91,1.588,1.588,677000000.0,1917000000.0,1353000000.0,1353000000.0,0.0,,,,,0.0,0.0,1.0,161799616.0,161800000,161800000.0,8.362,12907000000.0,0.0,154000000.0,2377000000.0,79.771,61000000.0
72,AEE,MRQ,2003-06-30,2003-06-30,2003-06-30,2021-08-07,-100000000.0,13457000000.0,,1177000000.0,12280000000.0,,25.664,-189000000.0,101000000.0,101000000.0,706000000.0,110000000.0,0.932,2.253,4764000000.0,587000000.0,4177000000.0,4764000000.0,0.0,132000000.0,0.0,0.058,0.635,246000000.0,378000000.0,0.347,378000000.0,246000000.0,177000000.0,0.68,0.68,0.68,4137000000.0,,4137000000.0,11672743082.0,13.0,8.428,15000000.0,0.093,1.0,382000000.0,0.351,620000000.0,69000000.0,16237000000.0,,420000000.0,359000000.0,0.0,359000000.0,9320000000.0,1263000000.0,8057000000.0,7109743082.0,-193000000.0,-1000000.0,23000000.0,-111000000.0,-103000000.0,-210000000.0,-187000000.0,0.0,204000000.0,0.0,110000000.0,110000000.0,110000000.0,0.0,0.0,0.101,132000000.0,250000000.0,297000000.0,0.934,1.719,16.968,16.455,10197000000.0,0.0,44.1,1.699,1.699,612000000.0,1745000000.0,1088000000.0,1088000000.0,0.0,,,,,0.0,0.0,1.0,161218664.0,161200000,161200000.0,6.749,12837000000.0,0.0,67000000.0,2283000000.0,79.634,-86000000.0
73,AEE,MRQ,2003-03-31,2003-03-31,2003-03-31,2021-08-07,-96000000.0,13589000000.0,,1291000000.0,12298000000.0,,25.865,-144000000.0,294000000.0,294000000.0,783000000.0,101000000.0,1.221,2.306,4857000000.0,358000000.0,4499000000.0,4857000000.0,0.0,124000000.0,0.0,0.065,0.635,219000000.0,343000000.0,0.31,343000000.0,219000000.0,153000000.0,0.63,0.63,0.63,4110000000.0,,4110000000.0,8769432080.0,10.0,6.477,82000000.0,0.516,1.0,325000000.0,0.293,621000000.0,66000000.0,16474000000.0,,354000000.0,341000000.0,0.0,341000000.0,9479000000.0,1057000000.0,8422000000.0,5653432080.0,-334000000.0,-488000000.0,285000000.0,-102000000.0,-102000000.0,69000000.0,-629000000.0,0.0,226000000.0,0.0,101000000.0,101000000.0,101000000.0,0.0,0.0,0.091,124000000.0,201000000.0,295000000.0,1.008,1.376,13.334,13.946,10182000000.0,0.0,39.05,1.387,1.523,594000000.0,1738000000.0,1108000000.0,1108000000.0,0.0,,,,,0.0,0.0,1.0,144774189.0,158900000,158900000.0,6.973,12968000000.0,0.0,52000000.0,2308000000.0,81.611,234000000.0
74,AEE,MRQ,2002-12-31,2002-12-31,2002-12-31,2021-08-07,-93000000.0,12151000000.0,,1452000000.0,10699000000.0,,25.011,-225000000.0,628000000.0,628000000.0,615000000.0,-32000000.0,1.209,2.163,4043000000.0,610000000.0,3433000000.0,4043000000.0,0.0,110000000.0,0.0,0.061,0.635,5000000.0,115000000.0,0.14,115000000.0,5000000.0,-51000000.0,-0.27,-0.26,-0.27,3842000000.0,,3842000000.0,9501696401.0,11.0,7.517,-131000000.0,-0.853,1.0,208000000.0,0.253,0.0,56000000.0,14365000000.0,,299000000.0,210000000.0,0.0,210000000.0,8309000000.0,1201000000.0,7108000000.0,6385696401.0,-1000000.0,0.0,23000000.0,176000000.0,-97000000.0,126000000.0,-221000000.0,0.0,94000000.0,0.0,-32000000.0,-32000000.0,-32000000.0,0.0,0.0,-0.039,202000000.0,6000000.0,369000000.0,-2.352,1.662,16.716,15.927,9492000000.0,0.0,41.57,1.663,1.663,486000000.0,1739000000.0,823000000.0,823000000.0,0.0,,,,,0.0,0.0,1.0,153613096.0,153613096,153600000.0,5.358,12151000000.0,0.0,-19000000.0,1901000000.0,79.101,251000000.0
75,AEE,MRQ,2002-09-30,2002-09-30,2002-09-30,2021-08-07,7000000.0,11214000000.0,,1460000000.0,9754000000.0,,27.921,-173000000.0,629000000.0,629000000.0,617000000.0,240000000.0,1.417,1.771,3745000000.0,261000000.0,3484000000.0,3745000000.0,0.0,108000000.0,0.0,0.061,0.635,441000000.0,549000000.0,0.471,549000000.0,441000000.0,385000000.0,1.64,1.63,1.64,4047000000.0,,4047000000.0,9585035428.0,10.0,7.043,214000000.0,1.476,1.0,549000000.0,0.471,0.0,56000000.0,13300000000.0,,148000000.0,200000000.0,0.0,200000000.0,7167000000.0,1030000000.0,6137000000.0,6037035428.0,479000000.0,0.0,366000000.0,22000000.0,-97000000.0,263000000.0,-171000000.0,0.0,387000000.0,0.0,240000000.0,240000000.0,240000000.0,0.0,0.0,0.206,108000000.0,441000000.0,175000000.0,0.387,1.492,13.039,12.975,8689000000.0,0.0,41.65,1.79,1.79,509000000.0,1868000000.0,1166000000.0,1166000000.0,0.0,,,,,0.0,0.0,1.0,144946829.0,144946829,146700000.0,8.044,11214000000.0,552000000.0,145000000.0,2105000000.0,77.366,430000000.0
76,AEE,MRQ,2002-06-30,2002-06-30,2002-06-30,2021-08-07,3000000.0,10710000000.0,,976000000.0,9734000000.0,,24.55,-253000000.0,150000000.0,150000000.0,499000000.0,115000000.0,0.987,2.021,3698000000.0,189000000.0,3509000000.0,3698000000.0,0.0,106000000.0,0.0,0.059,0.635,241000000.0,347000000.0,0.355,347000000.0,241000000.0,188000000.0,0.8,0.8,0.8,3545000000.0,,3545000000.0,9671369459.0,10.0,6.84,-17000000.0,-0.118,1.0,479000000.0,0.49,0.0,53000000.0,13269000000.0,,133000000.0,213000000.0,0.0,213000000.0,7165000000.0,989000000.0,6176000000.0,6208369459.0,90000000.0,0.0,23000000.0,173000000.0,-91000000.0,105000000.0,-251000000.0,0.0,236000000.0,0.0,115000000.0,115000000.0,115000000.0,0.0,0.0,0.118,209000000.0,270000000.0,253000000.0,0.794,1.751,12.67,12.254,8624000000.0,0.0,43.01,1.711,1.711,534000000.0,1725000000.0,978000000.0,978000000.0,0.0,,,,,0.0,0.0,1.0,144347116.0,144400000,144400000.0,6.773,10710000000.0,579000000.0,73000000.0,1983000000.0,74.169,-13000000.0
77,AEE,MRQ,2002-03-31,2002-03-31,2002-03-31,2021-08-07,0.0,10405000000.0,,784000000.0,9621000000.0,,25.025,-164000000.0,60000000.0,60000000.0,465000000.0,59000000.0,0.853,1.976,3523000000.0,242000000.0,3281000000.0,3523000000.0,0.0,107000000.0,0.0,0.059,0.635,149000000.0,256000000.0,0.293,256000000.0,149000000.0,97000000.0,0.42,0.42,0.42,3496000000.0,,3496000000.0,9702360940.0,10.0,7.061,-54000000.0,-0.387,1.0,409000000.0,0.468,0.0,52000000.0,12949000000.0,,121000000.0,227000000.0,0.0,227000000.0,6909000000.0,919000000.0,5990000000.0,6153777940.0,-7000000.0,0.0,246000000.0,-95000000.0,-91000000.0,43000000.0,-160000000.0,0.0,110000000.0,0.0,59000000.0,59000000.0,59000000.0,0.0,0.0,0.068,176000000.0,233000000.0,174000000.0,1.512,1.76,13.093,12.574,8478000000.0,0.0,42.75,1.66,1.611,434000000.0,1701000000.0,874000000.0,874000000.0,0.0,,,,,0.0,0.0,1.0,143948022.0,139700000,139700000.0,6.256,10405000000.0,604000000.0,38000000.0,1972000000.0,74.481,-135000000.0
78,AEE,MRQ,2001-12-31,2001-12-31,2001-12-31,2021-08-07,5000000.0,10401000000.0,,863000000.0,9538000000.0,,24.333,-299000000.0,67000000.0,67000000.0,1334000000.0,49000000.0,0.546,2.106,3615000000.0,780000000.0,2835000000.0,3615000000.0,0.0,103000000.0,0.0,0.06,0.635,106000000.0,209000000.0,0.589,209000000.0,106000000.0,64000000.0,0.35,0.35,0.35,3349000000.0,,3349000000.0,9027017132.0,9.0,6.584,-284000000.0,-2.064,1.0,-979000000.0,-2.758,0.0,42000000.0,12368000000.0,,295000000.0,226000000.0,0.0,226000000.0,7052000000.0,1581000000.0,5471000000.0,5821446132.0,-45000000.0,0.0,21000000.0,289000000.0,-89000000.0,231000000.0,-291000000.0,0.0,15000000.0,0.0,49000000.0,49000000.0,49000000.0,0.0,0.0,0.138,-911000000.0,-68000000.0,392000000.0,1.814,1.738,12.412,12.405,8427000000.0,0.0,42.3,1.509,1.506,460000000.0,1733000000.0,355000000.0,355000000.0,0.0,,,,,0.0,0.0,1.0,137622840.0,137629266,137600000.0,2.579,10401000000.0,0.0,15000000.0,1911000000.0,75.573,-718000000.0
79,AEE,MRQ,2001-09-30,2001-09-30,2001-09-30,2021-08-07,-4755000.0,10277936000.0,,983081000.0,9294855000.0,,24.462,-276000000.0,112112000.0,112112000.0,484000000.0,267000000.0,0.661,2.062,3317683000.0,506535000.0,2811148000.0,3317683000.0,0.0,104000000.0,0.0,0.066,0.635,498000000.0,602000000.0,0.423,602000000.0,498000000.0,447000000.0,1.94,1.94,1.94,3356714000.0,,3356714000.0,8641259741.0,9.0,6.365,235000000.0,1.713,1.0,938000000.0,0.66,0.0,51000000.0,11996978000.0,,155955000.0,214665000.0,0.0,214665000.0,6921222000.0,1486529000.0,5434693000.0,5269073741.0,39000000.0,0.0,12000000.0,-129000000.0,-87000000.0,-203000000.0,-269000000.0,0.0,511000000.0,0.0,267000000.0,267000000.0,267000000.0,0.0,0.0,0.188,423000000.0,515000000.0,287060000.0,0.327,1.57,11.817,11.815,8225397000.0,0.0,38.4,1.198,1.198,559186000.0,1772113000.0,1422000000.0,1422000000.0,0.0,,,,,0.0,0.0,1.0,137215462.0,137222499,137200000.0,10.363,10277936000.0,602414000.0,180000000.0,2159393000.0,74.9,-503448000.0
80,AEE,MRQ,2001-06-30,2001-06-30,2001-06-30,2021-08-07,-5587000.0,10063415000.0,,911333000.0,9152082000.0,,23.06,-339000000.0,72530000.0,72530000.0,366000000.0,95000000.0,0.709,2.181,3444716000.0,471427000.0,2973289000.0,3444716000.0,0.0,103000000.0,0.0,0.059,0.635,204000000.0,307000000.0,0.29,307000000.0,204000000.0,156000000.0,0.69,0.69,0.69,3163835000.0,,3163835000.0,8834674227.0,10.0,6.726,-314000000.0,-2.289,1.0,691000000.0,0.654,0.0,48000000.0,12150096000.0,,149680000.0,227474000.0,0.0,227474000.0,6899580000.0,1285505000.0,5614075000.0,5859100227.0,-19000000.0,0.0,0.0,408000000.0,-87000000.0,292000000.0,-336000000.0,0.0,25000000.0,0.0,95000000.0,95000000.0,95000000.0,0.0,0.0,0.09,473000000.0,218000000.0,314609000.0,0.92,1.852,13.469,13.428,8057790000.0,0.0,42.7,1.404,1.404,538385000.0,1592406000.0,1057000000.0,1057000000.0,0.0,,,,,0.0,0.0,1.0,137215462.0,137200000,137200000.0,7.704,10063415000.0,601281000.0,61000000.0,1969804000.0,73.349,-374172000.0
81,AEE,MRQ,2001-03-31,2001-03-31,2001-03-31,2021-08-07,-3998000.0,9666815000.0,,772084000.0,8894731000.0,,23.023,-212000000.0,91469000.0,91469000.0,303000000.0,58000000.0,0.673,2.06,3067043000.0,318262000.0,2748781000.0,3067043000.0,0.0,96000000.0,0.0,0.062,0.635,157000000.0,253000000.0,0.247,253000000.0,157000000.0,107000000.0,0.43,0.43,0.43,3158723000.0,,3158723000.0,8485777169.0,9.0,6.365,-25000000.0,-0.182,1.0,722000000.0,0.704,0.0,50000000.0,11495143000.0,,87152000.0,220442000.0,0.0,220442000.0,6508092000.0,1147246000.0,5360846000.0,5618973169.0,-34000000.0,0.0,0.0,107000000.0,-87000000.0,-13000000.0,-208000000.0,0.0,187000000.0,0.0,58000000.0,58000000.0,58000000.0,0.0,0.0,0.057,420000000.0,302000000.0,251338000.0,1.477,1.779,12.387,12.334,7816819000.0,0.0,40.95,1.385,1.385,445368000.0,1585667000.0,1025000000.0,1025000000.0,0.0,,,,,0.0,0.0,1.0,137215462.0,137200000,137200000.0,7.471,9666815000.0,600234000.0,49000000.0,1946056000.0,70.458,-375162000.0
82,AEE,MRQ,2000-12-31,2000-12-31,2000-12-31,2021-08-07,0.0,9714430000.0,,921182000.0,8793248000.0,,23.297,-280687000.0,125968000.0,125968000.0,1286741000.0,25885000.0,0.777,2.039,2992772000.0,247704000.0,2745068000.0,2992772000.0,0.0,108443000.0,0.0,0.055,0.635,87278000.0,195721000.0,0.219,195721000.0,87278000.0,36689000.0,0.19,0.19,0.19,3196671000.0,,3196671000.0,8951563045.0,10.0,6.792,-178607000.0,-1.302,1.0,-392548000.0,-0.439,0.0,50589000.0,11395273000.0,,107572000.0,230860000.0,0.0,230860000.0,6517759000.0,1185961000.0,5331798000.0,6354448045.0,-111655000.0,0.0,0.0,160872000.0,-87605000.0,64273000.0,-278008000.0,0.0,102080000.0,0.0,25885000.0,25885000.0,25885000.0,0.0,0.0,0.029,-576334000.0,183786000.0,462924000.0,3.342,1.988,13.905,13.907,7705672000.0,0.0,46.31,1.648,1.648,530954000.0,1613960000.0,894193000.0,894193000.0,0.0,,,,,0.0,0.0,1.0,137215462.0,137215462,137153614.0,6.517,9714430000.0,600100000.0,10804000.0,1879191000.0,70.797,-264779000.0
83,AEE,MRQ,2000-09-30,2000-09-30,2000-09-30,2021-08-07,0.0,9621682000.0,,1005907000.0,8615775000.0,,23.746,-204149000.0,237537000.0,237537000.0,285157000.0,256137000.0,0.686,1.953,2834652000.0,529440000.0,2305212000.0,2834652000.0,0.0,93762000.0,0.0,0.061,0.635,464066000.0,557828000.0,0.467,557828000.0,464066000.0,419843000.0,1.87,1.87,1.87,3258316000.0,,3258316000.0,8592333703.0,10.0,6.898,303520000.0,2.212,1.0,910566000.0,0.762,0.0,44223000.0,10753401000.0,,130398000.0,234456000.0,0.0,234456000.0,6363366000.0,1465396000.0,4897970000.0,5747955703.0,188636000.0,0.0,0.0,-56010000.0,-87131000.0,-145870000.0,-173163000.0,0.0,507669000.0,0.0,256137000.0,256137000.0,256137000.0,0.0,0.0,0.214,417543000.0,493023000.0,254979000.0,0.34,1.764,13.508,13.469,7528343000.0,0.0,41.89,1.55,1.55,479360000.0,1675073000.0,1195723000.0,1195723000.0,0.0,,,,,0.0,0.0,1.0,137215462.0,137215462,137215462.0,8.714,9621682000.0,600359000.0,163706000.0,2087067000.0,70.121,-459489000.0
84,AEE,MRQ,2000-06-30,2000-06-30,2000-06-30,2021-08-07,0.0,9312463000.0,,779565000.0,8532898000.0,,22.521,-235561000.0,48901000.0,48901000.0,245164000.0,113585000.0,0.656,2.014,2893279000.0,393279000.0,2500000000.0,2893279000.0,0.0,90516000.0,0.0,0.075,0.635,236119000.0,326635000.0,0.347,326635000.0,236119000.0,192824000.0,0.83,0.83,0.83,3090163000.0,,3090163000.0,7467027842.0,9.0,6.062,-189324000.0,-1.38,1.0,695544000.0,0.739,0.0,43295000.0,10968575000.0,,119576000.0,259449000.0,0.0,259449000.0,6222300000.0,1188266000.0,5034034000.0,4631021842.0,9210000.0,0.0,0.0,15285000.0,-87132000.0,167938000.0,-204965000.0,0.0,46237000.0,0.0,113585000.0,113585000.0,113585000.0,0.0,0.0,0.121,432169000.0,263375000.0,244667000.0,0.765,1.499,11.047,11.029,7426793000.0,0.0,33.75,1.249,1.249,457083000.0,1506290000.0,940708000.0,940708000.0,0.0,,,,,0.0,0.0,1.0,137215462.0,137215462,137215462.0,6.856,9312463000.0,600799000.0,79239000.0,1949560000.0,67.867,-408701000.0
85,AEE,MRQ,2000-03-31,2000-03-31,2000-03-31,2021-08-07,0.0,9315289000.0,,864539000.0,8450750000.0,,22.329,-229603000.0,39691000.0,39691000.0,239938000.0,61393000.0,0.643,2.04,2875697000.0,532876000.0,2342821000.0,2875697000.0,0.0,90279000.0,0.0,0.082,0.635,147537000.0,237816000.0,0.288,237816000.0,147537000.0,105644000.0,0.45,0.45,0.45,3063929000.0,,3063929000.0,6708044394.0,8.0,5.676,-21589000.0,-0.157,1.0,585438000.0,0.709,0.0,41893000.0,10805842000.0,,106713000.0,288003000.0,0.0,288003000.0,6251360000.0,1345453000.0,4905907000.0,4245446394.0,-155191000.0,0.0,0.0,216853000.0,-87132000.0,-108341000.0,-254864000.0,0.0,208014000.0,0.0,61393000.0,61393000.0,61393000.0,0.0,0.0,0.074,374622000.0,210816000.0,179890000.0,1.411,1.386,10.827,10.818,7294892000.0,0.0,30.94,1.171,1.171,328785000.0,1480056000.0,825376000.0,825376000.0,0.0,,,,,0.0,0.0,1.0,137215462.0,137215462,137215462.0,6.015,9315289000.0,622244000.0,44251000.0,1956469000.0,67.888,-480914000.0
86,AEE,MRQ,1999-12-31,1999-12-31,1999-12-31,2021-08-07,0.0,9177615000.0,,879006000.0,8298609000.0,,22.517,-230694000.0,194882000.0,194882000.0,254784000.0,-5602000.0,0.816,1.97,2657480000.0,209032000.0,2448448000.0,2657480000.0,0.0,93314000.0,0.0,0.078,0.635,30103000.0,123417000.0,0.165,123417000.0,30103000.0,-6728000.0,-0.04,-0.04,-0.04,3089700000.0,,3089700000.0,6701434380.0,8.0,5.752,-166977000.0,-1.217,1.0,492031000.0,0.659,0.0,36831000.0,10563045000.0,,123143000.0,253236000.0,0.0,253236000.0,6087915000.0,1077168000.0,5010747000.0,4493806380.0,-136232000.0,0.0,0.0,117471000.0,-87132000.0,31460000.0,-231409000.0,0.0,63717000.0,0.0,-5602000.0,-5602000.0,-5602000.0,0.0,0.0,-0.008,415925000.0,76106000.0,341274000.0,-15.875,1.454,11.669,11.655,7165185000.0,0.0,32.75,1.271,1.271,391109000.0,1505827000.0,746815000.0,746815000.0,0.0,,,,,0.0,0.0,1.0,137215462.0,137215462,137215462.0,5.443,9177615000.0,622520000.0,-1126000.0,1890583000.0,66.885,-198162000.0
87,AEE,MRQ,1999-09-30,1999-09-30,1999-09-30,2021-08-07,0.0,9258685000.0,,1150455000.0,8108230000.0,,23.189,-119744000.0,331114000.0,331114000.0,295625000.0,249819000.0,0.96,1.909,2538742000.0,237156000.0,2301586000.0,2538742000.0,0.0,87699000.0,0.0,0.067,0.635,456200000.0,543899000.0,0.456,543899000.0,456200000.0,412804000.0,1.82,1.82,1.82,3181951000.0,,3181951000.0,7707812618.0,9.0,6.29,384528000.0,2.802,1.0,897837000.0,0.752,0.0,43396000.0,10267976000.0,,122094000.0,235342000.0,0.0,235342000.0,6073200000.0,1198337000.0,4874863000.0,5188116618.0,277134000.0,0.0,0.0,-52800000.0,-87131000.0,-122221000.0,-104917000.0,0.0,504272000.0,0.0,249819000.0,249819000.0,249819000.0,0.0,0.0,0.209,421644000.0,476193000.0,262566000.0,0.349,1.63,12.442,12.438,6996538000.0,0.0,37.81,1.496,1.496,508154000.0,1601612000.0,1193462000.0,1193462000.0,0.0,,,,,0.0,0.0,1.0,137215462.0,137215462,137215462.0,8.698,9258685000.0,628532000.0,162985000.0,2056145000.0,67.476,-47882000.0
88,AEE,MRQ,1999-06-30,1999-06-30,1999-06-30,2021-08-07,0.0,8936895000.0,,841364000.0,8095531000.0,,22.004,-162786000.0,53980000.0,53980000.0,237873000.0,86519000.0,0.854,1.959,2573676000.0,211123000.0,2362553000.0,2573676000.0,0.0,84722000.0,0.0,0.066,0.635,191933000.0,276655000.0,0.322,276655000.0,191933000.0,148300000.0,0.63,0.63,0.63,3019236000.0,,3019236000.0,7724921432.0,9.0,6.429,18838000.0,0.137,1.0,622011000.0,0.723,0.0,43633000.0,10470868000.0,,121711000.0,252661000.0,0.0,252661000.0,5914125000.0,985723000.0,4928402000.0,5266329432.0,-20240000.0,0.0,0.0,9680000.0,-87132000.0,-46431000.0,-155433000.0,0.0,181624000.0,0.0,86519000.0,86519000.0,86519000.0,0.0,0.0,0.101,411409000.0,210602000.0,250908000.0,1.008,1.744,13.041,13.01,7448823000.0,0.0,38.38,1.553,1.553,504029000.0,1438893000.0,859884000.0,859884000.0,0.0,,,,,0.0,0.0,1.0,137215462.0,137215462,137215462.0,6.267,8936895000.0,630203000.0,61781000.0,1952655000.0,65.13,-144359000.0
89,AEE,MRQ,1999-03-31,1999-03-31,1999-03-31,2021-08-07,0.0,8813096000.0,,755689000.0,8057407000.0,,22.008,-79484000.0,74220000.0,74220000.0,184995000.0,54359000.0,0.803,1.917,2532812000.0,247158000.0,2285654000.0,2532812000.0,0.0,87026000.0,0.0,0.07,0.635,134004000.0,221030000.0,0.3,221030000.0,134004000.0,89589000.0,0.4,0.4,0.4,3019832000.0,,3019832000.0,7438629570.0,9.0,6.233,88478000.0,0.645,1.0,550907000.0,0.749,0.0,44415000.0,10330687000.0,,106069000.0,247532000.0,0.0,247532000.0,5789730000.0,941001000.0,4848729000.0,4965827570.0,-2643000.0,0.0,0.0,-17008000.0,-87132000.0,-104158000.0,-66447000.0,0.0,167962000.0,0.0,54359000.0,54359000.0,54359000.0,0.0,0.0,0.074,360940000.0,189967000.0,181021000.0,1.587,1.644,12.386,12.352,6910554000.0,0.0,36.19,1.481,1.481,419772000.0,1439470000.0,735902000.0,735902000.0,0.0,,,,,0.0,0.0,1.0,137215462.0,137215462,137215462.0,5.363,8813096000.0,631783000.0,35230000.0,1944362000.0,64.228,-185312000.0
90,AEE,MRQ,1998-12-31,1998-12-31,1998-12-31,2021-08-07,0.0,8847439000.0,,771160000.0,8076279000.0,,22.272,-122562000.0,76863000.0,76863000.0,159953000.0,26281000.0,0.818,1.895,2549665000.0,260241000.0,2289424000.0,2549665000.0,0.0,86879000.0,0.0,0.059,0.635,96946000.0,183825000.0,0.271,183825000.0,96946000.0,51664000.0,0.19,0.19,0.19,3056120000.0,,3056120000.0,8507981073.0,10.0,7.246,38768000.0,0.283,1.0,518550000.0,0.764,0.0,45282000.0,10377888000.0,,112908000.0,248571000.0,0.0,248571000.0,5791319000.0,942353000.0,4848966000.0,5857728073.0,-51041000.0,0.0,0.0,-157319000.0,-87132000.0,-91979000.0,-120392000.0,0.0,161330000.0,0.0,26281000.0,26281000.0,26281000.0,0.0,0.0,0.039,393624000.0,124926000.0,284818000.0,3.342,1.917,15.156,15.138,6928039000.0,0.0,42.69,1.765,1.765,425593000.0,1472200000.0,678503000.0,678503000.0,0.0,,,,,0.0,0.0,1.0,137215462.0,137215462,137215462.0,4.945,8847439000.0,633529000.0,25383000.0,1880654000.0,64.478,-171193000.0
91,AEE,MRQ,1998-09-30,1998-09-30,1998-09-30,2021-08-07,0.0,9122143000.0,,1075461000.0,8046682000.0,,22.693,-74574000.0,62315000.0,62315000.0,248086000.0,236657000.0,0.998,1.928,2712568000.0,320949000.0,2391619000.0,2712568000.0,0.0,83714000.0,0.0,0.045,0.635,436309000.0,520023000.0,0.466,520023000.0,436309000.0,390238000.0,1.73,1.73,1.73,3113802000.0,,3113802000.0,8448919476.0,11.0,7.537,351341000.0,2.561,1.0,869032000.0,0.778,0.0,46071000.0,10694823000.0,,102513000.0,226884000.0,0.0,226884000.0,6004807000.0,1077573000.0,4927234000.0,5754816476.0,77664000.0,0.0,0.0,-28600000.0,-87131000.0,-275952000.0,-72299000.0,0.0,425915000.0,0.0,236657000.0,236657000.0,236657000.0,0.0,0.0,0.212,418806000.0,450226000.0,203216000.0,0.367,1.848,16.218,16.193,6924409000.0,0.0,41.94,1.707,1.707,522791000.0,1533244000.0,1117118000.0,1117118000.0,0.0,,,,,0.0,0.0,1.0,137215462.0,137215462,137215462.0,8.141,9122143000.0,635191000.0,153581000.0,2040762000.0,66.48,-2112000.0
92,AEE,MRQ,1998-06-30,1998-06-30,1998-06-30,2021-08-07,0.0,8880383000.0,,798890000.0,8081493000.0,,21.603,-78833000.0,47084000.0,47084000.0,207179000.0,83632000.0,1.019,1.995,2741187000.0,159688000.0,2581499000.0,2741187000.0,0.0,83432000.0,0.0,0.032,0.635,185162000.0,268594000.0,0.327,268594000.0,185162000.0,142430000.0,0.61,0.61,0.61,2964323000.0,,2964323000.0,8099886614.0,11.0,7.454,22312000.0,0.163,1.0,614598000.0,0.748,0.0,42732000.0,10790586000.0,,97939000.0,234067000.0,0.0,234067000.0,5912526000.0,783900000.0,5128626000.0,5454314614.0,-4890000.0,0.0,0.0,83874000.0,-87132000.0,-37544000.0,-68491000.0,0.0,101145000.0,0.0,83632000.0,83632000.0,83632000.0,0.0,0.0,0.102,404557000.0,210041000.0,163252000.0,1.041,1.84,16.349,16.358,6949792000.0,0.0,39.75,1.654,1.654,489166000.0,1383739000.0,821777000.0,821777000.0,0.0,,,,,0.0,0.0,1.0,137215462.0,137215462,137215462.0,5.989,8880383000.0,636850000.0,58798000.0,1954145000.0,64.719,14990000.0
93,AEE,MRQ,1998-03-31,1998-03-31,1998-03-31,2021-08-07,0.0,8797302000.0,,684504000.0,8112798000.0,,21.63,-69368000.0,45824000.0,45824000.0,164905000.0,39927000.0,0.95,1.963,2691396000.0,157260000.0,2534136000.0,2691396000.0,0.0,84463000.0,0.0,0.015,0.635,117333000.0,201796000.0,0.288,201796000.0,117333000.0,69838000.0,0.29,0.29,0.29,2967986000.0,,2967986000.0,8415766414.0,11.0,7.741,45486000.0,0.331,1.0,535905000.0,0.765,0.0,47495000.0,10722267000.0,,96852000.0,240082000.0,0.0,240082000.0,5825782000.0,720607000.0,5105175000.0,5780887414.0,12705000.0,0.0,0.0,55863000.0,-87132000.0,-40515000.0,-61634000.0,0.0,114854000.0,0.0,39927000.0,39927000.0,39927000.0,0.0,0.0,0.057,363358000.0,172547000.0,148610000.0,2.19,1.948,17.536,17.554,6961270000.0,0.0,42.13,1.769,1.769,366604000.0,1387312000.0,700810000.0,700810000.0,0.0,,,,,0.0,0.0,1.0,137215462.0,137215462,137215462.0,5.107,8797302000.0,639324000.0,29911000.0,1948315000.0,64.113,-36103000.0
94,AEE,MRQ,1997-12-31,1997-12-31,1997-12-31,2021-08-07,0.0,8827547000.0,,711216000.0,8116331000.0,,21.976,-116479000.0,42425000.0,42425000.0,198148000.0,-5370000.0,0.927,1.926,2644575000.0,138507000.0,2506068000.0,2644575000.0,0.0,85449000.0,0.0,,0.0,45180000.0,130629000.0,0.178,130629000.0,45180000.0,1074000.0,-0.04,-0.04,-0.04,3015434000.0,,3015434000.0,,,,-36001000.0,-0.262,1.0,533774000.0,0.729,0.0,44106000.0,10662412000.0,,93431000.0,219626000.0,0.0,219626000.0,5808579000.0,767285000.0,5041294000.0,,-27354000.0,0.0,0.0,60464000.0,-79134000.0,-14041000.0,-93791000.0,0.0,80478000.0,0.0,-5370000.0,-5370000.0,-5370000.0,0.0,0.0,-0.007,388532000.0,145242000.0,293391000.0,0.0,,,,6987085000.0,0.0,,,,418935000.0,1434658000.0,731922000.0,731922000.0,0.0,,,,,0.0,0.0,1.0,137215462.0,137215462,137215462.0,5.334,8827547000.0,639792000.0,6444000.0,1893616000.0,64.333,-56069000.0
95,AEE,MRQ,1997-09-30,1997-09-30,1997-09-30,2021-08-07,,,,,,,,-89795000.0,,,235900000.0,215423000.0,,,,,,,,84493000.0,,,0.0,401070000.0,485563000.0,0.465,485563000.0,401070000.0,353229000.0,1.57,1.57,1.57,,,,,,,318758000.0,2.323,1.0,807237000.0,0.774,,47841000.0,,,,,,,,,,,19167000.0,0.0,0.0,-220123000.0,-84125000.0,-304818000.0,-84568000.0,0.0,408553000.0,0.0,215423000.0,215423000.0,215423000.0,0.0,0.0,0.207,385385000.0,421852000.0,,0.0,,,,,0.0,,,,,,1043137000.0,1043137000.0,0.0,,,,,0.0,0.0,1.0,,137215462,137215462.0,7.602,,,137806000.0,,,
96,AEE,MRQ,1997-06-30,1997-06-30,1997-06-30,2021-08-07,,,,,,,,-114043000.0,,,199757000.0,79686000.0,,,,,,,,85037000.0,,,0.0,184121000.0,269158000.0,0.34,269158000.0,184121000.0,136771000.0,0.58,0.58,0.58,,,,,,,39716000.0,0.289,1.0,592064000.0,0.748,,47350000.0,,,,,,,,,,,1390000.0,0.0,0.0,44556000.0,-84210000.0,-38963000.0,-113406000.0,0.0,153759000.0,0.0,79686000.0,79686000.0,79686000.0,0.0,0.0,0.101,378369000.0,213695000.0,,0.0,,,,,0.0,,,,,,791821000.0,791821000.0,0.0,,,,,0.0,0.0,1.0,,137215462,137215462.0,5.771,,,57085000.0,,,
97,AEE,MRQ,1997-03-31,1997-03-31,1997-03-31,2021-08-07,,,,,,,,-95708000.0,,,202640000.0,44977000.0,,,,,,,,85100000.0,,,0.0,123892000.0,208992000.0,0.275,208992000.0,123892000.0,77821000.0,0.33,0.33,0.33,,,,,,,-30055000.0,-0.219,1.0,557023000.0,0.733,,46071000.0,,,,,,,,,,,25636000.0,0.0,0.0,195857000.0,-83813000.0,55415000.0,-95432000.0,0.0,65653000.0,0.0,44977000.0,44977000.0,44977000.0,0.0,0.0,0.059,360880000.0,196143000.0,,0.0,,,,,0.0,,,,,,759663000.0,759663000.0,0.0,,,,,0.0,0.0,1.0,,137215462,137215462.0,5.536,,,32844000.0,,,
98,AEE,MRQ,1996-12-31,1996-12-31,1996-12-31,2021-08-07,0.0,8932567000.0,,729175000.0,8203392000.0,,21.957,,11899000.0,11899000.0,,,0.894,1.964,2550932000.0,215478000.0,2335454000.0,2550932000.0,0.0,,0.0,,0.0,,,,,,,,,,3012861000.0,,3012861000.0,,,,,,1.0,,,0.0,,10655688000.0,,106153000.0,209911000.0,0.0,209911000.0,5916172000.0,815912000.0,5100260000.0,,,,,,,,,,,,,,,,,,,,297017000.0,,,,,6951106000.0,,,,,430411000.0,1431295000.0,,,,,,,,,,1.0,,137215462,,,8932567000.0,734206000.0,,1971500000.0,65.099,-86737000.0
0,AEE,MRT,2021-06-30,2021-06-30,2021-06-30,2021-08-07,-1000000.0,33916000000.0,32313000000.0,2116000000.0,31800000000.0,0.185,36.521,-3782000000.0,230000000.0,230000000.0,3572000000.0,928000000.0,0.972,2.612,12931000000.0,439000000.0,12492000000.0,12931000000.0,0.0,1149000000.0,0.0,0.026,2.11,1478000000.0,2627000000.0,0.438,2627000000.0,1478000000.0,1064000000.0,3.68,3.68,3.68,9353000000.0,8982000000.0,9353000000.0,32738431625.0,22.0,12.462,-2313000000.0,-9.032,1.0,2422000000.0,0.404,411000000.0,414000000.0,44029000000.0,41509750000.0,527000000.0,1070000000.0,0.0,1070000000.0,24434000000.0,2177000000.0,22257000000.0,20454431625.0,104000000.0,0.0,707000000.0,2274000000.0,-532000000.0,2409000000.0,-3774000000.0,-4000000.0,1469000000.0,0.0,922000000.0,922000000.0,922000000.0,0.0,6000000.0,0.154,1115000000.0,1307000000.0,779000000.0,0.573,2.187,22.185,21.75,28020000000.0,0.0,80.04,3.412,3.42,841000000.0,2915000000.0,5994000000.0,5994000000.0,0.0,0.029,0.103,0.036,0.247,21000000.0,0.0,1.0,255552619.0,256100000,257200000.0,23.405,33505000000.0,0.0,142000000.0,3487000000.0,130.828,-61000000.0
1,AEE,MRT,2021-03-31,2021-03-31,2021-03-31,2021-08-07,0.0,32789000000.0,31338000000.0,1823000000.0,30966000000.0,0.189,35.959,-3516000000.0,140000000.0,140000000.0,3444000000.0,964000000.0,0.79,2.57,12424000000.0,897000000.0,11527000000.0,12424000000.0,0.0,1117000000.0,0.0,0.025,2.055,1545000000.0,2662000000.0,0.45,2662000000.0,1545000000.0,1119000000.0,3.86,3.86,3.86,9148000000.0,8700500000.0,9148000000.0,32049971343.0,21.0,12.04,-2114000000.0,-8.31,1.0,2476000000.0,0.418,411000000.0,426000000.0,42355000000.0,40063750000.0,467000000.0,1010000000.0,0.0,1010000000.0,23512000000.0,2307000000.0,21205000000.0,20612971343.0,-31000000.0,0.0,588000000.0,2065000000.0,-512000000.0,2101000000.0,-3534000000.0,-28000000.0,1402000000.0,0.0,958000000.0,958000000.0,958000000.0,0.0,6000000.0,0.162,1101000000.0,1375000000.0,581000000.0,0.532,2.253,21.517,21.078,27307000000.0,0.0,81.36,3.482,3.496,735000000.0,2850000000.0,5920000000.0,5920000000.0,0.0,0.031,0.11,0.039,0.261,21000000.0,0.0,1.0,253355105.0,254400000,255900000.0,23.27,32378000000.0,0.0,161000000.0,3381000000.0,127.272,-484000000.0
2,AEE,MRT,2020-12-31,2020-12-31,2020-12-31,2021-08-07,-1000000.0,32030000000.0,30458750000.0,1653000000.0,30377000000.0,0.19,36.186,-3299000000.0,156000000.0,156000000.0,3419000000.0,877000000.0,0.758,2.568,11576000000.0,498000000.0,11078000000.0,11576000000.0,0.0,1085000000.0,0.0,0.026,2.0,1445000000.0,2530000000.0,0.437,2530000000.0,1445000000.0,1026000000.0,3.53,3.53,3.53,8938000000.0,8434750000.0,8938000000.0,30091976703.0,21.0,11.894,-1572000000.0,-6.364,1.0,2375000000.0,0.41,411000000.0,419000000.0,40859000000.0,38675500000.0,521000000.0,982000000.0,0.0,982000000.0,22950000000.0,2180000000.0,20770000000.0,19296976703.0,125000000.0,0.0,476000000.0,1771000000.0,-494000000.0,1727000000.0,-3329000000.0,-41000000.0,1727000000.0,0.0,871000000.0,871000000.0,871000000.0,0.0,6000000.0,0.15,1075000000.0,1300000000.0,958000000.0,0.567,2.159,22.155,22.113,26807000000.0,0.0,78.06,3.331,3.328,749000000.0,2757000000.0,5794000000.0,5794000000.0,0.0,0.029,0.103,0.037,0.249,21000000.0,0.0,1.0,247206978.0,247000000,248700000.0,23.457,31619000000.0,0.0,155000000.0,3293000000.0,128.012,-527000000.0
3,AEE,MRT,2020-09-30,2020-09-30,2020-09-30,2021-08-07,-15000000.0,30517000000.0,29684500000.0,1590000000.0,28927000000.0,0.195,34.355,-2600000000.0,6000000.0,6000000.0,3465000000.0,856000000.0,0.755,2.578,10801000000.0,629000000.0,10172000000.0,10801000000.0,0.0,1059000000.0,109000000.0,0.025,1.98,1410000000.0,2469000000.0,0.427,2469000000.0,1410000000.0,1008000000.0,3.44,3.44,3.44,8489000000.0,8215000000.0,8489000000.0,30179049153.0,21.0,12.223,-769000000.0,-3.112,1.0,2317000000.0,0.401,411000000.0,402000000.0,38796000000.0,37410250000.0,557000000.0,904000000.0,0.0,904000000.0,21886000000.0,2105000000.0,19781000000.0,19539049153.0,13000000.0,0.0,51000000.0,1264000000.0,-489000000.0,800000000.0,-2618000000.0,-22000000.0,1831000000.0,0.0,850000000.0,850000000.0,850000000.0,0.0,6000000.0,0.147,1049000000.0,1268000000.0,640000000.0,0.576,2.302,22.987,22.988,25541000000.0,0.0,79.08,3.379,3.38,817000000.0,2769000000.0,5782000000.0,5782000000.0,0.0,0.029,0.103,0.038,0.244,21000000.0,0.0,1.0,247079529.0,247100000,249200000.0,23.399,30106000000.0,0.0,158000000.0,3350000000.0,121.837,-515000000.0
4,AEE,MRT,2020-06-30,2020-06-30,2020-06-30,2021-08-07,-16000000.0,30016000000.0,29191750000.0,1620000000.0,28396000000.0,0.199,33.321,-2576000000.0,8000000.0,8000000.0,3495000000.0,853000000.0,0.81,2.631,10648000000.0,477000000.0,10171000000.0,10648000000.0,0.0,1040000000.0,126000000.0,0.028,1.96,1422000000.0,2462000000.0,0.424,2462000000.0,1422000000.0,1034000000.0,3.44,3.44,3.44,8227000000.0,8108250000.0,8227000000.0,27679252941.0,19.0,11.243,-591000000.0,-2.394,1.0,2318000000.0,0.399,411000000.0,388000000.0,38245000000.0,36551500000.0,514000000.0,854000000.0,0.0,854000000.0,21647000000.0,2000000000.0,19647000000.0,17371252941.0,41000000.0,0.0,58000000.0,1103000000.0,-483000000.0,652000000.0,-2596000000.0,-27000000.0,1985000000.0,0.0,847000000.0,847000000.0,847000000.0,0.0,6000000.0,0.146,1024000000.0,1294000000.0,616000000.0,0.57,2.111,20.509,20.453,25081000000.0,0.0,70.36,2.988,2.988,885000000.0,2525000000.0,5813000000.0,5813000000.0,0.0,0.029,0.104,0.039,0.245,21000000.0,0.0,1.0,246891031.0,246900000,247900000.0,23.544,29605000000.0,0.0,187000000.0,3176000000.0,119.907,-380000000.0
5,AEE,MRT,2020-03-31,2020-03-31,2020-03-31,2021-08-07,-16000000.0,29272000000.0,28713500000.0,1464000000.0,27808000000.0,0.202,32.812,-2548000000.0,42000000.0,42000000.0,3572000000.0,789000000.0,0.619,2.603,10350000000.0,972000000.0,9378000000.0,10350000000.0,0.0,1020000000.0,0.0,0.027,1.94,1336000000.0,2356000000.0,0.407,2356000000.0,1336000000.0,959000000.0,3.18,3.18,3.18,8085000000.0,7999250000.0,8085000000.0,27714055585.0,21.0,11.763,-475000000.0,-1.928,1.0,2222000000.0,0.384,411000000.0,377000000.0,36802000000.0,35613000000.0,471000000.0,742000000.0,0.0,742000000.0,21045000000.0,2367000000.0,18678000000.0,17933055585.0,85000000.0,0.0,62000000.0,1006000000.0,-478000000.0,564000000.0,-2552000000.0,-8000000.0,2073000000.0,0.0,783000000.0,783000000.0,783000000.0,0.0,6000000.0,0.135,1002000000.0,1220000000.0,544000000.0,0.61,2.218,22.903,22.903,24678000000.0,0.0,72.83,3.095,3.097,733000000.0,2404000000.0,5794000000.0,5794000000.0,0.0,0.027,0.098,0.038,0.231,20000000.0,0.0,1.0,246231712.0,246400000,248100000.0,23.515,28861000000.0,0.0,176000000.0,2948000000.0,117.131,-903000000.0
6,AEE,MRT,2019-12-31,2019-12-31,2019-12-31,2021-08-07,-17000000.0,28933000000.0,28272750000.0,1431000000.0,27502000000.0,0.209,32.814,-2442000000.0,16000000.0,16000000.0,3648000000.0,834000000.0,0.571,2.573,9797000000.0,882000000.0,8915000000.0,9797000000.0,0.0,1002000000.0,0.0,0.025,1.92,1391000000.0,2393000000.0,0.405,2393000000.0,1391000000.0,1010000000.0,3.37,3.37,3.37,8059000000.0,7904250000.0,8059000000.0,28406088026.0,20.0,11.87,-272000000.0,-1.107,1.0,2262000000.0,0.383,411000000.0,381000000.0,35798000000.0,34926000000.0,494000000.0,847000000.0,0.0,847000000.0,20732000000.0,2505000000.0,18227000000.0,18895088026.0,69000000.0,0.0,68000000.0,773000000.0,-472000000.0,334000000.0,-2435000000.0,4000000.0,2170000000.0,0.0,828000000.0,828000000.0,828000000.0,0.0,6000000.0,0.14,995000000.0,1267000000.0,874000000.0,0.57,2.345,22.82,22.789,24376000000.0,0.0,76.8,3.197,3.192,734000000.0,2380000000.0,5910000000.0,5910000000.0,0.0,0.029,0.105,0.04,0.235,20000000.0,0.0,1.0,246029792.0,245600000,247100000.0,24.064,28522000000.0,0.0,182000000.0,2919000000.0,116.132,-1074000000.0
7,AEE,MRT,2019-09-30,2019-09-30,2019-09-30,2021-08-07,-21000000.0,28546000000.0,27843250000.0,1495000000.0,27051000000.0,0.216,32.786,-2406000000.0,20000000.0,20000000.0,3772000000.0,808000000.0,0.654,2.523,9531000000.0,880000000.0,8651000000.0,9531000000.0,0.0,984000000.0,0.0,0.024,1.9,1365000000.0,2349000000.0,0.391,2349000000.0,1365000000.0,976000000.0,3.27,3.27,3.27,8062000000.0,7797250000.0,8062000000.0,29227556006.0,21.0,12.443,-254000000.0,-1.033,1.0,2241000000.0,0.373,411000000.0,389000000.0,35361000000.0,34260750000.0,488000000.0,798000000.0,0.0,798000000.0,20342000000.0,2285000000.0,18057000000.0,19676556006.0,63000000.0,0.0,72000000.0,759000000.0,-467000000.0,326000000.0,-2415000000.0,-11000000.0,2152000000.0,0.0,802000000.0,802000000.0,802000000.0,0.0,6000000.0,0.133,987000000.0,1254000000.0,598000000.0,0.581,2.441,24.534,24.48,23894000000.0,0.0,80.05,3.272,3.274,807000000.0,2408000000.0,6013000000.0,6013000000.0,0.0,0.029,0.103,0.04,0.227,20000000.0,0.0,1.0,245803323.0,245900000,247500000.0,24.453,28135000000.0,0.0,174000000.0,3066000000.0,114.416,-790000000.0
8,AEE,MRT,2019-06-30,2019-06-30,2019-06-30,2021-08-07,-21000000.0,28103000000.0,27446500000.0,1514000000.0,26589000000.0,0.221,31.722,-2360000000.0,6000000.0,6000000.0,3831000000.0,801000000.0,0.55,2.589,9557000000.0,1335000000.0,8222000000.0,9557000000.0,0.0,969000000.0,0.0,0.025,1.883,1376000000.0,2345000000.0,0.386,2345000000.0,1376000000.0,982000000.0,3.25,3.25,3.25,7791000000.0,7695750000.0,7791000000.0,27794802387.0,20.0,11.853,-131000000.0,-0.533,1.0,2247000000.0,0.37,411000000.0,394000000.0,34491000000.0,33605750000.0,433000000.0,783000000.0,0.0,783000000.0,20170000000.0,2752000000.0,17418000000.0,18446802387.0,26000000.0,0.0,71000000.0,585000000.0,-461000000.0,158000000.0,-2361000000.0,-10000000.0,2229000000.0,0.0,795000000.0,795000000.0,795000000.0,0.0,6000000.0,0.131,980000000.0,1267000000.0,593000000.0,0.579,2.368,23.204,23.111,23479000000.0,0.0,75.11,3.035,3.035,878000000.0,2161000000.0,6078000000.0,6078000000.0,0.0,0.029,0.103,0.041,0.226,20000000.0,0.0,1.0,245597156.0,245600000,247200000.0,24.748,27692000000.0,0.0,187000000.0,2758000000.0,112.752,-1238000000.0
9,AEE,MRT,2019-03-31,2019-03-31,2019-03-31,2021-08-07,-21000000.0,27509000000.0,27080500000.0,1422000000.0,26087000000.0,0.231,31.462,-2312000000.0,8000000.0,8000000.0,3921000000.0,861000000.0,0.594,2.552,9356000000.0,1135000000.0,8221000000.0,9356000000.0,0.0,953000000.0,111000000.0,0.025,1.865,1474000000.0,2427000000.0,0.388,2427000000.0,1474000000.0,1077000000.0,3.5,3.5,3.5,7705000000.0,7594500000.0,7705000000.0,27013189550.0,18.0,11.13,-13000000.0,-0.053,1.0,2341000000.0,0.374,411000000.0,397000000.0,34054000000.0,33096500000.0,402000000.0,754000000.0,0.0,754000000.0,19662000000.0,2392000000.0,17270000000.0,17993189550.0,29000000.0,0.0,76000000.0,453000000.0,-456000000.0,36000000.0,-2306000000.0,-15000000.0,2299000000.0,0.0,855000000.0,855000000.0,855000000.0,0.0,6000000.0,0.137,969000000.0,1372000000.0,522000000.0,0.533,2.335,21.045,21.014,23044000000.0,0.0,73.55,2.873,2.876,829000000.0,2099000000.0,6262000000.0,6262000000.0,0.0,0.032,0.113,0.045,0.235,20000000.0,0.0,1.0,244638879.0,244900000,246400000.0,25.57,27098000000.0,0.0,222000000.0,2789000000.0,110.649,-970000000.0
10,AEE,MRT,2018-12-31,2018-12-31,2018-12-31,2021-08-07,-22000000.0,27215000000.0,26723000000.0,1533000000.0,25682000000.0,0.235,31.3,-2338000000.0,16000000.0,16000000.0,3979000000.0,821000000.0,0.571,2.548,9036000000.0,1177000000.0,7859000000.0,9036000000.0,0.0,938000000.0,0.0,0.028,1.848,1453000000.0,2391000000.0,0.38,2391000000.0,1453000000.0,1052000000.0,3.34,3.34,3.34,7631000000.0,7475750000.0,7631000000.0,24708414512.0,17.0,10.334,-168000000.0,-0.689,1.0,2312000000.0,0.368,411000000.0,401000000.0,33137000000.0,32380250000.0,483000000.0,684000000.0,0.0,684000000.0,19442000000.0,2687000000.0,16755000000.0,15935414512.0,39000000.0,0.0,74000000.0,609000000.0,-451000000.0,205000000.0,-2336000000.0,-16000000.0,2170000000.0,0.0,815000000.0,815000000.0,815000000.0,0.0,6000000.0,0.13,955000000.0,1357000000.0,817000000.0,0.553,2.088,19.553,19.53,22810000000.0,0.0,65.23,2.533,2.528,837000000.0,2024000000.0,6291000000.0,6291000000.0,0.0,0.03,0.109,0.045,0.231,20000000.0,0.0,1.0,244295792.0,243800000,245800000.0,25.804,26804000000.0,0.0,237000000.0,2666000000.0,109.943,-1154000000.0
11,AEE,MRT,2018-09-30,2018-09-30,2018-09-30,2021-08-07,-17000000.0,26959000000.0,26405500000.0,1640000000.0,25319000000.0,0.237,31.364,-2339000000.0,11000000.0,11000000.0,3927000000.0,693000000.0,0.636,2.503,8784000000.0,1170000000.0,7614000000.0,8784000000.0,0.0,922000000.0,126000000.0,0.029,1.831,1506000000.0,2428000000.0,0.387,2428000000.0,1506000000.0,1108000000.0,2.82,2.82,2.82,7656000000.0,7364000000.0,7656000000.0,24365207536.0,16.0,10.035,-182000000.0,-0.746,1.0,2344000000.0,0.374,411000000.0,398000000.0,32741000000.0,31846750000.0,525000000.0,752000000.0,0.0,752000000.0,19161000000.0,2580000000.0,16581000000.0,15428207536.0,35000000.0,0.0,56000000.0,630000000.0,-445000000.0,217000000.0,-2339000000.0,-17000000.0,2157000000.0,0.0,687000000.0,687000000.0,687000000.0,0.0,6000000.0,0.11,941000000.0,1403000000.0,591000000.0,0.649,2.015,22.457,22.418,22379000000.0,0.0,63.22,2.46,2.461,949000000.0,2073000000.0,6271000000.0,6271000000.0,0.0,0.026,0.093,0.047,0.24,20000000.0,0.0,1.0,244039980.0,244100000,246300000.0,25.69,26548000000.0,0.0,421000000.0,2891000000.0,108.759,-940000000.0
12,AEE,MRT,2018-06-30,2018-06-30,2018-06-30,2021-08-07,-19000000.0,26639000000.0,26070000000.0,1685000000.0,24954000000.0,0.241,30.308,-2275000000.0,29000000.0,29000000.0,3906000000.0,624000000.0,0.622,2.587,8966000000.0,1353000000.0,7613000000.0,8966000000.0,0.0,906000000.0,114000000.0,0.03,1.813,1533000000.0,2439000000.0,0.389,2439000000.0,1533000000.0,1139000000.0,2.55,2.55,2.55,7386000000.0,7286250000.0,7386000000.0,23692334156.0,15.0,9.714,-200000000.0,-0.821,1.0,2364000000.0,0.377,411000000.0,394000000.0,32454000000.0,31351750000.0,475000000.0,714000000.0,0.0,714000000.0,19111000000.0,2711000000.0,16400000000.0,14826334156.0,43000000.0,0.0,40000000.0,667000000.0,-440000000.0,242000000.0,-2274000000.0,-14000000.0,2075000000.0,0.0,618000000.0,618000000.0,618000000.0,0.0,6000000.0,0.099,925000000.0,1439000000.0,565000000.0,0.711,2.007,23.991,23.863,21998000000.0,0.0,60.85,2.365,2.365,1005000000.0,1827000000.0,6270000000.0,6270000000.0,0.0,0.024,0.085,0.049,0.244,19000000.0,0.0,1.0,243653807.0,243700000,245800000.0,25.728,26228000000.0,0.0,521000000.0,2769000000.0,107.624,-1026000000.0
13,AEE,MRT,2018-03-31,2018-03-31,2018-03-31,2021-08-07,-17000000.0,26079000000.0,25723750000.0,1567000000.0,24512000000.0,0.243,29.765,-2255000000.0,30000000.0,30000000.0,3894000000.0,578000000.0,0.468,2.587,8896000000.0,2130000000.0,6766000000.0,8896000000.0,0.0,889000000.0,115000000.0,0.032,1.796,1526000000.0,2415000000.0,0.387,2415000000.0,1526000000.0,1133000000.0,2.36,2.36,2.36,7230000000.0,7229250000.0,7230000000.0,22149408611.0,15.0,9.172,-210000000.0,-0.865,1.0,2350000000.0,0.376,411000000.0,393000000.0,31189000000.0,30828000000.0,453000000.0,698000000.0,0.0,698000000.0,18707000000.0,3345000000.0,15362000000.0,13740408611.0,38000000.0,0.0,17000000.0,698000000.0,-435000000.0,255000000.0,-2262000000.0,-14000000.0,2045000000.0,0.0,572000000.0,572000000.0,572000000.0,0.0,6000000.0,0.092,909000000.0,1441000000.0,497000000.0,0.761,1.9,24.022,23.996,21666000000.0,0.0,56.63,2.201,2.203,870000000.0,1699000000.0,6244000000.0,6244000000.0,0.0,0.022,0.079,0.05,0.244,19000000.0,0.0,1.0,242634798.0,242900000,244400000.0,25.706,25668000000.0,0.0,561000000.0,2702000000.0,105.673,-1778000000.0
14,AEE,MRT,2017-12-31,2017-12-31,2017-12-31,2021-08-07,-18000000.0,25945000000.0,25406750000.0,1612000000.0,24333000000.0,0.243,29.613,-2195000000.0,10000000.0,10000000.0,3868000000.0,529000000.0,0.548,2.592,8419000000.0,1325000000.0,7094000000.0,8419000000.0,0.0,876000000.0,108000000.0,0.03,1.778,1490000000.0,2366000000.0,0.383,2366000000.0,1490000000.0,1099000000.0,2.16,2.16,2.16,7184000000.0,7187750000.0,7184000000.0,22449026734.0,15.0,9.488,-77000000.0,-0.317,1.0,2306000000.0,0.374,411000000.0,391000000.0,31003000000.0,30486250000.0,522000000.0,704000000.0,0.0,704000000.0,18619000000.0,2940000000.0,15679000000.0,14313026734.0,16000000.0,0.0,-24000000.0,579000000.0,-431000000.0,102000000.0,-2204000000.0,-16000000.0,2118000000.0,0.0,523000000.0,523000000.0,523000000.0,0.0,6000000.0,0.085,896000000.0,1410000000.0,902000000.0,0.823,1.992,27.367,27.31,21466000000.0,0.0,58.99,2.318,2.318,838000000.0,1660000000.0,6174000000.0,6174000000.0,0.0,0.021,0.073,0.049,0.241,17000000.0,0.0,1.0,242634798.0,242600000,244200000.0,25.449,25534000000.0,0.0,576000000.0,2607000000.0,105.251,-1328000000.0
15,AEE,MRT,2017-09-30,2017-09-30,2017-09-30,2021-08-07,-21000000.0,25617000000.0,25095250000.0,1581000000.0,24036000000.0,0.244,30.276,-2169000000.0,9000000.0,9000000.0,3962000000.0,621000000.0,0.613,2.468,8145000000.0,1223000000.0,6922000000.0,8145000000.0,0.0,863000000.0,108000000.0,0.03,1.76,1407000000.0,2270000000.0,0.37,2270000000.0,1407000000.0,1017000000.0,2.53,2.53,2.53,7345000000.0,7167500000.0,7345000000.0,22314996716.0,16.0,9.83,36000000.0,0.148,1.0,2169000000.0,0.354,411000000.0,390000000.0,30761000000.0,30095250000.0,547000000.0,672000000.0,0.0,672000000.0,18130000000.0,2581000000.0,15549000000.0,14033996716.0,-20000000.0,0.0,-75000000.0,490000000.0,-427000000.0,-34000000.0,-2191000000.0,-17000000.0,2205000000.0,0.0,615000000.0,615000000.0,615000000.0,0.0,6000000.0,0.1,885000000.0,1284000000.0,548000000.0,0.696,1.911,22.82,22.862,20906000000.0,0.0,57.84,2.289,2.289,854000000.0,1830000000.0,6131000000.0,6131000000.0,0.0,0.025,0.086,0.047,0.229,12000000.0,0.0,1.0,242634798.0,242600000,244700000.0,25.272,25206000000.0,0.0,402000000.0,4930000000.0,103.899,-1000000000.0
16,AEE,MRT,2017-06-30,2017-06-30,2017-06-30,2021-08-07,-21000000.0,25254000000.0,24724500000.0,1571000000.0,23683000000.0,0.253,29.505,-2155000000.0,10000000.0,10000000.0,3990000000.0,702000000.0,0.568,2.508,8291000000.0,1470000000.0,6821000000.0,8291000000.0,0.0,849000000.0,108000000.0,0.032,1.745,1516000000.0,2365000000.0,0.377,2365000000.0,1516000000.0,1126000000.0,2.86,2.86,2.86,7158000000.0,7129500000.0,7158000000.0,21448844407.0,14.0,9.069,62000000.0,0.256,1.0,2277000000.0,0.363,411000000.0,390000000.0,30359000000.0,29670000000.0,512000000.0,651000000.0,0.0,651000000.0,17954000000.0,2765000000.0,15189000000.0,13264844407.0,-19000000.0,0.0,-75000000.0,466000000.0,-424000000.0,-54000000.0,-2182000000.0,-18000000.0,2217000000.0,0.0,696000000.0,696000000.0,696000000.0,0.0,6000000.0,0.111,871000000.0,1406000000.0,522000000.0,0.61,1.853,19.059,19.115,20589000000.0,0.0,54.67,2.117,2.116,857000000.0,1649000000.0,6267000000.0,6267000000.0,0.0,0.028,0.098,0.051,0.242,13000000.0,0.0,1.0,242634798.0,242600000,243500000.0,25.833,24843000000.0,0.0,430000000.0,4618000000.0,102.403,-1194000000.0
17,AEE,MRT,2017-03-31,2017-03-31,2017-03-31,2021-08-07,-23000000.0,24811000000.0,24359250000.0,1450000000.0,23361000000.0,0.253,29.118,-2145000000.0,8000000.0,8000000.0,3954000000.0,656000000.0,0.525,2.492,8192000000.0,1595000000.0,6597000000.0,8192000000.0,0.0,842000000.0,106000000.0,0.039,2.155,1444000000.0,2286000000.0,0.371,2286000000.0,1444000000.0,1058000000.0,2.68,2.68,2.68,7064000000.0,7070500000.0,7064000000.0,21070433623.0,15.0,9.217,-46000000.0,-0.19,1.0,2203000000.0,0.358,411000000.0,386000000.0,29822000000.0,29268500000.0,467000000.0,635000000.0,0.0,635000000.0,17605000000.0,2762000000.0,14843000000.0,13245433623.0,-21000000.0,0.0,-75000000.0,585000000.0,-420000000.0,67000000.0,-2187000000.0,-19000000.0,2099000000.0,0.0,650000000.0,650000000.0,650000000.0,0.0,6000000.0,0.106,859000000.0,1344000000.0,460000000.0,0.804,1.875,20.378,20.369,20298000000.0,0.0,54.59,2.151,2.151,752000000.0,1563000000.0,6157000000.0,6157000000.0,0.0,0.027,0.092,0.049,0.235,15000000.0,0.0,1.0,242634798.0,242600000,242600000.0,25.379,24400000000.0,0.0,408000000.0,4451000000.0,100.577,-1312000000.0
18,AEE,MRT,2016-12-31,2016-12-31,2016-12-31,2021-08-07,-23000000.0,24699000000.0,24002750000.0,1593000000.0,23106000000.0,0.253,29.279,-2131000000.0,9000000.0,9000000.0,3909000000.0,659000000.0,0.596,2.457,7834000000.0,1239000000.0,6595000000.0,7834000000.0,0.0,835000000.0,107000000.0,0.041,2.14,1417000000.0,2252000000.0,0.371,2252000000.0,1417000000.0,1035000000.0,2.69,2.69,2.69,7103000000.0,7021750000.0,7103000000.0,20356621503.0,14.0,9.039,-14000000.0,-0.058,1.0,2167000000.0,0.357,411000000.0,382000000.0,29439000000.0,28992750000.0,527000000.0,607000000.0,0.0,607000000.0,17454000000.0,2674000000.0,14780000000.0,12728621503.0,-299000000.0,0.0,-51000000.0,249000000.0,-416000000.0,-258000000.0,-2158000000.0,-18000000.0,2117000000.0,0.0,653000000.0,653000000.0,653000000.0,0.0,6000000.0,0.107,845000000.0,1322000000.0,805000000.0,0.796,1.792,19.493,19.502,20113000000.0,0.0,52.46,2.095,2.095,795000000.0,1568000000.0,6076000000.0,6076000000.0,0.0,0.027,0.093,0.049,0.233,17000000.0,0.0,1.0,242634798.0,242600000,243400000.0,25.045,24288000000.0,0.0,382000000.0,4365000000.0,100.115,-1081000000.0
19,AEE,MRT,2016-09-30,2016-09-30,2016-09-30,2021-08-07,-2000000.0,24134000000.0,23738000000.0,1599000000.0,22535000000.0,0.254,29.65,-2144000000.0,18000000.0,18000000.0,3822000000.0,656000000.0,0.698,2.335,7646000000.0,1039000000.0,6607000000.0,7646000000.0,0.0,820000000.0,104000000.0,0.043,2.125,1414000000.0,2234000000.0,0.371,2234000000.0,1414000000.0,1036000000.0,2.68,2.68,2.68,7193000000.0,6982500000.0,7193000000.0,19733779366.0,14.0,8.833,-96000000.0,-0.396,1.0,2206000000.0,0.366,411000000.0,378000000.0,29060000000.0,28738000000.0,551000000.0,599000000.0,0.0,599000000.0,16799000000.0,2291000000.0,14508000000.0,11932779366.0,-54000000.0,0.0,0.0,514000000.0,-413000000.0,63000000.0,-2165000000.0,-20000000.0,2048000000.0,0.0,650000000.0,650000000.0,650000000.0,1000000.0,6000000.0,0.108,830000000.0,1376000000.0,513000000.0,0.793,1.659,18.358,18.351,19647000000.0,0.0,49.18,1.98,1.979,832000000.0,1643000000.0,6028000000.0,6028000000.0,0.0,0.027,0.093,0.049,0.235,21000000.0,0.0,1.0,242634798.0,242600000,242900000.0,24.847,23723000000.0,0.0,386000000.0,4470000000.0,97.786,-692000000.0
20,AEE,MRT,2016-06-30,2016-06-30,2016-06-30,2021-08-07,-1000000.0,23793000000.0,23569250000.0,1594000000.0,22199000000.0,0.255,28.533,-2119000000.0,13000000.0,13000000.0,3871000000.0,630000000.0,0.656,2.417,7814000000.0,1209000000.0,6605000000.0,7814000000.0,0.0,809000000.0,100000000.0,0.039,2.11,1353000000.0,2162000000.0,0.36,2162000000.0,1353000000.0,985000000.0,2.58,2.58,2.58,6922000000.0,6937750000.0,6922000000.0,20584372477.0,15.0,9.521,-106000000.0,-0.437,1.0,2131000000.0,0.355,411000000.0,368000000.0,28753000000.0,28384500000.0,515000000.0,582000000.0,0.0,582000000.0,16729000000.0,2430000000.0,14299000000.0,13000372477.0,11000000.0,0.0,0.0,582000000.0,-409000000.0,134000000.0,-2136000000.0,-19000000.0,2013000000.0,0.0,624000000.0,624000000.0,624000000.0,1000000.0,6000000.0,0.104,820000000.0,1311000000.0,499000000.0,0.818,1.878,20.834,20.767,19324000000.0,0.0,53.58,2.166,2.166,838000000.0,1376000000.0,6002000000.0,6002000000.0,0.0,0.026,0.09,0.048,0.225,22000000.0,0.0,1.0,242634798.0,242600000,242600000.0,24.74,23382000000.0,0.0,361000000.0,4209000000.0,96.381,-836000000.0
21,AEE,MRT,2016-03-31,2016-03-31,2016-03-31,2021-08-07,-5000000.0,23385000000.0,23409000000.0,1458000000.0,21927000000.0,0.255,28.314,-2052000000.0,13000000.0,13000000.0,3874000000.0,633000000.0,0.793,2.384,7597000000.0,716000000.0,6881000000.0,7597000000.0,0.0,792000000.0,98000000.0,0.033,1.67,1317000000.0,2109000000.0,0.353,2109000000.0,1317000000.0,955000000.0,2.58,2.58,2.58,6869000000.0,6898250000.0,6869000000.0,19440003380.0,15.0,9.218,16000000.0,0.066,1.0,2102000000.0,0.352,411000000.0,362000000.0,28719000000.0,28057500000.0,483000000.0,567000000.0,0.0,567000000.0,16374000000.0,1839000000.0,14535000000.0,12156003380.0,7000000.0,0.0,0.0,431000000.0,-406000000.0,-14000000.0,-2047000000.0,-14000000.0,2068000000.0,0.0,627000000.0,627000000.0,627000000.0,-51000000.0,6000000.0,0.105,879000000.0,1223000000.0,429000000.0,0.647,1.77,19.388,19.419,19000000000.0,0.0,50.1,2.034,2.034,670000000.0,1333000000.0,5976000000.0,5976000000.0,0.0,0.027,0.091,0.047,0.22,22000000.0,0.0,1.0,242634798.0,242600000,242600000.0,24.633,22974000000.0,0.0,328000000.0,4064000000.0,94.699,-381000000.0
22,AEE,MRT,2015-12-31,2015-12-31,2015-12-31,2021-08-07,-3000000.0,23640000000.0,23283750000.0,1917000000.0,21723000000.0,0.262,28.631,-1969000000.0,292000000.0,292000000.0,3974000000.0,636000000.0,0.916,2.383,7576000000.0,696000000.0,6880000000.0,7576000000.0,0.0,777000000.0,100000000.0,0.038,1.655,1348000000.0,2125000000.0,0.348,2125000000.0,1348000000.0,993000000.0,2.6,2.6,2.6,6946000000.0,6857000000.0,6946000000.0,17576102318.0,13.0,8.271,62000000.0,0.256,1.0,2124000000.0,0.348,411000000.0,355000000.0,28420000000.0,27663250000.0,538000000.0,556000000.0,0.0,556000000.0,16552000000.0,2093000000.0,14459000000.0,10489102318.0,287000000.0,0.0,0.0,652000000.0,-402000000.0,232000000.0,-1976000000.0,-14000000.0,2031000000.0,0.0,630000000.0,630000000.0,630000000.0,-51000000.0,6000000.0,0.103,865000000.0,1259000000.0,777000000.0,0.637,1.51,16.649,16.627,18799000000.0,0.0,43.23,1.72,1.72,725000000.0,1331000000.0,6098000000.0,6098000000.0,0.0,0.027,0.092,0.049,0.221,24000000.0,0.0,1.0,242634798.0,242600000,243600000.0,25.136,23229000000.0,0.0,363000000.0,3988000000.0,95.75,-176000000.0
23,AEE,MRT,2015-09-30,2015-09-30,2015-09-30,2021-08-07,-5000000.0,23459000000.0,22946000000.0,1983000000.0,21476000000.0,0.268,28.912,-1883000000.0,72000000.0,72000000.0,4059000000.0,655000000.0,0.797,2.324,7159000000.0,1178000000.0,5981000000.0,7159000000.0,0.0,766000000.0,0.0,0.039,1.64,1341000000.0,2107000000.0,0.342,2107000000.0,1341000000.0,1002000000.0,2.68,2.68,2.68,7014000000.0,6798750000.0,7014000000.0,17516172911.0,13.0,8.313,21000000.0,0.087,1.0,2101000000.0,0.341,411000000.0,339000000.0,27646000000.0,27194000000.0,548000000.0,534000000.0,0.0,534000000.0,16303000000.0,2489000000.0,13814000000.0,10256172911.0,59000000.0,0.0,0.0,460000000.0,-397000000.0,22000000.0,-1867000000.0,1000000.0,1904000000.0,0.0,649000000.0,649000000.0,649000000.0,-54000000.0,6000000.0,0.105,857000000.0,1244000000.0,525000000.0,0.612,1.462,15.803,15.772,18307000000.0,0.0,42.27,1.665,1.665,855000000.0,1405000000.0,6160000000.0,6160000000.0,0.0,0.028,0.095,0.049,0.218,25000000.0,0.0,1.0,242634798.0,242600000,243900000.0,25.392,23048000000.0,225000000.0,353000000.0,4306000000.0,95.004,-506000000.0
24,AEE,MRT,2015-06-30,2015-06-30,2015-06-30,2021-08-07,-5000000.0,23152000000.0,22550250000.0,1991000000.0,21161000000.0,0.266,27.881,-1824000000.0,2000000.0,2000000.0,3975000000.0,605000000.0,0.779,2.402,7262000000.0,1281000000.0,5981000000.0,7262000000.0,0.0,748000000.0,0.0,0.043,1.63,1275000000.0,2023000000.0,0.337,2023000000.0,1275000000.0,938000000.0,2.47,2.47,2.47,6764000000.0,6738750000.0,6764000000.0,16331479189.0,13.0,8.073,-132000000.0,-0.544,1.0,2022000000.0,0.337,411000000.0,337000000.0,27445000000.0,26785000000.0,500000000.0,555000000.0,0.0,555000000.0,16246000000.0,2556000000.0,13690000000.0,9142479189.0,-44000000.0,0.0,0.0,523000000.0,-395000000.0,86000000.0,-1822000000.0,3000000.0,1692000000.0,0.0,599000000.0,599000000.0,599000000.0,-53000000.0,6000000.0,0.1,843000000.0,1179000000.0,486000000.0,0.66,1.352,15.263,15.255,17986000000.0,0.0,37.68,1.525,1.524,870000000.0,1161000000.0,5997000000.0,5997000000.0,0.0,0.027,0.089,0.048,0.213,24000000.0,0.0,1.0,242634798.0,242600000,242600000.0,24.72,22741000000.0,286000000.0,339000000.0,4121000000.0,93.739,-565000000.0
25,AEE,MRT,2015-03-31,2015-03-31,2015-03-31,2021-08-07,-9000000.0,22884000000.0,22159250000.0,1993000000.0,20891000000.0,0.271,27.634,-1841000000.0,6000000.0,6000000.0,3994000000.0,604000000.0,0.791,2.392,7195000000.0,1335000000.0,5860000000.0,7195000000.0,0.0,729000000.0,0.0,0.038,1.62,1314000000.0,2043000000.0,0.34,2043000000.0,1314000000.0,977000000.0,2.47,2.47,2.47,6704000000.0,6690750000.0,6704000000.0,17188188476.0,13.0,8.413,-203000000.0,-0.837,1.0,2021000000.0,0.336,411000000.0,337000000.0,27142000000.0,26308000000.0,449000000.0,558000000.0,0.0,558000000.0,16038000000.0,2520000000.0,13518000000.0,10239188476.0,-20000000.0,0.0,0.0,619000000.0,-392000000.0,185000000.0,-1843000000.0,0.0,1638000000.0,0.0,598000000.0,598000000.0,598000000.0,-1000000.0,6000000.0,0.099,757000000.0,1264000000.0,434000000.0,0.656,1.527,17.122,17.085,17700000000.0,0.0,42.2,1.702,1.702,836000000.0,1111000000.0,6015000000.0,6015000000.0,0.0,0.027,0.089,0.05,0.218,24000000.0,0.0,1.0,242634798.0,242600000,242600000.0,24.794,22473000000.0,331000000.0,379000000.0,4108000000.0,92.634,-527000000.0
26,AEE,MRT,2014-12-31,2014-12-31,2014-12-31,2021-08-07,-9000000.0,22289000000.0,21729750000.0,1694000000.0,20595000000.0,0.279,27.671,-1859000000.0,5000000.0,5000000.0,4054000000.0,592000000.0,0.753,2.299,6919000000.0,834000000.0,6085000000.0,6919000000.0,0.0,710000000.0,0.0,0.035,1.61,1304000000.0,2014000000.0,0.333,2014000000.0,1304000000.0,963000000.0,2.42,2.42,2.42,6713000000.0,6643000000.0,6713000000.0,17876743232.0,14.0,8.876,-294000000.0,-1.212,1.0,1999000000.0,0.33,411000000.0,341000000.0,26543000000.0,25662750000.0,524000000.0,549000000.0,0.0,549000000.0,15434000000.0,2249000000.0,13185000000.0,11192743232.0,-25000000.0,0.0,0.0,547000000.0,-390000000.0,127000000.0,-1717000000.0,-8000000.0,1565000000.0,0.0,586000000.0,586000000.0,586000000.0,1000000.0,6000000.0,0.097,745000000.0,1254000000.0,711000000.0,0.665,1.667,19.1,19.062,17424000000.0,0.0,46.13,1.849,1.849,769000000.0,1103000000.0,6053000000.0,6053000000.0,0.0,0.027,0.088,0.051,0.215,25000000.0,0.0,1.0,242634798.0,242600000,244400000.0,24.951,21878000000.0,0.0,377000000.0,3681000000.0,90.181,-555000000.0
27,AEE,MRT,2014-09-30,2014-09-30,2014-09-30,2021-08-07,6000000.0,21876000000.0,21418000000.0,1942000000.0,19934000000.0,0.28,27.923,-1785000000.0,13000000.0,13000000.0,3976000000.0,581000000.0,0.916,2.208,6697000000.0,872000000.0,5825000000.0,6697000000.0,0.0,692000000.0,0.0,0.042,1.6,1330000000.0,2022000000.0,0.337,2022000000.0,1330000000.0,955000000.0,2.37,2.37,2.37,6774000000.0,6600750000.0,6774000000.0,15991191807.0,12.0,7.909,-203000000.0,-0.837,1.0,2029000000.0,0.338,431000000.0,375000000.0,26010000000.0,25163500000.0,561000000.0,529000000.0,0.0,529000000.0,14960000000.0,2119000000.0,12841000000.0,9300191807.0,-181000000.0,0.0,0.0,538000000.0,-388000000.0,139000000.0,-1902000000.0,-20000000.0,1582000000.0,0.0,575000000.0,575000000.0,575000000.0,2000000.0,6000000.0,0.096,729000000.0,1300000000.0,466000000.0,0.675,1.373,16.174,16.173,16991000000.0,0.0,38.33,1.549,1.549,787000000.0,1154000000.0,6005000000.0,6005000000.0,0.0,0.027,0.087,0.053,0.221,28000000.0,0.0,1.0,242634798.0,242600000,244300000.0,24.753,21445000000.0,301000000.0,380000000.0,4065000000.0,88.397,-177000000.0
28,AEE,MRT,2014-06-30,2014-06-30,2014-06-30,2021-08-07,6000000.0,21588000000.0,21545250000.0,1965000000.0,19623000000.0,0.277,27.09,-1733000000.0,46000000.0,46000000.0,3950000000.0,590000000.0,0.85,2.263,6737000000.0,912000000.0,5825000000.0,6737000000.0,0.0,681000000.0,0.0,0.039,1.6,1335000000.0,2016000000.0,0.338,2016000000.0,1335000000.0,957000000.0,2.41,2.41,2.41,6572000000.0,6550750000.0,6572000000.0,16466910542.0,12.0,8.168,-154000000.0,-0.635,1.0,2023000000.0,0.339,430000000.0,378000000.0,25537000000.0,24840000000.0,491000000.0,523000000.0,0.0,523000000.0,14874000000.0,2312000000.0,12562000000.0,9918910542.0,-129000000.0,0.0,0.0,553000000.0,-388000000.0,148000000.0,-1856000000.0,-24000000.0,1579000000.0,0.0,584000000.0,584000000.0,584000000.0,1000000.0,6000000.0,0.098,717000000.0,1306000000.0,575000000.0,0.664,1.509,16.984,16.963,16726000000.0,0.0,40.88,1.661,1.66,966000000.0,957000000.0,5973000000.0,5973000000.0,0.0,0.027,0.089,0.054,0.224,28000000.0,0.0,1.0,242634798.0,242600000,242600000.0,24.621,21158000000.0,177000000.0,373000000.0,3718000000.0,87.214,-347000000.0
29,AEE,MRT,2014-03-31,2014-03-31,2014-03-31,2021-08-07,3000000.0,21166000000.0,21717250000.0,1840000000.0,19326000000.0,0.274,26.847,-1590000000.0,26000000.0,26000000.0,4000000000.0,536000000.0,0.675,2.228,6574000000.0,1348000000.0,5226000000.0,6574000000.0,0.0,676000000.0,0.0,0.039,1.6,1259000000.0,1935000000.0,0.325,1935000000.0,1259000000.0,870000000.0,2.19,2.19,2.19,6513000000.0,6501250000.0,6513000000.0,16372548445.0,13.0,8.461,-37000000.0,-0.153,1.0,1957000000.0,0.329,428000000.0,389000000.0,24561000000.0,24604250000.0,424000000.0,503000000.0,0.0,503000000.0,14511000000.0,2725000000.0,11786000000.0,9996548445.0,-160000000.0,0.0,0.0,416000000.0,-388000000.0,20000000.0,-1733000000.0,-27000000.0,1553000000.0,0.0,530000000.0,530000000.0,530000000.0,1000000.0,6000000.0,0.089,712000000.0,1245000000.0,559000000.0,0.731,1.535,18.861,18.813,16425000000.0,0.0,41.2,1.678,1.678,990000000.0,906000000.0,5957000000.0,5957000000.0,0.0,0.024,0.082,0.051,0.211,27000000.0,0.0,1.0,242634671.0,242600000,242600000.0,24.555,20738000000.0,95000000.0,340000000.0,3491000000.0,85.482,-885000000.0
30,AEE,MRT,2013-12-31,2013-12-31,2013-12-31,2021-08-07,3000000.0,21042000000.0,21913750000.0,1972000000.0,19070000000.0,0.266,26.974,-1424000000.0,30000000.0,30000000.0,3948000000.0,295000000.0,0.801,2.194,6406000000.0,902000000.0,5504000000.0,6406000000.0,0.0,666000000.0,0.0,0.044,1.6,998000000.0,1664000000.0,0.285,1664000000.0,998000000.0,600000000.0,1.19,1.19,1.19,6544000000.0,6464250000.0,6544000000.0,14762669703.0,15.0,8.872,269000000.0,1.109,1.0,1890000000.0,0.324,411000000.0,398000000.0,24546000000.0,24700250000.0,526000000.0,494000000.0,0.0,494000000.0,14356000000.0,2461000000.0,11895000000.0,8773669703.0,-179000000.0,0.0,0.0,247000000.0,-388000000.0,-149000000.0,-1723000000.0,-17000000.0,1693000000.0,0.0,289000000.0,289000000.0,289000000.0,0.0,6000000.0,0.05,706000000.0,1184000000.0,806000000.0,1.345,1.341,30.359,30.387,16205000000.0,0.0,36.16,1.503,1.503,904000000.0,907000000.0,5838000000.0,5838000000.0,0.0,0.013,0.045,0.04,0.171,27000000.0,0.0,1.0,242634671.0,242600000,244500000.0,24.064,20631000000.0,106000000.0,311000000.0,3368000000.0,85.041,-489000000.0
31,AEE,MRT,2013-09-30,2013-09-30,2013-09-30,2021-08-07,-19000000.0,22385000000.0,22210750000.0,3273000000.0,19112000000.0,0.26,27.098,-1313000000.0,169000000.0,169000000.0,3948000000.0,-898000000.0,1.014,2.382,6158000000.0,884000000.0,5274000000.0,6158000000.0,0.0,667000000.0,106000000.0,0.046,1.6,-221000000.0,446000000.0,0.077,446000000.0,-221000000.0,-607000000.0,-3.72,-3.72,-3.72,6574000000.0,6482250000.0,6574000000.0,14486391938.0,-66.0,32.481,379000000.0,1.562,1.0,1826000000.0,0.316,430000000.0,386000000.0,24716000000.0,24836750000.0,581000000.0,459000000.0,0.0,459000000.0,15660000000.0,3228000000.0,12432000000.0,8453391938.0,-104000000.0,0.0,0.0,-11000000.0,-389000000.0,-415000000.0,-1381000000.0,-17000000.0,1692000000.0,0.0,-904000000.0,-904000000.0,-904000000.0,0.0,6000000.0,-0.157,705000000.0,1121000000.0,414000000.0,-0.43,1.286,-9.351,-9.366,15834000000.0,0.0,34.84,1.464,1.464,804000000.0,967000000.0,5774000000.0,5774000000.0,0.0,-0.041,-0.139,-0.009,-0.038,25000000.0,0.0,1.0,242634671.0,242600000,245100000.0,23.8,21955000000.0,43000000.0,297000000.0,3646000000.0,90.499,45000000.0
32,AEE,MRT,2013-06-30,2013-06-30,2013-06-30,2021-08-07,-9000000.0,22276000000.0,22489000000.0,3408000000.0,18868000000.0,0.26,26.274,-1217000000.0,150000000.0,150000000.0,4022000000.0,-828000000.0,1.037,2.471,6183000000.0,909000000.0,5274000000.0,6183000000.0,0.0,653000000.0,110000000.0,0.046,1.6,-146000000.0,507000000.0,0.087,507000000.0,-146000000.0,-543000000.0,-3.43,-3.43,-3.43,6374000000.0,6807250000.0,6374000000.0,14353338069.0,-98.0,28.31,480000000.0,1.979,1.0,1823000000.0,0.312,429000000.0,397000000.0,24594000000.0,25713000000.0,511000000.0,442000000.0,0.0,442000000.0,15751000000.0,3286000000.0,12465000000.0,8356338069.0,77000000.0,0.0,0.0,117000000.0,-389000000.0,-286000000.0,-1334000000.0,-16000000.0,1697000000.0,0.0,-832000000.0,-832000000.0,-832000000.0,0.0,6000000.0,-0.142,691000000.0,1132000000.0,428000000.0,-0.466,1.311,-10.044,-10.041,15601000000.0,0.0,34.44,1.43,1.429,808000000.0,762000000.0,5845000000.0,5845000000.0,0.0,-0.037,-0.122,-0.006,-0.025,31000000.0,0.0,1.0,242634671.0,242600000,242600000.0,24.093,21847000000.0,157000000.0,289000000.0,3538000000.0,90.054,122000000.0
33,AEE,MRT,2013-03-31,2013-03-31,2013-03-31,2021-08-07,-15000000.0,21952000000.0,22665000000.0,3296000000.0,18656000000.0,0.258,26.237,-1157000000.0,161000000.0,161000000.0,3948000000.0,-714000000.0,1.279,2.425,6158000000.0,355000000.0,5803000000.0,6158000000.0,0.0,643000000.0,110000000.0,0.046,1.6,-2000000.0,641000000.0,0.11,641000000.0,-2000000.0,-397000000.0,-2.95,-2.95,-2.95,6365000000.0,7102500000.0,6365000000.0,15269066178.0,-7635.0,23.821,529000000.0,2.181,1.0,1896000000.0,0.324,427000000.0,395000000.0,24945000000.0,26495500000.0,461000000.0,464000000.0,27000000.0,437000000.0,15436000000.0,2577000000.0,12859000000.0,8497066178.0,-28000000.0,0.0,0.0,-4000000.0,-389000000.0,-412000000.0,-1302000000.0,-15000000.0,1686000000.0,0.0,-716000000.0,-716000000.0,-716000000.0,0.0,6000000.0,-0.123,681000000.0,1215000000.0,341000000.0,-0.542,1.335,-11.867,-11.871,15408000000.0,0.0,35.02,1.454,1.454,811000000.0,764000000.0,5844000000.0,5844000000.0,0.0,-0.032,-0.101,0.0,0.0,30000000.0,0.0,1.0,242634671.0,242600000,242600000.0,24.089,21525000000.0,80000000.0,319000000.0,3394000000.0,88.726,719000000.0
34,AEE,MRT,2012-12-31,2012-12-31,2012-12-31,2021-08-07,-8000000.0,22230000000.0,22901750000.0,3596000000.0,18634000000.0,0.252,27.271,-1154000000.0,184000000.0,184000000.0,3920000000.0,-974000000.0,1.339,2.337,6157000000.0,355000000.0,5802000000.0,6157000000.0,0.0,633000000.0,107000000.0,0.052,1.6,-275000000.0,358000000.0,0.062,358000000.0,-275000000.0,-667000000.0,-4.01,-4.01,-4.01,6616000000.0,7369250000.0,6616000000.0,14147737093.0,-51.0,39.519,536000000.0,2.209,1.0,1861000000.0,0.322,425000000.0,392000000.0,25092000000.0,27169000000.0,570000000.0,408000000.0,0.0,408000000.0,15463000000.0,2686000000.0,12777000000.0,7453737093.0,-46000000.0,0.0,0.0,-26000000.0,-382000000.0,-426000000.0,-1310000000.0,-19000000.0,1690000000.0,0.0,-974000000.0,-974000000.0,-974000000.0,0.0,6000000.0,-0.168,673000000.0,1188000000.0,533000000.0,-0.399,1.127,-7.653,-7.661,15348000000.0,0.0,30.72,1.289,1.289,716000000.0,1006000000.0,5781000000.0,5781000000.0,0.0,-0.043,-0.132,-0.01,-0.048,29000000.0,0.0,1.0,242634671.0,242600000,243000000.0,23.829,21805000000.0,170000000.0,307000000.0,3305000000.0,89.88,910000000.0
35,AEE,MRT,2012-09-30,2012-09-30,2012-09-30,2021-08-07,2000000.0,23498000000.0,23255500000.0,2406000000.0,21092000000.0,0.203,32.457,-1008000000.0,298000000.0,298000000.0,3181000000.0,207000000.0,1.556,1.965,6992000000.0,211000000.0,6781000000.0,6992000000.0,0.0,510000000.0,96000000.0,0.049,1.6,812000000.0,1322000000.0,0.28,1322000000.0,812000000.0,466000000.0,0.85,0.85,0.85,7874000000.0,7695000000.0,7874000000.0,14696874702.0,18.0,11.117,617000000.0,2.543,1.0,1537000000.0,0.326,425000000.0,346000000.0,28221000000.0,27943750000.0,756000000.0,541000000.0,134000000.0,407000000.0,15472000000.0,1546000000.0,13926000000.0,7926874702.0,-224000000.0,0.0,16000000.0,-122000000.0,-380000000.0,-590000000.0,-1259000000.0,-20000000.0,1625000000.0,0.0,207000000.0,207000000.0,207000000.0,0.0,5000000.0,0.044,517000000.0,1020000000.0,458000000.0,1.882,1.007,38.294,38.435,17833000000.0,0.0,32.67,1.68,1.68,870000000.0,2259000000.0,4718000000.0,4718000000.0,0.0,0.009,0.027,0.029,0.172,40000000.0,0.0,1.0,242634671.0,242600000,242900000.0,19.448,23073000000.0,0.0,259000000.0,3622000000.0,95.107,860000000.0
36,AEE,MRT,2012-06-30,2012-06-30,2012-06-30,2021-08-07,-30000000.0,22980000000.0,23220000000.0,2154000000.0,20826000000.0,0.227,31.142,-989000000.0,117000000.0,117000000.0,3609000000.0,120000000.0,1.344,2.023,6887000000.0,209000000.0,6678000000.0,6887000000.0,0.0,543000000.0,97000000.0,0.047,1.585,721000000.0,1264000000.0,0.24,1264000000.0,721000000.0,361000000.0,0.49,0.49,0.49,7555000000.0,7725750000.0,7555000000.0,14911966865.0,21.0,11.797,751000000.0,3.096,1.0,1668000000.0,0.316,423000000.0,360000000.0,27724000000.0,27833250000.0,686000000.0,542000000.0,156000000.0,386000000.0,15280000000.0,1603000000.0,13677000000.0,8137966865.0,-280000000.0,0.0,33000000.0,-412000000.0,-376000000.0,-853000000.0,-1167000000.0,-20000000.0,1740000000.0,0.0,118000000.0,118000000.0,118000000.0,0.0,5000000.0,0.022,676000000.0,992000000.0,479000000.0,3.235,1.077,68.966,68.449,17690000000.0,0.0,33.54,1.542,1.542,860000000.0,1983000000.0,5277000000.0,5277000000.0,0.0,0.005,0.015,0.026,0.137,29000000.0,0.0,1.0,242634671.0,242600000,242600000.0,21.752,22557000000.0,0.0,243000000.0,3415000000.0,92.98,551000000.0
37,AEE,MRT,2012-03-31,2012-03-31,2012-03-31,2021-08-07,-35000000.0,22899000000.0,23322750000.0,2124000000.0,20775000000.0,0.243,30.635,-973000000.0,208000000.0,208000000.0,3988000000.0,49000000.0,1.316,2.061,6982000000.0,305000000.0,6677000000.0,6982000000.0,0.0,571000000.0,98000000.0,0.048,1.57,643000000.0,1214000000.0,0.215,1214000000.0,643000000.0,277000000.0,0.19,0.19,0.19,7432000000.0,7784000000.0,7432000000.0,14619889278.0,23.0,12.043,728000000.0,3.001,1.0,1668000000.0,0.295,420000000.0,366000000.0,27639000000.0,27969000000.0,625000000.0,557000000.0,167000000.0,390000000.0,15320000000.0,1614000000.0,13706000000.0,7870889278.0,-359000000.0,0.0,48000000.0,-533000000.0,-372000000.0,-957000000.0,-1103000000.0,-24000000.0,1701000000.0,0.0,45000000.0,45000000.0,45000000.0,0.0,5000000.0,0.008,704000000.0,964000000.0,366000000.0,8.263,1.059,174.909,171.474,17535000000.0,0.0,32.58,1.392,1.397,743000000.0,1869000000.0,5656000000.0,5656000000.0,0.0,0.002,0.006,0.023,0.114,25000000.0,0.0,1.0,241586534.0,242600000,242600000.0,23.314,22479000000.0,0.0,232000000.0,3289000000.0,92.659,510000000.0
38,AEE,MRT,2011-12-31,2011-12-31,2011-12-31,2021-08-07,-50000000.0,23645000000.0,23430250000.0,2295000000.0,21350000000.0,0.262,32.791,-943000000.0,255000000.0,255000000.0,4383000000.0,526000000.0,1.286,1.967,7004000000.0,327000000.0,6677000000.0,7004000000.0,0.0,602000000.0,98000000.0,0.047,1.555,1160000000.0,1762000000.0,0.287,1762000000.0,1160000000.0,773000000.0,2.15,2.15,2.15,7919000000.0,7857250000.0,7919000000.0,14713405899.0,13.0,8.35,935000000.0,3.872,1.0,1765000000.0,0.287,418000000.0,387000000.0,28191000000.0,28087500000.0,712000000.0,472000000.0,115000000.0,357000000.0,15577000000.0,1785000000.0,13792000000.0,8025405899.0,-290000000.0,0.0,65000000.0,-636000000.0,-375000000.0,-1120000000.0,-1048000000.0,-21000000.0,1878000000.0,0.0,519000000.0,519000000.0,519000000.0,0.0,6000000.0,0.084,732000000.0,1033000000.0,693000000.0,0.723,1.013,15.463,15.409,18127000000.0,0.0,33.13,1.305,1.301,866000000.0,2369000000.0,6148000000.0,6148000000.0,0.0,0.022,0.066,0.041,0.189,17000000.0,0.0,1.0,242239840.0,241500000,242100000.0,25.458,23227000000.0,20000000.0,254000000.0,3459000000.0,96.178,510000000.0
39,AEE,MRT,2011-09-30,2011-09-30,2011-09-30,2021-08-07,-25000000.0,23356000000.0,23396750000.0,2680000000.0,20676000000.0,0.327,33.086,-1075000000.0,522000000.0,522000000.0,5463000000.0,554000000.0,1.45,1.901,7210000000.0,528000000.0,6682000000.0,7210000000.0,0.0,716000000.0,98000000.0,0.052,1.54,1325000000.0,2041000000.0,0.266,2041000000.0,1325000000.0,869000000.0,2.25,2.25,2.25,7997000000.0,7810000000.0,7997000000.0,14212407448.0,11.0,6.963,817000000.0,3.38,1.0,2196000000.0,0.287,417000000.0,456000000.0,27779000000.0,28139000000.0,734000000.0,424000000.0,94000000.0,330000000.0,15204000000.0,1848000000.0,13356000000.0,7194407448.0,-86000000.0,0.0,69000000.0,-529000000.0,-371000000.0,-907000000.0,-1071000000.0,-19000000.0,1892000000.0,0.0,546000000.0,546000000.0,546000000.0,0.0,8000000.0,0.071,905000000.0,1291000000.0,410000000.0,0.684,0.9,13.177,13.231,17873000000.0,0.0,29.77,0.939,0.939,1014000000.0,2440000000.0,7659000000.0,7659000000.0,0.0,0.023,0.07,0.047,0.173,0.0,0.0,1.0,241666357.0,241700000,241700000.0,31.688,22939000000.0,0.0,323000000.0,3541000000.0,94.907,832000000.0
40,AEE,MRT,2011-06-30,2011-06-30,2011-06-30,2021-08-07,-21000000.0,23391000000.0,23465500000.0,2603000000.0,20788000000.0,0.326,32.289,-1025000000.0,378000000.0,378000000.0,5460000000.0,103000000.0,1.507,1.984,7396000000.0,342000000.0,7054000000.0,7396000000.0,0.0,732000000.0,100000000.0,0.053,1.54,864000000.0,1596000000.0,0.208,1596000000.0,864000000.0,391000000.0,0.37,0.37,0.37,7788000000.0,7749250000.0,7788000000.0,13993727268.0,16.0,8.768,926000000.0,3.839,1.0,2198000000.0,0.287,415000000.0,473000000.0,28267000000.0,28301000000.0,654000000.0,515000000.0,159000000.0,356000000.0,15448000000.0,1727000000.0,13721000000.0,6954727268.0,-128000000.0,0.0,69000000.0,-613000000.0,-371000000.0,-1049000000.0,-1030000000.0,-19000000.0,1951000000.0,0.0,94000000.0,94000000.0,94000000.0,0.0,9000000.0,0.012,1368000000.0,830000000.0,482000000.0,4.162,0.893,73.986,77.946,17945000000.0,0.0,28.84,0.908,0.908,1124000000.0,2248000000.0,7658000000.0,7658000000.0,0.0,0.004,0.012,0.031,0.113,0.0,0.0,1.0,241148657.0,241200000,241200000.0,31.75,22976000000.0,0.0,297000000.0,3347000000.0,95.257,876000000.0
41,AEE,MRT,2011-03-31,2011-03-31,2011-03-31,2021-08-07,-20000000.0,23329000000.0,23596500000.0,2715000000.0,20614000000.0,0.322,32.107,-1024000000.0,573000000.0,573000000.0,5395000000.0,119000000.0,1.478,2.0,7612000000.0,489000000.0,7123000000.0,7612000000.0,0.0,743000000.0,100000000.0,0.055,1.54,887000000.0,1630000000.0,0.214,1630000000.0,887000000.0,403000000.0,0.44,0.44,0.44,7725000000.0,7800000000.0,7725000000.0,13904420868.0,16.0,8.53,979000000.0,4.069,1.0,2207000000.0,0.29,418000000.0,484000000.0,28113000000.0,28412250000.0,572000000.0,490000000.0,137000000.0,353000000.0,15449000000.0,1837000000.0,13612000000.0,6712420868.0,213000000.0,0.0,77000000.0,-336000000.0,-370000000.0,-755000000.0,-1035000000.0,-15000000.0,2003000000.0,0.0,108000000.0,108000000.0,108000000.0,0.0,11000000.0,0.014,1362000000.0,845000000.0,401000000.0,3.5,0.869,62.152,63.795,17888000000.0,0.0,28.07,0.883,0.888,1118000000.0,2203000000.0,7602000000.0,7602000000.0,0.0,0.005,0.014,0.031,0.117,0.0,0.0,1.0,239131488.0,240600000,240600000.0,31.596,22911000000.0,0.0,295000000.0,3160000000.0,95.224,878000000.0
42,AEE,MRT,2010-12-31,2010-12-31,2010-12-31,2021-08-07,-17000000.0,23511000000.0,23686250000.0,2890000000.0,20621000000.0,0.322,32.37,-1083000000.0,545000000.0,545000000.0,5368000000.0,151000000.0,1.531,2.022,7737000000.0,424000000.0,7313000000.0,7737000000.0,0.0,746000000.0,100000000.0,0.055,1.54,961000000.0,1707000000.0,0.223,1707000000.0,961000000.0,464000000.0,0.58,0.58,0.58,7730000000.0,7844000000.0,7730000000.0,13890791434.0,14.0,8.138,740000000.0,3.099,1.0,2270000000.0,0.297,418000000.0,497000000.0,28397000000.0,28554000000.0,707000000.0,466000000.0,129000000.0,337000000.0,15627000000.0,1888000000.0,13739000000.0,6760791434.0,-77000000.0,0.0,80000000.0,-431000000.0,-368000000.0,-804000000.0,-1096000000.0,-15000000.0,1823000000.0,0.0,139000000.0,139000000.0,139000000.0,0.0,12000000.0,0.018,1354000000.0,916000000.0,651000000.0,2.655,0.875,48.639,48.603,17853000000.0,0.0,28.19,0.885,0.881,1133000000.0,2225000000.0,7638000000.0,7638000000.0,0.0,0.006,0.018,0.034,0.126,0.0,0.0,1.0,239829423.0,238800000,238800000.0,31.985,23093000000.0,0.0,325000000.0,3035000000.0,96.704,1002000000.0
43,AEE,MRT,2010-09-30,2010-09-30,2010-09-30,2021-08-07,-10000000.0,23631000000.0,23734000000.0,3120000000.0,20511000000.0,0.322,32.403,-1199000000.0,608000000.0,608000000.0,5338000000.0,179000000.0,1.63,2.028,7738000000.0,479000000.0,7259000000.0,7738000000.0,0.0,739000000.0,99000000.0,0.054,1.54,1014000000.0,1753000000.0,0.229,1753000000.0,1014000000.0,505000000.0,0.67,0.67,0.67,7754000000.0,7875500000.0,7754000000.0,14294870095.0,14.0,8.155,568000000.0,2.374,1.0,2314000000.0,0.302,420000000.0,509000000.0,28427000000.0,28598250000.0,746000000.0,468000000.0,153000000.0,315000000.0,15722000000.0,1914000000.0,13808000000.0,6793870095.0,45000000.0,0.0,77000000.0,-148000000.0,-367000000.0,-510000000.0,-1212000000.0,-15000000.0,1767000000.0,0.0,166000000.0,166000000.0,166000000.0,0.0,13000000.0,0.022,1351000000.0,963000000.0,414000000.0,2.299,0.876,40.927,42.388,17655000000.0,0.0,28.4,0.888,0.888,1204000000.0,2266000000.0,7652000000.0,7652000000.0,0.0,0.007,0.021,0.035,0.133,0.0,0.0,1.0,239220778.0,239300000,239300000.0,31.977,23211000000.0,0.0,339000000.0,3291000000.0,96.995,1206000000.0
44,AEE,MRT,2010-06-30,2010-06-30,2010-06-30,2021-08-07,-13000000.0,23915000000.0,23724750000.0,2830000000.0,21085000000.0,0.303,33.519,-1448000000.0,506000000.0,506000000.0,5088000000.0,572000000.0,1.608,1.967,8007000000.0,354000000.0,7653000000.0,8007000000.0,0.0,731000000.0,98000000.0,0.065,1.54,1410000000.0,2141000000.0,0.297,2141000000.0,1410000000.0,897000000.0,2.41,2.41,2.41,7991000000.0,7897000000.0,7991000000.0,13251066944.0,9.0,6.189,419000000.0,1.758,1.0,2112000000.0,0.293,944000000.0,513000000.0,28712000000.0,28496500000.0,676000000.0,455000000.0,166000000.0,289000000.0,15715000000.0,1760000000.0,13955000000.0,5664066944.0,255000000.0,0.0,630000000.0,-407000000.0,-357000000.0,-153000000.0,-1459000000.0,-14000000.0,1867000000.0,0.0,560000000.0,560000000.0,560000000.0,0.0,12000000.0,0.078,753000000.0,1359000000.0,465000000.0,0.639,0.709,10.114,9.863,17747000000.0,0.0,23.77,0.787,0.787,1088000000.0,2526000000.0,7200000000.0,7200000000.0,0.0,0.024,0.071,0.049,0.196,0.0,0.0,1.0,238286367.0,238400000,238400000.0,30.201,22971000000.0,0.0,337000000.0,2944000000.0,96.355,1070000000.0
45,AEE,MRT,2010-03-31,2010-03-31,2010-03-31,2021-08-07,-4000000.0,23688000000.0,23543500000.0,2658000000.0,21030000000.0,0.304,33.253,-1665000000.0,360000000.0,360000000.0,5021000000.0,585000000.0,1.621,1.972,7947000000.0,204000000.0,7743000000.0,7947000000.0,0.0,722000000.0,97000000.0,0.059,1.54,1432000000.0,2154000000.0,0.301,2154000000.0,1432000000.0,910000000.0,2.54,2.54,2.54,7901000000.0,7686000000.0,7901000000.0,13739095009.0,10.0,6.378,166000000.0,0.699,1.0,2138000000.0,0.299,955000000.0,522000000.0,28680000000.0,28275500000.0,635000000.0,540000000.0,233000000.0,307000000.0,15578000000.0,1640000000.0,13938000000.0,6194095009.0,56000000.0,0.0,626000000.0,-326000000.0,-347000000.0,-109000000.0,-1666000000.0,-4000000.0,1831000000.0,0.0,573000000.0,573000000.0,573000000.0,0.0,12000000.0,0.08,745000000.0,1393000000.0,427000000.0,0.606,0.784,10.81,10.268,17671000000.0,0.0,26.08,0.865,0.866,1072000000.0,2466000000.0,7159000000.0,7159000000.0,0.0,0.024,0.075,0.051,0.2,0.0,0.0,1.0,237503643.0,237600000,237600000.0,30.13,22733000000.0,0.0,337000000.0,2883000000.0,95.678,1018000000.0
46,AEE,MRT,2009-12-31,2009-12-31,2009-12-31,2021-08-07,-13000000.0,23702000000.0,23389250000.0,2842000000.0,20860000000.0,0.305,35.644,-1780000000.0,622000000.0,622000000.0,4987000000.0,624000000.0,1.661,1.991,8165000000.0,224000000.0,7941000000.0,8165000000.0,0.0,708000000.0,101000000.0,0.055,1.54,1452000000.0,2160000000.0,0.303,2160000000.0,1452000000.0,944000000.0,2.78,2.78,2.78,7856000000.0,7476000000.0,7856000000.0,13942942257.0,10.0,6.455,187000000.0,0.848,1.0,2148000000.0,0.301,960000000.0,508000000.0,28574000000.0,27898500000.0,782000000.0,414000000.0,121000000.0,293000000.0,15642000000.0,1711000000.0,13931000000.0,6621942257.0,530000000.0,0.0,634000000.0,66000000.0,-338000000.0,344000000.0,-1781000000.0,-3000000.0,1967000000.0,0.0,612000000.0,612000000.0,612000000.0,0.0,12000000.0,0.086,732000000.0,1416000000.0,694000000.0,0.554,0.843,10.82,10.054,17610000000.0,0.0,27.95,0.928,0.863,1109000000.0,2455000000.0,7135000000.0,7135000000.0,0.0,0.026,0.082,0.052,0.204,0.0,0.0,1.0,236921011.0,220400000,220400000.0,32.373,22742000000.0,0.0,332000000.0,2702000000.0,103.185,1131000000.0
47,AEE,MRT,2009-09-30,2009-09-30,2009-09-30,2021-08-07,-21000000.0,23594000000.0,23131500000.0,2780000000.0,20814000000.0,0.318,35.93,-1934000000.0,563000000.0,563000000.0,5226000000.0,605000000.0,1.443,1.983,7884000000.0,563000000.0,7321000000.0,7884000000.0,0.0,734000000.0,107000000.0,0.071,1.79,1371000000.0,2105000000.0,0.286,2105000000.0,1371000000.0,886000000.0,2.74,2.74,2.74,7840000000.0,7252750000.0,7840000000.0,13583342918.0,10.0,6.453,33000000.0,0.151,1.0,2127000000.0,0.289,969000000.0,485000000.0,28020000000.0,27408000000.0,857000000.0,519000000.0,239000000.0,280000000.0,15548000000.0,1926000000.0,13622000000.0,5419342918.0,357000000.0,0.0,664000000.0,75000000.0,-382000000.0,331000000.0,-1941000000.0,3000000.0,1967000000.0,0.0,590000000.0,590000000.0,590000000.0,0.0,15000000.0,0.08,787000000.0,1340000000.0,443000000.0,0.653,0.691,9.185,9.226,17272000000.0,0.0,25.28,0.737,0.75,848000000.0,2467000000.0,7353000000.0,7353000000.0,0.0,0.026,0.081,0.05,0.186,0.0,0.0,1.0,214372742.0,218200000,218200000.0,33.698,22625000000.0,0.0,296000000.0,2659000000.0,103.689,854000000.0
48,AEE,MRT,2009-06-30,2009-06-30,2009-06-30,2021-08-07,-13000000.0,23190000000.0,22602750000.0,2664000000.0,20526000000.0,0.336,33.46,-2029000000.0,251000000.0,251000000.0,5540000000.0,591000000.0,1.047,2.216,8415000000.0,1094000000.0,7321000000.0,8415000000.0,0.0,719000000.0,0.0,0.082,2.04,1305000000.0,2024000000.0,0.266,2024000000.0,1305000000.0,841000000.0,2.67,2.67,2.67,7147000000.0,7053500000.0,7147000000.0,13288518953.0,10.0,6.565,-135000000.0,-0.632,1.0,2058000000.0,0.271,981000000.0,464000000.0,27828000000.0,26697000000.0,733000000.0,526000000.0,277000000.0,249000000.0,15836000000.0,2545000000.0,13291000000.0,5315518953.0,46000000.0,0.0,126000000.0,556000000.0,-432000000.0,196000000.0,-2044000000.0,-4000000.0,1894000000.0,0.0,567000000.0,567000000.0,567000000.0,0.0,24000000.0,0.075,775000000.0,1283000000.0,523000000.0,0.764,0.744,9.375,9.322,17006000000.0,0.0,24.89,0.7,0.7,1152000000.0,2323000000.0,7598000000.0,7598000000.0,0.0,0.025,0.08,0.049,0.172,0.0,0.0,1.0,213560424.0,213600000,213600000.0,35.571,22209000000.0,0.0,274000000.0,2420000000.0,103.975,119000000.0
49,AEE,MRT,2009-03-31,2009-03-31,2009-03-31,2021-08-07,6000000.0,23071000000.0,22216500000.0,2757000000.0,20314000000.0,0.347,33.197,-1974000000.0,304000000.0,304000000.0,5639000000.0,640000000.0,0.957,2.237,8277000000.0,1377000000.0,6900000000.0,8277000000.0,0.0,701000000.0,0.0,0.099,2.29,1376000000.0,2077000000.0,0.27,2077000000.0,1376000000.0,918000000.0,2.88,2.88,2.88,7061000000.0,6971000000.0,7061000000.0,12887061239.0,9.0,6.205,-263000000.0,-1.236,1.0,2065000000.0,0.268,991000000.0,458000000.0,27172000000.0,26048750000.0,657000000.0,547000000.0,324000000.0,223000000.0,15798000000.0,2881000000.0,12917000000.0,4871061239.0,118000000.0,0.0,136000000.0,785000000.0,-483000000.0,409000000.0,-2002000000.0,-23000000.0,1711000000.0,0.0,608000000.0,608000000.0,608000000.0,0.0,32000000.0,0.079,704000000.0,1361000000.0,519000000.0,0.795,0.69,8.012,8.052,16781000000.0,0.0,23.19,0.632,0.64,1119000000.0,2241000000.0,7704000000.0,7704000000.0,0.0,0.027,0.087,0.053,0.179,0.0,0.0,1.0,210050075.0,212700000,212700000.0,36.22,22080000000.0,0.0,310000000.0,2339000000.0,103.808,-124000000.0
50,AEE,MRT,2008-12-31,2008-12-31,2008-12-31,2021-08-07,0.0,22671000000.0,21638250000.0,2608000000.0,20063000000.0,0.364,33.141,-2069000000.0,92000000.0,92000000.0,5808000000.0,644000000.0,0.848,2.225,8108000000.0,1554000000.0,6554000000.0,8108000000.0,0.0,705000000.0,126000000.0,0.076,2.54,1372000000.0,2077000000.0,0.264,2077000000.0,1372000000.0,932000000.0,2.88,2.88,2.88,6963000000.0,6894250000.0,6963000000.0,14645921924.0,11.0,7.051,-545000000.0,-2.594,1.0,2061000000.0,0.262,998000000.0,440000000.0,26612000000.0,25142750000.0,842000000.0,446000000.0,207000000.0,239000000.0,15492000000.0,3077000000.0,12415000000.0,7032921924.0,-263000000.0,0.0,154000000.0,739000000.0,-534000000.0,310000000.0,-2097000000.0,-23000000.0,1524000000.0,0.0,605000000.0,605000000.0,605000000.0,0.0,39000000.0,0.077,699000000.0,1362000000.0,813000000.0,0.882,1.01,11.625,11.549,16567000000.0,0.0,33.26,0.894,0.888,1258000000.0,2181000000.0,7869000000.0,7869000000.0,0.0,0.028,0.088,0.055,0.174,0.0,0.0,1.0,211452854.0,210100000,210100000.0,37.454,21673000000.0,0.0,327000000.0,2285000000.0,103.156,-469000000.0
51,AEE,MRT,2008-09-30,2008-09-30,2008-09-30,2021-08-07,51000000.0,21479000000.0,21152500000.0,2547000000.0,18932000000.0,0.366,33.49,-1852000000.0,206000000.0,206000000.0,5691000000.0,727000000.0,0.873,2.05,7819000000.0,1676000000.0,6143000000.0,7819000000.0,0.0,706000000.0,0.0,0.065,2.54,1464000000.0,2170000000.0,0.28,2170000000.0,1464000000.0,1026000000.0,3.13,3.13,3.13,7043000000.0,6841500000.0,7043000000.0,15880430691.0,11.0,7.318,-411000000.0,-1.954,1.0,2052000000.0,0.265,998000000.0,438000000.0,25176000000.0,24445750000.0,956000000.0,269000000.0,0.0,269000000.0,14436000000.0,2918000000.0,11518000000.0,8204430691.0,36000000.0,0.0,127000000.0,943000000.0,-531000000.0,471000000.0,-1876000000.0,-28000000.0,1441000000.0,0.0,656000000.0,656000000.0,656000000.0,0.0,71000000.0,0.085,600000000.0,1452000000.0,509000000.0,0.812,1.165,12.507,12.47,15977000000.0,0.0,39.03,1.06,1.06,1059000000.0,2259000000.0,7743000000.0,7743000000.0,0.0,0.031,0.096,0.06,0.189,0.0,0.0,1.0,210208319.0,210300000,210300000.0,36.819,20481000000.0,0.0,370000000.0,2302000000.0,97.389,-371000000.0
52,AEE,MRT,2008-06-30,2008-06-30,2008-06-30,2021-08-07,-66000000.0,21645000000.0,20884000000.0,2766000000.0,18879000000.0,0.368,32.539,-1631000000.0,205000000.0,205000000.0,5571000000.0,756000000.0,0.899,2.175,7881000000.0,1735000000.0,6146000000.0,7881000000.0,0.0,728000000.0,0.0,0.06,2.54,1518000000.0,2246000000.0,0.292,2246000000.0,1518000000.0,1083000000.0,3.34,3.34,3.34,6817000000.0,6769750000.0,6817000000.0,16166122662.0,11.0,7.198,-565000000.0,-2.697,1.0,2109000000.0,0.275,1008000000.0,435000000.0,25235000000.0,24050250000.0,719000000.0,557000000.0,273000000.0,284000000.0,14828000000.0,3078000000.0,11750000000.0,8846122662.0,-482000000.0,0.0,118000000.0,553000000.0,-530000000.0,101000000.0,-1649000000.0,-20000000.0,1066000000.0,0.0,696000000.0,696000000.0,696000000.0,0.0,60000000.0,0.091,603000000.0,1506000000.0,527000000.0,0.76,1.298,12.71,12.644,15566000000.0,0.0,42.23,1.152,1.152,1294000000.0,2188000000.0,7680000000.0,7680000000.0,0.0,0.033,0.103,0.063,0.198,0.0,0.0,1.0,209474844.0,209500000,209500000.0,36.659,20637000000.0,0.0,387000000.0,2319000000.0,98.506,-312000000.0
53,AEE,MRT,2008-03-31,2008-03-31,2008-03-31,2021-08-07,-19000000.0,20758000000.0,20605500000.0,2303000000.0,18455000000.0,0.37,32.362,-1591000000.0,186000000.0,186000000.0,5561000000.0,682000000.0,0.656,2.073,7506000000.0,2440000000.0,5066000000.0,7506000000.0,0.0,733000000.0,0.0,0.058,2.54,1404000000.0,2137000000.0,0.281,2137000000.0,1404000000.0,979000000.0,3.05,3.05,3.05,6754000000.0,6720000000.0,6754000000.0,16167744364.0,12.0,7.566,-512000000.0,-2.453,1.0,2057000000.0,0.27,1020000000.0,425000000.0,23548000000.0,23571500000.0,556000000.0,291000000.0,0.0,291000000.0,14004000000.0,3510000000.0,10494000000.0,9138744364.0,25000000.0,0.0,116000000.0,1005000000.0,-529000000.0,555000000.0,-1609000000.0,-13000000.0,1079000000.0,0.0,633000000.0,633000000.0,633000000.0,0.0,49000000.0,0.083,668000000.0,1389000000.0,443000000.0,0.833,1.353,14.437,14.439,15294000000.0,0.0,44.04,1.2,1.207,1289000000.0,2115000000.0,7618000000.0,7618000000.0,0.0,0.031,0.094,0.06,0.184,0.0,0.0,1.0,207510090.0,208700000,208700000.0,36.502,19738000000.0,0.0,346000000.0,2183000000.0,94.576,-1207000000.0
54,AEE,MRT,2007-12-31,2007-12-31,2007-12-31,2021-08-07,36000000.0,20728000000.0,20322500000.0,2462000000.0,18266000000.0,0.372,32.555,-1449000000.0,355000000.0,355000000.0,5522000000.0,656000000.0,0.848,2.07,7384000000.0,1695000000.0,5689000000.0,7384000000.0,0.0,735000000.0,0.0,0.047,2.54,1371000000.0,2106000000.0,0.278,2106000000.0,1371000000.0,948000000.0,2.98,2.98,2.98,6752000000.0,6670750000.0,6752000000.0,17997176509.0,13.0,8.546,-341000000.0,-1.644,1.0,2040000000.0,0.27,1029000000.0,423000000.0,23824000000.0,23357250000.0,735000000.0,342000000.0,35000000.0,307000000.0,13976000000.0,2904000000.0,11072000000.0,11276176509.0,218000000.0,0.0,91000000.0,1046000000.0,-527000000.0,578000000.0,-1468000000.0,-14000000.0,1108000000.0,0.0,618000000.0,618000000.0,618000000.0,0.0,38000000.0,0.082,681000000.0,1359000000.0,687000000.0,0.852,1.67,18.246,18.191,15069000000.0,0.0,54.21,1.491,1.487,1191000000.0,2110000000.0,7562000000.0,7562000000.0,0.0,0.03,0.093,0.059,0.181,0.0,0.0,1.0,208009159.0,207400000,207400000.0,36.461,19699000000.0,0.0,330000000.0,2239000000.0,94.981,-442000000.0
55,AEE,MRT,2007-09-30,2007-09-30,2007-09-30,2021-08-07,41000000.0,20405000000.0,20049250000.0,2341000000.0,18064000000.0,0.368,32.543,-1330000000.0,170000000.0,170000000.0,5403000000.0,571000000.0,0.935,2.02,6891000000.0,1405000000.0,5486000000.0,6891000000.0,0.0,706000000.0,0.0,0.048,2.54,1275000000.0,1981000000.0,0.268,1981000000.0,1275000000.0,861000000.0,2.75,2.75,2.75,6756000000.0,6628500000.0,6756000000.0,17545085680.0,14.0,8.857,-200000000.0,-0.963,1.0,1981000000.0,0.268,1028000000.0,414000000.0,23594000000.0,23051250000.0,757000000.0,301000000.0,0.0,301000000.0,13649000000.0,2504000000.0,11145000000.0,10899085680.0,136000000.0,0.0,89000000.0,785000000.0,-526000000.0,321000000.0,-1315000000.0,-14000000.0,1130000000.0,0.0,571000000.0,571000000.0,571000000.0,0.0,0.0,0.077,711000000.0,1270000000.0,415000000.0,0.924,1.613,19.088,19.091,14729000000.0,0.0,52.5,1.476,1.476,1212000000.0,2134000000.0,7384000000.0,7384000000.0,0.0,0.028,0.086,0.055,0.173,0.0,0.0,1.0,207601632.0,207600000,207600000.0,35.568,19377000000.0,0.0,290000000.0,2302000000.0,93.338,-163000000.0
56,AEE,MRT,2007-06-30,2007-06-30,2007-06-30,2021-08-07,42000000.0,20531000000.0,19655500000.0,2565000000.0,17966000000.0,0.371,31.956,-1251000000.0,687000000.0,687000000.0,5265000000.0,620000000.0,0.91,2.102,7333000000.0,1822000000.0,5511000000.0,7333000000.0,0.0,673000000.0,0.0,0.052,2.54,1334000000.0,2007000000.0,0.275,2007000000.0,1334000000.0,941000000.0,2.99,2.99,2.99,6618000000.0,6576500000.0,6618000000.0,16501133076.0,12.0,8.222,-48000000.0,-0.232,1.0,2032000000.0,0.278,1037000000.0,393000000.0,23320000000.0,22622000000.0,612000000.0,314000000.0,0.0,314000000.0,13913000000.0,2820000000.0,11093000000.0,10146133076.0,636000000.0,0.0,87000000.0,1126000000.0,-525000000.0,658000000.0,-1225000000.0,-17000000.0,1203000000.0,0.0,620000000.0,620000000.0,620000000.0,0.0,0.0,0.085,697000000.0,1335000000.0,455000000.0,0.849,1.533,16.365,16.391,14538000000.0,0.0,49.01,1.39,1.391,1088000000.0,2023000000.0,7297000000.0,7297000000.0,0.0,0.032,0.094,0.059,0.183,0.0,0.0,1.0,207021691.0,207100000,207100000.0,35.234,19494000000.0,0.0,321000000.0,2272000000.0,94.128,-255000000.0
57,AEE,MRT,2007-03-31,2007-03-31,2007-03-31,2021-08-07,23000000.0,19626000000.0,19135250000.0,1860000000.0,17766000000.0,0.372,31.738,-1111000000.0,161000000.0,161000000.0,5151000000.0,600000000.0,0.827,1.993,6516000000.0,1256000000.0,5260000000.0,6516000000.0,0.0,669000000.0,0.0,0.05,2.54,1283000000.0,1952000000.0,0.274,1952000000.0,1283000000.0,911000000.0,2.9,2.9,2.9,6557000000.0,6509250000.0,6557000000.0,16569314843.0,13.0,8.488,153000000.0,0.741,1.0,1968000000.0,0.276,1041000000.0,372000000.0,22691000000.0,22289750000.0,489000000.0,301000000.0,0.0,301000000.0,13069000000.0,2249000000.0,10820000000.0,10353314843.0,132000000.0,0.0,90000000.0,411000000.0,-523000000.0,-53000000.0,-1079000000.0,-13000000.0,1264000000.0,0.0,600000000.0,600000000.0,600000000.0,0.0,0.0,0.084,683000000.0,1285000000.0,454000000.0,0.876,1.579,17.256,17.345,14353000000.0,0.0,50.3,1.454,1.46,1080000000.0,2011000000.0,7119000000.0,7119000000.0,0.0,0.031,0.092,0.058,0.18,0.0,0.0,1.0,205831309.0,206600000,206600000.0,34.458,18585000000.0,0.0,311000000.0,2253000000.0,89.956,-389000000.0
58,AEE,MRT,2006-12-31,2006-12-31,2006-12-31,2021-08-07,62000000.0,19635000000.0,18807250000.0,1874000000.0,17761000000.0,0.367,32.018,-1267000000.0,137000000.0,137000000.0,5046000000.0,547000000.0,0.851,1.983,6353000000.0,1068000000.0,5285000000.0,6353000000.0,0.0,656000000.0,0.0,0.047,2.54,1181000000.0,1837000000.0,0.266,1837000000.0,1181000000.0,831000000.0,2.66,2.66,2.66,6583000000.0,6448500000.0,6583000000.0,17173465320.0,15.0,9.349,12000000.0,0.058,1.0,1849000000.0,0.268,1048000000.0,350000000.0,22600000000.0,22034000000.0,647000000.0,285000000.0,0.0,285000000.0,13052000000.0,2203000000.0,10849000000.0,11082465320.0,41000000.0,0.0,96000000.0,487000000.0,-522000000.0,28000000.0,-1266000000.0,-12000000.0,1279000000.0,0.0,547000000.0,547000000.0,547000000.0,0.0,0.0,0.079,661000000.0,1188000000.0,671000000.0,0.955,1.683,20.26,20.199,14286000000.0,0.0,53.73,1.607,1.602,887000000.0,2024000000.0,6895000000.0,6895000000.0,0.0,0.029,0.085,0.054,0.171,0.0,0.0,1.0,206262150.0,205600000,205600000.0,33.536,18587000000.0,0.0,284000000.0,2320000000.0,90.404,-329000000.0
59,AEE,MRT,2006-09-30,2006-09-30,2006-09-30,2021-08-07,-23000000.0,18830000000.0,18441250000.0,1737000000.0,17093000000.0,0.377,31.802,-1233000000.0,34000000.0,34000000.0,5150000000.0,506000000.0,0.944,1.876,6125000000.0,776000000.0,5349000000.0,6125000000.0,0.0,664000000.0,0.0,0.048,2.54,1137000000.0,1801000000.0,0.259,1801000000.0,1137000000.0,805000000.0,2.44,2.44,2.44,6548000000.0,6393750000.0,6548000000.0,17042715129.0,15.0,9.463,-90000000.0,-0.437,1.0,1811000000.0,0.26,1204000000.0,332000000.0,21877000000.0,21617000000.0,710000000.0,302000000.0,0.0,302000000.0,12282000000.0,1840000000.0,10442000000.0,10867715129.0,-244000000.0,-12000000.0,102000000.0,327000000.0,-519000000.0,-118000000.0,-1269000000.0,-22000000.0,1143000000.0,0.0,506000000.0,506000000.0,506000000.0,0.0,0.0,0.073,645000000.0,1166000000.0,382000000.0,1.041,1.66,21.478,21.635,14028000000.0,0.0,52.79,1.561,1.561,846000000.0,2094000000.0,6961000000.0,6961000000.0,0.0,0.027,0.079,0.053,0.163,0.0,0.0,1.0,205866928.0,205900000,205900000.0,33.808,17626000000.0,0.0,299000000.0,2383000000.0,85.605,-103000000.0
60,AEE,MRT,2006-06-30,2006-06-30,2006-06-30,2021-08-07,-36000000.0,18450000000.0,18256250000.0,1545000000.0,16905000000.0,0.38,30.91,-1198000000.0,51000000.0,51000000.0,5163000000.0,493000000.0,1.097,1.906,6226000000.0,521000000.0,5705000000.0,6226000000.0,0.0,697000000.0,0.0,0.05,2.54,1103000000.0,1800000000.0,0.26,1800000000.0,1103000000.0,790000000.0,2.39,2.39,2.39,6349000000.0,6370750000.0,6349000000.0,16463024510.0,15.0,9.146,-77000000.0,-0.375,1.0,1769000000.0,0.255,1226000000.0,313000000.0,21991000000.0,21405250000.0,549000000.0,289000000.0,0.0,289000000.0,12101000000.0,1408000000.0,10693000000.0,10370024510.0,24000000.0,0.0,109000000.0,559000000.0,-518000000.0,128000000.0,-1225000000.0,-17000000.0,1121000000.0,0.0,493000000.0,493000000.0,493000000.0,0.0,0.0,0.071,641000000.0,1128000000.0,404000000.0,1.063,1.633,21.035,21.13,13920000000.0,0.0,50.5,1.496,1.496,835000000.0,1932000000.0,6932000000.0,6932000000.0,0.0,0.027,0.077,0.052,0.159,0.0,0.0,1.0,205347020.0,205400000,205400000.0,33.749,17224000000.0,0.0,297000000.0,2178000000.0,83.856,137000000.0
61,AEE,MRT,2006-03-31,2006-03-31,2006-03-31,2021-08-07,-44000000.0,18314000000.0,18016500000.0,1463000000.0,16851000000.0,0.387,30.83,-1221000000.0,29000000.0,29000000.0,5112000000.0,555000000.0,0.976,1.901,6122000000.0,614000000.0,5508000000.0,6122000000.0,0.0,690000000.0,0.0,0.051,2.54,1187000000.0,1877000000.0,0.269,1877000000.0,1187000000.0,884000000.0,2.72,2.72,2.72,6314000000.0,6349500000.0,6314000000.0,15695877636.0,13.0,8.362,46000000.0,0.225,1.0,1854000000.0,0.266,1240000000.0,303000000.0,21668000000.0,21055000000.0,423000000.0,309000000.0,0.0,309000000.0,12000000000.0,1499000000.0,10501000000.0,10148877636.0,-1000000.0,0.0,451000000.0,144000000.0,-517000000.0,64000000.0,-1332000000.0,-15000000.0,1267000000.0,0.0,555000000.0,555000000.0,555000000.0,0.0,0.0,0.08,636000000.0,1218000000.0,338000000.0,0.934,1.607,18.286,18.316,13854000000.0,0.0,49.82,1.457,1.465,899000000.0,1939000000.0,6966000000.0,6966000000.0,0.0,0.031,0.087,0.056,0.17,0.0,0.0,1.0,203710912.0,204800000,204800000.0,34.014,17074000000.0,0.0,329000000.0,2228000000.0,83.369,-36000000.0
62,AEE,MRT,2005-12-31,2005-12-31,2005-12-31,2021-08-07,-24000000.0,18171000000.0,17771250000.0,1818000000.0,16353000000.0,0.382,31.693,-898000000.0,96000000.0,96000000.0,4864000000.0,606000000.0,1.223,1.855,5643000000.0,289000000.0,5354000000.0,5643000000.0,0.0,656000000.0,0.0,0.05,2.54,1263000000.0,1919000000.0,0.283,1919000000.0,1263000000.0,962000000.0,3.02,3.02,3.02,6364000000.0,6230500000.0,6364000000.0,15759981621.0,12.0,8.213,353000000.0,1.758,1.0,1916000000.0,0.283,1299000000.0,301000000.0,20932000000.0,20751750000.0,572000000.0,300000000.0,0.0,300000000.0,11807000000.0,1487000000.0,10320000000.0,10466981621.0,27000000.0,0.0,454000000.0,-199000000.0,-511000000.0,-263000000.0,-961000000.0,-12000000.0,1251000000.0,0.0,606000000.0,606000000.0,606000000.0,0.0,0.0,0.089,632000000.0,1284000000.0,706000000.0,0.841,1.645,17.272,16.967,13581000000.0,0.0,51.24,1.544,1.518,965000000.0,1999000000.0,6780000000.0,6780000000.0,0.0,0.034,0.097,0.061,0.186,0.0,0.0,1.0,204273646.0,200800000,200800000.0,33.765,16872000000.0,0.0,356000000.0,2229000000.0,84.024,331000000.0
63,AEE,MRT,2005-09-30,2005-09-30,2005-09-30,2021-08-07,-17000000.0,18090000000.0,17591000000.0,1983000000.0,16107000000.0,0.373,31.678,-960000000.0,278000000.0,278000000.0,4596000000.0,669000000.0,1.42,1.802,5571000000.0,370000000.0,5201000000.0,5571000000.0,0.0,682000000.0,0.0,0.047,2.54,1346000000.0,2028000000.0,0.309,2028000000.0,1346000000.0,1039000000.0,3.32,3.32,3.32,6456000000.0,6089500000.0,6456000000.0,16312483832.0,12.0,8.044,593000000.0,2.91,1.0,1972000000.0,0.3,957000000.0,307000000.0,21030000000.0,20614000000.0,840000000.0,368000000.0,0.0,368000000.0,11634000000.0,1396000000.0,10238000000.0,10899483832.0,-369000000.0,20000000.0,453000000.0,-848000000.0,-506000000.0,-914000000.0,-1008000000.0,-11000000.0,1553000000.0,0.0,669000000.0,669000000.0,669000000.0,0.0,0.0,0.102,631000000.0,1341000000.0,461000000.0,0.765,1.688,16.292,16.111,13402000000.0,0.0,53.49,1.659,1.66,806000000.0,2109000000.0,6568000000.0,6568000000.0,0.0,0.038,0.11,0.065,0.205,0.0,0.0,1.0,203766757.0,203800000,203800000.0,32.228,17133000000.0,0.0,370000000.0,2308000000.0,84.068,587000000.0
64,AEE,MRT,2005-06-30,2005-06-30,2005-06-30,2021-08-07,-30000000.0,17491000000.0,17509500000.0,1565000000.0,15926000000.0,0.342,31.367,-909000000.0,27000000.0,27000000.0,4140000000.0,621000000.0,1.134,1.792,5440000000.0,511000000.0,4929000000.0,5440000000.0,0.0,618000000.0,0.0,0.046,2.54,1254000000.0,1872000000.0,0.312,1872000000.0,1254000000.0,955000000.0,3.15,3.15,3.15,6264000000.0,5933500000.0,6264000000.0,16557718151.0,13.0,8.845,516000000.0,2.584,1.0,1854000000.0,0.309,934000000.0,299000000.0,20590000000.0,20662000000.0,649000000.0,373000000.0,0.0,373000000.0,11227000000.0,1380000000.0,9847000000.0,10833718151.0,-484000000.0,-443000000.0,908000000.0,-877000000.0,-500000000.0,-496000000.0,-1413000000.0,-11000000.0,1425000000.0,0.0,621000000.0,621000000.0,621000000.0,0.0,0.0,0.104,609000000.0,1245000000.0,370000000.0,0.806,1.73,17.446,17.556,13397000000.0,0.0,55.3,1.807,1.842,819000000.0,1959000000.0,5994000000.0,5994000000.0,0.0,0.035,0.105,0.061,0.209,0.0,0.0,1.0,195908104.0,199700000,199700000.0,30.015,16557000000.0,0.0,334000000.0,2205000000.0,82.909,185000000.0
65,AEE,MRT,2005-03-31,2005-03-31,2005-03-31,2021-08-07,-28000000.0,17333000000.0,16806000000.0,1438000000.0,15895000000.0,0.331,29.892,-883000000.0,30000000.0,30000000.0,3850000000.0,554000000.0,0.859,1.969,5754000000.0,772000000.0,4982000000.0,5754000000.0,0.0,586000000.0,0.0,0.052,2.54,1136000000.0,1722000000.0,0.31,1722000000.0,1136000000.0,848000000.0,2.87,2.87,2.87,5838000000.0,5677000000.0,5838000000.0,14773879109.0,13.0,8.579,342000000.0,1.751,1.0,1709000000.0,0.307,927000000.0,288000000.0,20455000000.0,19750500000.0,563000000.0,371000000.0,0.0,371000000.0,11495000000.0,1675000000.0,9820000000.0,8981879109.0,-603000000.0,-443000000.0,568000000.0,-592000000.0,-487000000.0,-538000000.0,-1290000000.0,-11000000.0,1225000000.0,0.0,554000000.0,554000000.0,554000000.0,0.0,0.0,0.1,584000000.0,1125000000.0,365000000.0,0.885,1.539,16.213,17.077,13332000000.0,0.0,49.01,1.616,1.722,791000000.0,1903000000.0,5559000000.0,5559000000.0,0.0,0.033,0.098,0.058,0.204,0.0,0.0,1.0,183266254.0,195300000,195300000.0,28.464,16406000000.0,0.0,294000000.0,2120000000.0,84.004,-237000000.0
66,AEE,MRT,2004-12-31,2004-12-31,2004-12-31,2021-08-07,-45000000.0,17450000000.0,16132500000.0,1472000000.0,15978000000.0,0.318,31.116,-838000000.0,69000000.0,69000000.0,3500000000.0,530000000.0,0.82,2.009,5861000000.0,840000000.0,5021000000.0,5861000000.0,0.0,581000000.0,0.0,0.051,2.54,1090000000.0,1671000000.0,0.325,1671000000.0,1090000000.0,812000000.0,2.84,2.84,2.84,5800000000.0,5518250000.0,5800000000.0,15578098165.0,14.0,9.323,274000000.0,1.47,1.0,1635000000.0,0.318,1066000000.0,278000000.0,20381000000.0,18843250000.0,497000000.0,375000000.0,0.0,375000000.0,11650000000.0,1795000000.0,9855000000.0,9767098165.0,-42000000.0,-443000000.0,1441000000.0,-751000000.0,-479000000.0,95000000.0,-1249000000.0,-11000000.0,1112000000.0,0.0,530000000.0,530000000.0,530000000.0,0.0,0.0,0.103,557000000.0,1078000000.0,567000000.0,0.894,1.684,18.428,17.655,13297000000.0,0.0,50.14,1.902,1.82,816000000.0,1904000000.0,5135000000.0,5135000000.0,0.0,0.033,0.096,0.058,0.212,0.0,0.0,1.0,194796533.0,186400000,186400000.0,27.548,16384000000.0,0.0,282000000.0,2079000000.0,87.897,-323000000.0
67,AEE,MRT,2004-09-30,2004-09-30,2004-09-30,2021-08-07,-27000000.0,17764000000.0,15329000000.0,2142000000.0,15622000000.0,0.306,30.14,-800000000.0,647000000.0,647000000.0,3148000000.0,485000000.0,1.559,2.046,6458000000.0,294000000.0,6164000000.0,6458000000.0,0.0,529000000.0,0.0,0.055,2.54,1020000000.0,1549000000.0,0.33,1549000000.0,1020000000.0,755000000.0,2.63,2.63,2.63,5832000000.0,5156750000.0,5832000000.0,12831783958.0,13.0,8.284,106000000.0,0.548,1.0,1543000000.0,0.329,979000000.0,265000000.0,21222000000.0,17953750000.0,605000000.0,359000000.0,0.0,359000000.0,11932000000.0,1374000000.0,10558000000.0,8965783958.0,547000000.0,-441000000.0,1443000000.0,14000000.0,-458000000.0,861000000.0,-1220000000.0,0.0,906000000.0,0.0,485000000.0,485000000.0,485000000.0,0.0,0.0,0.103,529000000.0,1014000000.0,320000000.0,0.966,1.537,18.486,17.548,13052000000.0,0.0,46.15,1.911,1.904,782000000.0,1945000000.0,4691000000.0,4691000000.0,0.0,0.032,0.094,0.057,0.217,0.0,0.0,1.0,194274842.0,193500000,193500000.0,24.243,16785000000.0,0.0,270000000.0,2115000000.0,86.744,768000000.0
68,AEE,MRT,2004-06-30,2004-06-30,2004-06-30,2021-08-07,-41000000.0,14677000000.0,14272250000.0,1652000000.0,13025000000.0,0.332,28.67,-756000000.0,511000000.0,511000000.0,3162000000.0,528000000.0,1.598,1.802,4377000000.0,326000000.0,4051000000.0,4377000000.0,0.0,525000000.0,0.0,0.059,2.54,1101000000.0,1626000000.0,0.343,1626000000.0,1101000000.0,829000000.0,3.13,3.13,3.13,5238000000.0,4782250000.0,5238000000.0,11614377132.0,11.0,7.143,272000000.0,1.489,1.0,1575000000.0,0.332,565000000.0,272000000.0,16944000000.0,16674750000.0,458000000.0,372000000.0,0.0,372000000.0,9439000000.0,1034000000.0,8405000000.0,7846377132.0,410000000.0,10000000.0,988000000.0,-296000000.0,-437000000.0,114000000.0,-732000000.0,0.0,1028000000.0,0.0,528000000.0,528000000.0,528000000.0,0.0,0.0,0.111,474000000.0,1101000000.0,273000000.0,0.812,1.498,14.861,13.725,11052000000.0,0.0,42.96,1.656,1.657,648000000.0,1835000000.0,4737000000.0,4737000000.0,0.0,0.037,0.11,0.066,0.232,0.0,0.0,1.0,182643788.0,182700000,182700000.0,25.928,14112000000.0,0.0,301000000.0,2140000000.0,77.241,618000000.0
69,AEE,MRT,2004-03-31,2004-03-31,2004-03-31,2021-08-07,-44000000.0,14639000000.0,13967250000.0,1687000000.0,12952000000.0,0.335,29.851,-729000000.0,633000000.0,633000000.0,3097000000.0,520000000.0,1.66,1.814,4401000000.0,333000000.0,4068000000.0,4401000000.0,0.0,525000000.0,0.0,0.055,2.54,1103000000.0,1628000000.0,0.348,1628000000.0,1103000000.0,828000000.0,3.16,3.16,3.16,5203000000.0,4507000000.0,5203000000.0,12068979180.0,11.0,7.413,311000000.0,1.784,1.0,1579000000.0,0.338,565000000.0,275000000.0,16826000000.0,16498000000.0,412000000.0,379000000.0,0.0,379000000.0,9436000000.0,1016000000.0,8420000000.0,7450979180.0,339000000.0,9000000.0,979000000.0,-384000000.0,-424000000.0,12000000.0,-713000000.0,0.0,1040000000.0,0.0,520000000.0,520000000.0,520000000.0,0.0,0.0,0.111,474000000.0,1105000000.0,249000000.0,0.804,1.432,14.329,14.585,10963000000.0,0.0,46.09,1.593,1.718,588000000.0,1834000000.0,4676000000.0,4676000000.0,0.0,0.037,0.115,0.067,0.236,0.0,0.0,1.0,161661514.0,174300000,174300000.0,26.827,14074000000.0,0.0,308000000.0,2130000000.0,80.746,671000000.0
70,AEE,MRT,2003-12-31,2003-12-31,2003-12-31,2021-08-07,-44000000.0,14236000000.0,13704750000.0,1317000000.0,12919000000.0,0.334,27.027,-705000000.0,111000000.0,111000000.0,3016000000.0,524000000.0,0.904,2.27,4729000000.0,659000000.0,4070000000.0,4729000000.0,0.0,519000000.0,0.0,0.055,2.54,1102000000.0,1621000000.0,0.354,1621000000.0,1102000000.0,825000000.0,3.25,3.25,3.25,4354000000.0,4233750000.0,4354000000.0,11918427232.0,11.0,7.353,317000000.0,1.968,1.0,1558000000.0,0.341,574000000.0,277000000.0,16823000000.0,16410000000.0,487000000.0,364000000.0,0.0,364000000.0,9882000000.0,1457000000.0,8425000000.0,7470427232.0,-517000000.0,-479000000.0,361000000.0,-227000000.0,-410000000.0,-358000000.0,-1181000000.0,0.0,1022000000.0,0.0,524000000.0,524000000.0,524000000.0,0.0,0.0,0.115,468000000.0,1090000000.0,480000000.0,0.782,1.716,14.257,14.154,10920000000.0,0.0,46.0,1.633,1.62,673000000.0,1853000000.0,4574000000.0,4574000000.0,0.0,0.038,0.124,0.067,0.241,0.0,0.0,1.0,162400592.0,161100000,161100000.0,28.392,13662000000.0,0.0,301000000.0,2107000000.0,84.804,-140000000.0
71,AEE,MRT,2003-09-30,2003-09-30,2003-09-30,2021-08-07,-103000000.0,13537000000.0,13183500000.0,1310000000.0,12227000000.0,0.332,26.786,-684000000.0,100000000.0,100000000.0,2876000000.0,454000000.0,1.049,2.123,4548000000.0,502000000.0,4046000000.0,4548000000.0,0.0,498000000.0,0.0,0.059,2.54,968000000.0,1466000000.0,0.335,1466000000.0,968000000.0,708000000.0,2.74,2.75,2.74,4334000000.0,4105750000.0,4334000000.0,11605821523.0,12.0,7.917,262000000.0,1.619,1.0,1496000000.0,0.342,630000000.0,260000000.0,16106000000.0,15795500000.0,476000000.0,361000000.0,0.0,361000000.0,9203000000.0,1249000000.0,7954000000.0,6942821523.0,-529000000.0,-489000000.0,359000000.0,-242000000.0,-405000000.0,-316000000.0,-1159000000.0,0.0,946000000.0,0.0,454000000.0,454000000.0,454000000.0,0.0,0.0,0.104,539000000.0,957000000.0,275000000.0,0.927,1.602,15.293,15.661,10152000000.0,0.0,42.91,1.588,1.588,677000000.0,1917000000.0,4372000000.0,4372000000.0,0.0,0.034,0.111,0.061,0.221,0.0,0.0,1.0,161799616.0,161800000,161800000.0,27.021,12907000000.0,0.0,254000000.0,2377000000.0,79.771,61000000.0
72,AEE,MRT,2003-06-30,2003-06-30,2003-06-30,2021-08-07,-100000000.0,13457000000.0,12602750000.0,1177000000.0,12280000000.0,0.332,25.664,-731000000.0,101000000.0,101000000.0,2721000000.0,419000000.0,0.932,2.253,4764000000.0,587000000.0,4177000000.0,4764000000.0,0.0,474000000.0,0.0,0.058,2.54,911000000.0,1385000000.0,0.331,1385000000.0,911000000.0,664000000.0,2.68,2.68,2.68,4137000000.0,4034000000.0,4137000000.0,11672743082.0,13.0,8.428,180000000.0,1.117,1.0,1464000000.0,0.35,620000000.0,247000000.0,16237000000.0,15094000000.0,420000000.0,359000000.0,0.0,359000000.0,9320000000.0,1263000000.0,8057000000.0,7109743082.0,-49000000.0,-489000000.0,697000000.0,-15000000.0,-399000000.0,248000000.0,-1208000000.0,0.0,911000000.0,0.0,419000000.0,419000000.0,419000000.0,0.0,0.0,0.1,566000000.0,898000000.0,297000000.0,0.948,1.719,16.968,16.455,10197000000.0,0.0,44.1,1.699,1.699,612000000.0,1745000000.0,4185000000.0,4185000000.0,0.0,0.033,0.104,0.06,0.218,0.0,0.0,1.0,161218664.0,161200000,161200000.0,25.962,12837000000.0,0.0,245000000.0,2283000000.0,79.634,-86000000.0
73,AEE,MRT,2003-03-31,2003-03-31,2003-03-31,2021-08-07,-96000000.0,13589000000.0,11916000000.0,1291000000.0,12298000000.0,0.342,25.865,-795000000.0,294000000.0,294000000.0,2514000000.0,424000000.0,1.221,2.306,4857000000.0,358000000.0,4499000000.0,4857000000.0,0.0,448000000.0,0.0,0.065,2.54,906000000.0,1354000000.0,0.332,1354000000.0,906000000.0,675000000.0,2.8,2.8,2.8,4110000000.0,3886000000.0,4110000000.0,8769432080.0,10.0,6.477,148000000.0,0.931,1.0,1561000000.0,0.383,621000000.0,231000000.0,16474000000.0,14352000000.0,354000000.0,341000000.0,0.0,341000000.0,9479000000.0,1057000000.0,8422000000.0,5653432080.0,234000000.0,-488000000.0,697000000.0,269000000.0,-387000000.0,563000000.0,-1272000000.0,0.0,943000000.0,0.0,424000000.0,424000000.0,424000000.0,0.0,0.0,0.104,643000000.0,918000000.0,295000000.0,0.907,1.376,13.334,13.946,10182000000.0,0.0,39.05,1.387,1.523,594000000.0,1738000000.0,4075000000.0,4075000000.0,0.0,0.036,0.109,0.063,0.222,0.0,0.0,1.0,144774189.0,158900000,158900000.0,25.645,12968000000.0,0.0,251000000.0,2308000000.0,81.611,234000000.0
74,AEE,MRT,2002-12-31,2002-12-31,2002-12-31,2021-08-07,-93000000.0,12151000000.0,11120000000.0,1452000000.0,10699000000.0,0.345,25.011,-815000000.0,628000000.0,628000000.0,2445000000.0,382000000.0,1.209,2.163,4043000000.0,610000000.0,3433000000.0,4043000000.0,0.0,431000000.0,0.0,0.061,2.54,833000000.0,1264000000.0,0.329,1264000000.0,833000000.0,619000000.0,2.61,2.61,2.61,3842000000.0,3732500000.0,3842000000.0,9501696401.0,11.0,7.517,12000000.0,0.078,1.0,1396000000.0,0.363,0.0,214000000.0,14365000000.0,13470750000.0,299000000.0,210000000.0,0.0,210000000.0,8309000000.0,1201000000.0,7108000000.0,6385696401.0,561000000.0,0.0,658000000.0,276000000.0,-376000000.0,537000000.0,-803000000.0,0.0,827000000.0,0.0,382000000.0,382000000.0,382000000.0,0.0,0.0,0.099,523000000.0,873000000.0,369000000.0,0.973,1.662,16.716,15.927,9492000000.0,0.0,41.57,1.663,1.663,486000000.0,1739000000.0,3841000000.0,3841000000.0,0.0,0.034,0.102,0.062,0.217,0.0,0.0,1.0,153613096.0,153613096,146100000.0,25.004,12151000000.0,0.0,237000000.0,1901000000.0,79.101,251000000.0
75,AEE,MRT,2002-09-30,2002-09-30,2002-09-30,2021-08-07,7000000.0,11214000000.0,10682500000.0,1460000000.0,9754000000.0,0.316,27.921,-889000000.0,629000000.0,629000000.0,2915000000.0,463000000.0,1.417,1.771,3745000000.0,261000000.0,3484000000.0,3745000000.0,0.0,424000000.0,0.0,0.061,2.54,937000000.0,1361000000.0,0.403,1361000000.0,937000000.0,734000000.0,3.21,3.2,3.21,4047000000.0,3609250000.0,4047000000.0,9585035428.0,10.0,7.043,-141000000.0,-0.973,1.0,458000000.0,0.136,0.0,203000000.0,13300000000.0,12971500000.0,148000000.0,200000000.0,0.0,200000000.0,7167000000.0,1030000000.0,6137000000.0,6037035428.0,517000000.0,0.0,656000000.0,389000000.0,-368000000.0,642000000.0,-873000000.0,0.0,748000000.0,0.0,463000000.0,463000000.0,463000000.0,0.0,0.0,0.137,-418000000.0,876000000.0,175000000.0,0.791,1.492,13.039,12.975,8689000000.0,0.0,41.65,1.79,1.79,509000000.0,1868000000.0,3373000000.0,3373000000.0,0.0,0.043,0.128,0.072,0.278,0.0,0.0,1.0,144946829.0,144946829,146700000.0,23.271,11214000000.0,552000000.0,271000000.0,2105000000.0,77.366,430000000.0
76,AEE,MRT,2002-06-30,2002-06-30,2002-06-30,2021-08-07,3000000.0,10710000000.0,10448484000.0,976000000.0,9734000000.0,0.347,24.55,-992000000.0,150000000.0,150000000.0,2782000000.0,490000000.0,0.987,2.021,3698000000.0,189000000.0,3509000000.0,3698000000.0,0.0,420000000.0,0.0,0.059,2.54,994000000.0,1414000000.0,0.39,1414000000.0,994000000.0,796000000.0,3.51,3.51,3.51,3545000000.0,3436678500.0,3545000000.0,9671369459.0,10.0,6.84,-120000000.0,-0.831,1.0,847000000.0,0.233,0.0,198000000.0,13269000000.0,12645744500.0,133000000.0,213000000.0,0.0,213000000.0,7165000000.0,989000000.0,6176000000.0,6208369459.0,77000000.0,0.0,302000000.0,238000000.0,-358000000.0,176000000.0,-971000000.0,0.0,872000000.0,0.0,490000000.0,490000000.0,490000000.0,0.0,0.0,0.135,-103000000.0,950000000.0,253000000.0,0.724,1.751,12.67,12.254,8624000000.0,0.0,43.01,1.711,1.711,534000000.0,1725000000.0,3629000000.0,3629000000.0,0.0,0.047,0.143,0.079,0.274,0.0,0.0,1.0,144347116.0,144400000,144400000.0,25.132,10710000000.0,579000000.0,306000000.0,1983000000.0,74.169,-13000000.0
77,AEE,MRT,2002-03-31,2002-03-31,2002-03-31,2021-08-07,0.0,10405000000.0,10286837750.0,784000000.0,9621000000.0,0.36,25.025,-1078000000.0,60000000.0,60000000.0,2649000000.0,470000000.0,0.853,1.976,3523000000.0,242000000.0,3281000000.0,3523000000.0,0.0,417000000.0,0.0,0.059,2.54,957000000.0,1374000000.0,0.371,1374000000.0,957000000.0,764000000.0,3.4,3.4,3.4,3496000000.0,3341387250.0,3496000000.0,9702360940.0,10.0,7.061,-417000000.0,-2.985,1.0,1059000000.0,0.286,0.0,193000000.0,12949000000.0,12366018500.0,121000000.0,227000000.0,0.0,227000000.0,6909000000.0,919000000.0,5990000000.0,6153777940.0,-32000000.0,0.0,279000000.0,473000000.0,-354000000.0,363000000.0,-1056000000.0,0.0,661000000.0,0.0,470000000.0,470000000.0,470000000.0,0.0,0.0,0.127,161000000.0,898000000.0,174000000.0,0.747,1.76,13.093,12.574,8478000000.0,0.0,42.75,1.66,1.611,434000000.0,1701000000.0,3708000000.0,3708000000.0,0.0,0.046,0.141,0.077,0.258,0.0,0.0,1.0,143948022.0,139700000,139700000.0,26.543,10405000000.0,604000000.0,294000000.0,1972000000.0,74.481,-135000000.0
78,AEE,MRT,2001-12-31,2001-12-31,2001-12-31,2021-08-07,5000000.0,10401000000.0,10102291500.0,863000000.0,9538000000.0,0.382,24.388,-1126000000.0,67000000.0,67000000.0,2487000000.0,469000000.0,0.546,2.106,3615000000.0,780000000.0,2835000000.0,3615000000.0,0.0,406000000.0,0.0,0.06,2.54,965000000.0,1371000000.0,0.355,1371000000.0,965000000.0,774000000.0,3.41,3.41,3.41,3349000000.0,3257068000.0,3349000000.0,9027017132.0,9.0,6.584,-388000000.0,-2.826,1.0,1371000000.0,0.355,0.0,191000000.0,12368000000.0,12002554250.0,295000000.0,226000000.0,0.0,226000000.0,7052000000.0,1581000000.0,5471000000.0,5821446132.0,-59000000.0,0.0,33000000.0,675000000.0,-350000000.0,307000000.0,-1104000000.0,0.0,738000000.0,0.0,469000000.0,469000000.0,469000000.0,0.0,0.0,0.122,406000000.0,965000000.0,392000000.0,0.745,1.738,12.412,12.405,8427000000.0,0.0,42.3,1.509,1.506,460000000.0,1733000000.0,3858000000.0,3858000000.0,0.0,0.046,0.144,0.08,0.25,0.0,0.0,1.0,137622840.0,137320692,137300000.0,28.095,10401000000.0,0.0,305000000.0,1911000000.0,75.742,-718000000.0
79,AEE,MRT,2001-09-30,2001-09-30,2001-09-30,2021-08-07,-4755000.0,10277936000.0,9930649000.0,983081000.0,9294855000.0,0.443,24.462,-1107687000.0,112112000.0,112112000.0,2439741000.0,445885000.0,0.661,2.062,3317683000.0,506535000.0,2811148000.0,3317683000.0,0.0,411443000.0,0.0,0.066,2.54,946278000.0,1357721000.0,0.309,1357721000.0,946278000.0,746689000.0,3.25,3.25,3.25,3356714000.0,3218985750.0,3356714000.0,8641259741.0,9.0,6.365,-282607000.0,-2.059,1.0,1958452000.0,0.445,0.0,199589000.0,11996978000.0,11759372500.0,155955000.0,214665000.0,0.0,214665000.0,6921222000.0,1486529000.0,5434693000.0,5269073741.0,-125655000.0,0.0,12000000.0,546872000.0,-348605000.0,140273000.0,-1091008000.0,0.0,825080000.0,0.0,445885000.0,445885000.0,445885000.0,0.0,0.0,0.101,739666000.0,1218786000.0,287060000.0,0.782,1.57,11.817,11.815,8225397000.0,0.0,38.4,1.198,1.198,559186000.0,1772113000.0,4398193000.0,4398193000.0,0.0,0.045,0.139,0.08,0.215,0.0,0.0,1.0,137215462.0,137222499,137200000.0,32.052,10277936000.0,602414000.0,300804000.0,2159393000.0,74.9,-503448000.0
80,AEE,MRT,2001-06-30,2001-06-30,2001-06-30,2021-08-07,-5587000.0,10063415000.0,9766585500.0,911333000.0,9152082000.0,0.427,23.06,-1035836000.0,72530000.0,72530000.0,2240898000.0,435022000.0,0.709,2.181,3444716000.0,471427000.0,2973289000.0,3444716000.0,0.0,401205000.0,0.0,0.059,2.54,912344000.0,1313549000.0,0.315,1313549000.0,912344000.0,719532000.0,3.18,3.18,3.18,3163835000.0,3194386250.0,3163835000.0,8834674227.0,10.0,6.726,-214087000.0,-1.56,1.0,1931018000.0,0.463,0.0,192812000.0,12150096000.0,11448478250.0,149680000.0,227474000.0,0.0,227474000.0,6899580000.0,1285505000.0,5614075000.0,5859100227.0,23981000.0,0.0,0.0,619862000.0,-348736000.0,197403000.0,-995171000.0,0.0,821749000.0,0.0,435022000.0,435022000.0,435022000.0,0.0,0.0,0.104,734209000.0,1196809000.0,314609000.0,0.799,1.852,13.469,13.428,8057790000.0,0.0,42.7,1.404,1.404,538385000.0,1592406000.0,4171916000.0,4171916000.0,0.0,0.045,0.136,0.08,0.219,0.0,0.0,1.0,137215462.0,137200000,137200000.0,30.408,10063415000.0,601281000.0,284510000.0,1969804000.0,73.349,-374172000.0
81,AEE,MRT,2001-03-31,2001-03-31,2001-03-31,2021-08-07,-3998000.0,9666815000.0,9578847500.0,772084000.0,8894731000.0,0.423,23.023,-932397000.0,91469000.0,91469000.0,2120062000.0,453607000.0,0.673,2.06,3067043000.0,318262000.0,2748781000.0,3067043000.0,0.0,388721000.0,0.0,0.062,2.54,944463000.0,1333184000.0,0.329,1333184000.0,944463000.0,756356000.0,3.32,3.32,3.32,3158723000.0,3175968250.0,3158723000.0,8485777169.0,9.0,6.365,-89411000.0,-0.652,1.0,1935562000.0,0.477,0.0,188107000.0,11495143000.0,11153098000.0,87152000.0,220442000.0,0.0,220442000.0,6508092000.0,1147246000.0,5360846000.0,5618973169.0,52191000.0,0.0,0.0,227147000.0,-348868000.0,73341000.0,-864136000.0,0.0,842986000.0,0.0,453607000.0,453607000.0,453607000.0,0.0,0.0,0.112,693378000.0,1242184000.0,251338000.0,0.765,1.779,12.387,12.334,7816819000.0,0.0,40.95,1.385,1.385,445368000.0,1585667000.0,4055624000.0,4055624000.0,0.0,0.047,0.143,0.085,0.233,0.0,0.0,1.0,137215462.0,137200000,137200000.0,29.56,9666815000.0,600234000.0,302749000.0,1946056000.0,70.458,-375162000.0
82,AEE,MRT,2000-12-31,2000-12-31,2000-12-31,2021-08-07,0.0,9714430000.0,9490966000.0,921182000.0,8793248000.0,0.406,23.297,-950000000.0,125968000.0,125968000.0,2057000000.0,457000000.0,0.777,2.039,2992772000.0,247704000.0,2745068000.0,2992772000.0,0.0,383000000.0,0.0,0.055,2.54,935000000.0,1318000000.0,0.342,1318000000.0,935000000.0,755000000.0,3.33,3.33,3.33,3196671000.0,3152269750.0,3196671000.0,8951563045.0,10.0,6.792,-86000000.0,-0.627,1.0,1799000000.0,0.467,0.0,180000000.0,11395273000.0,10980772750.0,107572000.0,230860000.0,0.0,230860000.0,6517759000.0,1185961000.0,5331798000.0,6354448045.0,-69000000.0,0.0,0.0,337000000.0,-349000000.0,-22000000.0,-911000000.0,0.0,864000000.0,0.0,457000000.0,457000000.0,457000000.0,0.0,0.0,0.119,648000000.0,1151000000.0,462924000.0,0.763,1.988,13.905,13.907,7705672000.0,0.0,46.31,1.648,1.648,530954000.0,1613960000.0,3856000000.0,3856000000.0,0.0,0.048,0.145,0.085,0.242,0.0,0.0,1.0,137215462.0,137215462,137200000.0,28.102,9714430000.0,600100000.0,298000000.0,1879191000.0,70.797,-264779000.0
83,AEE,MRT,2000-09-30,2000-09-30,2000-09-30,2021-08-07,0.0,9621682000.0,9356762250.0,1005907000.0,8615775000.0,0.396,23.746,-900007000.0,237537000.0,237537000.0,1025043000.0,425513000.0,0.686,1.953,2834652000.0,529440000.0,2305212000.0,2834652000.0,0.0,367871000.0,0.0,0.061,2.54,877825000.0,1245696000.0,0.336,1245696000.0,877825000.0,711583000.0,3.11,3.11,3.11,3258316000.0,3125527000.0,3258316000.0,8592333703.0,10.0,6.898,-74370000.0,-0.542,1.0,2683579000.0,0.724,0.0,166242000.0,10753401000.0,10772715750.0,130398000.0,234456000.0,0.0,234456000.0,6363366000.0,1465396000.0,4897970000.0,5747955703.0,-93577000.0,0.0,0.0,293599000.0,-348527000.0,-54813000.0,-864401000.0,0.0,825637000.0,0.0,425513000.0,425513000.0,425513000.0,0.0,0.0,0.115,1640259000.0,1043320000.0,254979000.0,0.817,1.764,13.508,13.469,7528343000.0,0.0,41.89,1.55,1.55,479360000.0,1675073000.0,3708622000.0,3708622000.0,0.0,0.045,0.136,0.081,0.237,0.0,0.0,1.0,137215462.0,137215462,137215462.0,27.028,9621682000.0,600359000.0,286070000.0,2087067000.0,70.121,-459489000.0
84,AEE,MRT,2000-06-30,2000-06-30,2000-06-30,2021-08-07,0.0,9312463000.0,9266013000.0,779565000.0,8532898000.0,0.4,22.521,-815602000.0,48901000.0,48901000.0,1035511000.0,419195000.0,0.656,2.014,2893279000.0,393279000.0,2500000000.0,2893279000.0,0.0,361808000.0,0.0,0.075,2.54,869959000.0,1231767000.0,0.332,1231767000.0,869959000.0,704544000.0,3.06,3.06,3.06,3090163000.0,3106435750.0,3090163000.0,7467027842.0,9.0,6.062,6638000.0,0.048,1.0,2670850000.0,0.721,0.0,165415000.0,10968575000.0,10651359500.0,119576000.0,259449000.0,0.0,259449000.0,6222300000.0,1188266000.0,5034034000.0,4631021842.0,-5079000.0,0.0,0.0,296809000.0,-348527000.0,-31164000.0,-796155000.0,0.0,822240000.0,0.0,419195000.0,419195000.0,419195000.0,0.0,0.0,0.113,1644360000.0,1026490000.0,244667000.0,0.83,1.499,11.047,11.029,7426793000.0,0.0,33.75,1.249,1.249,457083000.0,1506290000.0,3706361000.0,3706361000.0,0.0,0.045,0.135,0.082,0.235,0.0,0.0,1.0,137215462.0,137215462,137215462.0,27.011,9312463000.0,600799000.0,285349000.0,1949560000.0,67.867,-408701000.0
85,AEE,MRT,2000-03-31,2000-03-31,2000-03-31,2021-08-07,0.0,9315289000.0,9172121000.0,864539000.0,8450750000.0,0.395,22.329,-742827000.0,39691000.0,39691000.0,1028220000.0,392129000.0,0.643,2.04,2875697000.0,532876000.0,2342821000.0,2875697000.0,0.0,356014000.0,0.0,0.082,2.54,825773000.0,1181787000.0,0.326,1181787000.0,825773000.0,660020000.0,2.86,2.86,2.86,3063929000.0,3088704000.0,3063929000.0,6708044394.0,8.0,5.676,214800000.0,1.565,1.0,2597317000.0,0.716,0.0,165753000.0,10805842000.0,10526932750.0,106713000.0,288003000.0,0.0,288003000.0,6251360000.0,1345453000.0,4905907000.0,4245446394.0,-34529000.0,0.0,0.0,291204000.0,-348527000.0,-245533000.0,-746623000.0,0.0,957627000.0,0.0,392129000.0,392129000.0,392129000.0,0.0,0.0,0.108,1623600000.0,973717000.0,179890000.0,0.888,1.386,10.827,10.818,7294892000.0,0.0,30.94,1.171,1.171,328785000.0,1480056000.0,3625537000.0,3625537000.0,0.0,0.043,0.127,0.078,0.228,0.0,0.0,1.0,137215462.0,137215462,137215462.0,26.422,9315289000.0,622244000.0,267891000.0,1956469000.0,67.888,-480914000.0
86,AEE,MRT,1999-12-31,1999-12-31,1999-12-31,2021-08-07,0.0,9177615000.0,9046572750.0,879006000.0,8298609000.0,0.391,22.517,-592708000.0,194882000.0,194882000.0,973277000.0,385095000.0,0.816,1.97,2657480000.0,209032000.0,2448448000.0,2657480000.0,0.0,352761000.0,0.0,0.078,2.54,812240000.0,1165001000.0,0.329,1165001000.0,812240000.0,643965000.0,2.81,2.81,2.81,3089700000.0,3077679750.0,3089700000.0,6701434380.0,8.0,5.752,324867000.0,2.368,1.0,2562786000.0,0.725,0.0,168275000.0,10563045000.0,10408144000.0,123143000.0,253236000.0,0.0,253236000.0,6087915000.0,1077168000.0,5010747000.0,4493806380.0,118019000.0,0.0,0.0,57343000.0,-348527000.0,-241350000.0,-558206000.0,0.0,917575000.0,0.0,385095000.0,385095000.0,385095000.0,0.0,0.0,0.109,1609918000.0,952868000.0,341274000.0,0.904,1.454,11.669,11.655,7165185000.0,0.0,32.75,1.271,1.271,391109000.0,1505827000.0,3536063000.0,3536063000.0,0.0,0.043,0.125,0.078,0.23,0.0,0.0,1.0,137215462.0,137215462,137215462.0,25.77,9177615000.0,622520000.0,258870000.0,1890583000.0,66.885,-198162000.0
87,AEE,MRT,1999-09-30,1999-09-30,1999-09-30,2021-08-07,0.0,9258685000.0,8964028750.0,1150455000.0,8108230000.0,0.387,23.189,-484576000.0,331114000.0,331114000.0,878446000.0,416978000.0,0.96,1.909,2538742000.0,237156000.0,2301586000.0,2538742000.0,0.0,346326000.0,0.0,0.067,2.54,879083000.0,1225409000.0,0.353,1225409000.0,879083000.0,702357000.0,3.04,3.04,3.04,3181951000.0,3069284750.0,3181951000.0,7707812618.0,9.0,6.29,530612000.0,3.867,1.0,2589305000.0,0.747,0.0,176726000.0,10267976000.0,10361854750.0,122094000.0,235342000.0,0.0,235342000.0,6073200000.0,1198337000.0,4874863000.0,5188116618.0,203210000.0,0.0,0.0,-217447000.0,-348527000.0,-364789000.0,-447189000.0,0.0,1015188000.0,0.0,416978000.0,416978000.0,416978000.0,0.0,0.0,0.12,1587617000.0,1001688000.0,262566000.0,0.836,1.63,12.442,12.438,6996538000.0,0.0,37.81,1.496,1.496,508154000.0,1601612000.0,3467751000.0,3467751000.0,0.0,0.047,0.136,0.085,0.254,0.0,0.0,1.0,137215462.0,137215462,137215462.0,25.272,9258685000.0,628532000.0,285379000.0,2056145000.0,67.476,-47882000.0
88,AEE,MRT,1999-06-30,1999-06-30,1999-06-30,2021-08-07,0.0,8936895000.0,8929893250.0,841364000.0,8095531000.0,0.38,22.004,-439406000.0,53980000.0,53980000.0,830907000.0,403816000.0,0.854,1.959,2573676000.0,211123000.0,2362553000.0,2573676000.0,0.0,342341000.0,0.0,0.066,2.54,859192000.0,1201533000.0,0.354,1201533000.0,859192000.0,679791000.0,2.95,2.95,2.95,3019236000.0,3052247500.0,3019236000.0,7724921432.0,9.0,6.429,497425000.0,3.625,1.0,2560500000.0,0.755,0.0,179401000.0,10470868000.0,10468566500.0,121711000.0,252661000.0,0.0,252661000.0,5914125000.0,985723000.0,4928402000.0,5266329432.0,3740000.0,0.0,0.0,-193247000.0,-348527000.0,-518520000.0,-414571000.0,0.0,936831000.0,0.0,403816000.0,403816000.0,403816000.0,0.0,0.0,0.119,1584779000.0,975721000.0,250908000.0,0.861,1.744,13.041,13.01,7448823000.0,0.0,38.38,1.553,1.553,504029000.0,1438893000.0,3391407000.0,3391407000.0,0.0,0.045,0.132,0.082,0.253,0.0,0.0,1.0,137215462.0,137215462,137215462.0,24.716,8936895000.0,630203000.0,275975000.0,1952655000.0,65.13,-144359000.0
89,AEE,MRT,1999-03-31,1999-03-31,1999-03-31,2021-08-07,0.0,8813096000.0,8915765250.0,755689000.0,8057407000.0,0.376,22.008,-355453000.0,74220000.0,74220000.0,800213000.0,400929000.0,0.803,1.917,2532812000.0,247158000.0,2285654000.0,2532812000.0,0.0,341051000.0,0.0,0.07,2.54,852421000.0,1193472000.0,0.356,1193472000.0,852421000.0,673921000.0,2.93,2.93,2.93,3019832000.0,3038519250.0,3019832000.0,7438629570.0,9.0,6.233,500899000.0,3.65,1.0,2553087000.0,0.761,0.0,178500000.0,10330687000.0,10548496000.0,106069000.0,247532000.0,0.0,247532000.0,5789730000.0,941001000.0,4848729000.0,4965827570.0,19090000.0,0.0,0.0,-119053000.0,-348527000.0,-509633000.0,-327629000.0,0.0,856352000.0,0.0,400929000.0,400929000.0,400929000.0,0.0,0.0,0.12,1577927000.0,975160000.0,181021000.0,0.867,1.644,12.386,12.352,6910554000.0,0.0,36.19,1.481,1.481,419772000.0,1439470000.0,3353300000.0,3353300000.0,0.0,0.045,0.132,0.081,0.254,0.0,0.0,1.0,137215462.0,137215462,137215462.0,24.438,8813096000.0,631783000.0,272992000.0,1944362000.0,64.228,-185312000.0
90,AEE,MRT,1998-12-31,1998-12-31,1998-12-31,2021-08-07,0.0,8847439000.0,8911816750.0,771160000.0,8076279000.0,0.372,22.272,-345337000.0,76863000.0,76863000.0,780123000.0,386497000.0,0.818,1.895,2549665000.0,260241000.0,2289424000.0,2549665000.0,0.0,338488000.0,0.0,0.059,2.54,835750000.0,1174238000.0,0.354,1174238000.0,835750000.0,654170000.0,2.82,2.82,2.82,3056120000.0,3025557750.0,3056120000.0,8507981073.0,10.0,7.246,457907000.0,3.337,1.0,2538085000.0,0.765,0.0,181580000.0,10377888000.0,10646391000.0,112908000.0,248571000.0,0.0,248571000.0,5791319000.0,942353000.0,4848966000.0,5857728073.0,34438000.0,0.0,0.0,-46182000.0,-348527000.0,-445990000.0,-322816000.0,0.0,803244000.0,0.0,386497000.0,386497000.0,386497000.0,0.0,0.0,0.116,1580345000.0,957740000.0,284818000.0,0.901,1.917,15.156,15.138,6928039000.0,0.0,42.69,1.765,1.765,425593000.0,1472200000.0,3318208000.0,3318208000.0,0.0,0.043,0.128,0.079,0.252,0.0,0.0,1.0,137215462.0,137215462,137215462.0,24.182,8847439000.0,633529000.0,267673000.0,1880654000.0,64.478,-171193000.0
91,AEE,MRT,1998-09-30,1998-09-30,1998-09-30,2021-08-07,0.0,9122143000.0,8906843750.0,1075461000.0,8046682000.0,0.379,22.693,-339254000.0,62315000.0,62315000.0,818318000.0,354846000.0,0.998,1.928,2712568000.0,320949000.0,2391619000.0,2712568000.0,0.0,337058000.0,0.0,0.045,1.905,783984000.0,1121042000.0,0.332,1121042000.0,783984000.0,603580000.0,2.59,2.59,2.59,3113802000.0,3015386250.0,3113802000.0,8448919476.0,11.0,7.537,383138000.0,2.792,1.0,2553309000.0,0.757,0.0,180404000.0,10694823000.0,10717522000.0,102513000.0,226884000.0,0.0,226884000.0,6004807000.0,1077573000.0,4927234000.0,5754816476.0,58125000.0,0.0,0.0,171601000.0,-340529000.0,-368052000.0,-296215000.0,0.0,722392000.0,0.0,354846000.0,354846000.0,354846000.0,0.0,0.0,0.105,1575253000.0,978056000.0,203216000.0,0.736,1.848,16.218,16.193,6924409000.0,0.0,41.94,1.707,1.707,522791000.0,1533244000.0,3371627000.0,3371627000.0,0.0,0.04,0.118,0.073,0.233,0.0,0.0,1.0,137215462.0,137215462,137215462.0,24.572,9122143000.0,635191000.0,248734000.0,2040762000.0,66.48,-2112000.0
92,AEE,MRT,1998-06-30,1998-06-30,1998-06-30,2021-08-07,0.0,8880383000.0,,798890000.0,8081493000.0,,21.603,-354475000.0,47084000.0,47084000.0,806132000.0,333612000.0,1.019,1.995,2741187000.0,159688000.0,2581499000.0,2741187000.0,0.0,337837000.0,0.0,0.032,1.27,748745000.0,1086582000.0,0.33,1086582000.0,748745000.0,566571000.0,2.43,2.43,2.43,2964323000.0,,2964323000.0,8099886614.0,11.0,7.454,350555000.0,2.555,1.0,2491514000.0,0.756,0.0,182174000.0,10790586000.0,,97939000.0,234067000.0,0.0,234067000.0,5912526000.0,783900000.0,5128626000.0,5454314614.0,-372000.0,0.0,0.0,-19922000.0,-337523000.0,-396918000.0,-308484000.0,0.0,705030000.0,0.0,333612000.0,333612000.0,333612000.0,0.0,0.0,0.101,1541832000.0,949682000.0,163252000.0,0.523,1.84,16.349,16.358,6949792000.0,0.0,39.75,1.654,1.654,489166000.0,1383739000.0,3297646000.0,3297646000.0,0.0,,,,0.227,0.0,0.0,1.0,137215462.0,137215462,137215462.0,24.033,8880383000.0,636850000.0,232959000.0,1954145000.0,64.719,14990000.0
93,AEE,MRT,1998-03-31,1998-03-31,1998-03-31,2021-08-07,0.0,8797302000.0,,684504000.0,8112798000.0,,21.63,-389685000.0,45824000.0,45824000.0,798710000.0,329666000.0,0.95,1.963,2691396000.0,157260000.0,2534136000.0,2691396000.0,0.0,339442000.0,0.0,0.015,0.635,747704000.0,1087146000.0,0.333,1087146000.0,747704000.0,560912000.0,2.4,2.4,2.4,2967986000.0,,2967986000.0,8415766414.0,11.0,7.741,367959000.0,2.682,1.0,2468980000.0,0.756,0.0,186792000.0,10722267000.0,,96852000.0,240082000.0,0.0,240082000.0,5825782000.0,720607000.0,5105175000.0,5780887414.0,5908000.0,0.0,0.0,-59240000.0,-334601000.0,-398337000.0,-353399000.0,0.0,757644000.0,0.0,329666000.0,329666000.0,329666000.0,0.0,0.0,0.101,1515644000.0,953336000.0,148610000.0,0.265,1.948,17.536,17.554,6961270000.0,0.0,42.13,1.769,1.769,366604000.0,1387312000.0,3267690000.0,3267690000.0,0.0,,,,0.229,0.0,0.0,1.0,137215462.0,137215462,137215462.0,23.814,8797302000.0,639324000.0,231246000.0,1948315000.0,64.113,-36103000.0
94,AEE,MRT,1997-12-31,1997-12-31,1997-12-31,2021-08-07,0.0,8827547000.0,8880057000.0,711216000.0,8116331000.0,0.375,21.976,-416025000.0,42425000.0,42425000.0,836445000.0,334716000.0,0.927,1.926,2644575000.0,138507000.0,2506068000.0,2644575000.0,0.0,340079000.0,0.0,,0.0,754263000.0,1094342000.0,0.329,1094342000.0,754263000.0,568895000.0,2.44,2.44,2.44,3015434000.0,3014147500.0,3015434000.0,,,,292418000.0,2.131,1.0,2490098000.0,0.749,0.0,185368000.0,10662412000.0,10659050000.0,93431000.0,219626000.0,0.0,219626000.0,5808579000.0,767285000.0,5041294000.0,,18839000.0,0.0,0.0,80754000.0,-331282000.0,-302407000.0,-387197000.0,0.0,708443000.0,0.0,334716000.0,334716000.0,334716000.0,0.0,0.0,0.101,1513166000.0,976932000.0,293391000.0,0.0,,,,6987085000.0,0.0,,,,418935000.0,1434658000.0,3326543000.0,3326543000.0,0.0,0.038,0.111,0.071,0.227,0.0,0.0,1.0,137215462.0,137215462,137215462.0,24.243,8827547000.0,639792000.0,234179000.0,1893616000.0,64.333,-56069000.0
95,AEE,MRT,1997-09-30,1997-09-30,1997-09-30,2021-08-07,,,,,,,,,,,,,,,,,,,,,,,0.0,,,,,,,,,,,,,,,,,,1.0,,,,,,,,,,,,,,,,,,,,,,,,,,,,,,,,,,,,,,,,,,,,,,,,,,,,,,1.0,,137215462,,,,,,,,
96,AEE,MRT,1997-06-30,1997-06-30,1997-06-30,2021-08-07,,,,,,,,,,,,,,,,,,,,,,,0.0,,,,,,,,,,,,,,,,,,1.0,,,,,,,,,,,,,,,,,,,,,,,,,,,,,,,,,,,,,,,,,,,,,,,,,,,,,,1.0,,137215462,,,,,,,,
97,AEE,MRT,1997-03-31,1997-03-31,1997-03-31,2021-08-07,,,,,,,,,,,,,,,,,,,,,,,0.0,,,,,,,,,,,,,,,,,,1.0,,,,,,,,,,,,,,,,,,,,,,,,,,,,,,,,,,,,,,,,,,,,,,,,,,,,,,1.0,,137215462,,,,,,,,
98,AEE,MRT,1996-12-31,1996-12-31,1996-12-31,2021-08-07,0.0,8932567000.0,,729175000.0,8203392000.0,,21.957,-487080000.0,11899000.0,11899000.0,880204000.0,371684000.0,0.894,1.964,2550932000.0,215478000.0,2335454000.0,2550932000.0,0.0,333565000.0,0.0,,0.0,805091000.0,1138656000.0,0.342,1138656000.0,805091000.0,624689000.0,2.71,2.71,2.71,3012861000.0,,3012861000.0,,,,295364000.0,2.153,1.0,2448217000.0,0.736,0.0,180402000.0,10655688000.0,,106153000.0,209911000.0,0.0,209911000.0,5916172000.0,815912000.0,5100260000.0,,5865000.0,0.0,0.0,21741000.0,-326855000.0,-296075000.0,-480504000.0,0.0,782444000.0,0.0,371684000.0,371684000.0,371684000.0,0.0,0.0,0.112,1458511000.0,989706000.0,297017000.0,0.0,,,,6951106000.0,0.0,,,,430411000.0,1431295000.0,3328421000.0,3328421000.0,0.0,,,,0.242,0.0,0.0,1.0,,137215462,137215462.0,24.257,8932567000.0,734206000.0,253005000.0,1971500000.0,65.099,-86737000.0
99,AEE,MRT,1995-12-31,1995-12-31,1995-12-31,2021-08-07,,,,,,,,-472283000.0,,,823951000.0,372872000.0,,,,,,,,322813000.0,,,0.0,812638000.0,1135451000.0,0.351,1135451000.0,812638000.0,633812000.0,2.72,2.72,2.72,,,,,,,319373000.0,2.328,1.0,2411926000.0,0.745,,178826000.0,,,,,,,,,,,-1321000.0,0.0,0.0,16645000.0,-319875000.0,-324542000.0,-468435000.0,0.0,791656000.0,0.0,372872000.0,372872000.0,372872000.0,0.0,0.0,0.115,1447803000.0,964123000.0,,0.0,,,,,0.0,,,,,,3235877000.0,3235877000.0,0.0,,,,0.251,0.0,0.0,1.0,,137215462,137215462.0,23.582,,,260940000.0,,,
