None,ticker,dimension,calendardate,datekey,reportperiod,lastupdated,accoci,assets,assetsavg,assetsc,assetsnc,assetturnover,bvps,capex,cashneq,cashnequsd,cor,consolinc,currentratio,de,debt,debtc,debtnc,debtusd,deferredrev,depamor,deposits,divyield,dps,ebit,ebitda,ebitdamargin,ebitdausd,ebitusd,ebt,eps,epsdil,epsusd,equity,equityavg,equityusd,ev,evebit,evebitda,fcf,fcfps,fxusd,gp,grossmargin,intangibles,intexp,invcap,invcapavg,inventory,investments,investmentsc,investmentsnc,liabilities,liabilitiesc,liabilitiesnc,marketcap,ncf,ncfbus,ncfcommon,ncfdebt,ncfdiv,ncff,ncfi,ncfinv,ncfo,ncfx,netinc,netinccmn,netinccmnusd,netincdis,netincnci,netmargin,opex,opinc,payables,payoutratio,pb,pe,pe1,ppnenet,prefdivis,price,ps,ps1,receivables,retearn,revenue,revenueusd,rnd,roa,roe,roic,ros,sbcomp,sgna,sharefactor,sharesbas,shareswa,shareswadil,sps,tangibles,taxassets,taxexp,taxliabilities,tbvps,workingcapital
0,MNST,MRY,2020-12-31,2020-12-31,2020-12-31,2021-08-09,3034000.0,6202716000.0,5493927250.0,3140955000.0,3061761000.0,0.837,9.744,-66279000.0,1180413000.0,1180413000.0,1874758000.0,1409594000.0,4.188,0.202,27432000.0,0.0,27432000.0,27432000.0,309865000.0,60973000.0,0.0,0.0,0.0,1626157000.0,1687130000.0,0.367,1687130000.0,1626157000.0,1626157000.0,2.66,2.64,2.66,5160860000.0,4470666750.0,5160860000.0,47773329687.0,29.0,28.316,1297884000.0,2.451,1.0,2723880000.0,0.592,2390689000.0,0.0,1909058000.0,1438072500.0,333085000.0,925645000.0,881354000.0,44291000.0,1041856000.0,749988000.0,291868000.0,48821741687.0,382456000.0,0.0,-522982000.0,-3086000.0,0.0,-526068000.0,-472487000.0,-379785000.0,1364163000.0,16848000.0,1409594000.0,1409594000.0,1409594000.0,0.0,0.0,0.307,1090727000.0,1633153000.0,296800000.0,0.0,9.46,34.635,34.767,314656000.0,0.0,92.48,10.617,10.651,666012000.0,6432074000.0,4598638000.0,4598638000.0,0.0,0.257,0.315,1.131,0.354,70289000.0,1090727000.0,1.0,527916757.0,529639000,534807000.0,8.683,3812027000.0,266383000.0,216563000.0,23433000.0,7.197,2390967000.0
1,MNST,MRY,2019-12-31,2019-12-31,2019-12-31,2021-08-09,-32387000.0,5150352000.0,5006975250.0,2316309000.0,2834043000.0,0.839,7.693,-109159000.0,797957000.0,797957000.0,1682234000.0,1107835000.0,3.504,0.235,30505000.0,0.0,30505000.0,30505000.0,331706000.0,64814000.0,0.0,0.0,0.0,1415962000.0,1480776000.0,0.352,1480776000.0,1415962000.0,1415962000.0,2.04,2.03,2.04,4171281000.0,4008916250.0,4171281000.0,33475125018.0,24.0,22.606,1004603000.0,1.853,1.0,2518585000.0,0.6,2383748000.0,0.0,1338055000.0,1219604250.0,360731000.0,545968000.0,533063000.0,12905000.0,979071000.0,661097000.0,317974000.0,34169671018.0,160444000.0,0.0,-614937000.0,-13569000.0,0.0,-628506000.0,-326724000.0,-216300000.0,1113762000.0,1912000.0,1107835000.0,1107835000.0,1107835000.0,0.0,0.0,0.264,1115646000.0,1402939000.0,274045000.0,0.0,8.192,30.844,31.152,298640000.0,0.0,63.55,8.134,8.202,540330000.0,5022480000.0,4200819000.0,4200819000.0,0.0,0.221,0.276,1.161,0.337,63356000.0,1115646000.0,1.0,537681684.0,542191000,546608000.0,7.748,2766604000.0,114137000.0,308127000.0,14717000.0,5.103,1655212000.0
2,MNST,MRY,2018-12-31,2018-12-31,2018-12-31,2021-08-09,-32864000.0,4526891000.0,4670113000.0,1804170000.0,2722721000.0,0.815,6.481,-70630000.0,637513000.0,637513000.0,1511808000.0,993004000.0,3.001,0.254,2621000.0,0.0,2621000.0,2621000.0,356269000.0,56979000.0,0.0,0.0,0.0,1293272000.0,1350251000.0,0.355,1350251000.0,1293272000.0,1293272000.0,1.78,1.76,1.78,3610901000.0,3746233750.0,3610901000.0,26505871535.0,20.0,19.63,1091251000.0,1.959,1.0,2295375000.0,0.603,2377521000.0,0.0,913333000.0,1067915750.0,277705000.0,320650000.0,320650000.0,0.0,915990000.0,601145000.0,314845000.0,27216862535.0,108891000.0,0.0,-1314225000.0,-1886000.0,0.0,-1316111000.0,272956000.0,355400000.0,1161881000.0,-9835000.0,993004000.0,993004000.0,993004000.0,0.0,0.0,0.261,1011756000.0,1283619000.0,248760000.0,0.0,7.537,27.409,27.652,243051000.0,0.0,49.22,7.149,7.203,484562000.0,3914645000.0,3807183000.0,3807183000.0,0.0,0.213,0.265,1.211,0.34,57111000.0,1011756000.0,1.0,552963481.0,557166000,564254000.0,6.833,2149370000.0,124518000.0,300268000.0,10189000.0,3.858,1203025000.0
3,MNST,MRY,2017-12-31,2017-12-31,2017-12-31,2021-08-09,-16659000.0,4791012000.0,4633449000.0,2086377000.0,2704635000.0,0.727,6.873,-91712000.0,528622000.0,528622000.0,1231355000.0,820678000.0,3.723,0.23,1095000.0,0.0,1095000.0,1095000.0,377590000.0,48887000.0,0.0,0.0,0.0,1201623000.0,1250510000.0,0.371,1250510000.0,1201623000.0,1201623000.0,1.45,1.42,1.45,3895212000.0,3742402250.0,3895212000.0,35228497257.0,29.0,28.171,896019000.0,1.581,1.0,2137690000.0,0.635,2365728000.0,0.0,1337406000.0,1134652250.0,255745000.0,675299000.0,672933000.0,2366000.0,895800000.0,560351000.0,335449000.0,35693237257.0,151040000.0,0.0,-308552000.0,-2583000.0,0.0,-311135000.0,-531541000.0,-438630000.0,987731000.0,5985000.0,820678000.0,820678000.0,820678000.0,0.0,0.0,0.244,938903000.0,1198787000.0,245910000.0,0.0,9.163,43.492,43.648,230276000.0,0.0,63.29,10.594,10.647,449476000.0,2928226000.0,3369045000.0,3369045000.0,0.0,0.177,0.219,1.059,0.357,52282000.0,938903000.0,1.0,563963300.0,566782000,577141000.0,5.944,2425284000.0,231057000.0,380945000.0,10645000.0,4.279,1526026000.0
4,MNST,MRY,2016-12-31,2016-12-31,2016-12-31,2021-08-09,-23249000.0,4153471000.0,4577860500.0,1432270000.0,2721201000.0,0.666,5.664,-104530000.0,377582000.0,377582000.0,1107393000.0,712685000.0,3.044,0.247,0.0,0.0,0.0,0.0,394845000.0,40845000.0,0.0,0.0,0.0,1079685000.0,1120530000.0,0.367,1120530000.0,1079685000.0,1079685000.0,1.21,1.19,1.21,3329709000.0,3728091500.0,3329709000.0,24975490336.0,23.0,22.289,596825000.0,1.015,1.0,1942000000.0,0.637,2364278000.0,0.0,941022000.0,961348250.0,161971000.0,222948000.0,220554000.0,2394000.0,823762000.0,470589000.0,353173000.0,25317016336.0,-1797835000.0,-688485000.0,-2236032000.0,-2359000.0,0.0,-2238391000.0,-256193000.0,536815000.0,701355000.0,-4606000.0,712685000.0,712685000.0,712685000.0,0.0,0.0,0.234,856662000.0,1085338000.0,193270000.0,0.0,7.603,35.523,36.645,173343000.0,0.0,44.34,8.302,8.548,573051000.0,2107548000.0,3049393000.0,3049393000.0,0.0,0.156,0.191,1.123,0.354,45848000.0,856662000.0,1.0,570974658.0,587874000,599819000.0,5.187,1789193000.0,226106000.0,367000000.0,7657000.0,3.043,961681000.0
5,MNST,MRY,2015-12-31,2015-12-31,2015-12-31,2021-08-09,-21878000.0,5571277000.0,4762885500.0,3599532000.0,1971745000.0,0.572,8.49,-41567000.0,2175417000.0,2175417000.0,1090263000.0,546733000.0,8.773,0.158,0.0,0.0,0.0,0.0,383861000.0,30860000.0,0.0,0.0,0.0,891548000.0,922408000.0,0.339,922408000.0,891548000.0,891548000.0,0.97,0.95,0.97,4809410000.0,3946785250.0,4809410000.0,28956820791.0,32.0,31.393,481156000.0,0.849,1.0,1632301000.0,0.6,1707701000.0,0.0,1277882000.0,1602557000.0,156121000.0,759958000.0,744610000.0,15348000.0,761867000.0,410277000.0,351590000.0,30197537791.0,1805094000.0,198008000.0,888694000.0,-1083000.0,0.0,887611000.0,400066000.0,64365000.0,522723000.0,-5306000.0,546733000.0,546733000.0,546733000.0,0.0,0.0,0.201,900118000.0,732183000.0,144763000.0,0.0,6.279,55.233,51.189,97354000.0,0.0,49.653,11.092,10.331,477955000.0,1394863000.0,2722564000.0,2722564000.0,0.0,0.115,0.139,0.556,0.327,32719000.0,900118000.0,1.0,608167383.0,566448000,577758000.0,4.806,3863576000.0,158930000.0,344815000.0,2750000.0,6.821,3189255000.0
6,MNST,MRY,2014-12-31,2014-12-31,2014-12-31,2021-08-09,-11453000.0,1938875000.0,1791088750.0,1653154000.0,285721000.0,1.376,3.02,-30400000.0,370323000.0,370323000.0,1125057000.0,483185000.0,4.647,0.28,0.0,0.0,0.0,0.0,117935000.0,25651000.0,0.0,0.0,0.0,745788000.0,771439000.0,0.313,771439000.0,745788000.0,745788000.0,0.96,0.92,0.96,1515150000.0,1314986750.0,1515150000.0,17755245632.0,24.0,23.016,567091000.0,1.13,1.0,1339810000.0,0.544,68827000.0,0.0,1144009000.0,980305500.0,174573000.0,824074000.0,781134000.0,42940000.0,423725000.0,355716000.0,68009000.0,18163568632.0,158974000.0,0.0,8993000.0,-1619000.0,0.0,7374000.0,-440403000.0,-411233000.0,597491000.0,-5488000.0,483185000.0,483185000.0,483185000.0,0.0,0.0,0.196,592305000.0,747505000.0,127641000.0,0.0,11.988,37.591,37.622,90156000.0,0.0,36.117,7.369,7.352,280755000.0,2330510000.0,2464867000.0,2464867000.0,0.0,0.27,0.367,0.761,0.303,28552000.0,592305000.0,1.0,502913760.0,501771000,522855000.0,4.912,1870048000.0,102998000.0,262603000.0,5848000.0,3.727,1297438000.0
7,MNST,MRY,2013-12-31,2013-12-31,2013-12-31,2021-08-09,-1233000.0,1420509000.0,1349397500.0,1183043000.0,237466000.0,1.665,1.984,-42915000.0,211349000.0,211349000.0,1073497000.0,338661000.0,3.744,0.432,0.0,0.0,0.0,0.0,126048000.0,22762000.0,0.0,0.0,0.0,563894000.0,586656000.0,0.261,586656000.0,563894000.0,563894000.0,0.677,0.65,0.677,992279000.0,877515500.0,992279000.0,11076193493.0,20.0,18.88,299118000.0,0.598,1.0,1172931000.0,0.522,65774000.0,0.0,827372000.0,673878250.0,221449000.0,412039000.0,402247000.0,9792000.0,428230000.0,316014000.0,112216000.0,11363212493.0,-11165000.0,0.0,-46347000.0,-1887000.0,0.0,-17886000.0,-339808000.0,-292533000.0,342033000.0,4496000.0,338661000.0,338661000.0,338661000.0,0.0,0.0,0.151,600015000.0,572916000.0,119376000.0,0.0,11.452,33.553,33.368,88143000.0,0.0,22.59,5.058,5.028,296180000.0,1847325000.0,2246428000.0,2246428000.0,0.0,0.251,0.386,0.837,0.251,-1584000.0,600015000.0,1.0,503019588.0,500037000,520161000.0,4.493,1354735000.0,94053000.0,225233000.0,9359000.0,2.709,867029000.0
8,MNST,MRY,2012-12-31,2012-12-31,2012-12-31,2021-08-09,2074000.0,1043325000.0,1358627250.0,835068000.0,208257000.0,1.517,1.237,-48948000.0,222514000.0,222514000.0,995046000.0,340020000.0,2.894,0.619,0.0,0.0,0.0,0.0,123078000.0,20562000.0,0.0,0.0,0.0,549154000.0,569716000.0,0.276,569716000.0,549154000.0,549154000.0,0.653,0.62,0.653,644397000.0,947332250.0,644397000.0,8772129350.0,16.0,15.397,238728000.0,0.458,1.0,1065656000.0,0.517,54648000.0,0.0,477618000.0,679324500.0,203106000.0,118435000.0,97042000.0,21393000.0,398928000.0,288545000.0,110383000.0,9055183350.0,-136817000.0,0.0,-716655000.0,-2076000.0,0.0,-699075000.0,271849000.0,320420000.0,287676000.0,2733000.0,340020000.0,340020000.0,340020000.0,0.0,0.0,0.165,515033000.0,550623000.0,127330000.0,0.0,14.052,26.631,26.973,69137000.0,0.0,17.613,4.394,4.454,236710000.0,1508664000.0,2060702000.0,2060702000.0,0.0,0.25,0.359,0.808,0.266,8757000.0,515033000.0,1.0,514109577.0,521136000,549249000.0,3.954,988677000.0,110216000.0,209134000.0,5470000.0,1.897,546523000.0
9,MNST,MRY,2011-12-31,2011-12-31,2011-12-31,2021-08-09,-1547000.0,1362399000.0,1236597250.0,1182677000.0,179722000.0,1.377,1.852,-30165000.0,359331000.0,359331000.0,808921000.0,286219000.0,4.445,0.391,0.0,0.0,0.0,0.0,128734000.0,17032000.0,0.0,0.0,0.0,457270000.0,474302000.0,0.278,474302000.0,457270000.0,457270000.0,0.54,0.51,0.54,979158000.0,928900250.0,979158000.0,7736725437.0,17.0,16.312,303662000.0,0.574,1.0,894309000.0,0.525,48396000.0,0.0,688582000.0,663279000.0,155613000.0,434476000.0,411282000.0,23194000.0,383241000.0,266090000.0,117151000.0,8022888437.0,4489000.0,0.0,-156074000.0,-1942000.0,0.0,-154192000.0,-173027000.0,-143272000.0,333827000.0,-2119000.0,286219000.0,286219000.0,286219000.0,0.0,0.0,0.168,437886000.0,456423000.0,113446000.0,0.0,8.194,28.031,28.438,45151000.0,0.0,15.357,4.71,4.766,218741000.0,1168644000.0,1703230000.0,1703230000.0,0.0,0.231,0.308,0.689,0.268,15600000.0,437886000.0,1.0,522436842.0,528636000,560022000.0,3.222,1314003000.0,75374000.0,171051000.0,10996000.0,2.486,916587000.0
10,MNST,MRY,2010-12-31,2010-12-31,2010-12-31,2021-08-09,281000.0,1146950000.0,1009865250.0,962972000.0,183978000.0,1.291,1.56,-22282000.0,354842000.0,354842000.0,623702000.0,212029000.0,4.973,0.385,0.0,0.0,0.0,0.0,135039000.0,11728000.0,0.0,0.0,0.0,349302000.0,361030000.0,0.277,361030000.0,349302000.0,349302000.0,0.4,0.38,0.4,828398000.0,726201500.0,828398000.0,4121438701.0,12.0,11.416,206762000.0,0.389,1.0,680240000.0,0.522,43316000.0,0.0,555139000.0,399876500.0,153241000.0,288838000.0,244649000.0,44189000.0,318552000.0,193653000.0,124899000.0,4630823701.0,26493000.0,0.0,-2716000.0,-420000.0,0.0,9238000.0,-212510000.0,-188788000.0,229044000.0,721000.0,212029000.0,212029000.0,212029000.0,0.0,0.0,0.163,332426000.0,347814000.0,90314000.0,0.0,5.59,21.841,21.783,34551000.0,0.0,8.713,3.551,3.549,166454000.0,882425000.0,1303942000.0,1303942000.0,0.0,0.21,0.292,0.874,0.268,4488000.0,332426000.0,1.0,531464082.0,531084000,558126000.0,2.455,1103634000.0,85239000.0,137273000.0,925000.0,2.078,769319000.0
11,MNST,MRY,2009-12-31,2009-12-31,2009-12-31,2021-08-09,-4667000.0,800070000.0,780137750.0,585504000.0,214566000.0,1.466,1.084,-22677000.0,328349000.0,328349000.0,530983000.0,208716000.0,6.993,0.368,206000.0,206000.0,0.0,206000.0,140513000.0,5839000.0,0.0,0.0,0.0,335695000.0,341534000.0,0.299,341534000.0,335695000.0,335695000.0,0.387,0.367,0.387,584953000.0,545383500.0,584953000.0,3103787718.0,9.0,9.088,133515000.0,0.247,1.0,612316000.0,0.536,33512000.0,0.0,354686000.0,347032750.0,108143000.0,99323000.0,18487000.0,80836000.0,215117000.0,83729000.0,131388000.0,3421063718.0,71548000.0,0.0,-83671000.0,-1539000.0,0.0,-82079000.0,-4469000.0,22197000.0,156192000.0,1904000.0,208716000.0,208716000.0,208716000.0,0.0,0.0,0.183,275007000.0,337309000.0,48863000.0,0.0,5.848,16.391,16.537,33314000.0,0.0,6.4,2.992,3.022,108905000.0,670396000.0,1143299000.0,1143299000.0,0.0,0.268,0.383,0.967,0.294,10909000.0,275007000.0,1.0,534541206.0,539802000,567858000.0,2.118,766558000.0,76028000.0,126979000.0,761000.0,1.42,501775000.0
12,MNST,MRY,2008-12-31,2008-12-31,2008-12-31,2021-08-09,-10825000.0,761837000.0,646588500.0,561324000.0,200513000.0,1.599,0.786,-6559000.0,256801000.0,256801000.0,494986000.0,108032000.0,2.996,0.746,959000.0,959000.0,0.0,959000.0,138187000.0,3417000.0,0.0,0.0,0.0,173477000.0,176894000.0,0.171,176894000.0,173477000.0,173477000.0,0.195,0.185,0.195,436316000.0,464791500.0,436316000.0,2843467475.0,16.0,16.074,192937000.0,0.348,1.0,538794000.0,0.521,28365000.0,0.0,290296000.0,316076500.0,116326000.0,118712000.0,29145000.0,89567000.0,325521000.0,187334000.0,138187000.0,3099230475.0,244361000.0,0.0,-101210000.0,-1170000.0,0.0,-98046000.0,143982000.0,156615000.0,199496000.0,-1071000.0,108032000.0,108032000.0,108032000.0,0.0,0.0,0.105,375203000.0,163591000.0,64787000.0,0.0,7.103,28.688,28.658,14389000.0,0.0,5.588,2.998,3.001,135955000.0,461680000.0,1033780000.0,1033780000.0,0.0,0.167,0.232,0.549,0.168,9565000.0,375203000.0,1.0,554589408.0,555090000,585180000.0,1.862,733472000.0,80466000.0,65445000.0,0.0,1.321,373990000.0
13,MNST,MRY,2007-12-31,2007-12-31,2007-12-31,2021-08-09,-47000.0,544603000.0,468899500.0,270149000.0,274454000.0,1.929,0.772,-3847000.0,12440000.0,12440000.0,436452000.0,149406000.0,3.259,0.29,663000.0,663000.0,0.0,663000.0,39555000.0,2128000.0,0.0,0.0,0.0,239756000.0,241884000.0,0.267,241884000.0,239756000.0,239756000.0,0.273,0.252,0.273,422167000.0,335217750.0,422167000.0,4028061569.0,17.0,16.653,131604000.0,0.241,1.0,468013000.0,0.517,24066000.0,0.0,425879000.0,300666000.0,98140000.0,290210000.0,63125000.0,227085000.0,122436000.0,82881000.0,39555000.0,4086465569.0,-22689000.0,0.0,8043000.0,-910000.0,0.0,36587000.0,-194727000.0,-188543000.0,135451000.0,0.0,149406000.0,149406000.0,149406000.0,0.0,0.0,0.165,237027000.0,230986000.0,56766000.0,0.0,9.68,27.351,27.039,8567000.0,0.0,7.382,4.518,4.465,81497000.0,353648000.0,904465000.0,904465000.0,0.0,0.319,0.446,0.797,0.265,-19208000.0,237027000.0,1.0,553596600.0,547068000,593244000.0,1.653,520537000.0,25198000.0,90350000.0,6294000.0,0.952,187268000.0
14,MNST,MRY,2006-12-31,2006-12-31,2006-12-31,2021-08-09,0.0,308372000.0,272301908.0,275157000.0,33215000.0,2.225,0.417,-2392000.0,35129000.0,35129000.0,289180000.0,97949000.0,4.378,0.37,303000.0,299000.0,4000.0,303000.0,20441000.0,1538000.0,0.0,0.0,0.0,162239000.0,163777000.0,0.27,163777000.0,162239000.0,162239000.0,0.182,0.165,0.182,225084000.0,193436356.0,225084000.0,3041385448.0,19.0,18.57,74022000.0,0.137,1.0,316594000.0,0.523,21202000.0,0.0,189501000.0,152315495.0,77013000.0,101667000.0,101667000.0,0.0,83288000.0,62843000.0,20445000.0,3059761448.0,-26525000.0,0.0,-23816000.0,-1176000.0,0.0,-7708000.0,-95231000.0,-89806000.0,76414000.0,0.0,97949000.0,97949000.0,97949000.0,0.0,0.0,0.162,158015000.0,158579000.0,34362000.0,0.0,13.594,31.238,30.842,5565000.0,0.0,5.613,5.051,5.0,54624000.0,204242000.0,605774000.0,605774000.0,0.0,0.36,0.506,1.065,0.268,-8938000.0,158015000.0,1.0,545088144.0,539616000,591516000.0,1.123,287170000.0,10954000.0,64290000.0,3991000.0,0.532,212314000.0
15,MNST,MRY,2005-12-31,2005-12-31,2005-12-31,2021-08-09,0.0,163890000.0,132518964.0,140287000.0,23603000.0,2.633,0.237,-1341000.0,61654000.0,61654000.0,166343000.0,62775000.0,4.257,0.306,525000.0,515000.0,10000.0,525000.0,0.0,1009000.0,0.0,0.0,0.0,104794000.0,105803000.0,0.303,105803000.0,104794000.0,104794000.0,0.118,0.108,0.118,125509000.0,95685136.0,125509000.0,1706997967.0,16.0,16.134,53308000.0,0.101,1.0,182543000.0,0.523,19103000.0,0.0,50701000.0,40690192.0,31400000.0,11861000.0,11861000.0,0.0,38381000.0,32957000.0,5424000.0,1747549175.0,57978000.0,0.0,1168000.0,-1055000.0,0.0,113000.0,3216000.0,5439000.0,54649000.0,0.0,62775000.0,62775000.0,62775000.0,0.0,0.0,0.18,79100000.0,103443000.0,26614000.0,0.0,13.924,27.838,27.828,3743000.0,0.0,3.284,5.009,4.982,28752000.0,106293000.0,348886000.0,348886000.0,0.0,0.474,0.656,2.575,0.3,0.0,79100000.0,1.0,532180944.0,529344000,582534000.0,0.659,144787000.0,6143000.0,42019000.0,5414000.0,0.274,107330000.0
16,MNST,MRY,2004-12-31,2004-12-31,2004-12-31,2021-08-09,0.0,82022317.0,69921396.0,60380137.0,21642180.0,2.579,0.114,-1235000.0,3676119.0,3676119.0,96875000.0,20387000.0,3.222,0.4,583852.0,437366.0,146486.0,583852.0,0.0,770000.0,0.0,0.0,0.0,33938000.0,34708000.0,0.192,34708000.0,33938000.0,33938000.0,0.04,0.037,0.04,58571229.0,47169649.0,58571229.0,350653116.0,10.0,10.103,18815000.0,0.037,1.0,83466000.0,0.463,18678116.0,0.0,41510771.0,25353323.0,22406054.0,17300000.0,17300000.0,0.0,23451088.0,18741163.0,4709925.0,367364666.0,2577000.0,0.0,1720000.0,-422000.0,0.0,1298000.0,-18771000.0,-17300000.0,20050000.0,0.0,20387000.0,20387000.0,20387000.0,0.0,0.0,0.113,49580000.0,33886000.0,14542753.0,0.0,6.272,18.02,18.964,2964064.0,0.0,0.759,2.037,2.154,12650055.0,43516634.0,180341000.0,180341000.0,0.0,0.292,0.432,1.339,0.188,0.0,49580000.0,1.0,484303872.0,512010000,566880000.0,0.352,63344201.0,3708942.0,13551000.0,4909888.0,0.124,41638974.0
17,MNST,MRY,2003-12-31,2003-12-31,2003-12-31,2021-08-09,0.0,47997028.0,45092284.0,26677940.0,21319088.0,2.447,0.071,-1556664.0,1098785.0,1098785.0,66577168.0,5930404.0,2.814,0.369,602335.0,244271.0,358064.0,602335.0,0.0,584197.0,0.0,0.0,0.0,9831674.0,10415871.0,0.094,10415871.0,9831674.0,9759082.0,0.012,0.012,0.012,35049578.0,32236884.0,35049578.0,86922895.0,9.0,8.345,3927750.0,0.008,1.0,43775028.0,0.397,18515806.0,72592.0,19503035.0,17855575.0,17643786.0,0.0,0.0,0.0,12947450.0,9481737.0,3465713.0,87274167.0,560865.0,0.0,748430.0,-3234445.0,0.0,-2486015.0,-2437534.0,0.0,5484414.0,0.0,5930404.0,5930404.0,5930404.0,0.0,0.0,0.054,33948933.0,9826095.0,6521402.0,0.0,2.49,14.716,14.618,2803282.0,0.0,0.175,0.791,0.784,5372983.0,23129830.0,110352196.0,110352196.0,0.0,0.132,0.184,0.551,0.089,0.0,33887045.0,1.0,497524944.0,493378080,516583536.0,0.224,29481222.0,2080609.0,3828678.0,3754912.0,0.06,17196203.0
18,MNST,MRY,2002-12-31,2002-12-31,2002-12-31,2021-08-09,0.0,40463505.0,40632910.0,20903874.0,19559631.0,2.265,0.059,-416873.0,537920.0,537920.0,58802669.0,3029195.0,3.511,0.426,3836780.0,230740.0,3606040.0,3836780.0,0.0,493894.0,0.0,0.0,0.0,5295907.0,5789801.0,0.063,5789801.0,5295907.0,5065175.0,0.006,0.006,0.006,28370744.0,27359929.0,28370744.0,44555794.0,8.0,7.696,2309796.0,0.005,1.0,33243693.0,0.361,17696824.0,230732.0,20111517.0,20269480.0,11643734.0,0.0,0.0,0.0,12092761.0,5954024.0,6138737.0,42433726.0,290263.0,0.0,8000.0,-2352197.0,0.0,-2344197.0,-92209.0,0.0,2726669.0,0.0,3029195.0,3029195.0,3029195.0,0.0,0.0,0.033,27950760.0,5292933.0,4732261.0,0.0,1.496,14.008,14.656,1862807.0,0.0,0.088,0.461,0.461,5949402.0,17199426.0,92046362.0,92046362.0,0.0,0.075,0.111,0.261,0.058,0.0,27896202.0,1.0,482544144.0,482519952,496300992.0,0.191,22766681.0,1145133.0,2035980.0,2532697.0,0.047,14949850.0
19,MNST,MRY,2001-12-31,2001-12-31,2001-12-31,2021-08-09,0.0,38561282.0,39498031.0,18540090.0,20021192.0,2.042,0.053,-503489.0,247657.0,247657.0,51796539.0,3019353.0,3.333,0.522,6188977.0,337872.0,5851105.0,6188977.0,0.0,436459.0,0.0,0.0,0.0,5559849.0,5996308.0,0.074,5996308.0,5559849.0,5032255.0,0.006,0.006,0.006,25333549.0,24008406.0,25333549.0,50334265.0,9.0,8.394,4699217.0,0.01,1.0,28861778.0,0.358,18076046.0,527594.0,20864206.0,22217796.0,11956680.0,0.0,0.0,0.0,13227733.0,5562350.0,7665383.0,42189013.0,116992.0,0.0,28621.0,-4432101.0,0.0,-4403480.0,-682234.0,0.0,5202706.0,0.0,3019353.0,3019353.0,3019353.0,0.0,0.0,0.037,23310921.0,5550857.0,3919741.0,0.0,1.665,13.973,14.583,1945146.0,0.0,0.087,0.523,0.523,4412422.0,14170231.0,80658317.0,80658317.0,0.0,0.076,0.126,0.25,0.069,230879.0,22803433.0,1.0,482160144.0,481754256,495115392.0,0.167,20485236.0,949176.0,2012902.0,1814278.0,0.043,12977740.0
20,MNST,MRY,2000-12-31,2000-12-31,2000-12-31,2021-08-09,0.0,38957568.0,34089894.0,19540879.0,19416689.0,2.103,0.046,-1179329.0,130665.0,130665.0,42780067.0,3915126.0,3.314,0.766,9966611.0,234655.0,9731956.0,9966611.0,0.0,314662.0,0.0,0.0,0.0,6913264.0,7227926.0,0.101,7227926.0,6913264.0,6531112.0,0.008,0.008,0.008,22054696.0,20832924.0,22054696.0,47499504.0,7.0,6.572,-2302169.0,-0.005,1.0,28925918.0,0.403,17553645.0,382152.0,25343092.0,18309677.0,10907895.0,0.0,0.0,0.0,16902872.0,5896777.0,11006095.0,38556517.0,-1878490.0,0.0,-557906.0,7653422.0,0.0,7095516.0,-7851166.0,0.0,-1122840.0,0.0,3915126.0,3915126.0,3915126.0,0.0,0.0,0.055,22025568.0,6900350.0,3894784.0,0.0,1.748,9.848,10.091,1863044.0,0.0,0.081,0.538,0.538,6797314.0,11150878.0,71705985.0,71705985.0,0.0,0.115,0.188,0.378,0.096,0.0,21654495.0,1.0,477603312.0,477971664,499473744.0,0.15,21403923.0,881618.0,2615986.0,2152405.0,0.045,13644102.0
21,MNST,MRY,1999-12-31,1999-12-31,1999-12-31,2021-08-09,0.0,28708952.0,25961372.0,16951880.0,11757072.0,2.785,0.039,-176580.0,2009155.0,2009155.0,38776532.0,4477868.0,2.131,0.541,1766217.0,863501.0,902716.0,1766217.0,0.0,258343.0,0.0,0.0,0.0,7619492.0,7877835.0,0.109,7877835.0,7619492.0,7448986.0,0.009,0.009,0.009,18625876.0,16902885.0,18625876.0,42247325.0,6.0,5.363,1141377.0,0.002,1.0,33526654.0,0.464,11252881.0,170506.0,9258044.0,7037758.0,9894414.0,0.0,0.0,0.0,10083076.0,7955089.0,2127987.0,43138988.0,-1796934.0,0.0,27781.0,-1641568.0,0.0,-1613787.0,-1501104.0,20861.0,1317957.0,0.0,4477868.0,4477868.0,4477868.0,0.0,0.0,0.062,26025575.0,7501079.0,5936873.0,0.0,2.316,9.634,9.984,504191.0,0.0,0.09,0.597,0.594,3751258.0,7235752.0,72303186.0,72303186.0,0.0,0.172,0.265,1.083,0.105,73026.0,25337374.0,1.0,480100032.0,478309344,504508992.0,0.151,17456071.0,743364.0,2971118.0,1571907.0,0.036,8996791.0
22,MNST,MRY,1998-12-31,1998-12-31,1998-12-31,2021-08-09,0.0,22556802.0,20617085.0,11719098.0,10837704.0,2.613,0.031,-435838.0,3806089.0,3806089.0,27332028.0,3563129.0,1.924,0.618,3407785.0,2072818.0,1334967.0,3407785.0,0.0,246494.0,0.0,0.0,0.0,6017497.0,6263991.0,0.116,6263991.0,6017497.0,5630051.0,0.008,0.007,0.008,13942183.0,12309363.0,13942183.0,52542915.0,9.0,8.388,3935090.0,0.009,1.0,26534266.0,0.493,10215320.0,387446.0,5851057.0,5631831.0,5211077.0,20861.0,0.0,20861.0,8614619.0,6092121.0,2522498.0,53276489.0,3410858.0,0.0,75957.0,-520874.0,0.0,-444917.0,-515153.0,39391.0,4370928.0,0.0,3563129.0,3563129.0,3563129.0,0.0,0.0,0.066,20574402.0,5959864.0,1870253.0,0.0,3.821,14.952,13.997,601523.0,0.0,0.112,0.989,0.937,1827544.0,2684858.0,53866294.0,53866294.0,0.0,0.173,0.289,1.068,0.112,64919.0,20217818.0,1.0,475771440.0,450561024,500674896.0,0.12,12341482.0,630070.0,2066922.0,2456716.0,0.027,5626977.0
23,MNST,MRY,1997-12-31,1997-12-31,1997-12-31,2021-08-09,-67241.0,16933359.0,16521216.0,6067413.0,10865946.0,2.606,0.023,-148625.0,395231.0,395231.0,25222881.0,1250151.0,1.702,0.7,3928659.0,520835.0,3407824.0,3928659.0,0.0,270114.0,0.0,0.0,0.0,1815645.0,2085759.0,0.048,2085759.0,1815645.0,1290351.0,0.003,0.003,0.003,9960779.0,9394115.0,9960779.0,,,,1169913.0,0.003,1.0,17834183.0,0.414,10393198.0,525294.0,6508833.0,4614413.0,3915983.0,60252.0,0.0,60252.0,6972580.0,3564756.0,3407824.0,16554265.0,208300.0,0.0,11000.0,-1014770.0,0.0,-1003770.0,21355.0,1918.0,1318538.0,-127823.0,1250151.0,1250151.0,1250151.0,0.0,0.0,0.029,15952274.0,1881909.0,2195200.0,0.0,1.662,13.242,12.59,412496.0,0.0,0.038,0.384,0.384,1541731.0,-875949.0,43057064.0,43057064.0,0.0,0.076,0.133,0.393,0.042,0.0,15452188.0,1.0,438281712.0,438030240,445854816.0,0.098,6540161.0,0.0,40200.0,37800.0,0.015,2502657.0
24,MNST,MRY,1996-12-31,1996-12-31,1996-12-31,2021-08-09,60582.0,16109073.0,,4574151.0,11534922.0,,0.02,-35757.0,186931.0,186931.0,21671064.0,357166.0,0.628,0.825,4941970.0,4941970.0,0.0,4941970.0,0.0,249035.0,0.0,0.0,0.0,945299.0,1194334.0,0.034,1194334.0,945299.0,359566.0,0.001,0.001,0.001,8827451.0,,8827451.0,,,,718088.0,0.002,1.0,13894421.0,0.391,10862497.0,585733.0,2719993.0,,3111124.0,70153.0,0.0,70153.0,7281622.0,7281622.0,0.0,,99015.0,0.0,0.0,-625476.0,0.0,-625476.0,-53724.0,3730.0,753845.0,24370.0,357166.0,357166.0,357166.0,0.0,0.0,0.01,13217474.0,676947.0,2139050.0,0.0,,,22.083,602272.0,0.0,0.022,,0.272,944227.0,-2126100.0,35565485.0,35565485.0,0.0,,,,0.027,0.0,12524850.0,1.0,,437897664,439651920.0,0.081,5246576.0,0.0,2400.0,0.0,0.012,-2707471.0
25,MNST,MRY,1995-12-31,1995-12-31,1995-12-31,2021-08-09,,,,,,,,-293044.0,,,21855369.0,-1349693.0,,,,,,,,246969.0,,0.0,0.0,-907476.0,-660507.0,-0.019,-660507.0,-907476.0,-1347293.0,-0.003,,-0.003,,,,,,,-2303031.0,-0.005,1.0,12135306.0,0.357,,439817.0,,,,,,,,,,,-1003121.0,25271.0,0.0,1375736.0,0.0,1375736.0,-372767.0,0.0,-2009987.0,3897.0,-1349693.0,-1349693.0,-1349693.0,0.0,0.0,-0.04,13442014.0,-1306708.0,,0.0,,,-4.774,,0.0,0.014,,0.185,,,33990675.0,33990675.0,0.0,,,,-0.027,0.0,12506770.0,1.0,,437897664,,0.078,,,2400.0,,,
0,MNST,MRQ,2021-06-30,2021-06-30,2021-06-30,2021-08-09,-16822000.0,7071543000.0,,3950675000.0,3120868000.0,,11.171,-9016000.0,1584239000.0,1584239000.0,625096000.0,403762000.0,4.451,0.197,26462000.0,0.0,26462000.0,26462000.0,298712000.0,13712000.0,0.0,0.0,0.0,526847000.0,540559000.0,0.37,540559000.0,526847000.0,526847000.0,0.76,0.75,0.76,5905498000.0,,5905498000.0,47133617523.0,26.0,25.457,402097000.0,0.761,1.0,836838000.0,0.572,2389966000.0,0.0,2236273000.0,,382890000.0,1059985000.0,968952000.0,91033000.0,1166045000.0,887527000.0,278518000.0,48284158523.0,405360000.0,0.0,17326000.0,2667000.0,0.0,19993000.0,-31079000.0,-19683000.0,411113000.0,5333000.0,403762000.0,403762000.0,403762000.0,0.0,0.0,0.276,310863000.0,525975000.0,362900000.0,0.0,8.176,31.387,31.392,309178000.0,0.0,91.35,9.378,9.38,909169000.0,7151030000.0,1461934000.0,1461934000.0,0.0,,,,,17329000.0,310863000.0,1.0,528562217.0,528653000,535557000.0,2.765,4681577000.0,263636000.0,123085000.0,31289000.0,8.856,3063148000.0
1,MNST,MRQ,2021-03-31,2021-03-31,2021-03-31,2021-08-09,-24874000.0,6534366000.0,,3433872000.0,3100494000.0,,10.336,-15408000.0,1178879000.0,1178879000.0,528881000.0,315194000.0,4.353,0.197,28338000.0,0.0,28338000.0,28338000.0,303691000.0,13777000.0,0.0,0.0,0.0,413387000.0,427164000.0,0.343,427164000.0,413387000.0,413387000.0,0.6,0.59,0.6,5459437000.0,,5459437000.0,46955021609.0,28.0,27.112,160065000.0,0.303,1.0,714935000.0,0.575,2394735000.0,0.0,2200229000.0,,368402000.0,1043859000.0,980108000.0,63751000.0,1074929000.0,788861000.0,286068000.0,48108002609.0,-1534000.0,0.0,-6658000.0,957000.0,0.0,-5701000.0,-149083000.0,-114819000.0,175473000.0,-22223000.0,315194000.0,315194000.0,315194000.0,0.0,0.0,0.253,300789000.0,414146000.0,334076000.0,0.0,8.812,33.271,33.245,312155000.0,0.0,91.09,10.064,10.065,802509000.0,6747268000.0,1243816000.0,1243816000.0,0.0,,,,,18362000.0,300789000.0,1.0,528137036.0,528195000,534982000.0,2.355,4139631000.0,272821000.0,98193000.0,9991000.0,7.837,2645011000.0
2,MNST,MRQ,2020-12-31,2020-12-31,2020-12-31,2021-08-09,3034000.0,6202716000.0,,3140955000.0,3061761000.0,,9.775,-5411000.0,1180413000.0,1180413000.0,505598000.0,471736000.0,4.188,0.202,27432000.0,0.0,27432000.0,27432000.0,309865000.0,15094000.0,0.0,0.0,0.0,400796000.0,415890000.0,0.348,415890000.0,400796000.0,400796000.0,0.89,0.89,0.89,5160860000.0,,5160860000.0,47773329687.0,29.0,28.316,409516000.0,0.776,1.0,690685000.0,0.577,2390689000.0,0.0,1909058000.0,,333085000.0,925645000.0,881354000.0,44291000.0,1041856000.0,749988000.0,291868000.0,48821741687.0,105683000.0,0.0,7396000.0,-586000.0,0.0,6810000.0,-331973000.0,-326367000.0,414927000.0,15919000.0,471736000.0,471736000.0,471736000.0,0.0,0.0,0.394,288384000.0,402301000.0,296800000.0,0.0,9.46,34.635,34.767,314656000.0,0.0,92.48,10.617,10.651,666012000.0,6432074000.0,1196283000.0,1196283000.0,0.0,,,,,17247000.0,288384000.0,1.0,527916757.0,527974000,534195000.0,2.266,3812027000.0,266383000.0,-70940000.0,23433000.0,7.22,2390967000.0
3,MNST,MRQ,2020-09-30,2020-09-30,2020-09-30,2021-08-09,-32529000.0,5697683000.0,,2825847000.0,2871836000.0,,8.774,-19257000.0,1074730000.0,1074730000.0,509831000.0,347654000.0,3.652,0.231,26318000.0,0.0,26318000.0,26318000.0,313819000.0,13822000.0,0.0,0.0,0.0,454033000.0,467855000.0,0.375,467855000.0,454033000.0,454033000.0,0.66,0.65,0.66,4629321000.0,,4629321000.0,41400350889.0,27.0,25.723,489521000.0,0.928,1.0,736531000.0,0.591,2391180000.0,0.0,1484328000.0,,318956000.0,619897000.0,599326000.0,20571000.0,1068362000.0,773763000.0,294599000.0,42297194889.0,153404000.0,0.0,21550000.0,-820000.0,0.0,20730000.0,-391208000.0,-347061000.0,508778000.0,15104000.0,347654000.0,347654000.0,347654000.0,0.0,0.0,0.279,277930000.0,458601000.0,281522000.0,0.0,9.137,35.46,35.804,304687000.0,0.0,80.2,9.57,9.575,740813000.0,5960338000.0,1246362000.0,1246362000.0,0.0,,,,,20008000.0,277930000.0,1.0,527396445.0,527637000,533263000.0,2.362,3306503000.0,100841000.0,106379000.0,32082000.0,6.267,2052084000.0
4,MNST,MRQ,2020-06-30,2020-06-30,2020-06-30,2021-08-09,-53438000.0,5193813000.0,,2371450000.0,2822363000.0,,8.012,-23898000.0,921326000.0,921326000.0,434427000.0,311369000.0,3.514,0.23,24482000.0,0.0,24482000.0,24482000.0,317820000.0,15511000.0,0.0,0.0,0.0,405468000.0,420979000.0,0.385,420979000.0,405468000.0,405468000.0,0.59,0.59,0.59,4221540000.0,,4221540000.0,35830169197.0,24.0,23.034,225428000.0,0.428,1.0,659469000.0,0.603,2387187000.0,0.0,1234917000.0,,340536000.0,252830000.0,250753000.0,2077000.0,972273000.0,674865000.0,297408000.0,36501388197.0,219490000.0,0.0,-6693000.0,-947000.0,0.0,-7640000.0,-29282000.0,-5194000.0,249326000.0,7086000.0,311369000.0,311369000.0,311369000.0,0.0,0.0,0.285,252205000.0,407264000.0,261969000.0,0.0,8.646,31.905,32.545,301946000.0,0.0,69.32,8.475,8.481,760433000.0,5612684000.0,1093896000.0,1093896000.0,0.0,,,,,15936000.0,252205000.0,1.0,526563592.0,526911000,531191000.0,2.076,2806626000.0,104754000.0,94099000.0,22497000.0,5.327,1696585000.0
5,MNST,MRQ,2020-03-31,2020-03-31,2020-03-31,2021-08-09,-62682000.0,4881497000.0,,2048722000.0,2832775000.0,,7.221,-17713000.0,701836000.0,701836000.0,424901000.0,278835000.0,2.92,0.261,30617000.0,0.0,30617000.0,30617000.0,323237000.0,16546000.0,0.0,0.0,0.0,365860000.0,382406000.0,0.36,382406000.0,365860000.0,365860000.0,0.52,0.52,0.52,3870946000.0,,3870946000.0,29438324949.0,20.0,19.189,173419000.0,0.324,1.0,637196000.0,0.6,2384750000.0,0.0,1123987000.0,,352305000.0,247435000.0,233513000.0,13922000.0,1010551000.0,701541000.0,309010000.0,30205776949.0,-96121000.0,0.0,-545235000.0,-733000.0,0.0,-545968000.0,279976000.0,298837000.0,191132000.0,-21261000.0,278835000.0,278835000.0,278835000.0,0.0,0.0,0.263,272208000.0,364988000.0,305529000.0,0.0,7.803,26.845,27.048,295570000.0,0.0,56.26,6.997,6.986,670570000.0,5301315000.0,1062097000.0,1062097000.0,0.0,,,,,17098000.0,272208000.0,1.0,536896142.0,536061000,540518000.0,1.981,2496747000.0,103410000.0,87025000.0,12711000.0,4.658,1347181000.0
6,MNST,MRQ,2019-12-31,2019-12-31,2019-12-31,2021-08-09,-32387000.0,5150352000.0,,2316309000.0,2834043000.0,,7.763,-60099000.0,797957000.0,797957000.0,406438000.0,254954000.0,3.504,0.235,30505000.0,0.0,30505000.0,30505000.0,331706000.0,16971000.0,0.0,0.0,0.0,321233000.0,338204000.0,0.332,338204000.0,321233000.0,321233000.0,0.47,0.47,0.47,4171281000.0,,4171281000.0,33475125018.0,24.0,22.606,232594000.0,0.433,1.0,610768000.0,0.6,2383748000.0,0.0,1338055000.0,,360731000.0,545968000.0,533063000.0,12905000.0,979071000.0,661097000.0,317974000.0,34169671018.0,80340000.0,0.0,-222461000.0,-728000.0,0.0,-223189000.0,1461000.0,61536000.0,292693000.0,9375000.0,254954000.0,254954000.0,254954000.0,0.0,0.0,0.251,293723000.0,317045000.0,274045000.0,0.0,8.192,30.844,31.152,298640000.0,0.0,63.55,8.134,8.202,540330000.0,5022480000.0,1017206000.0,1017206000.0,0.0,,,,,16466000.0,293723000.0,1.0,537681684.0,537352000,541271000.0,1.893,2766604000.0,114137000.0,66279000.0,14717000.0,5.149,1655212000.0
7,MNST,MRQ,2019-09-30,2019-09-30,2019-09-30,2021-08-09,-43083000.0,5137366000.0,,2360760000.0,2776606000.0,,7.545,-28424000.0,717617000.0,717617000.0,460575000.0,298923000.0,3.305,0.251,23071000.0,0.0,23071000.0,23071000.0,335906000.0,15399000.0,0.0,0.0,0.0,398564000.0,413963000.0,0.365,413963000.0,398564000.0,398564000.0,0.55,0.55,0.55,4107978000.0,,4107978000.0,30770318597.0,22.0,20.961,337860000.0,0.621,1.0,673002000.0,0.594,2379116000.0,0.0,1349488000.0,,317745000.0,601726000.0,587356000.0,14370000.0,1029388000.0,714216000.0,315172000.0,31635694597.0,-170630000.0,0.0,-250197000.0,-3766000.0,0.0,-253963000.0,-272143000.0,-243449000.0,366284000.0,-10808000.0,298923000.0,298923000.0,298923000.0,0.0,0.0,0.264,277559000.0,395443000.0,304773000.0,0.0,7.701,28.971,29.03,251760000.0,0.0,58.06,7.701,7.695,647983000.0,4767526000.0,1133577000.0,1133577000.0,0.0,,,,,15991000.0,277559000.0,1.0,544879342.0,544469000,548422000.0,2.082,2758250000.0,116817000.0,99641000.0,20334000.0,5.066,1646544000.0
8,MNST,MRQ,2019-06-30,2019-06-30,2019-06-30,2021-08-09,-28756000.0,5084332000.0,,2326768000.0,2757564000.0,,7.457,-12335000.0,888247000.0,888247000.0,442762000.0,292473000.0,3.298,0.253,22871000.0,0.0,22871000.0,22871000.0,342214000.0,17574000.0,0.0,0.0,0.0,381963000.0,399537000.0,0.362,399537000.0,381963000.0,381963000.0,0.54,0.53,0.54,4057586000.0,,4057586000.0,34100942591.0,25.0,24.17,319054000.0,0.586,1.0,661283000.0,0.599,2377453000.0,0.0,1136003000.0,,299529000.0,364994000.0,357988000.0,7006000.0,1026746000.0,705500000.0,321246000.0,34696468591.0,269903000.0,0.0,45350000.0,-8682000.0,0.0,36668000.0,-102821000.0,-91460000.0,331389000.0,4667000.0,292473000.0,292473000.0,292473000.0,0.0,0.0,0.265,282293000.0,378990000.0,292627000.0,0.0,8.551,32.708,33.073,240165000.0,0.0,63.83,8.695,8.704,688197000.0,4468603000.0,1104045000.0,1104045000.0,0.0,,,,,15575000.0,282293000.0,1.0,543576196.0,544156000,548218000.0,2.029,2706879000.0,119478000.0,89490000.0,15179000.0,4.974,1621268000.0
9,MNST,MRQ,2019-03-31,2019-03-31,2019-03-31,2021-08-09,-34125000.0,4655851000.0,,1907300000.0,2748551000.0,,6.815,-8301000.0,618344000.0,618344000.0,372459000.0,261485000.0,3.023,0.259,22818000.0,0.0,22818000.0,22818000.0,346832000.0,14870000.0,0.0,0.0,0.0,314203000.0,329073000.0,0.348,329073000.0,314203000.0,314203000.0,0.48,0.48,0.48,3698820000.0,,3698820000.0,29010135064.0,22.0,20.967,115095000.0,0.212,1.0,573532000.0,0.606,2374482000.0,0.0,1054871000.0,,300780000.0,263697000.0,263697000.0,0.0,957031000.0,630972000.0,326059000.0,29645027064.0,-19169000.0,0.0,-187629000.0,-393000.0,0.0,-188022000.0,46779000.0,57073000.0,123396000.0,-1322000.0,261485000.0,261485000.0,261485000.0,0.0,0.0,0.276,262071000.0,311461000.0,267735000.0,0.0,8.015,28.548,29.187,241232000.0,0.0,54.58,7.597,7.592,596661000.0,4176130000.0,945991000.0,945991000.0,0.0,,,,,15324000.0,262071000.0,1.0,543148169.0,542768000,548273000.0,1.743,2281369000.0,149348000.0,52718000.0,6113000.0,4.203,1276328000.0
10,MNST,MRQ,2018-12-31,2018-12-31,2018-12-31,2021-08-09,-32864000.0,4526891000.0,,1804170000.0,2722721000.0,,6.562,-24777000.0,637513000.0,637513000.0,372028000.0,239107000.0,3.001,0.254,2621000.0,0.0,2621000.0,2621000.0,356269000.0,14510000.0,0.0,0.0,0.0,310895000.0,325405000.0,0.352,325405000.0,310895000.0,310895000.0,0.43,0.43,0.43,3610901000.0,,3610901000.0,26505871535.0,20.0,19.63,315744000.0,0.574,1.0,552202000.0,0.597,2377521000.0,0.0,913333000.0,,277705000.0,320650000.0,320650000.0,0.0,915990000.0,601145000.0,314845000.0,27216862535.0,-76201000.0,0.0,-533557000.0,-404000.0,0.0,-533961000.0,118808000.0,138999000.0,340521000.0,-1569000.0,239107000.0,239107000.0,239107000.0,0.0,0.0,0.259,245691000.0,306511000.0,248760000.0,0.0,7.537,27.409,27.652,243051000.0,0.0,49.22,7.149,7.203,484562000.0,3914645000.0,924230000.0,924230000.0,0.0,,,,,14675000.0,245691000.0,1.0,552963481.0,550248000,556643000.0,1.68,2149370000.0,124518000.0,71788000.0,10189000.0,3.906,1203025000.0
11,MNST,MRQ,2018-09-30,2018-09-30,2018-09-30,2021-08-09,-29777000.0,4871359000.0,,2152671000.0,2718688000.0,,7.044,-14824000.0,713714000.0,713714000.0,408501000.0,267733000.0,3.28,0.251,2723000.0,0.0,2723000.0,2723000.0,363239000.0,14284000.0,0.0,0.0,0.0,342561000.0,356845000.0,0.351,356845000.0,342561000.0,342561000.0,0.48,0.48,0.48,3893267000.0,,3893267000.0,31543800016.0,25.0,24.144,305236000.0,0.552,1.0,607659000.0,0.598,2373891000.0,0.0,1130115000.0,,262084000.0,459508000.0,457898000.0,1610000.0,978092000.0,656362000.0,321730000.0,32201048016.0,54027000.0,0.0,10865000.0,-510000.0,0.0,10355000.0,-272030000.0,-248532000.0,320060000.0,-4358000.0,267733000.0,267733000.0,267733000.0,0.0,0.0,0.263,268086000.0,339573000.0,278914000.0,0.0,8.271,33.711,34.282,242854000.0,0.0,58.28,8.719,8.721,620162000.0,3675538000.0,1016160000.0,1016160000.0,0.0,,,,,14091000.0,268086000.0,1.0,552523130.0,552694000,559955000.0,1.839,2497468000.0,126467000.0,74828000.0,6453000.0,4.519,1496309000.0
12,MNST,MRQ,2018-06-30,2018-06-30,2018-06-30,2021-08-09,-25196000.0,4542070000.0,,1828679000.0,2713391000.0,,6.439,-21377000.0,659687000.0,659687000.0,395615000.0,270116000.0,2.977,0.26,2439000.0,0.0,2439000.0,2439000.0,364147000.0,14194000.0,0.0,0.0,0.0,358097000.0,372291000.0,0.366,372291000.0,358097000.0,358097000.0,0.48,0.48,0.48,3605160000.0,,3605160000.0,31732512088.0,26.0,24.727,331012000.0,0.591,1.0,620258000.0,0.611,2371044000.0,0.0,899566000.0,,275566000.0,211093000.0,211093000.0,0.0,936910000.0,614212000.0,322698000.0,32241669088.0,148327000.0,0.0,-546084000.0,-429000.0,0.0,-546513000.0,350304000.0,378138000.0,352389000.0,-7853000.0,270116000.0,270116000.0,270116000.0,0.0,0.0,0.266,262637000.0,357621000.0,267117000.0,0.0,8.943,35.578,35.59,240658000.0,0.0,57.3,8.989,8.944,592568000.0,3407806000.0,1015873000.0,1015873000.0,0.0,,,,,14906000.0,262637000.0,1.0,562681834.0,559867000,566352000.0,1.814,2171026000.0,117698000.0,87981000.0,15978000.0,3.878,1214467000.0
13,MNST,MRQ,2018-03-31,2018-03-31,2018-03-31,2021-08-09,-13721000.0,4740132000.0,,2038548000.0,2701584000.0,,6.847,-9652000.0,511360000.0,511360000.0,335664000.0,216050000.0,3.817,0.223,2203000.0,0.0,2203000.0,2203000.0,372625000.0,13991000.0,0.0,0.0,0.0,281720000.0,295711000.0,0.348,295711000.0,281720000.0,281720000.0,0.38,0.38,0.38,3875607000.0,,3875607000.0,31876374213.0,26.0,25.097,139259000.0,0.246,1.0,515257000.0,0.606,2368304000.0,0.0,1328649000.0,,268607000.0,588719000.0,585222000.0,3497000.0,864525000.0,534022000.0,330503000.0,32403901213.0,-17262000.0,0.0,-245449000.0,-543000.0,0.0,-245992000.0,75874000.0,86795000.0,148911000.0,3945000.0,216050000.0,216050000.0,216050000.0,0.0,0.0,0.254,235342000.0,279915000.0,226063000.0,0.0,8.361,37.734,37.638,231199000.0,0.0,57.21,9.317,9.311,525463000.0,3137691000.0,850921000.0,850921000.0,0.0,,,,,13439000.0,235342000.0,1.0,566402748.0,566000000,574129000.0,1.503,2371828000.0,172005000.0,65670000.0,9758000.0,4.191,1504526000.0
14,MNST,MRQ,2017-12-31,2017-12-31,2017-12-31,2021-08-09,-16659000.0,4791012000.0,,2086377000.0,2704635000.0,,6.901,-24829000.0,528622000.0,528622000.0,306745000.0,201322000.0,3.723,0.23,1095000.0,0.0,1095000.0,1095000.0,377590000.0,13783000.0,0.0,0.0,0.0,267845000.0,281628000.0,0.348,281628000.0,267845000.0,267845000.0,0.36,0.35,0.36,3895212000.0,,3895212000.0,35228497257.0,29.0,28.171,172845000.0,0.306,1.0,503610000.0,0.621,2365728000.0,0.0,1337406000.0,,255745000.0,675299000.0,672933000.0,2366000.0,895800000.0,560351000.0,335449000.0,35693237257.0,63063000.0,0.0,-86155000.0,-705000.0,0.0,-86860000.0,-48136000.0,-28461000.0,197674000.0,385000.0,201322000.0,201322000.0,201322000.0,0.0,0.0,0.248,236498000.0,267112000.0,245910000.0,0.0,9.163,43.492,43.648,230276000.0,0.0,63.29,10.594,10.647,449476000.0,2928226000.0,810355000.0,810355000.0,0.0,,,,,13017000.0,236498000.0,1.0,563963300.0,564478000,574672000.0,1.436,2425284000.0,231057000.0,66523000.0,10645000.0,4.297,1526026000.0
15,MNST,MRQ,2017-09-30,2017-09-30,2017-09-30,2021-08-09,-15533000.0,4708906000.0,,1934297000.0,2774609000.0,,6.635,-27139000.0,465559000.0,465559000.0,339767000.0,218744000.0,3.236,0.25,819000.0,0.0,819000.0,819000.0,385815000.0,12329000.0,0.0,0.0,0.0,321368000.0,333697000.0,0.367,333697000.0,321368000.0,321368000.0,0.39,0.38,0.39,3768154000.0,,3768154000.0,30613687886.0,26.0,24.959,229696000.0,0.404,1.0,569709000.0,0.626,2365124000.0,0.0,1281358000.0,,213341000.0,637351000.0,630348000.0,7003000.0,940752000.0,597684000.0,343068000.0,31391342886.0,-312096000.0,0.0,-241188000.0,-544000.0,0.0,-241732000.0,-328725000.0,-295839000.0,256835000.0,1526000.0,218744000.0,218744000.0,218744000.0,0.0,0.0,0.241,252337000.0,317372000.0,229551000.0,0.0,8.331,39.62,39.748,225421000.0,0.0,55.25,9.477,9.472,535336000.0,2726904000.0,909476000.0,909476000.0,0.0,,,,,13282000.0,252337000.0,1.0,568169102.0,567878000,578368000.0,1.602,2343782000.0,202357000.0,102624000.0,10156000.0,4.127,1336613000.0
16,MNST,MRQ,2017-06-30,2017-06-30,2017-06-30,2021-08-09,-16833000.0,4684131000.0,,1880079000.0,2804052000.0,,6.649,-21103000.0,777655000.0,777655000.0,323571000.0,222633000.0,3.35,0.24,0.0,0.0,0.0,0.0,390889000.0,11592000.0,0.0,0.0,0.0,347490000.0,359082000.0,0.396,359082000.0,347490000.0,347490000.0,0.39,0.39,0.39,3776017000.0,,3776017000.0,27632553721.0,24.0,23.167,319155000.0,0.562,1.0,583497000.0,0.643,2364517000.0,0.0,980788000.0,,190600000.0,372490000.0,323851000.0,48639000.0,908114000.0,561171000.0,346943000.0,28208890721.0,201318000.0,0.0,5234000.0,-634000.0,0.0,4600000.0,-148378000.0,-127569000.0,340258000.0,4838000.0,222633000.0,222633000.0,222633000.0,0.0,0.0,0.245,233456000.0,350041000.0,242667000.0,0.0,7.471,36.865,37.075,211555000.0,0.0,49.68,8.84,8.842,537082000.0,2508161000.0,907068000.0,907068000.0,0.0,,,,,12841000.0,233456000.0,1.0,567811810.0,567910000,578020000.0,1.597,2319614000.0,165231000.0,124857000.0,8951000.0,4.084,1318908000.0
17,MNST,MRQ,2017-03-31,2017-03-31,2017-03-31,2021-08-09,-21917000.0,4349747000.0,,1616816000.0,2732931000.0,,6.176,-18641000.0,576337000.0,576337000.0,261272000.0,177980000.0,3.441,0.232,0.0,0.0,0.0,0.0,392322000.0,11183000.0,0.0,0.0,0.0,264920000.0,276103000.0,0.372,276103000.0,264920000.0,264920000.0,0.31,0.31,0.31,3530226000.0,,3530226000.0,25783233066.0,24.0,22.771,174323000.0,0.305,1.0,480874000.0,0.648,2364529000.0,0.0,939057000.0,,171290000.0,209843000.0,209366000.0,477000.0,819521000.0,469824000.0,349697000.0,26160815066.0,198755000.0,0.0,13557000.0,-700000.0,0.0,12857000.0,-6302000.0,13239000.0,192964000.0,-764000.0,177980000.0,177980000.0,177980000.0,0.0,0.0,0.24,216612000.0,264262000.0,178093000.0,0.0,7.411,35.995,36.643,189631000.0,0.0,46.17,8.408,8.482,571977000.0,2285528000.0,742146000.0,742146000.0,0.0,,,,,13142000.0,216612000.0,1.0,566619343.0,571578000,582032000.0,1.298,1985218000.0,199882000.0,86940000.0,8749000.0,3.473,1146992000.0
18,MNST,MRQ,2016-12-31,2016-12-31,2016-12-31,2021-08-09,-23249000.0,4153471000.0,,1432270000.0,2721201000.0,,5.854,-37708000.0,377582000.0,377582000.0,255652000.0,172947000.0,3.044,0.247,0.0,0.0,0.0,0.0,394845000.0,10971000.0,0.0,0.0,0.0,246726000.0,257697000.0,0.342,257697000.0,246726000.0,246726000.0,0.3,0.3,0.3,3329709000.0,,3329709000.0,24975490336.0,23.0,22.289,242945000.0,0.427,1.0,498113000.0,0.661,2364278000.0,0.0,941022000.0,,161971000.0,222948000.0,220554000.0,2394000.0,823762000.0,470589000.0,353173000.0,25317016336.0,36056000.0,0.0,-244206000.0,-628000.0,0.0,-244834000.0,10526000.0,44028000.0,280653000.0,-10289000.0,172947000.0,172947000.0,172947000.0,0.0,0.0,0.229,246385000.0,251728000.0,193270000.0,0.0,7.603,35.523,36.645,173343000.0,0.0,44.34,8.302,8.548,573051000.0,2107548000.0,753765000.0,753765000.0,0.0,,,,,12113000.0,246385000.0,1.0,570974658.0,568839000,580439000.0,1.325,1789193000.0,226106000.0,73779000.0,7657000.0,3.145,961681000.0
19,MNST,MRQ,2016-09-30,2016-09-30,2016-09-30,2021-08-09,-14534000.0,4236431000.0,,1550024000.0,2686407000.0,,5.95,-49550000.0,341526000.0,341526000.0,284979000.0,191643000.0,3.279,0.247,0.0,0.0,0.0,0.0,399796000.0,10545000.0,0.0,0.0,0.0,289338000.0,299883000.0,0.381,299883000.0,289338000.0,289338000.0,0.34,0.33,0.34,3398400000.0,,3398400000.0,27511498421.0,26.0,25.05,123597000.0,0.216,1.0,502975000.0,0.638,2364456000.0,0.0,1057807000.0,,167840000.0,267172000.0,257653000.0,9519000.0,838031000.0,472642000.0,365389000.0,27946267421.0,-93243000.0,0.0,2261000.0,-632000.0,0.0,1629000.0,-269344000.0,-222853000.0,173147000.0,1325000.0,191643000.0,191643000.0,191643000.0,0.0,0.0,0.243,212600000.0,290375000.0,172159000.0,0.0,8.223,41.189,42.554,144625000.0,0.0,48.937,9.502,9.503,592348000.0,1934601000.0,787954000.0,787954000.0,0.0,,,,,12145000.0,212600000.0,1.0,571070106.0,571137000,583293000.0,1.38,1871975000.0,297757000.0,97695000.0,5835000.0,3.278,1077382000.0
20,MNST,MRQ,2016-06-30,2016-06-30,2016-06-30,2021-08-09,-14477000.0,4038056000.0,,1292825000.0,2745231000.0,,5.295,-9448000.0,434769000.0,434769000.0,309674000.0,184219000.0,2.599,0.265,0.0,0.0,0.0,0.0,381342000.0,10305000.0,0.0,0.0,0.0,288301000.0,298606000.0,0.361,298606000.0,288301000.0,288301000.0,0.31,0.3,0.31,3192411000.0,,3192411000.0,30102877049.0,28.0,27.408,128548000.0,0.213,1.0,517814000.0,0.626,2365794000.0,0.0,740137000.0,,174401000.0,44319000.0,44319000.0,0.0,845645000.0,497356000.0,348289000.0,32630986049.0,-2093340000.0,-688485000.0,-1996149000.0,-577000.0,0.0,-1996726000.0,-231647000.0,471344000.0,137996000.0,-2963000.0,184219000.0,184219000.0,184219000.0,0.0,0.0,0.223,229291000.0,288523000.0,183084000.0,0.0,10.221,49.335,49.012,102562000.0,0.0,53.57,11.214,11.1,590708000.0,1742960000.0,827488000.0,827488000.0,0.0,,,,,11528000.0,229291000.0,1.0,609127983.0,602937000,614904000.0,1.372,1672262000.0,281866000.0,104082000.0,5651000.0,2.774,795469000.0
21,MNST,MRQ,2016-03-31,2016-03-31,2016-03-31,2021-08-09,-15443000.0,5883484000.0,,3792872000.0,2090612000.0,,8.199,-7824000.0,2528109000.0,2528109000.0,257088000.0,163877000.0,7.015,0.179,0.0,0.0,0.0,0.0,387209000.0,9024000.0,0.0,0.0,0.0,255321000.0,264345000.0,0.389,264345000.0,255321000.0,255321000.0,0.27,0.26,0.27,4991846000.0,,4991846000.0,24890030859.0,22.0,21.244,101735000.0,0.167,1.0,423098000.0,0.622,1708293000.0,0.0,1106427000.0,,165929000.0,515662000.0,508243000.0,7419000.0,891638000.0,540655000.0,350983000.0,27065447859.0,352692000.0,0.0,2062000.0,-522000.0,0.0,1540000.0,234272000.0,244296000.0,109559000.0,7321000.0,163877000.0,163877000.0,163877000.0,0.0,0.0,0.241,168385000.0,254713000.0,183216000.0,0.0,5.422,38.326,36.653,99257000.0,0.0,44.46,9.75,9.751,541704000.0,1558740000.0,680186000.0,680186000.0,0.0,,,,,10062000.0,168385000.0,1.0,608759511.0,608838000,620724000.0,1.117,4175191000.0,273726000.0,91444000.0,71750000.0,6.858,3252217000.0
22,MNST,MRQ,2015-12-31,2015-12-31,2015-12-31,2021-08-09,-21878000.0,5571277000.0,,3599532000.0,1971745000.0,,7.898,-16424000.0,2175417000.0,2175417000.0,242072000.0,138742000.0,8.773,0.158,0.0,0.0,0.0,0.0,383861000.0,9103000.0,0.0,0.0,0.0,226343000.0,235446000.0,0.365,235446000.0,226343000.0,229487000.0,0.23,0.227,0.23,4809410000.0,,4809410000.0,28956820791.0,32.0,31.393,154565000.0,0.254,1.0,403361000.0,0.625,1707701000.0,-3144000.0,1277882000.0,,156121000.0,759958000.0,744610000.0,15348000.0,761867000.0,410277000.0,351590000.0,30197537791.0,934700000.0,0.0,-43383000.0,-276000.0,0.0,-43659000.0,808724000.0,819155000.0,170989000.0,-1354000.0,138742000.0,138742000.0,138742000.0,0.0,0.0,0.215,174913000.0,228448000.0,144763000.0,0.0,6.279,55.233,51.189,97354000.0,0.0,49.653,11.092,10.331,477955000.0,1394863000.0,645433000.0,645433000.0,0.0,,,,,9030000.0,174913000.0,1.0,608167383.0,608910000,617853000.0,1.06,3863576000.0,158930000.0,90745000.0,2750000.0,6.345,3189255000.0
23,MNST,MRQ,2015-09-30,2015-09-30,2015-09-30,2021-08-09,-20851000.0,5603738000.0,,3750647000.0,1853091000.0,,7.567,-9477000.0,1240717000.0,1240717000.0,291143000.0,174574000.0,7.433,0.204,0.0,0.0,0.0,0.0,386541000.0,8508000.0,0.0,0.0,0.0,291438000.0,299946000.0,0.396,299946000.0,291438000.0,288076000.0,0.283,0.28,0.283,4654557000.0,,4654557000.0,26074767966.0,30.0,29.442,181461000.0,0.295,1.0,465476000.0,0.615,1715978000.0,3362000.0,2142437000.0,,159691000.0,1579065000.0,1544710000.0,34355000.0,949181000.0,504606000.0,444575000.0,27771062966.0,-455578000.0,0.0,-344826000.0,-277000.0,0.0,-345103000.0,-302791000.0,-291703000.0,190938000.0,1378000.0,174574000.0,174574000.0,174574000.0,0.0,0.0,0.231,174038000.0,291438000.0,238106000.0,0.0,5.966,52.072,46.44,94727000.0,0.0,45.047,10.352,10.329,533485000.0,1256121000.0,756619000.0,756619000.0,0.0,,,,,8852000.0,174038000.0,1.0,616495404.0,615153000,624282000.0,1.23,3887760000.0,246302000.0,113502000.0,104256000.0,6.32,3246041000.0
24,MNST,MRQ,2015-06-30,2015-06-30,2015-06-30,2021-08-09,-19073000.0,5791581000.0,,3922379000.0,1869202000.0,,9.144,-11081000.0,1696295000.0,1696295000.0,299214000.0,229004000.0,7.973,0.193,0.0,0.0,0.0,0.0,381796000.0,6779000.0,0.0,0.0,0.0,365124000.0,371903000.0,0.536,371903000.0,365124000.0,365124000.0,0.43,0.42,0.43,4854820000.0,,4854820000.0,22443537657.0,30.0,28.749,46791000.0,0.088,1.0,394508000.0,0.569,1715943000.0,0.0,1887416000.0,,180892000.0,1287222000.0,1234858000.0,52364000.0,936761000.0,491927000.0,444834000.0,22806324657.0,1333508000.0,198008000.0,1509166000.0,-334000.0,0.0,1508832000.0,-235507000.0,-598637000.0,57872000.0,2311000.0,229004000.0,229004000.0,229004000.0,0.0,0.0,0.33,189839000.0,204669000.0,194731000.0,0.0,4.698,47.479,48.036,92538000.0,0.0,44.673,8.902,9.258,498335000.0,1081547000.0,693722000.0,693722000.0,0.0,,,,,8483000.0,189839000.0,1.0,510513162.0,530955000,544251000.0,1.307,4075638000.0,289371000.0,136120000.0,100908000.0,7.676,3430452000.0
25,MNST,MRQ,2015-03-31,2015-03-31,2015-03-31,2021-08-09,-21433000.0,2084946000.0,,1841895000.0,243051000.0,,2.881,-4585000.0,362787000.0,362787000.0,257834000.0,4414000.0,3.353,0.42,0.0,0.0,0.0,0.0,77889000.0,6470000.0,0.0,0.0,0.0,8862000.0,15332000.0,0.024,15332000.0,8862000.0,8862000.0,0.01,0.01,0.01,1468354000.0,,1468354000.0,23159085883.0,38.0,36.685,98339000.0,0.193,1.0,368957000.0,0.589,70379000.0,0.0,1102493000.0,,197914000.0,688524000.0,647284000.0,41240000.0,616592000.0,549287000.0,67305000.0,23529408883.0,-7536000.0,0.0,-232263000.0,-196000.0,0.0,-232459000.0,129640000.0,135550000.0,102924000.0,-7641000.0,4414000.0,4414000.0,4414000.0,0.0,0.0,0.007,361328000.0,7629000.0,167789000.0,0.0,16.024,59.971,59.143,88296000.0,0.0,46.132,9.207,9.199,344055000.0,2334924000.0,626791000.0,626791000.0,0.0,,,,,6354000.0,361328000.0,1.0,510048966.0,509613000,521334000.0,1.23,2014567000.0,300708000.0,4448000.0,1586000.0,3.953,1292608000.0
26,MNST,MRQ,2014-12-31,2014-12-31,2014-12-31,2021-08-09,-11453000.0,1938875000.0,,1653154000.0,285721000.0,,3.012,-11845000.0,370323000.0,370323000.0,273783000.0,125331000.0,4.647,0.28,0.0,0.0,0.0,0.0,117935000.0,6527000.0,0.0,0.0,0.0,191911000.0,198438000.0,0.328,198438000.0,191911000.0,191911000.0,0.247,0.233,0.247,1515150000.0,,1515150000.0,17755245632.0,24.0,23.016,178597000.0,0.355,1.0,331783000.0,0.548,68827000.0,0.0,1144009000.0,,174573000.0,824074000.0,781134000.0,42940000.0,423725000.0,355716000.0,68009000.0,18163568632.0,-38000000.0,0.0,2069000.0,-303000.0,0.0,-9775000.0,-217421000.0,-207544000.0,190442000.0,-1246000.0,125331000.0,125331000.0,125331000.0,0.0,0.0,0.207,138862000.0,192921000.0,127641000.0,0.0,11.988,37.591,37.622,90156000.0,0.0,36.117,7.369,7.352,280755000.0,2330510000.0,605566000.0,605566000.0,0.0,,,,,17584000.0,138862000.0,1.0,502913760.0,503040000,525276000.0,1.204,1870048000.0,102998000.0,66580000.0,5848000.0,3.717,1297438000.0
27,MNST,MRQ,2014-09-30,2014-09-30,2014-09-30,2021-08-09,-6337000.0,1862878000.0,,1617479000.0,245399000.0,,2.762,-3791000.0,408323000.0,408323000.0,294052000.0,121600000.0,4.364,0.344,0.0,0.0,0.0,0.0,120162000.0,6129000.0,0.0,0.0,0.0,188869000.0,194998000.0,0.307,194998000.0,188869000.0,188869000.0,0.243,0.233,0.243,1386440000.0,,1386440000.0,14952005646.0,22.0,21.028,144281000.0,0.287,1.0,341920000.0,0.538,67179000.0,0.0,1016765000.0,,205449000.0,616460000.0,588041000.0,28419000.0,476438000.0,370611000.0,105827000.0,15325056646.0,35272000.0,0.0,-733000.0,-343000.0,0.0,7162000.0,-114964000.0,-110161000.0,148072000.0,-4998000.0,121600000.0,121600000.0,121600000.0,0.0,0.0,0.191,152013000.0,189907000.0,145373000.0,0.0,11.054,35.315,35.407,88487000.0,0.0,30.557,6.385,6.392,333165000.0,2205179000.0,635972000.0,635972000.0,0.0,,,,,-818000.0,152013000.0,1.0,501529071.0,502038000,522810000.0,1.267,1795699000.0,110480000.0,67269000.0,2697000.0,3.577,1246868000.0
28,MNST,MRQ,2014-06-30,2014-06-30,2014-06-30,2021-08-09,-621000.0,1769019000.0,,1487353000.0,281666000.0,,2.505,-5130000.0,373051000.0,373051000.0,307911000.0,141003000.0,3.674,0.409,0.0,0.0,0.0,0.0,122864000.0,6542000.0,0.0,0.0,0.0,215991000.0,222533000.0,0.324,222533000.0,215991000.0,215991000.0,0.28,0.27,0.28,1255631000.0,,1255631000.0,11555487296.0,18.0,17.173,117445000.0,0.234,1.0,379288000.0,0.552,66351000.0,0.0,924776000.0,,207908000.0,505651000.0,453969000.0,51682000.0,513388000.0,404841000.0,108547000.0,11867507296.0,61031000.0,0.0,1949000.0,-353000.0,0.0,2297000.0,-64074000.0,-58570000.0,122575000.0,233000.0,141003000.0,141003000.0,141003000.0,0.0,0.0,0.205,163475000.0,215813000.0,155776000.0,0.0,9.451,29.335,29.485,91218000.0,0.0,23.677,5.04,5.041,398792000.0,2083579000.0,687199000.0,687199000.0,0.0,,,,,7402000.0,163475000.0,1.0,501232182.0,501294000,521892000.0,1.371,1702668000.0,91482000.0,74988000.0,12839000.0,3.397,1082512000.0
29,MNST,MRQ,2014-03-31,2014-03-31,2014-03-31,2021-08-09,-1131000.0,1593583000.0,,1355213000.0,238370000.0,,2.202,-9634000.0,312020000.0,312020000.0,249311000.0,95250000.0,3.563,0.445,0.0,0.0,0.0,0.0,124525000.0,6453000.0,0.0,0.0,0.0,149017000.0,155470000.0,0.29,155470000.0,149017000.0,149017000.0,0.19,0.183,0.19,1102726000.0,,1102726000.0,11378270040.0,19.0,18.013,126768000.0,0.253,1.0,286818000.0,0.535,65525000.0,0.0,835672000.0,,204061000.0,447063000.0,438932000.0,8131000.0,490857000.0,380366000.0,110491000.0,11589619040.0,100671000.0,0.0,5708000.0,-620000.0,0.0,7690000.0,-43944000.0,-34958000.0,136402000.0,523000.0,95250000.0,95250000.0,95250000.0,0.0,0.0,0.178,137955000.0,148863000.0,125581000.0,0.0,10.51,31.288,31.411,91733000.0,0.0,23.15,5.043,5.044,345786000.0,1942575000.0,536129000.0,536129000.0,0.0,,,,,4384000.0,137955000.0,1.0,500631492.0,500739000,521223000.0,1.071,1528058000.0,89375000.0,53767000.0,45900000.0,3.052,974847000.0
30,MNST,MRQ,2013-12-31,2013-12-31,2013-12-31,2021-08-09,-1233000.0,1420509000.0,,1183043000.0,237466000.0,,1.977,-19065000.0,211349000.0,211349000.0,263688000.0,76106000.0,3.744,0.432,0.0,0.0,0.0,0.0,126048000.0,6318000.0,0.0,0.0,0.0,131743000.0,138061000.0,0.255,138061000.0,131743000.0,131743000.0,0.15,0.147,0.15,992279000.0,,992279000.0,11076193493.0,20.0,18.88,47134000.0,0.094,1.0,277161000.0,0.512,65774000.0,0.0,827372000.0,,221449000.0,412039000.0,402247000.0,9792000.0,428230000.0,316014000.0,112216000.0,11363212493.0,-75670000.0,0.0,-51144000.0,-565000.0,0.0,-51611000.0,-93111000.0,-86263000.0,66199000.0,2853000.0,76106000.0,76106000.0,76106000.0,0.0,0.0,0.141,142405000.0,134756000.0,119376000.0,0.0,11.452,33.553,33.368,88143000.0,0.0,22.59,5.058,5.028,296180000.0,1847325000.0,540849000.0,540849000.0,0.0,,,,,7074000.0,142405000.0,1.0,503019588.0,501801000,520548000.0,1.078,1354735000.0,94053000.0,55637000.0,9359000.0,2.7,867029000.0
31,MNST,MRQ,2013-09-30,2013-09-30,2013-09-30,2021-08-09,-1134000.0,1511867000.0,,1278457000.0,233410000.0,,1.912,-10018000.0,287019000.0,287019000.0,282952000.0,92187000.0,2.917,0.574,0.0,0.0,0.0,0.0,127906000.0,6107000.0,0.0,0.0,0.0,150723000.0,156830000.0,0.266,156830000.0,150723000.0,150723000.0,0.183,0.177,0.183,960391000.0,,960391000.0,8463003332.0,16.0,14.965,166096000.0,0.331,1.0,307470000.0,0.521,63613000.0,0.0,722963000.0,,247368000.0,325297000.0,315572000.0,9725000.0,551476000.0,438272000.0,113204000.0,8746842332.0,3180000.0,0.0,1905000.0,-528000.0,0.0,2744000.0,-176117000.0,-159161000.0,176114000.0,439000.0,92187000.0,92187000.0,92187000.0,0.0,0.0,0.156,156041000.0,151429000.0,162851000.0,0.0,9.108,26.462,26.389,88495000.0,0.0,17.417,4.018,4.019,343205000.0,1771219000.0,590422000.0,590422000.0,0.0,,,,,5833000.0,156041000.0,1.0,502211043.0,502371000,521844000.0,1.175,1448254000.0,116901000.0,58536000.0,53577000.0,2.883,840185000.0
32,MNST,MRQ,2013-06-30,2013-06-30,2013-06-30,2021-08-09,-2984000.0,1317842000.0,,1093822000.0,224020000.0,,1.714,-5118000.0,283839000.0,283839000.0,294672000.0,106873000.0,3.16,0.539,0.0,0.0,0.0,0.0,129858000.0,5277000.0,0.0,0.0,0.0,176025000.0,181302000.0,0.287,181302000.0,176025000.0,176025000.0,0.213,0.207,0.213,856021000.0,,856021000.0,9853045441.0,18.0,17.751,48709000.0,0.098,1.0,336262000.0,0.533,59725000.0,0.0,628104000.0,,233549000.0,160150000.0,148197000.0,11953000.0,461821000.0,346174000.0,115647000.0,10095578441.0,41306000.0,0.0,13872000.0,-498000.0,0.0,42081000.0,-55165000.0,-43989000.0,53827000.0,563000.0,106873000.0,106873000.0,106873000.0,0.0,0.0,0.169,156835000.0,179427000.0,144365000.0,0.0,11.794,31.112,31.682,83529000.0,0.0,20.277,4.743,4.757,348197000.0,1679033000.0,630934000.0,630934000.0,0.0,,,,,-21274000.0,156835000.0,1.0,497891424.0,499341000,520050000.0,1.264,1258117000.0,116093000.0,69152000.0,9558000.0,2.52,747648000.0
33,MNST,MRQ,2013-03-31,2013-03-31,2013-03-31,2021-08-09,-543000.0,1147372000.0,,936699000.0,210673000.0,,1.412,-8714000.0,242533000.0,242533000.0,232184000.0,63496000.0,2.84,0.636,0.0,0.0,0.0,0.0,129314000.0,5060000.0,0.0,0.0,0.0,105404000.0,110464000.0,0.228,110464000.0,105404000.0,105404000.0,0.127,0.123,0.127,701371000.0,,701371000.0,7680645356.0,15.0,14.001,37179000.0,0.075,1.0,252039000.0,0.521,57999000.0,0.0,517074000.0,,215337000.0,115770000.0,102139000.0,13631000.0,446001000.0,329766000.0,116235000.0,7903159356.0,20019000.0,0.0,-10980000.0,-296000.0,0.0,-11100000.0,-15415000.0,-3120000.0,45893000.0,641000.0,63496000.0,63496000.0,63496000.0,0.0,0.0,0.131,144733000.0,107306000.0,135477000.0,0.0,11.268,24.138,25.14,74596000.0,0.0,15.913,3.781,3.78,317655000.0,1572160000.0,484223000.0,484223000.0,0.0,,,,,6783000.0,144733000.0,1.0,496637580.0,496575000,517677000.0,0.975,1089373000.0,84263000.0,41908000.0,14520000.0,2.194,606933000.0
34,MNST,MRQ,2012-12-31,2012-12-31,2012-12-31,2021-08-09,2074000.0,1043325000.0,,835068000.0,208257000.0,,1.272,-18883000.0,222514000.0,222514000.0,227629000.0,67983000.0,2.894,0.619,0.0,0.0,0.0,0.0,123078000.0,5334000.0,0.0,0.0,0.0,111572000.0,116906000.0,0.248,116906000.0,111572000.0,111572000.0,0.137,0.13,0.137,644397000.0,,644397000.0,8772129350.0,16.0,15.397,50744000.0,0.1,1.0,243888000.0,0.517,54648000.0,0.0,477618000.0,,203106000.0,118435000.0,97042000.0,21393000.0,398928000.0,288545000.0,110383000.0,9055183350.0,-60540000.0,0.0,-338247000.0,-454000.0,0.0,-323340000.0,192897000.0,211788000.0,69627000.0,276000.0,67983000.0,67983000.0,67983000.0,0.0,0.0,0.144,130007000.0,113881000.0,127330000.0,0.0,14.052,26.631,26.973,69137000.0,0.0,17.613,4.394,4.454,236710000.0,1508664000.0,471517000.0,471517000.0,0.0,,,,,-8529000.0,130007000.0,1.0,514109577.0,506421000,528711000.0,0.931,988677000.0,110216000.0,43589000.0,5470000.0,1.952,546523000.0
35,MNST,MRQ,2012-09-30,2012-09-30,2012-09-30,2021-08-09,905000.0,1318922000.0,,1128937000.0,189985000.0,,1.694,-7908000.0,283054000.0,283054000.0,268348000.0,86142000.0,3.561,0.482,0.0,0.0,0.0,0.0,124569000.0,5159000.0,0.0,0.0,0.0,141238000.0,146397000.0,0.27,146397000.0,141238000.0,141238000.0,0.163,0.157,0.163,889675000.0,,889675000.0,9118583226.0,17.0,16.219,100072000.0,0.191,1.0,273592000.0,0.505,52851000.0,0.0,665979000.0,,193934000.0,327536000.0,307654000.0,19882000.0,429247000.0,317038000.0,112209000.0,9537750226.0,-136113000.0,0.0,-384845000.0,-531000.0,0.0,-384003000.0,136499000.0,144507000.0,107980000.0,3411000.0,86142000.0,86142000.0,86142000.0,0.0,0.0,0.159,132907000.0,140685000.0,152449000.0,0.0,10.72,28.338,28.156,57574000.0,0.0,18.02,4.771,4.733,289253000.0,1440681000.0,541940000.0,541940000.0,0.0,,,,,6577000.0,132907000.0,1.0,529286916.0,525078000,551697000.0,1.032,1266071000.0,90857000.0,55096000.0,2833000.0,2.411,811899000.0
36,MNST,MRQ,2012-06-30,2012-06-30,2012-06-30,2021-08-09,-1820000.0,1601517000.0,,1414257000.0,187260000.0,,2.247,-7030000.0,419167000.0,419167000.0,285632000.0,109795000.0,4.717,0.348,0.0,0.0,0.0,0.0,125818000.0,5113000.0,0.0,0.0,0.0,169713000.0,174826000.0,0.295,174826000.0,169713000.0,169713000.0,0.207,0.197,0.207,1187929000.0,,1187929000.0,12154560564.0,23.0,22.038,66269000.0,0.125,1.0,307008000.0,0.518,50875000.0,0.0,831643000.0,,199053000.0,471936000.0,451063000.0,20873000.0,413588000.0,299832000.0,113756000.0,12545998564.0,27729000.0,0.0,3715000.0,-481000.0,0.0,5664000.0,-37533000.0,-30686000.0,73299000.0,-13701000.0,109795000.0,109795000.0,109795000.0,0.0,0.0,0.185,137235000.0,169773000.0,157212000.0,0.0,10.561,37.696,37.493,55944000.0,0.0,23.733,6.494,6.493,306393000.0,1354539000.0,592640000.0,592640000.0,0.0,,,,,4630000.0,137235000.0,1.0,528623535.0,528558000,558852000.0,1.121,1550642000.0,75169000.0,59918000.0,3068000.0,2.934,1114425000.0
37,MNST,MRQ,2012-03-31,2012-03-31,2012-03-31,2021-08-09,908000.0,1470745000.0,,1284463000.0,186282000.0,,2.035,-15127000.0,391438000.0,391438000.0,213436000.0,76099000.0,4.458,0.378,0.0,0.0,0.0,0.0,127051000.0,4956000.0,0.0,0.0,0.0,126631000.0,131587000.0,0.289,131587000.0,126631000.0,126631000.0,0.147,0.137,0.147,1067328000.0,,1067328000.0,10463536045.0,21.0,20.375,21643000.0,0.041,1.0,241169000.0,0.531,49132000.0,0.0,742058000.0,,179127000.0,441452000.0,419588000.0,21864000.0,403417000.0,288117000.0,115300000.0,10822867045.0,32107000.0,0.0,2722000.0,-610000.0,0.0,2604000.0,-20014000.0,-5189000.0,36770000.0,12747000.0,76099000.0,76099000.0,76099000.0,0.0,0.0,0.167,114884000.0,126285000.0,134035000.0,0.0,10.14,35.222,35.258,55689000.0,0.0,20.697,6.008,6.026,256424000.0,1244743000.0,454605000.0,454605000.0,0.0,,,,,6079000.0,114884000.0,1.0,522928026.0,524496000,555786000.0,0.867,1421613000.0,74235000.0,50532000.0,36302000.0,2.71,996346000.0
38,MNST,MRQ,2011-12-31,2011-12-31,2011-12-31,2021-08-09,-1547000.0,1362399000.0,,1182677000.0,179722000.0,,1.875,-6398000.0,359331000.0,359331000.0,195713000.0,64536000.0,4.445,0.391,0.0,0.0,0.0,0.0,128734000.0,4880000.0,0.0,0.0,0.0,104530000.0,109410000.0,0.267,109410000.0,104530000.0,104530000.0,0.123,0.117,0.123,979158000.0,,979158000.0,7736725437.0,17.0,16.312,94426000.0,0.181,1.0,214244000.0,0.523,48396000.0,0.0,688582000.0,,155613000.0,434476000.0,411282000.0,23194000.0,383241000.0,266090000.0,117151000.0,8022888437.0,72174000.0,0.0,-24825000.0,-764000.0,0.0,-25128000.0,-2365000.0,4684000.0,100824000.0,-1157000.0,64536000.0,64536000.0,64536000.0,0.0,0.0,0.157,110847000.0,103397000.0,113446000.0,0.0,8.194,28.031,28.438,45151000.0,0.0,15.357,4.71,4.766,218741000.0,1168644000.0,409957000.0,409957000.0,0.0,,,,,6241000.0,110847000.0,1.0,522436842.0,522300000,555612000.0,0.785,1314003000.0,75374000.0,39994000.0,10996000.0,2.516,916587000.0
39,MNST,MRQ,2011-09-30,2011-09-30,2011-09-30,2021-08-09,-1504000.0,1218428000.0,,1038732000.0,179696000.0,,1.767,-8360000.0,287157000.0,287157000.0,224402000.0,82392000.0,6.26,0.307,994000.0,994000.0,0.0,994000.0,131387000.0,4481000.0,0.0,0.0,0.0,131228000.0,135709000.0,0.286,135709000.0,131228000.0,131228000.0,0.157,0.147,0.157,932546000.0,,932546000.0,7316869162.0,17.0,16.321,100677000.0,0.191,1.0,250307000.0,0.527,47466000.0,0.0,718870000.0,,164481000.0,438944000.0,412255000.0,26689000.0,285882000.0,165929000.0,119953000.0,7733811162.0,-131040000.0,0.0,-103695000.0,-482000.0,0.0,-101958000.0,-135731000.0,-127407000.0,109037000.0,-2388000.0,82392000.0,82392000.0,82392000.0,0.0,0.0,0.174,118217000.0,132090000.0,108521000.0,0.0,8.293,28.558,28.359,44070000.0,0.0,14.548,4.798,4.764,139545000.0,1104108000.0,474709000.0,474709000.0,0.0,,,,,2609000.0,118217000.0,1.0,531594306.0,527856000,559920000.0,0.899,1170962000.0,74549000.0,48836000.0,3128000.0,2.218,872803000.0
40,MNST,MRQ,2011-06-30,2011-06-30,2011-06-30,2021-08-09,2004000.0,1233570000.0,,1054135000.0,179435000.0,,1.79,-7095000.0,418197000.0,418197000.0,217924000.0,84248000.0,6.513,0.298,1255000.0,1255000.0,0.0,1255000.0,132426000.0,4090000.0,0.0,0.0,0.0,132756000.0,136846000.0,0.296,136846000.0,132756000.0,132756000.0,0.16,0.15,0.16,950344000.0,,950344000.0,6861521150.0,17.0,16.221,93258000.0,0.176,1.0,244221000.0,0.528,46677000.0,0.0,608101000.0,,156778000.0,311420000.0,281218000.0,30202000.0,283226000.0,161850000.0,121376000.0,7155403150.0,122692000.0,0.0,7061000.0,-447000.0,0.0,7568000.0,13574000.0,19618000.0,100353000.0,1197000.0,84248000.0,84248000.0,84248000.0,0.0,0.0,0.182,111739000.0,132482000.0,102263000.0,0.0,7.529,28.069,27.991,40931000.0,0.0,13.492,4.712,4.716,162299000.0,1021716000.0,462145000.0,462145000.0,0.0,,,,,3161000.0,111739000.0,1.0,530357244.0,530850000,561624000.0,0.871,1186893000.0,74565000.0,48508000.0,8784000.0,2.236,892285000.0
41,MNST,MRQ,2011-03-31,2011-03-31,2011-03-31,2021-08-09,1110000.0,1131992000.0,,955819000.0,176173000.0,,1.6,-8312000.0,295505000.0,295505000.0,170882000.0,55043000.0,6.157,0.326,1623000.0,1623000.0,0.0,1623000.0,133920000.0,3581000.0,0.0,0.0,0.0,88756000.0,92337000.0,0.259,92337000.0,88756000.0,88756000.0,0.103,0.097,0.103,853553000.0,,853553000.0,5006219051.0,13.0,12.548,15301000.0,0.029,1.0,185537000.0,0.521,45300000.0,0.0,637563000.0,,173725000.0,329447000.0,298985000.0,30462000.0,278439000.0,155247000.0,123192000.0,5360787051.0,-59337000.0,0.0,-34615000.0,-249000.0,0.0,-34674000.0,-48505000.0,-40167000.0,23613000.0,229000.0,55043000.0,55043000.0,55043000.0,0.0,0.0,0.154,97082000.0,88455000.0,89708000.0,0.0,6.281,22.86,22.711,39037000.0,0.0,10.038,3.769,3.766,149004000.0,937468000.0,356419000.0,356419000.0,0.0,,,,,3589000.0,97082000.0,1.0,534031584.0,533574000,561744000.0,0.668,1086692000.0,75377000.0,33713000.0,21636000.0,2.037,800572000.0
42,MNST,MRQ,2010-12-31,2010-12-31,2010-12-31,2021-08-09,281000.0,1146950000.0,,962972000.0,183978000.0,,1.556,-5620000.0,354842000.0,354842000.0,154255000.0,49132000.0,4.973,0.385,0.0,0.0,0.0,0.0,135039000.0,3242000.0,0.0,0.0,0.0,80166000.0,83408000.0,0.262,83408000.0,80166000.0,80166000.0,0.093,0.088,0.093,828398000.0,,828398000.0,4121438701.0,12.0,11.416,52609000.0,0.099,1.0,164410000.0,0.516,43316000.0,0.0,555139000.0,,153241000.0,288838000.0,244649000.0,44189000.0,318552000.0,193653000.0,124899000.0,4630823701.0,-154787000.0,0.0,9917000.0,-112000.0,0.0,11987000.0,-225958000.0,-218736000.0,58229000.0,955000.0,49132000.0,49132000.0,49132000.0,0.0,0.0,0.154,84613000.0,79797000.0,90314000.0,0.0,5.59,21.841,21.783,34551000.0,0.0,8.713,3.551,3.549,166454000.0,882425000.0,318665000.0,318665000.0,0.0,,,,,1845000.0,84613000.0,1.0,531464082.0,532524000,560034000.0,0.598,1103634000.0,85239000.0,31034000.0,925000.0,2.072,769319000.0
43,MNST,MRQ,2010-09-30,2010-09-30,2010-09-30,2021-08-09,-885000.0,1026680000.0,,842533000.0,184147000.0,,1.437,-6061000.0,509629000.0,509629000.0,183540000.0,66496000.0,6.028,0.347,244000.0,244000.0,0.0,244000.0,134625000.0,3036000.0,0.0,0.0,0.0,107369000.0,110405000.0,0.289,110405000.0,107369000.0,107369000.0,0.125,0.12,0.125,761974000.0,,761974000.0,3700526463.0,10.0,10.11,38031000.0,0.072,1.0,197926000.0,0.519,42230000.0,0.0,335288000.0,,148938000.0,70205000.0,24203000.0,46002000.0,264706000.0,139777000.0,124929000.0,4110302463.0,99718000.0,0.0,5886000.0,-69000.0,0.0,9365000.0,44596000.0,50830000.0,44092000.0,1665000.0,66496000.0,66496000.0,66496000.0,0.0,0.0,0.174,90371000.0,107555000.0,91024000.0,0.0,5.394,19.007,19.091,33173000.0,0.0,7.77,3.221,3.228,131778000.0,833293000.0,381466000.0,381466000.0,0.0,,,,,774000.0,90371000.0,1.0,528996456.0,530214000,557190000.0,0.719,984450000.0,73959000.0,40873000.0,0.0,1.857,702756000.0
44,MNST,MRQ,2010-06-30,2010-06-30,2010-06-30,2021-08-09,-4185000.0,964895000.0,,769213000.0,195682000.0,,1.276,-5743000.0,409911000.0,409911000.0,172351000.0,63838000.0,4.84,0.422,135000.0,135000.0,0.0,135000.0,136965000.0,2810000.0,0.0,0.0,0.0,109997000.0,112807000.0,0.308,112807000.0,109997000.0,109997000.0,0.12,0.115,0.12,678464000.0,,678464000.0,3095972585.0,9.0,8.844,52977000.0,0.1,1.0,193350000.0,0.529,39752000.0,0.0,356449000.0,,139233000.0,121146000.0,61662000.0,59484000.0,286431000.0,158918000.0,127513000.0,3471706585.0,34003000.0,0.0,-23043000.0,-77000.0,0.0,-22950000.0,-43000.0,5434000.0,58720000.0,-1724000.0,63838000.0,63838000.0,63838000.0,0.0,0.0,0.175,83674000.0,109676000.0,87504000.0,0.0,5.117,16.831,16.843,32038000.0,0.0,6.518,2.887,2.881,131480000.0,766797000.0,365701000.0,365701000.0,0.0,,,,,3362000.0,83674000.0,1.0,532606482.0,531522000,557814000.0,0.688,925143000.0,71415000.0,46159000.0,19293000.0,1.741,610295000.0
45,MNST,MRQ,2010-03-31,2010-03-31,2010-03-31,2021-08-09,-2164000.0,900936000.0,,699036000.0,201900000.0,,1.2,-4858000.0,375908000.0,375908000.0,113556000.0,32563000.0,5.154,0.417,174000.0,174000.0,0.0,174000.0,138553000.0,2640000.0,0.0,0.0,0.0,51771000.0,54411000.0,0.229,54411000.0,51771000.0,51771000.0,0.062,0.058,0.062,635970000.0,,635970000.0,3496267862.0,11.0,10.543,63145000.0,0.119,1.0,124554000.0,0.523,36930000.0,0.0,352630000.0,,119145000.0,125758000.0,61316000.0,64442000.0,264966000.0,135642000.0,129324000.0,3824410862.0,47559000.0,0.0,4524000.0,-162000.0,0.0,10836000.0,-31105000.0,-26316000.0,68003000.0,-175000.0,32563000.0,32563000.0,32563000.0,0.0,0.0,0.137,73769000.0,50785000.0,83445000.0,0.0,6.014,19.149,19.435,32267000.0,0.0,7.23,3.363,3.37,117705000.0,702959000.0,238110000.0,238110000.0,0.0,,,,,-1493000.0,73769000.0,1.0,528964158.0,530082000,558186000.0,0.449,864006000.0,74216000.0,19208000.0,7032000.0,1.63,563394000.0
46,MNST,MRQ,2009-12-31,2009-12-31,2009-12-31,2021-08-09,-4667000.0,800070000.0,,585504000.0,214566000.0,,1.099,-2890000.0,328349000.0,328349000.0,135638000.0,53357000.0,6.993,0.368,206000.0,206000.0,0.0,206000.0,140513000.0,1910000.0,0.0,0.0,0.0,86501000.0,88411000.0,0.304,88411000.0,86501000.0,86501000.0,0.1,0.095,0.1,584953000.0,,584953000.0,3103787718.0,9.0,9.088,30120000.0,0.057,1.0,155276000.0,0.534,33512000.0,0.0,354686000.0,,108143000.0,99323000.0,18487000.0,80836000.0,215117000.0,83729000.0,131388000.0,3421063718.0,10692000.0,0.0,-34451000.0,-240000.0,0.0,-33779000.0,11370000.0,18816000.0,33010000.0,91000.0,53357000.0,53357000.0,53357000.0,0.0,0.0,0.183,69442000.0,85834000.0,48863000.0,0.0,5.848,16.391,16.537,33314000.0,0.0,6.4,2.992,3.022,108905000.0,670396000.0,290914000.0,290914000.0,0.0,,,,,3367000.0,69442000.0,1.0,534541206.0,532368000,560352000.0,0.546,766558000.0,76028000.0,33144000.0,761000.0,1.44,501775000.0
47,MNST,MRQ,2009-09-30,2009-09-30,2009-09-30,2021-08-09,-4525000.0,801294000.0,,588521000.0,212773000.0,,1.037,-7805000.0,317657000.0,317657000.0,142897000.0,56505000.0,5.463,0.428,381000.0,381000.0,0.0,381000.0,132604000.0,1682000.0,0.0,0.0,0.0,92756000.0,94438000.0,0.307,94438000.0,92756000.0,92756000.0,0.105,0.1,0.105,560959000.0,,560959000.0,3047243797.0,14.0,14.098,84390000.0,0.156,1.0,165032000.0,0.536,31674000.0,0.0,344613000.0,,123942000.0,118156000.0,30187000.0,87969000.0,240335000.0,107731000.0,132604000.0,3329754797.0,34374000.0,0.0,-50558000.0,-416000.0,0.0,-50846000.0,-7492000.0,301000.0,92195000.0,517000.0,56505000.0,56505000.0,56505000.0,0.0,0.0,0.184,72117000.0,92915000.0,66950000.0,0.0,5.936,25.242,24.993,28075000.0,0.0,6.123,3.009,2.993,97289000.0,617039000.0,307929000.0,307929000.0,0.0,,,,,3173000.0,72117000.0,1.0,543781404.0,540924000,568098000.0,0.569,769620000.0,72911000.0,36251000.0,5189000.0,1.423,480790000.0
48,MNST,MRQ,2009-06-30,2009-06-30,2009-06-30,2021-08-09,-5802000.0,786497000.0,,579714000.0,206783000.0,,1.012,-8010000.0,283283000.0,283283000.0,138421000.0,57289000.0,5.679,0.429,772000.0,772000.0,0.0,772000.0,134134000.0,1178000.0,0.0,0.0,0.0,93184000.0,94362000.0,0.314,94362000.0,93184000.0,93184000.0,0.105,0.1,0.105,550275000.0,,550275000.0,2517139146.0,12.0,12.182,26685000.0,0.049,1.0,161829000.0,0.539,29819000.0,0.0,372079000.0,,117344000.0,118192000.0,30290000.0,87902000.0,236222000.0,102088000.0,134134000.0,2795113146.0,4160000.0,0.0,307000.0,-486000.0,0.0,707000.0,-31548000.0,-23515000.0,34695000.0,306000.0,57289000.0,57289000.0,57289000.0,0.0,0.0,0.191,69046000.0,92783000.0,56489000.0,0.0,5.079,21.864,21.887,23835000.0,0.0,5.143,2.579,2.58,125907000.0,560535000.0,300250000.0,300250000.0,0.0,,,,,2839000.0,69046000.0,1.0,543443904.0,543624000,571692000.0,0.552,756678000.0,73069000.0,35895000.0,8533000.0,1.392,477626000.0
49,MNST,MRQ,2009-03-31,2009-03-31,2009-03-31,2021-08-09,-8314000.0,732690000.0,,533034000.0,199656000.0,,0.894,-3972000.0,279123000.0,279123000.0,114027000.0,41565000.0,4.892,0.51,1149000.0,1149000.0,0.0,1149000.0,138373000.0,1069000.0,0.0,0.0,0.0,63254000.0,64323000.0,0.263,64323000.0,63254000.0,63254000.0,0.077,0.073,0.077,485347000.0,,485347000.0,2998628776.0,16.0,15.454,-7680000.0,-0.014,1.0,130179000.0,0.533,28993000.0,0.0,316753000.0,,110101000.0,91514000.0,4975000.0,86539000.0,247343000.0,108970000.0,138373000.0,3254470776.0,22322000.0,0.0,1031000.0,-397000.0,0.0,1839000.0,23201000.0,26595000.0,-3708000.0,990000.0,41565000.0,41565000.0,41565000.0,0.0,0.0,0.17,64402000.0,65777000.0,55784000.0,0.0,6.705,26.944,27.273,17677000.0,0.0,6.0,3.054,3.055,120104000.0,503245000.0,244206000.0,244206000.0,0.0,,,,,1530000.0,64402000.0,1.0,542411796.0,542598000,571896000.0,0.45,703697000.0,74324000.0,21689000.0,10847000.0,1.297,424064000.0
50,MNST,MRQ,2008-12-31,2008-12-31,2008-12-31,2021-08-09,-10825000.0,761837000.0,,561324000.0,200513000.0,,0.795,-817000.0,256801000.0,256801000.0,115947000.0,-23448000.0,2.996,0.746,959000.0,959000.0,0.0,959000.0,138187000.0,858000.0,0.0,0.0,0.0,-37838000.0,-36980000.0,-0.145,-36980000.0,-37838000.0,-37838000.0,-0.042,-0.038,-0.042,436316000.0,,436316000.0,2843467475.0,16.0,16.074,62454000.0,0.114,1.0,138425000.0,0.544,28365000.0,0.0,290296000.0,,116326000.0,118712000.0,29145000.0,89567000.0,325521000.0,187334000.0,138187000.0,3099230475.0,365000.0,0.0,-52969000.0,-328000.0,0.0,-51161000.0,-10674000.0,-3678000.0,63271000.0,-1071000.0,-23448000.0,-23448000.0,-23448000.0,0.0,0.0,-0.092,177643000.0,-39218000.0,64787000.0,0.0,7.103,28.688,28.658,14389000.0,0.0,5.588,2.998,3.001,135955000.0,461680000.0,254372000.0,254372000.0,0.0,,,,,1987000.0,177643000.0,1.0,554589408.0,549024000,576774000.0,0.463,733472000.0,80466000.0,-14390000.0,0.0,1.336,373990000.0
51,MNST,MRQ,2008-09-30,2008-09-30,2008-09-30,2021-08-09,-3201000.0,640146000.0,,477245000.0,162901000.0,,0.928,-3137000.0,256436000.0,256436000.0,135550000.0,52437000.0,5.401,0.245,673000.0,673000.0,0.0,673000.0,37656000.0,1020000.0,0.0,0.0,0.0,83903000.0,84923000.0,0.298,84923000.0,83903000.0,83903000.0,0.095,0.09,0.095,514135000.0,,514135000.0,2610638587.0,9.0,9.254,59965000.0,0.108,1.0,149436000.0,0.524,25512000.0,0.0,270516000.0,,110466000.0,124368000.0,14838000.0,109530000.0,126011000.0,88355000.0,37656000.0,2793278587.0,73483000.0,0.0,453000.0,-238000.0,0.0,239000.0,10142000.0,13099000.0,63102000.0,0.0,52437000.0,52437000.0,52437000.0,0.0,0.0,0.184,67644000.0,81792000.0,60724000.0,0.0,5.433,15.819,15.854,11067000.0,0.0,5.042,2.722,2.722,72972000.0,485128000.0,284986000.0,284986000.0,0.0,,,,,3973000.0,67644000.0,1.0,554038728.0,554022000,581496000.0,0.514,614634000.0,29560000.0,31466000.0,5740000.0,1.109,388890000.0
52,MNST,MRQ,2008-06-30,2008-06-30,2008-06-30,2021-08-09,-3429000.0,600472000.0,,434157000.0,166315000.0,,0.82,-1719000.0,182953000.0,182953000.0,136031000.0,50232000.0,4.125,0.314,313000.0,313000.0,0.0,313000.0,38174000.0,809000.0,0.0,0.0,0.0,80959000.0,81768000.0,0.29,81768000.0,80959000.0,80959000.0,0.09,0.085,0.09,457036000.0,,457036000.0,2651451879.0,10.0,9.701,45476000.0,0.082,1.0,146213000.0,0.518,24723000.0,0.0,287847000.0,,123218000.0,137247000.0,22066000.0,115181000.0,143436000.0,105262000.0,38174000.0,2702188879.0,131778000.0,0.0,-49502000.0,-285000.0,0.0,-48660000.0,133243000.0,134702000.0,47195000.0,0.0,50232000.0,50232000.0,50232000.0,0.0,0.0,0.178,68023000.0,78190000.0,71272000.0,0.0,5.912,15.901,15.646,9238000.0,0.0,4.803,2.734,2.709,83404000.0,432691000.0,282244000.0,282244000.0,0.0,,,,,2542000.0,68023000.0,1.0,562565346.0,557466000,587976000.0,0.506,575749000.0,28301000.0,30727000.0,13298000.0,1.033,328895000.0
53,MNST,MRQ,2008-03-31,2008-03-31,2008-03-31,2021-08-09,-3274000.0,583899000.0,,369404000.0,214495000.0,,0.807,-886000.0,51175000.0,51175000.0,107459000.0,28811000.0,3.966,0.293,438000.0,438000.0,0.0,438000.0,39080000.0,730000.0,0.0,0.0,0.0,46454000.0,47184000.0,0.222,47184000.0,46454000.0,46454000.0,0.052,0.048,0.052,451679000.0,,451679000.0,3281458522.0,13.0,12.858,25042000.0,0.045,1.0,104719000.0,0.494,24375000.0,0.0,415647000.0,,109784000.0,272352000.0,107933000.0,164419000.0,132220000.0,93140000.0,39080000.0,3293235522.0,38735000.0,0.0,808000.0,-319000.0,0.0,1536000.0,11271000.0,12492000.0,25928000.0,0.0,28811000.0,28811000.0,28811000.0,0.0,0.0,0.136,61891000.0,42828000.0,60667000.0,0.0,7.291,20.841,20.428,8833000.0,0.0,5.883,3.464,3.464,81758000.0,382459000.0,212178000.0,212178000.0,0.0,,,,,1063000.0,61891000.0,1.0,559756746.0,559884000,594042000.0,0.379,559524000.0,27390000.0,17643000.0,12935000.0,0.999,276264000.0
54,MNST,MRQ,2007-12-31,2007-12-31,2007-12-31,2021-08-09,-47000.0,544603000.0,,270149000.0,274454000.0,,0.757,-1109000.0,12440000.0,12440000.0,120897000.0,45100000.0,3.259,0.29,663000.0,663000.0,0.0,663000.0,39555000.0,640000.0,0.0,0.0,0.0,67605000.0,68245000.0,0.277,68245000.0,67605000.0,67605000.0,0.082,0.075,0.082,422167000.0,,422167000.0,4028061569.0,17.0,16.653,44240000.0,0.079,1.0,125742000.0,0.51,24066000.0,0.0,425879000.0,,98140000.0,290210000.0,63125000.0,227085000.0,122436000.0,82881000.0,39555000.0,4086465569.0,-46634000.0,0.0,830000.0,-308000.0,0.0,2644000.0,-94627000.0,-93839000.0,45349000.0,0.0,45100000.0,45100000.0,45100000.0,0.0,0.0,0.183,61468000.0,64274000.0,56766000.0,0.0,9.68,27.351,27.039,8567000.0,0.0,7.382,4.518,4.465,81497000.0,353648000.0,246639000.0,246639000.0,0.0,,,,,1776000.0,61468000.0,1.0,553596600.0,557670000,598428000.0,0.442,520537000.0,25198000.0,22505000.0,6294000.0,0.933,187268000.0
55,MNST,MRQ,2007-09-30,2007-09-30,2007-09-30,2021-08-09,0.0,508290000.0,,461200000.0,47090000.0,,0.674,-1358000.0,59074000.0,59074000.0,118829000.0,45797000.0,4.715,0.373,670000.0,670000.0,0.0,670000.0,40188000.0,569000.0,0.0,0.0,0.0,75541000.0,76110000.0,0.308,76110000.0,75541000.0,75541000.0,0.083,0.077,0.083,370283000.0,,370283000.0,5112137739.0,24.0,24.261,36614000.0,0.067,1.0,128382000.0,0.519,23922000.0,0.0,328145000.0,,94025000.0,196371000.0,196371000.0,0.0,138007000.0,97819000.0,40188000.0,5167029739.0,3592000.0,0.0,3273000.0,-218000.0,0.0,21097000.0,-55477000.0,-53758000.0,37972000.0,0.0,45797000.0,45797000.0,45797000.0,0.0,0.0,0.185,55002000.0,73380000.0,81201000.0,0.0,13.954,40.844,40.544,8404000.0,0.0,9.447,6.386,6.414,90046000.0,308548000.0,247211000.0,247211000.0,0.0,,,,,-15870000.0,55002000.0,1.0,546968568.0,549432000,593370000.0,0.45,484368000.0,29796000.0,29744000.0,0.0,0.882,363381000.0
56,MNST,MRQ,2007-06-30,2007-06-30,2007-06-30,2021-08-09,0.0,454499000.0,,409073000.0,45426000.0,,0.557,-1164000.0,55482000.0,55482000.0,116510000.0,38311000.0,3.584,0.51,590000.0,590000.0,0.0,590000.0,39352000.0,489000.0,0.0,0.0,0.0,63175000.0,63664000.0,0.26,63664000.0,63175000.0,63175000.0,0.072,0.065,0.072,300999000.0,,300999000.0,3799101150.0,22.0,21.29,2935000.0,0.005,1.0,128253000.0,0.524,23555000.0,0.0,261904000.0,,87498000.0,142613000.0,142613000.0,0.0,153500000.0,114148000.0,39352000.0,3870741150.0,-16373000.0,0.0,3940000.0,-173000.0,0.0,13057000.0,-33529000.0,-31266000.0,4099000.0,0.0,38311000.0,38311000.0,38311000.0,0.0,0.0,0.157,66830000.0,61423000.0,91822000.0,0.0,12.86,36.119,36.178,6778000.0,0.0,7.163,5.226,5.23,111928000.0,262751000.0,244763000.0,244763000.0,0.0,,,,,-7254000.0,66830000.0,1.0,540354744.0,540708000,590730000.0,0.453,430944000.0,18983000.0,24864000.0,903000.0,0.797,294925000.0
57,MNST,MRQ,2007-03-31,2007-03-31,2007-03-31,2021-08-09,0.0,368206000.0,,327963000.0,40243000.0,,0.456,-216000.0,71855000.0,71855000.0,80216000.0,20198000.0,3.752,0.488,215000.0,212000.0,3000.0,215000.0,33363000.0,430000.0,0.0,0.0,0.0,33436000.0,33866000.0,0.204,33866000.0,33436000.0,33436000.0,0.037,0.035,0.037,247422000.0,,247422000.0,3422947149.0,21.0,21.156,47815000.0,0.088,1.0,85637000.0,0.516,22412000.0,0.0,186736000.0,,61581000.0,111347000.0,111347000.0,0.0,120784000.0,87418000.0,33366000.0,3441323149.0,36726000.0,0.0,0.0,-211000.0,0.0,-211000.0,-11094000.0,-9680000.0,48031000.0,0.0,20198000.0,20198000.0,20198000.0,0.0,0.0,0.122,53727000.0,31910000.0,51817000.0,0.0,13.909,35.457,35.468,5511000.0,0.0,6.313,5.279,5.259,75496000.0,224440000.0,165853000.0,165853000.0,0.0,,,,,2140000.0,53727000.0,1.0,545088144.0,543054000,589806000.0,0.305,345794000.0,14077000.0,13238000.0,12905000.0,0.637,240545000.0
58,MNST,MRQ,2006-12-31,2006-12-31,2006-12-31,2021-08-09,0.0,308372000.0,,275157000.0,33215000.0,,0.417,-75000.0,35129000.0,35129000.0,70922000.0,22201000.0,4.378,0.37,303000.0,299000.0,4000.0,303000.0,20441000.0,382000.0,0.0,0.0,0.0,36696000.0,37078000.0,0.245,37078000.0,36696000.0,36696000.0,0.042,0.037,0.042,225084000.0,,225084000.0,3041385448.0,19.0,18.57,11781000.0,0.022,1.0,80422000.0,0.531,21202000.0,0.0,189501000.0,,77013000.0,101667000.0,101667000.0,0.0,83288000.0,62843000.0,20445000.0,3059761448.0,-8805000.0,0.0,171000.0,-252000.0,0.0,94000.0,-20755000.0,-18968000.0,11856000.0,0.0,22201000.0,22201000.0,22201000.0,0.0,0.0,0.147,44766000.0,35656000.0,34362000.0,0.0,13.594,31.238,30.842,5565000.0,0.0,5.613,5.051,5.0,54624000.0,204242000.0,151344000.0,151344000.0,0.0,,,,,1652000.0,44766000.0,1.0,545088144.0,540318000,588060000.0,0.28,287170000.0,10954000.0,14495000.0,3991000.0,0.531,212314000.0
59,MNST,MRQ,2006-09-30,2006-09-30,2006-09-30,2021-08-09,0.0,310807000.0,,283840000.0,26967000.0,,0.37,-381000.0,43934000.0,43934000.0,86463000.0,26457000.0,2.904,0.547,501000.0,496000.0,5000.0,501000.0,12176000.0,446000.0,0.0,0.0,0.0,43389000.0,43835000.0,0.245,43835000.0,43389000.0,43389000.0,0.048,0.045,0.048,200898000.0,,200898000.0,2932367820.0,19.0,18.629,39382000.0,0.073,1.0,92184000.0,0.516,20208000.0,0.0,149438000.0,,80683000.0,82699000.0,82699000.0,0.0,109909000.0,97728000.0,12181000.0,2950743820.0,24970000.0,0.0,-27261000.0,-302000.0,0.0,-26610000.0,11817000.0,13338000.0,39763000.0,0.0,26457000.0,26457000.0,26457000.0,0.0,0.0,0.148,49842000.0,42342000.0,63550000.0,0.0,14.688,31.329,31.291,5975000.0,0.0,5.413,5.341,5.321,68917000.0,182041000.0,178647000.0,178647000.0,0.0,,,,,1934000.0,49842000.0,1.0,545088144.0,543054000,593034000.0,0.329,290599000.0,6311000.0,16932000.0,11425000.0,0.535,186112000.0
60,MNST,MRQ,2006-06-30,2006-06-30,2006-06-30,2021-08-09,0.0,266177000.0,,240506000.0,25671000.0,,0.367,-1391000.0,18964000.0,18964000.0,75047000.0,28200000.0,3.78,0.345,588000.0,582000.0,6000.0,588000.0,0.0,396000.0,0.0,0.0,0.0,46624000.0,47020000.0,0.301,47020000.0,46624000.0,46624000.0,0.052,0.047,0.052,197862000.0,,197862000.0,4303455791.0,29.0,29.125,-374000.0,-0.001,1.0,80990000.0,0.519,19910000.0,0.0,164260000.0,,50297000.0,96037000.0,96037000.0,0.0,68315000.0,63631000.0,4684000.0,4333196229.0,-11574000.0,0.0,2520000.0,-345000.0,0.0,17689000.0,-30280000.0,-28855000.0,1017000.0,0.0,28200000.0,28200000.0,28200000.0,0.0,0.0,0.181,35238000.0,45752000.0,57766000.0,0.0,21.9,49.255,48.663,5761000.0,0.0,7.932,9.042,8.929,60939000.0,155584000.0,156037000.0,156037000.0,0.0,,,,,-13787000.0,35238000.0,1.0,546287280.0,539472000,595734000.0,0.289,246267000.0,12026000.0,18424000.0,4678000.0,0.456,176875000.0
61,MNST,MRQ,2006-03-31,2006-03-31,2006-03-31,2021-08-09,0.0,203851634.0,,179336004.0,24515630.0,,0.275,-545000.0,30537735.0,30537735.0,56748000.0,21091000.0,3.729,0.36,797297.0,789794.0,7503.0,797297.0,0.0,314000.0,0.0,0.0,0.0,35531000.0,35845000.0,0.299,35845000.0,35531000.0,35531000.0,0.038,0.035,0.038,149901426.0,,149901426.0,2750669166.0,22.0,21.726,23233000.0,0.043,1.0,62998000.0,0.526,19956805.0,0.0,106062979.0,,29389596.0,67182380.0,67182380.0,0.0,53950208.0,48091412.0,5858796.0,2811798106.0,-31116000.0,0.0,754000.0,-277000.0,0.0,1119000.0,-56013000.0,-55321000.0,23778000.0,0.0,21091000.0,21091000.0,21091000.0,0.0,0.0,0.176,28169000.0,34829000.0,31602402.0,0.0,18.758,37.48,37.515,4558825.0,0.0,5.252,6.881,7.001,46302600.0,127383888.0,119746000.0,119746000.0,0.0,,,,,1263000.0,28169000.0,1.0,535368144.0,544704000,603714000.0,0.22,183894829.0,4625757.0,14440000.0,16950846.0,0.338,131244592.0
62,MNST,MRQ,2005-12-31,2005-12-31,2005-12-31,2021-08-09,0.0,163890000.0,,140287000.0,23603000.0,,0.236,-158000.0,61654000.0,61654000.0,46067000.0,18439000.0,4.257,0.306,525000.0,515000.0,10000.0,525000.0,0.0,261000.0,0.0,0.0,0.0,30445000.0,30706000.0,0.313,30706000.0,30445000.0,30445000.0,0.035,0.032,0.035,125509000.0,,125509000.0,1706997967.0,16.0,16.134,24592000.0,0.046,1.0,51943000.0,0.53,19103000.0,0.0,50701000.0,,31400000.0,11861000.0,11861000.0,0.0,38381000.0,32957000.0,5424000.0,1747549175.0,20371000.0,0.0,131000.0,-274000.0,0.0,-143000.0,-4236000.0,-3209000.0,24750000.0,0.0,18439000.0,18439000.0,18439000.0,0.0,0.0,0.188,22154000.0,29789000.0,26614000.0,0.0,13.924,27.838,27.828,3743000.0,0.0,3.284,5.009,4.982,28752000.0,106293000.0,98010000.0,98010000.0,0.0,,,,,0.0,22154000.0,1.0,532180944.0,532782000,592974000.0,0.184,144787000.0,6143000.0,12006000.0,5414000.0,0.272,107330000.0
63,MNST,MRQ,2005-09-30,2005-09-30,2005-09-30,2021-08-09,0.0,145341212.0,,122474466.0,22866746.0,,0.198,-548000.0,41282143.0,41282143.0,50078000.0,20245000.0,3.519,0.381,730935.0,717792.0,13143.0,730935.0,0.0,289000.0,0.0,0.0,0.0,33898000.0,34187000.0,0.324,34187000.0,33898000.0,33898000.0,0.038,0.035,0.038,105255391.0,,105255391.0,1007979312.0,12.0,11.545,16475000.0,0.031,1.0,55343000.0,0.525,19147559.0,0.0,50834416.0,,28856129.0,8651544.0,8651544.0,0.0,40085821.0,34808029.0,5277792.0,1040571858.0,7855000.0,0.0,341000.0,-317000.0,0.0,24000.0,-9192000.0,-8652000.0,17023000.0,0.0,20245000.0,20245000.0,20245000.0,0.0,0.0,0.192,21768000.0,33575000.0,29036921.0,0.0,9.886,20.142,20.017,3719187.0,0.0,1.962,3.455,3.457,34418030.0,87796153.0,105421000.0,105421000.0,0.0,,,,,0.0,21768000.0,1.0,530452944.0,530880000,584022000.0,0.199,126193653.0,8621347.0,13653000.0,5264649.0,0.238,87666437.0
64,MNST,MRQ,2005-06-30,2005-06-30,2005-06-30,2021-08-09,0.0,121016685.0,,98612650.0,22404035.0,,0.16,-349083.0,33428058.0,33428058.0,40514000.0,15246000.0,3.1,0.44,835512.0,670215.0,165297.0,835512.0,0.0,261201.0,0.0,0.0,0.0,25609000.0,25870201.0,0.303,25870201.0,25609000.0,25609000.0,0.028,0.027,0.028,84065890.0,,84065890.0,902300934.0,14.0,14.27,2932763.0,0.006,1.0,44927000.0,0.526,19093172.0,0.0,37519270.0,,27801342.0,0.0,0.0,0.0,36950795.0,31811697.0,5139098.0,932352326.0,25453642.0,0.0,201679.0,-221575.0,0.0,-19896.0,22191692.0,22600000.0,3281846.0,0.0,15246000.0,15246000.0,15246000.0,0.0,0.0,0.178,19572000.0,25355000.0,26534330.0,0.0,11.091,25.052,25.214,3310863.0,0.0,1.765,3.753,3.743,31704449.0,67607045.0,85441000.0,85441000.0,0.0,,,,,0.0,19572000.0,1.0,528244944.0,526836000,585246000.0,0.162,101923513.0,5177703.0,10363000.0,4973801.0,0.193,66800953.0
65,MNST,MRQ,2005-03-31,2005-03-31,2005-03-31,2021-08-09,0.0,99827960.0,,77954878.0,21873082.0,,0.129,-285917.0,30574477.0,30574477.0,29684954.0,8844713.0,2.888,0.47,523085.0,355009.0,168076.0,523085.0,0.0,197799.0,0.0,0.0,0.0,14841018.0,15038817.0,0.251,15038817.0,14841018.0,14841018.0,0.017,0.015,0.017,67910263.0,,67910263.0,635194184.0,14.0,13.831,9308237.0,0.018,1.0,30329318.0,0.505,19074535.0,0.0,23706081.0,,23451416.0,0.0,0.0,0.0,31917697.0,26995952.0,4921745.0,655586451.0,4298358.0,0.0,494321.0,-242425.0,0.0,251896.0,-5547692.0,-5300000.0,9594154.0,0.0,8844713.0,8844713.0,8844713.0,0.0,0.0,0.147,15605818.0,14723500.0,18687590.0,0.0,9.654,24.238,24.019,2798547.0,0.0,1.249,3.136,3.136,20167901.0,52361347.0,60014272.0,60014272.0,0.0,,,,,0.0,15605818.0,1.0,524889072.0,524914032,578919984.0,0.114,80753425.0,3234002.0,5996305.0,9771677.0,0.154,50958926.0
66,MNST,MRQ,2004-12-31,2004-12-31,2004-12-31,2021-08-09,0.0,82022317.0,,60380137.0,21642180.0,,0.112,-303631.0,3676119.0,3676119.0,25347155.0,7326922.0,3.222,0.4,583852.0,437366.0,146486.0,583852.0,0.0,219087.0,0.0,0.0,0.0,11991668.0,12210755.0,0.243,12210755.0,11991668.0,11991668.0,0.014,0.013,0.014,58571229.0,,58571229.0,350653116.0,10.0,10.103,3849726.0,0.007,1.0,24990042.0,0.496,18678116.0,0.0,41510771.0,,22406054.0,17300000.0,17300000.0,0.0,23451088.0,18741163.0,4709925.0,367364666.0,-13603683.0,0.0,136326.0,-182646.0,0.0,-46320.0,-17710720.0,-17300000.0,4153357.0,0.0,7326922.0,7326922.0,7326922.0,0.0,0.0,0.146,13077526.0,11912516.0,14542753.0,0.0,6.272,18.02,18.964,2964064.0,0.0,0.759,2.037,2.154,12650055.0,43516634.0,50337197.0,50337197.0,0.0,,,,,0.0,13136169.0,1.0,484303872.0,522884304,577529232.0,0.096,63344201.0,3708942.0,4664746.0,4909888.0,0.121,41638974.0
67,MNST,MRQ,2004-09-30,2004-09-30,2004-09-30,2021-08-09,0.0,77239872.0,,55274830.0,21965042.0,,0.096,-243936.0,17279468.0,17279468.0,28832269.0,5798648.0,2.332,0.554,567918.0,416400.0,151518.0,567918.0,0.0,194441.0,0.0,0.0,0.0,9916727.0,10111168.0,0.192,10111168.0,9916727.0,9916727.0,0.011,0.01,0.011,49693330.0,,49693330.0,254484008.0,11.0,10.349,9173023.0,0.018,1.0,23809208.0,0.452,18586074.0,0.0,18236341.0,,19702590.0,0.0,0.0,0.0,27546542.0,23705907.0,3840635.0,261304092.0,9806451.0,0.0,812984.0,-127201.0,0.0,685783.0,-296291.0,0.0,9416959.0,0.0,5798648.0,5798648.0,5798648.0,0.0,0.0,0.11,13884377.0,9924831.0,17789810.0,0.0,5.258,18.29,17.946,3378968.0,0.0,0.502,1.669,1.666,14319664.0,36189908.0,52641477.0,52641477.0,0.0,,,,,0.0,13865099.0,1.0,520008144.0,519175536,568454592.0,0.101,58653798.0,3634732.0,4118079.0,6621509.0,0.113,31568923.0
68,MNST,MRQ,2004-06-30,2004-06-30,2004-06-30,2021-08-09,0.0,66652432.0,,44797572.0,21854860.0,,0.085,-394326.0,7473017.0,7473017.0,25304614.0,5078149.0,2.267,0.547,652933.0,327466.0,325467.0,652933.0,0.0,168891.0,0.0,0.0,0.0,8395732.0,8564623.0,0.186,8564623.0,8395732.0,8395732.0,0.01,0.009,0.01,43081698.0,,43081698.0,262791421.0,15.0,14.481,4066799.0,0.008,1.0,20758929.0,0.451,18552997.0,0.0,21520363.0,,19614311.0,0.0,0.0,0.0,23570734.0,19758988.0,3811746.0,265062163.0,4657896.0,0.0,671210.0,-54197.0,0.0,617013.0,-420242.0,0.0,4461125.0,0.0,5078149.0,5078149.0,5078149.0,0.0,0.0,0.11,12354763.0,8404166.0,12890304.0,0.0,6.153,25.049,25.129,3301863.0,0.0,0.528,1.932,1.942,13506903.0,30391260.0,46063543.0,46063543.0,0.0,,,,,0.0,12335494.0,1.0,502289136.0,504992640,560750880.0,0.091,48099435.0,3660801.0,3317583.0,7077823.0,0.095,25038584.0
69,MNST,MRQ,2004-03-31,2004-03-31,2004-03-31,2021-08-09,0.0,53770962.0,,32311343.0,21459619.0,,0.075,-293107.0,2815121.0,2815121.0,17390962.0,2183281.0,2.523,0.44,544379.0,210773.0,333606.0,544379.0,0.0,187581.0,0.0,0.0,0.0,3633873.0,3821454.0,0.122,3821454.0,3633873.0,3633873.0,0.004,0.004,0.004,37332339.0,,37332339.0,145676904.0,12.0,11.165,1725452.0,0.003,1.0,13907821.0,0.444,18546350.0,0.0,20145817.0,,17281109.0,0.0,0.0,0.0,16438623.0,12808053.0,3630570.0,146173354.0,1716336.0,0.0,99480.0,-57956.0,0.0,41524.0,-343747.0,0.0,2018559.0,0.0,2183281.0,2183281.0,2183281.0,0.0,0.0,0.07,10263334.0,3644487.0,8419135.0,0.0,3.915,19.54,19.431,2913269.0,0.0,0.291,1.223,1.221,9472723.0,25313111.0,31298783.0,31298783.0,0.0,,,,,0.0,10243238.0,1.0,501524016.0,500868960,550254384.0,0.062,35224612.0,2183291.0,1450592.0,5297405.0,0.07,19503290.0
70,MNST,MRQ,2003-12-31,2003-12-31,2003-12-31,2021-08-09,0.0,47997028.0,,26677940.0,21319088.0,,0.07,-276180.0,1098785.0,1098785.0,15825832.0,1226314.0,2.814,0.369,602335.0,244271.0,358064.0,602335.0,0.0,167958.0,0.0,0.0,0.0,1925640.0,2093598.0,0.079,2093598.0,1925640.0,1853048.0,0.003,0.002,0.003,35049578.0,,35049578.0,86922895.0,9.0,8.345,291611.0,0.001,1.0,10739790.0,0.404,18515806.0,72592.0,19503035.0,,17643786.0,0.0,0.0,0.0,12947450.0,9481737.0,3465713.0,87274167.0,122809.0,0.0,346606.0,-22369.0,0.0,324237.0,-769219.0,0.0,567791.0,0.0,1226314.0,1226314.0,1226314.0,0.0,0.0,0.046,8877020.0,1862770.0,6521402.0,0.0,2.49,14.716,14.618,2803282.0,0.0,0.175,0.791,0.784,5372983.0,23129830.0,26565622.0,26565622.0,0.0,,,,,0.0,8851711.0,1.0,497524944.0,499934112,549355632.0,0.053,29481222.0,2080609.0,626734.0,3754912.0,0.059,17196203.0
71,MNST,MRQ,2003-09-30,2003-09-30,2003-09-30,2021-08-09,0.0,47563831.0,,26800064.0,20763767.0,,0.068,-427574.0,975976.0,975976.0,20004236.0,2093835.0,2.401,0.421,624704.0,232232.0,392472.0,624704.0,0.0,148346.0,0.0,0.0,0.0,3519052.0,3667398.0,0.11,3667398.0,3519052.0,3519052.0,0.004,0.004,0.004,33476658.0,,33476658.0,59912469.0,7.0,6.816,608066.0,0.001,1.0,13286852.0,0.399,18048076.0,0.0,18002479.0,,13608915.0,0.0,0.0,0.0,14087173.0,11162004.0,2925169.0,59878706.0,221722.0,0.0,183580.0,-163313.0,0.0,20267.0,-834185.0,0.0,1035640.0,0.0,2093835.0,2093835.0,2093835.0,0.0,0.0,0.063,9758463.0,3528389.0,9075716.0,0.0,1.789,12.523,12.167,2715691.0,0.0,0.122,0.576,0.576,10156056.0,21903516.0,33291088.0,33291088.0,0.0,,,,,0.0,9743117.0,1.0,492153744.0,492183264,516279456.0,0.068,29515755.0,1145133.0,1425217.0,2532697.0,0.06,15638060.0
72,MNST,MRQ,2003-06-30,2003-06-30,2003-06-30,2021-08-09,0.0,43076807.0,,22983533.0,20093274.0,,0.063,-561180.0,754254.0,754254.0,16960573.0,1977184.0,2.619,0.381,788017.0,217984.0,570033.0,788017.0,0.0,142152.0,0.0,0.0,0.0,3322995.0,3465147.0,0.122,3465147.0,3322995.0,3322995.0,0.004,0.004,0.004,31199243.0,,31199243.0,45212752.0,7.0,6.126,523873.0,0.001,1.0,11448565.0,0.403,17656811.0,0.0,16678925.0,,13129754.0,0.0,0.0,0.0,11877564.0,8774834.0,3102730.0,44601433.0,-1455058.0,0.0,0.0,-2032614.0,0.0,-2032614.0,-507497.0,0.0,1085053.0,0.0,1977184.0,1977184.0,1977184.0,0.0,0.0,0.07,8110847.0,3337718.0,7492918.0,0.0,1.43,11.269,11.328,2436463.0,0.0,0.091,0.457,0.457,7184947.0,19809681.0,28409138.0,28409138.0,0.0,,,,,0.0,8100030.0,1.0,492153744.0,492153744,501796032.0,0.058,25419996.0,1145133.0,1345811.0,2532697.0,0.052,14208699.0
73,MNST,MRQ,2003-03-31,2003-03-31,2003-03-31,2021-08-09,0.0,41731470.0,,21992724.0,19738746.0,,0.06,-291730.0,2209312.0,2209312.0,13786527.0,633071.0,2.979,0.428,2820631.0,227535.0,2593096.0,2820631.0,0.0,125741.0,0.0,0.0,0.0,1063987.0,1189728.0,0.054,1189728.0,1063987.0,1063987.0,0.001,0.001,0.001,29222059.0,,29222059.0,47769793.0,8.0,7.742,2504200.0,0.005,1.0,8299821.0,0.376,17721311.0,0.0,17237860.0,,11029645.0,0.0,0.0,0.0,12509411.0,7383618.0,5125793.0,44470933.0,1671392.0,0.0,218244.0,-1016149.0,0.0,-797905.0,-326633.0,0.0,2795930.0,0.0,633071.0,633071.0,633071.0,0.0,0.0,0.029,7202603.0,1097218.0,6052991.0,0.0,1.522,13.677,12.946,2017435.0,0.0,0.091,0.465,0.464,6667860.0,17832497.0,22086348.0,22086348.0,0.0,,,,,0.0,7192187.0,1.0,490713744.0,489112656,500925744.0,0.045,24010159.0,1145133.0,430916.0,2532697.0,0.049,14609106.0
74,MNST,MRQ,2002-12-31,2002-12-31,2002-12-31,2021-08-09,0.0,40463505.0,,20903874.0,19559631.0,,0.059,-99813.0,537920.0,537920.0,13282000.0,77242.0,3.511,0.426,3836780.0,230740.0,3606040.0,3836780.0,0.0,133189.0,0.0,0.0,0.0,334641.0,467830.0,0.023,467830.0,334641.0,103909.0,0.0,0.0,0.0,28370744.0,,28370744.0,44555794.0,8.0,7.696,-1277262.0,-0.003,1.0,6921924.0,0.343,17696824.0,230732.0,20111517.0,,11643734.0,0.0,0.0,0.0,12092761.0,5954024.0,6138737.0,42433726.0,-2374316.0,0.0,0.0,-1197524.0,0.0,-1197524.0,657.0,0.0,-1177449.0,0.0,77242.0,77242.0,77242.0,0.0,0.0,0.004,6773055.0,148869.0,4732261.0,,1.496,14.008,14.656,1862807.0,0.0,0.088,0.461,0.461,5949402.0,17199426.0,20203924.0,20203924.0,0.0,,,,,0.0,6757584.0,1.0,482544144.0,482548320,493855584.0,0.042,22766681.0,1145133.0,26667.0,2532697.0,0.047,14949850.0
75,MNST,MRQ,2002-09-30,2002-09-30,2002-09-30,2021-08-09,0.0,41934320.0,,22220054.0,19714266.0,,0.059,-109494.0,2912236.0,2912236.0,17307405.0,1270225.0,3.155,0.482,5034304.0,249950.0,4784354.0,5034304.0,0.0,123096.0,0.0,0.0,0.0,2134833.0,2257929.0,0.084,2257929.0,2134833.0,2134833.0,0.003,0.003,0.003,28293502.0,,28293502.0,46408560.0,8.0,7.635,2643624.0,0.005,1.0,9677851.0,0.359,17812765.0,0.0,19201437.0,,11893017.0,0.0,0.0,0.0,13640818.0,7042186.0,6598632.0,41619432.0,2751610.0,0.0,0.0,84550.0,0.0,84550.0,-86058.0,0.0,2753118.0,0.0,1270225.0,1270225.0,1270225.0,0.0,0.0,0.047,7491723.0,2186128.0,5896773.0,0.0,1.471,12.69,12.321,1901501.0,0.0,0.086,0.463,0.463,5428853.0,17122184.0,26985256.0,26985256.0,0.0,,,,,0.0,7478308.0,1.0,482544144.0,482544144,498716160.0,0.056,24121555.0,949176.0,864608.0,1814278.0,0.05,15177868.0
76,MNST,MRQ,2002-06-30,2002-06-30,2002-06-30,2021-08-09,0.0,41450334.0,,21685615.0,19764719.0,,0.056,-101451.0,160626.0,160626.0,16430951.0,1271083.0,2.714,0.534,4949754.0,326676.0,4623078.0,4949754.0,0.0,118712.0,0.0,0.0,0.0,2136284.0,2254996.0,0.086,2254996.0,2136284.0,2136284.0,0.003,0.003,0.003,27023277.0,,27023277.0,48578111.0,9.0,7.929,892044.0,0.002,1.0,9833837.0,0.374,17849616.0,0.0,20400145.0,,11399953.0,0.0,0.0,0.0,14427057.0,7989701.0,6437356.0,42725263.0,-290773.0,0.0,0.0,-1354493.0,0.0,-1354493.0,70225.0,0.0,993495.0,0.0,1271083.0,1271083.0,1271083.0,0.0,0.0,0.048,7641342.0,2192495.0,6687509.0,0.0,1.581,13.073,12.649,1915103.0,0.0,0.089,0.496,0.496,7699875.0,15851959.0,26264788.0,26264788.0,0.0,,,,,0.0,7628446.0,1.0,482544144.0,482544144,496217328.0,0.054,23600718.0,949176.0,865201.0,1814278.0,0.049,13695914.0
77,MNST,MRQ,2002-03-31,2002-03-31,2002-03-31,2021-08-09,0.0,38683479.0,,18716927.0,19966552.0,,0.053,-106115.0,451399.0,451399.0,11782313.0,410645.0,3.643,0.502,6304247.0,324559.0,5979688.0,6304247.0,0.0,118897.0,0.0,0.0,0.0,690149.0,809046.0,0.044,809046.0,690149.0,690149.0,0.001,0.001,0.001,25752194.0,,25752194.0,48364993.0,9.0,8.112,51390.0,0.0,1.0,6810081.0,0.366,18034188.0,0.0,21364820.0,,10174668.0,0.0,0.0,0.0,12931285.0,5137319.0,7793966.0,42423673.0,203742.0,0.0,8000.0,115270.0,0.0,123270.0,-77033.0,0.0,157505.0,0.0,410645.0,410645.0,410645.0,0.0,0.0,0.022,6044640.0,765441.0,3724336.0,0.0,1.647,13.665,14.653,1932364.0,0.0,0.088,0.515,0.515,6204394.0,14580876.0,18592394.0,18592394.0,0.0,,,,,0.0,6031864.0,1.0,482544144.0,482442864,496307136.0,0.039,20649291.0,949176.0,279504.0,1814278.0,0.043,13579608.0
78,MNST,MRQ,2001-12-31,2001-12-31,2001-12-31,2021-08-09,0.0,38561282.0,,18540090.0,20021192.0,,0.053,-61800.0,247657.0,247657.0,12440799.0,327648.0,3.333,0.522,6188977.0,337872.0,5851105.0,6188977.0,0.0,113508.0,0.0,0.0,0.0,642747.0,756255.0,0.042,756255.0,642747.0,546080.0,0.001,0.001,0.001,25333549.0,,25333549.0,50334265.0,9.0,8.394,2080593.0,0.004,1.0,5699180.0,0.314,18076046.0,96667.0,20864206.0,,11956680.0,0.0,0.0,0.0,13227733.0,5562350.0,7665383.0,42189013.0,-312679.0,0.0,0.0,-2421078.0,0.0,-2421078.0,-33994.0,0.0,2142393.0,0.0,327648.0,327648.0,327648.0,0.0,0.0,0.018,5057085.0,642095.0,3919741.0,0.0,1.665,13.973,14.583,1945146.0,0.0,0.087,0.523,0.523,4412422.0,14170231.0,18139979.0,18139979.0,0.0,,,,,230879.0,4928622.0,1.0,482160144.0,482164656,496384464.0,0.038,20485236.0,949176.0,218432.0,1814278.0,0.042,12977740.0
79,MNST,MRQ,2001-09-30,2001-09-30,2001-09-30,2021-08-09,0.0,41416828.0,,21095788.0,20321040.0,,0.051,-173698.0,560336.0,560336.0,14623137.0,1258732.0,2.991,0.672,8705588.0,390476.0,8315112.0,8705588.0,0.0,115815.0,0.0,0.0,0.0,2190512.0,2306327.0,0.1,2306327.0,2190512.0,2097888.0,0.003,0.003,0.003,24775022.0,,24775022.0,42203050.0,8.0,7.099,-1068411.0,-0.002,1.0,8473626.0,0.367,18327848.0,92624.0,24181677.0,,11863398.0,0.0,0.0,0.0,16641806.0,7052555.0,9589251.0,35157511.0,156600.0,0.0,0.0,1256313.0,0.0,1256313.0,-205000.0,0.0,-894713.0,0.0,1258732.0,1258732.0,1258732.0,0.0,0.0,0.054,6284272.0,2189354.0,5205942.0,0.0,1.419,12.117,12.153,1993192.0,0.0,0.073,0.482,0.482,6961942.0,13842583.0,23096763.0,23096763.0,0.0,,,,,0.0,6154448.0,1.0,482160144.0,482160144,495488448.0,0.048,23088980.0,881618.0,839156.0,1500918.0,0.048,14043233.0
80,MNST,MRQ,2001-06-30,2001-06-30,2001-06-30,2021-08-09,0.0,40092747.0,,19731068.0,20361679.0,,0.049,-165293.0,403736.0,403736.0,14124735.0,1107525.0,2.394,0.705,7449275.0,388493.0,7060782.0,7449275.0,0.0,109482.0,0.0,0.0,0.0,1981219.0,2090701.0,0.093,2090701.0,1981219.0,1845872.0,0.002,0.002,0.002,23516290.0,,23516290.0,42738005.0,8.0,7.06,2440073.0,0.005,1.0,8388726.0,0.373,18426370.0,135347.0,20470380.0,,9949442.0,0.0,0.0,0.0,16576457.0,8241536.0,8334921.0,34153010.0,210110.0,0.0,0.0,-2079346.0,0.0,-2079346.0,-315910.0,0.0,2605366.0,0.0,1107525.0,1107525.0,1107525.0,0.0,0.0,0.049,6413405.0,1975321.0,6446065.0,0.0,1.452,11.354,11.806,1935309.0,0.0,0.071,0.471,0.471,7690997.0,12583851.0,22513461.0,22513461.0,0.0,,,,,0.0,6287436.0,1.0,482160144.0,482160144,494031168.0,0.047,21666377.0,881618.0,738347.0,1611652.0,0.045,11489532.0
81,MNST,MRQ,2001-03-31,2001-03-31,2001-03-31,2021-08-09,0.0,37921266.0,,18598133.0,19323133.0,,0.047,-102698.0,193626.0,193626.0,10607868.0,325448.0,3.265,0.692,8778621.0,236553.0,8542068.0,8778621.0,0.0,97654.0,0.0,0.0,0.0,745371.0,843025.0,0.05,843025.0,745371.0,542415.0,0.001,0.001,0.001,22408765.0,,22408765.0,43737831.0,7.0,6.385,1246962.0,0.003,1.0,6300246.0,0.373,17455045.0,202956.0,23354922.0,,10192788.0,0.0,0.0,0.0,15512501.0,5696294.0,9816207.0,33901885.0,62961.0,0.0,28621.0,-1187990.0,0.0,-1159369.0,-127330.0,0.0,1349660.0,0.0,325448.0,325448.0,325448.0,0.0,0.0,0.019,5556159.0,744087.0,4027810.0,0.0,1.513,9.543,8.789,1868088.0,0.0,0.07,0.467,0.465,6326432.0,11476326.0,16908114.0,16908114.0,0.0,,,,,0.0,5432927.0,1.0,482160144.0,480477840,494721552.0,0.035,20466221.0,881618.0,216967.0,2123305.0,0.043,12901839.0
82,MNST,MRQ,2000-12-31,2000-12-31,2000-12-31,2021-08-09,0.0,38957568.0,,19540879.0,19416689.0,,0.046,-193412.0,130665.0,130665.0,10307880.0,209748.0,3.314,0.766,9966611.0,234655.0,9731956.0,9966611.0,0.0,106880.0,0.0,0.0,0.0,598311.0,705191.0,0.068,705191.0,598311.0,385218.0,0.0,0.001,0.0,22054696.0,,22054696.0,47499504.0,7.0,6.572,-496779.0,-0.001,1.0,51704.0,0.005,17553645.0,213093.0,25343092.0,,10907895.0,0.0,0.0,0.0,16902872.0,5896777.0,11006095.0,38556517.0,5521.0,0.0,-84048.0,351509.0,0.0,267461.0,41427.0,0.0,-303367.0,0.0,209748.0,209748.0,209748.0,0.0,0.0,0.02,-545160.0,596864.0,3894784.0,,1.748,9.848,10.091,1863044.0,0.0,0.081,0.538,0.538,6797314.0,11150878.0,10359584.0,10359584.0,0.0,,,,,0.0,-668298.0,1.0,477603312.0,477705408,494480688.0,0.022,21403923.0,881618.0,175470.0,2152405.0,0.045,13644102.0
83,MNST,MRQ,2000-09-30,2000-09-30,2000-09-30,2021-08-09,0.0,39212051.0,,20033275.0,19178776.0,,0.046,-249779.0,125144.0,125144.0,11723298.0,1365188.0,2.735,0.794,9068131.0,264460.0,8803671.0,9068131.0,0.0,92126.0,0.0,0.0,0.0,2322450.0,2414576.0,0.106,2414576.0,2322450.0,2245577.0,0.003,0.003,0.003,21857395.0,,21857395.0,56296208.0,7.0,7.055,23476.0,0.0,1.0,10978326.0,0.484,17911867.0,76873.0,22917457.0,,10777659.0,0.0,0.0,0.0,17354656.0,7325714.0,10028942.0,53991286.0,3535.0,0.0,26640.0,6641599.0,0.0,6668239.0,-6937959.0,0.0,273255.0,0.0,1365188.0,1365188.0,1365188.0,0.0,0.0,0.06,8658793.0,2319533.0,5577900.0,0.0,2.47,12.005,11.329,1266909.0,0.0,0.113,0.685,0.686,7361309.0,10941130.0,22701624.0,22701624.0,0.0,,,,,0.0,8576155.0,1.0,476568912.0,477000432,502447776.0,0.048,21300184.0,743364.0,880389.0,1693314.0,0.045,12707561.0
84,MNST,MRQ,2000-06-30,2000-06-30,2000-06-30,2021-08-09,0.0,30468110.0,,18032681.0,12435429.0,,0.043,-597832.0,121609.0,121609.0,11974847.0,1652087.0,2.293,0.489,2426531.0,1512524.0,914007.0,2426531.0,0.0,69661.0,0.0,0.0,0.0,2817370.0,2887031.0,0.127,2887031.0,2817370.0,2753479.0,0.004,0.003,0.004,20465568.0,,20465568.0,43505848.0,6.0,5.503,-273049.0,-0.001,1.0,10691928.0,0.472,11315988.0,63891.0,13593780.0,,8998888.0,0.0,0.0,0.0,10002542.0,7863264.0,2139278.0,41701403.0,-12078.0,0.0,-140554.0,488399.0,0.0,347845.0,-684706.0,0.0,324783.0,0.0,1652087.0,1652087.0,1652087.0,0.0,0.0,0.073,7875864.0,2816064.0,5204072.0,0.0,2.038,9.331,9.549,1119441.0,0.0,0.086,0.545,0.536,7192902.0,9575942.0,22666775.0,22666775.0,0.0,,,,,0.0,7793226.0,1.0,485252688.0,477196848,497644896.0,0.047,19152122.0,743364.0,1101392.0,1446138.0,0.04,10169417.0
85,MNST,MRQ,2000-03-31,2000-03-31,2000-03-31,2021-08-09,0.0,27721847.0,,15823256.0,11898591.0,,0.039,-138306.0,133687.0,133687.0,8774042.0,688103.0,2.313,0.463,1938132.0,1235416.0,702716.0,1938132.0,0.0,45995.0,0.0,0.0,0.0,1175133.0,1221128.0,0.076,1221128.0,1175133.0,1146838.0,0.001,0.001,0.001,18954035.0,,18954035.0,44820953.0,6.0,6.007,-1555817.0,-0.003,1.0,7203960.0,0.451,11302089.0,28295.0,11384378.0,,9994854.0,0.0,0.0,0.0,8767812.0,6839825.0,1927987.0,45063891.0,-1875468.0,0.0,-359944.0,171915.0,0.0,-188029.0,-269928.0,0.0,-1417511.0,0.0,688103.0,688103.0,688103.0,0.0,0.0,0.043,6036071.0,1167889.0,4552072.0,0.0,2.378,10.586,10.417,596502.0,0.0,0.094,0.617,0.616,4244322.0,7923855.0,15978002.0,15978002.0,0.0,,,,,0.0,5953412.0,1.0,480681504.0,479935536,503133120.0,0.033,16419758.0,743364.0,458735.0,1995836.0,0.034,8983431.0
86,MNST,MRQ,1999-12-31,1999-12-31,1999-12-31,2021-08-09,0.0,28708952.0,,16951880.0,11757072.0,,0.039,-46995.0,2009155.0,2009155.0,9732471.0,791999.0,2.131,0.541,1766217.0,863501.0,902716.0,1766217.0,0.0,118404.0,0.0,0.0,0.0,1338860.0,1457264.0,0.084,1457264.0,1338860.0,1306117.0,0.002,0.002,0.002,18625876.0,,18625876.0,42247325.0,6.0,5.363,-695322.0,-0.001,1.0,7708099.0,0.442,11252881.0,32743.0,9258044.0,,9894414.0,0.0,0.0,0.0,10083076.0,7955089.0,2127987.0,43138988.0,-816617.0,0.0,0.0,-167892.0,0.0,-167892.0,-398.0,0.0,-648327.0,0.0,791999.0,791999.0,791999.0,0.0,0.0,0.045,6396871.0,1311228.0,5936873.0,0.0,2.316,9.634,9.984,504191.0,0.0,0.09,0.597,0.594,3751258.0,7235752.0,17440570.0,17440570.0,0.0,,,,,0.0,5963570.0,1.0,480100032.0,480355872,499677504.0,0.036,17456071.0,743364.0,514118.0,1571907.0,0.036,8996791.0
87,MNST,MRQ,1999-09-30,1999-09-30,1999-09-30,2021-08-09,0.0,27637167.0,,15663596.0,11973571.0,,0.037,-33211.0,2825772.0,2825772.0,11060928.0,1336768.0,1.868,0.559,1934109.0,1167792.0,766317.0,1934109.0,0.0,67178.0,0.0,0.0,0.0,2273119.0,2340297.0,0.114,2340297.0,2273119.0,2238468.0,0.003,0.003,0.003,17728859.0,,17728859.0,49269013.0,6.0,6.297,727223.0,0.002,1.0,9430337.0,0.46,11382402.0,34651.0,6978097.0,,7826073.0,0.0,0.0,0.0,9908308.0,8385005.0,1523303.0,50506301.0,-65566.0,0.0,7081.0,280059.0,0.0,287140.0,-1113140.0,0.0,760434.0,0.0,1336768.0,1336768.0,1336768.0,0.0,0.0,0.065,7197976.0,2232361.0,6295852.0,0.0,2.849,11.49,11.72,591169.0,0.0,0.105,0.755,0.755,4421682.0,6443753.0,20491265.0,20491265.0,0.0,,,,,24342.0,7121372.0,1.0,478827264.0,478846848,510005040.0,0.043,16254765.0,0.0,901700.0,879328.0,0.034,7278591.0
88,MNST,MRQ,1999-06-30,1999-06-30,1999-06-30,2021-08-09,0.0,25624837.0,,14620625.0,11004212.0,,0.034,6896.0,2891338.0,2891338.0,10161707.0,1440190.0,1.856,0.566,1654050.0,1024042.0,630008.0,1654050.0,0.0,8535.0,0.0,0.0,0.0,2434070.0,2442605.0,0.128,2442605.0,2434070.0,2393990.0,0.003,0.003,0.003,16360669.0,,16360669.0,43209227.0,6.0,5.852,1165861.0,0.002,1.0,8980540.0,0.469,10379076.0,40080.0,6131299.0,,6502521.0,0.0,0.0,0.0,9264168.0,7877174.0,1386994.0,43480561.0,814795.0,0.0,0.0,-151159.0,0.0,-151159.0,-193011.0,10587.0,1158965.0,0.0,1440190.0,1440190.0,1440190.0,0.0,0.0,0.075,6570334.0,2410206.0,5064146.0,0.0,2.658,10.374,10.127,625136.0,0.0,0.091,0.69,0.691,4810843.0,5082644.0,19142247.0,19142247.0,0.0,,,,,24343.0,6481186.0,1.0,477043872.0,477655056,510645456.0,0.04,15245761.0,0.0,953800.0,1861946.0,0.032,6743451.0
89,MNST,MRQ,1999-03-31,1999-03-31,1999-03-31,2021-08-09,0.0,21874532.0,,10980647.0,10893885.0,,0.031,-103270.0,2076543.0,2076543.0,7821425.0,908912.0,1.969,0.468,1805209.0,1111525.0,693684.0,1805209.0,0.0,64226.0,0.0,0.0,0.0,1573443.0,1637669.0,0.108,1637669.0,1573443.0,1510412.0,0.002,0.002,0.002,14896136.0,,14896136.0,36199247.0,6.0,5.54,-56385.0,0.0,1.0,7407679.0,0.486,10242731.0,63031.0,5783591.0,,5405772.0,10587.0,0.0,10587.0,6978396.0,5576876.0,1401520.0,36597551.0,-1729546.0,0.0,20700.0,-1602576.0,0.0,-1581876.0,-194555.0,10274.0,46885.0,0.0,908912.0,908912.0,908912.0,0.0,0.0,0.06,5860395.0,1547284.0,3755346.0,0.0,2.457,9.716,9.604,640567.0,0.0,0.077,0.633,0.633,3156781.0,3618111.0,15229104.0,15229104.0,0.0,,,,,24341.0,5771247.0,1.0,476323872.0,476396784,505043184.0,0.032,11631801.0,0.0,601500.0,908146.0,0.024,5403771.0
90,MNST,MRQ,1998-12-31,1998-12-31,1998-12-31,2021-08-09,0.0,22556802.0,,11719098.0,10837704.0,,0.029,-99356.0,3806089.0,3806089.0,6005573.0,709874.0,1.924,0.618,3407785.0,2072818.0,1334967.0,3407785.0,0.0,84735.0,0.0,0.0,0.0,1319064.0,1403799.0,0.116,1403799.0,1319064.0,1232673.0,0.001,0.001,0.001,13942183.0,,13942183.0,52542915.0,9.0,8.388,-349302.0,-0.001,1.0,6055968.0,0.502,10215320.0,86391.0,5851057.0,,5211077.0,20861.0,0.0,20861.0,8614619.0,6092121.0,2522498.0,53276489.0,-478032.0,0.0,0.0,19827.0,0.0,-142762.0,-85324.0,10100.0,-249946.0,0.0,709874.0,709874.0,709874.0,0.0,0.0,0.059,4755779.0,1300189.0,1870253.0,0.0,3.821,14.952,13.997,601523.0,0.0,0.112,0.989,0.937,1827544.0,2684858.0,12061541.0,12061541.0,0.0,,,,,24342.0,4680314.0,1.0,475771440.0,475952256,519203376.0,0.025,12341482.0,630070.0,522799.0,2456716.0,0.026,5626977.0
91,MNST,MRQ,1998-09-30,1998-09-30,1998-09-30,2021-08-09,-67241.0,22434419.0,,11521803.0,10912616.0,,0.029,-25944.0,4284121.0,4284121.0,8703684.0,1132372.0,1.527,0.735,3550547.0,1593161.0,1957386.0,3550547.0,0.0,60860.0,0.0,0.0,0.0,1838719.0,1899579.0,0.115,1899579.0,1838719.0,1756372.0,0.003,0.002,0.003,12930568.0,,12930568.0,38427887.0,8.0,7.366,2255302.0,0.005,1.0,7885684.0,0.475,10273116.0,82347.0,3881264.0,,4207624.0,30961.0,0.0,30961.0,9503851.0,7546465.0,1957386.0,36897816.0,2137578.0,-21699.0,75957.0,-288656.0,0.0,-50110.0,-93558.0,29291.0,2281246.0,0.0,1132372.0,1132372.0,1132372.0,0.0,0.0,0.068,6078672.0,1807012.0,3252039.0,0.0,2.854,12.223,11.812,608539.0,0.0,0.083,0.699,0.703,2503872.0,2017883.0,16589368.0,16589368.0,0.0,,,,,24348.0,5975153.0,1.0,446232096.0,449126592,506399424.0,0.037,12161303.0,0.0,624000.0,1614590.0,0.027,3975338.0
92,MNST,MRQ,1998-06-30,1998-06-30,1998-06-30,2021-08-09,-67241.0,20142511.0,,9180810.0,10961701.0,,0.027,-46097.0,2146543.0,2146543.0,7009343.0,1015696.0,1.667,0.722,3676614.0,740660.0,2935954.0,3676614.0,0.0,24433.0,0.0,0.0,0.0,1568520.0,1592953.0,0.114,1592953.0,1568520.0,1465696.0,0.002,0.002,0.002,11697891.0,,11697891.0,45604186.0,9.0,8.138,1818249.0,0.004,1.0,6941187.0,0.498,10293030.0,102824.0,5870886.0,,3996739.0,46536.0,0.0,46536.0,8444620.0,5508666.0,2935954.0,42267454.0,1680624.0,0.0,0.0,-126037.0,0.0,-126037.0,-57685.0,10827.0,1864346.0,0.0,1015696.0,1015696.0,1015696.0,0.0,0.0,0.073,5372667.0,1568520.0,2855444.0,0.0,3.613,17.705,19.271,622135.0,0.0,0.096,0.851,0.851,2873885.0,861163.0,13950530.0,13950530.0,0.0,,,,,16229.0,5283867.0,1.0,438667632.0,438765504,497341392.0,0.032,9849481.0,0.0,450000.0,990590.0,0.022,3672144.0
93,MNST,MRQ,1998-03-31,1998-03-31,1998-03-31,2021-08-09,-66396.0,17334608.0,,6332359.0,11002249.0,,0.024,-264441.0,465919.0,465919.0,5613428.0,705186.0,1.861,0.625,3802651.0,537660.0,3264991.0,3802651.0,0.0,76466.0,0.0,0.0,0.0,1285245.0,1361711.0,0.121,1361711.0,1285245.0,1175309.0,0.002,0.001,0.002,10666810.0,,10666810.0,26643657.0,6.0,5.515,210841.0,0.0,1.0,5651428.0,0.502,10344415.0,109936.0,6924118.0,,3492822.0,57363.0,0.0,57363.0,6667798.0,3402807.0,3264991.0,23110229.0,70688.0,0.0,0.0,-126008.0,0.0,-126008.0,-278586.0,10872.0,475282.0,0.0,705186.0,705186.0,705186.0,0.0,0.0,0.063,4367286.0,1284142.0,1755775.0,0.0,2.167,11.948,13.182,600471.0,0.0,0.053,0.49,0.49,2196885.0,-170763.0,11264856.0,11264856.0,0.0,,,,,0.0,4278486.0,1.0,438281712.0,438281712,467532672.0,0.026,6990193.0,0.0,470123.0,540590.0,0.016,2929552.0
94,MNST,MRQ,1997-12-31,1997-12-31,1997-12-31,2021-08-09,-67241.0,16933359.0,,6067413.0,10865946.0,,0.023,33912.0,395231.0,395231.0,6270746.0,165423.0,1.702,0.7,3928659.0,520835.0,3407824.0,3928659.0,0.0,82093.0,0.0,0.0,0.0,280430.0,362523.0,0.033,362523.0,280430.0,205623.0,0.0,0.0,0.0,9960779.0,,9960779.0,,,,439697.0,0.001,1.0,4731609.0,0.43,10393198.0,74807.0,6508833.0,,3915983.0,60252.0,0.0,60252.0,6972580.0,3564756.0,3407824.0,16554265.0,-119338.0,0.0,11000.0,-963197.0,0.0,-789608.0,343378.0,-358.0,405785.0,-78893.0,165423.0,165423.0,165423.0,0.0,0.0,0.015,4425115.0,306494.0,2195200.0,,1.662,13.242,12.59,412496.0,0.0,0.038,0.384,0.384,1541731.0,-875949.0,11002355.0,11002355.0,0.0,,,,,0.0,4329368.0,1.0,438281712.0,427948944,455876208.0,0.026,6540161.0,0.0,40200.0,37800.0,0.015,2502657.0
95,MNST,MRQ,1997-09-30,1997-09-30,1997-09-30,2021-08-09,,,,,,,,-30945.0,,,7924398.0,501009.0,,,,,,,,63987.0,,0.0,0.0,2222552.0,2286539.0,0.17,2286539.0,2222552.0,2045132.0,0.001,0.001,0.001,,,,,,,480286.0,0.001,1.0,5514497.0,0.41,,177420.0,,,,,,,,,,,226505.0,1169.0,0.0,-71526.0,0.0,-234115.0,-68015.0,2276.0,511231.0,17404.0,501009.0,501009.0,501009.0,0.0,0.0,0.037,4836068.0,678429.0,,0.0,,,,,0.0,0.036,,,,,13438895.0,13438895.0,0.0,,,,,0.0,4725864.0,1.0,,442318176,442514352.0,0.03,,,1544123.0,,,
96,MNST,MRQ,1997-06-30,1997-06-30,1997-06-30,2021-08-09,,,,,,,,-111293.0,,,6791491.0,562563.0,,,,,,,,71131.0,,0.0,0.0,749054.0,820185.0,0.071,820185.0,749054.0,600363.0,0.001,0.001,0.001,,,,,,,109025.0,0.0,1.0,4704737.0,0.409,,148691.0,,,,,,,,,,,230512.0,349.0,0.0,19953.0,0.0,254689.0,-191577.0,0.0,220318.0,-52918.0,562563.0,562563.0,562563.0,0.0,0.0,0.049,3955683.0,749054.0,,0.0,,,,,0.0,0.025,,,,,11496228.0,11496228.0,0.0,,,,,0.0,3809192.0,1.0,,442318176,442514352.0,0.026,,,37800.0,,,
97,MNST,MRQ,1997-03-31,1997-03-31,1997-03-31,2021-08-09,,,,,,,,-40299.0,,,4236246.0,21155.0,,,,,,,,52903.0,,0.0,0.0,147931.0,200834.0,0.028,200834.0,147931.0,23555.0,0.0,0.0,0.0,,,,,,,140905.0,0.0,1.0,2883340.0,0.405,,124376.0,,,,,,,,,,,-129379.0,-1518.0,0.0,0.0,0.0,-234736.0,-62431.0,0.0,181204.0,-13416.0,21155.0,21155.0,21155.0,0.0,0.0,0.003,2735409.0,147931.0,,,,,,,0.0,0.021,,,,,7119586.0,7119586.0,0.0,,,,,0.0,2587765.0,1.0,,437897664,437904240.0,0.016,,,2400.0,,,
98,MNST,MRQ,1996-12-31,1996-12-31,1996-12-31,2021-08-09,60582.0,16109073.0,,4574151.0,11534922.0,,0.02,,186931.0,186931.0,,,0.628,0.825,4941970.0,4941970.0,0.0,4941970.0,0.0,,0.0,0.0,0.0,,,,,,,,,,8827451.0,,8827451.0,,,,,,1.0,,,10862497.0,,2719993.0,,3111124.0,70153.0,0.0,70153.0,7281622.0,7281622.0,0.0,,,,,,,,,,,,,,,,,,,,2139050.0,,,,22.083,602272.0,,0.022,,0.272,944227.0,-2126100.0,,,,,,,,,,1.0,,437897664,,,5246576.0,0.0,,0.0,0.012,-2707471.0
0,MNST,MRT,2021-06-30,2021-06-30,2021-06-30,2021-08-09,-16822000.0,7071543000.0,6376577000.0,3950675000.0,3120868000.0,0.807,11.171,-49092000.0,1584239000.0,1584239000.0,2169406000.0,1538346000.0,4.451,0.197,26462000.0,0.0,26462000.0,26462000.0,298712000.0,56405000.0,0.0,0.0,0.0,1795063000.0,1851468000.0,0.36,1851468000.0,1795063000.0,1795063000.0,2.91,2.88,2.91,5905498000.0,5288779000.0,5905498000.0,47133617523.0,26.0,25.457,1461199000.0,2.764,1.0,2978989000.0,0.579,2389966000.0,0.0,2236273000.0,1957472000.0,382890000.0,1059985000.0,968952000.0,91033000.0,1166045000.0,887527000.0,278518000.0,48284158523.0,662913000.0,0.0,39614000.0,2218000.0,0.0,41832000.0,-903343000.0,-807930000.0,1510291000.0,14133000.0,1538346000.0,1538346000.0,1538346000.0,0.0,0.0,0.299,1177966000.0,1801023000.0,362900000.0,0.0,8.176,31.387,31.392,309178000.0,0.0,91.35,9.378,9.38,909169000.0,7151030000.0,5148395000.0,5148395000.0,0.0,0.241,0.291,0.917,0.349,72946000.0,1177966000.0,1.0,528562217.0,528653000,535557000.0,9.739,4681577000.0,263636000.0,256717000.0,31289000.0,8.856,3063148000.0
1,MNST,MRT,2021-03-31,2021-03-31,2021-03-31,2021-08-09,-24874000.0,6534366000.0,5907144500.0,3433872000.0,3100494000.0,0.809,10.336,-63974000.0,1178879000.0,1178879000.0,1978737000.0,1445953000.0,4.353,0.197,28338000.0,0.0,28338000.0,28338000.0,303691000.0,58204000.0,0.0,0.0,0.0,1673684000.0,1731888000.0,0.362,1731888000.0,1673684000.0,1673684000.0,2.74,2.72,2.74,5459437000.0,4867789500.0,5459437000.0,46955021609.0,28.0,27.112,1284530000.0,2.432,1.0,2801620000.0,0.586,2394735000.0,0.0,2200229000.0,1707133000.0,368402000.0,1043859000.0,980108000.0,63751000.0,1074929000.0,788861000.0,286068000.0,48108002609.0,477043000.0,0.0,15595000.0,-1396000.0,0.0,14199000.0,-901546000.0,-793441000.0,1348504000.0,15886000.0,1445953000.0,1445953000.0,1445953000.0,0.0,0.0,0.302,1119308000.0,1682312000.0,334076000.0,0.0,8.812,33.271,33.245,312155000.0,0.0,91.09,10.064,10.065,802509000.0,6747268000.0,4780357000.0,4780357000.0,0.0,0.245,0.297,0.98,0.35,71553000.0,1119308000.0,1.0,528137036.0,528195000,534982000.0,9.05,4139631000.0,272821000.0,227731000.0,9991000.0,7.837,2645011000.0
2,MNST,MRT,2020-12-31,2020-12-31,2020-12-31,2021-08-09,3034000.0,6202716000.0,5493927250.0,3140955000.0,3061761000.0,0.837,9.744,-66279000.0,1180413000.0,1180413000.0,1874758000.0,1409594000.0,4.188,0.202,27432000.0,0.0,27432000.0,27432000.0,309865000.0,60973000.0,0.0,0.0,0.0,1626157000.0,1687130000.0,0.367,1687130000.0,1626157000.0,1626157000.0,2.66,2.64,2.66,5160860000.0,4470666750.0,5160860000.0,47773329687.0,29.0,28.316,1297884000.0,2.451,1.0,2723880000.0,0.592,2390689000.0,0.0,1909058000.0,1438072500.0,333085000.0,925645000.0,881354000.0,44291000.0,1041856000.0,749988000.0,291868000.0,48821741687.0,382456000.0,0.0,-522982000.0,-3086000.0,0.0,-526068000.0,-472487000.0,-379785000.0,1364163000.0,16848000.0,1409594000.0,1409594000.0,1409594000.0,0.0,0.0,0.307,1090727000.0,1633153000.0,296800000.0,0.0,9.46,34.635,34.767,314656000.0,0.0,92.48,10.617,10.651,666012000.0,6432074000.0,4598638000.0,4598638000.0,0.0,0.257,0.315,1.131,0.354,70289000.0,1090727000.0,1.0,527916757.0,529639000,534807000.0,8.683,3812027000.0,266383000.0,216563000.0,23433000.0,7.197,2390967000.0
3,MNST,MRT,2020-09-30,2020-09-30,2020-09-30,2021-08-09,-32529000.0,5697683000.0,5230836250.0,2825847000.0,2871836000.0,0.845,8.774,-120967000.0,1074730000.0,1074730000.0,1775597000.0,1192812000.0,3.652,0.231,26318000.0,0.0,26318000.0,26318000.0,313819000.0,62850000.0,0.0,0.0,0.0,1546594000.0,1609444000.0,0.364,1609444000.0,1546594000.0,1546594000.0,2.24,2.23,2.24,4629321000.0,4223272000.0,4629321000.0,41400350889.0,27.0,25.723,1120962000.0,2.124,1.0,2643964000.0,0.598,2391180000.0,0.0,1484328000.0,1295321750.0,318956000.0,619897000.0,599326000.0,20571000.0,1068362000.0,773763000.0,294599000.0,42297194889.0,357113000.0,0.0,-752839000.0,-3228000.0,0.0,-756067000.0,-139053000.0,8118000.0,1241929000.0,10304000.0,1192812000.0,1192812000.0,1192812000.0,0.0,0.0,0.27,1096066000.0,1547898000.0,281522000.0,0.0,9.137,35.46,35.804,304687000.0,0.0,80.2,9.57,9.575,740813000.0,5960338000.0,4419561000.0,4419561000.0,0.0,0.228,0.282,1.194,0.35,69508000.0,1096066000.0,1.0,527396445.0,527637000,533263000.0,8.376,3306503000.0,100841000.0,353782000.0,32082000.0,6.267,2052084000.0
4,MNST,MRT,2020-06-30,2020-06-30,2020-06-30,2021-08-09,-53438000.0,5193813000.0,5090757000.0,2371450000.0,2822363000.0,0.846,8.012,-130134000.0,921326000.0,921326000.0,1726341000.0,1144081000.0,3.514,0.23,24482000.0,0.0,24482000.0,24482000.0,317820000.0,64427000.0,0.0,0.0,0.0,1491125000.0,1555552000.0,0.361,1555552000.0,1491125000.0,1491125000.0,2.13,2.13,2.13,4221540000.0,4092936250.0,4221540000.0,35830169197.0,24.0,23.034,969301000.0,1.84,1.0,2580435000.0,0.599,2387187000.0,0.0,1234917000.0,1261611750.0,340536000.0,252830000.0,250753000.0,2077000.0,972273000.0,674865000.0,297408000.0,36501388197.0,33079000.0,0.0,-1024586000.0,-6174000.0,0.0,-1030760000.0,-19988000.0,111730000.0,1099435000.0,-15608000.0,1144081000.0,1144081000.0,1144081000.0,0.0,0.0,0.266,1095695000.0,1484740000.0,261969000.0,0.0,8.646,31.905,32.545,301946000.0,0.0,69.32,8.475,8.481,760433000.0,5612684000.0,4306776000.0,4306776000.0,0.0,0.225,0.28,1.182,0.346,65491000.0,1095695000.0,1.0,526563592.0,526911000,531191000.0,8.174,2806626000.0,104754000.0,347044000.0,22497000.0,5.327,1696585000.0
5,MNST,MRT,2020-03-31,2020-03-31,2020-03-31,2021-08-09,-62682000.0,4881497000.0,5063386750.0,2048722000.0,2832775000.0,0.853,7.221,-118571000.0,701836000.0,701836000.0,1734676000.0,1125185000.0,2.92,0.261,30617000.0,0.0,30617000.0,30617000.0,323237000.0,66490000.0,0.0,0.0,0.0,1467620000.0,1534110000.0,0.355,1534110000.0,1467620000.0,1467620000.0,2.08,2.07,2.08,3870946000.0,4051947750.0,3870946000.0,29438324949.0,20.0,19.189,1062927000.0,1.983,1.0,2582249000.0,0.598,2384750000.0,0.0,1123987000.0,1236883250.0,352305000.0,247435000.0,233513000.0,13922000.0,1010551000.0,701541000.0,309010000.0,30205776949.0,83492000.0,0.0,-972543000.0,-13909000.0,0.0,-986452000.0,-93527000.0,25464000.0,1181498000.0,-18027000.0,1125185000.0,1125185000.0,1125185000.0,0.0,0.0,0.261,1125783000.0,1456466000.0,305529000.0,0.0,7.803,26.845,27.048,295570000.0,0.0,56.26,6.997,6.986,670570000.0,5301315000.0,4316925000.0,4316925000.0,0.0,0.222,0.278,1.187,0.34,65130000.0,1125783000.0,1.0,536896142.0,536061000,540518000.0,8.053,2496747000.0,103410000.0,342435000.0,12711000.0,4.658,1347181000.0
6,MNST,MRT,2019-12-31,2019-12-31,2019-12-31,2021-08-09,-32387000.0,5150352000.0,5006975250.0,2316309000.0,2834043000.0,0.839,7.693,-109159000.0,797957000.0,797957000.0,1682234000.0,1107835000.0,3.504,0.235,30505000.0,0.0,30505000.0,30505000.0,331706000.0,64814000.0,0.0,0.0,0.0,1415962000.0,1480776000.0,0.352,1480776000.0,1415962000.0,1415962000.0,2.04,2.03,2.04,4171281000.0,4008916250.0,4171281000.0,33475125018.0,24.0,22.606,1004603000.0,1.853,1.0,2518585000.0,0.6,2383748000.0,0.0,1338055000.0,1219604250.0,360731000.0,545968000.0,533063000.0,12905000.0,979071000.0,661097000.0,317974000.0,34169671018.0,160444000.0,0.0,-614937000.0,-13569000.0,0.0,-628506000.0,-326724000.0,-216300000.0,1113762000.0,1912000.0,1107835000.0,1107835000.0,1107835000.0,0.0,0.0,0.264,1115646000.0,1402939000.0,274045000.0,0.0,8.192,30.844,31.152,298640000.0,0.0,63.55,8.134,8.202,540330000.0,5022480000.0,4200819000.0,4200819000.0,0.0,0.221,0.276,1.161,0.337,63356000.0,1115646000.0,1.0,537681684.0,542191000,546608000.0,7.748,2766604000.0,114137000.0,308127000.0,14717000.0,5.103,1655212000.0
7,MNST,MRT,2019-09-30,2019-09-30,2019-09-30,2021-08-09,-43083000.0,5137366000.0,4851110000.0,2360760000.0,2776606000.0,0.847,7.545,-73837000.0,717617000.0,717617000.0,1647824000.0,1091988000.0,3.305,0.251,23071000.0,0.0,23071000.0,23071000.0,335906000.0,62353000.0,0.0,0.0,0.0,1405625000.0,1467978000.0,0.357,1467978000.0,1405625000.0,1405625000.0,2.0,1.99,2.0,4107978000.0,3868821250.0,4107978000.0,30770318597.0,22.0,20.961,1087753000.0,1.998,1.0,2460019000.0,0.599,2379116000.0,0.0,1349488000.0,1113423750.0,317745000.0,601726000.0,587356000.0,14370000.0,1029388000.0,714216000.0,315172000.0,31635694597.0,3903000.0,0.0,-926033000.0,-13245000.0,0.0,-939278000.0,-209377000.0,-138837000.0,1161590000.0,-9032000.0,1091988000.0,1091988000.0,1091988000.0,0.0,0.0,0.266,1067614000.0,1392405000.0,304773000.0,0.0,7.701,28.971,29.03,251760000.0,0.0,58.06,7.701,7.695,647983000.0,4767526000.0,4107843000.0,4107843000.0,0.0,0.225,0.282,1.262,0.342,61565000.0,1067614000.0,1.0,544879342.0,544469000,548422000.0,7.545,2758250000.0,116817000.0,313637000.0,20334000.0,5.066,1646544000.0
8,MNST,MRT,2019-06-30,2019-06-30,2019-06-30,2021-08-09,-28756000.0,5084332000.0,4784608250.0,2326768000.0,2757564000.0,0.834,7.457,-60237000.0,888247000.0,888247000.0,1595750000.0,1060798000.0,3.298,0.253,22871000.0,0.0,22871000.0,22871000.0,342214000.0,61238000.0,0.0,0.0,0.0,1349622000.0,1410860000.0,0.354,1410860000.0,1349622000.0,1349622000.0,1.93,1.92,1.93,4057586000.0,3815143500.0,4057586000.0,34100942591.0,25.0,24.17,1055129000.0,1.939,1.0,2394676000.0,0.6,2377453000.0,0.0,1136003000.0,1058580500.0,299529000.0,364994000.0,357988000.0,7006000.0,1026746000.0,705500000.0,321246000.0,34696468591.0,228560000.0,0.0,-664971000.0,-9989000.0,0.0,-674960000.0,-209264000.0,-143920000.0,1115366000.0,-2582000.0,1060798000.0,1060798000.0,1060798000.0,0.0,0.0,0.266,1058141000.0,1336535000.0,292627000.0,0.0,8.551,32.708,33.073,240165000.0,0.0,63.83,8.695,8.704,688197000.0,4468603000.0,3990426000.0,3990426000.0,0.0,0.222,0.278,1.275,0.338,59665000.0,1058141000.0,1.0,543576196.0,544156000,548218000.0,7.333,2706879000.0,119478000.0,288824000.0,15179000.0,4.974,1621268000.0
9,MNST,MRT,2019-03-31,2019-03-31,2019-03-31,2021-08-09,-34125000.0,4655851000.0,4649042750.0,1907300000.0,2748551000.0,0.839,6.815,-69279000.0,618344000.0,618344000.0,1548603000.0,1038441000.0,3.023,0.259,22818000.0,0.0,22818000.0,22818000.0,346832000.0,57858000.0,0.0,0.0,0.0,1325756000.0,1383614000.0,0.355,1383614000.0,1325756000.0,1325756000.0,1.87,1.87,1.87,3698820000.0,3702037000.0,3698820000.0,29010135064.0,22.0,20.967,1067087000.0,1.966,1.0,2353651000.0,0.603,2374482000.0,0.0,1054871000.0,999471250.0,300780000.0,263697000.0,263697000.0,0.0,957031000.0,630972000.0,326059000.0,29645027064.0,106984000.0,0.0,-1256405000.0,-1736000.0,0.0,-1258141000.0,243861000.0,325678000.0,1136366000.0,-15102000.0,1038441000.0,1038441000.0,1038441000.0,0.0,0.0,0.266,1038485000.0,1315166000.0,267735000.0,0.0,8.015,28.548,29.187,241232000.0,0.0,54.58,7.597,7.592,596661000.0,4176130000.0,3902254000.0,3902254000.0,0.0,0.223,0.281,1.326,0.34,58996000.0,1038485000.0,1.0,543148169.0,542768000,548273000.0,7.19,2281369000.0,149348000.0,287315000.0,6113000.0,4.203,1276328000.0
10,MNST,MRT,2018-12-31,2018-12-31,2018-12-31,2021-08-09,-32864000.0,4526891000.0,4670113000.0,1804170000.0,2722721000.0,0.815,6.481,-70630000.0,637513000.0,637513000.0,1511808000.0,993004000.0,3.001,0.254,2621000.0,0.0,2621000.0,2621000.0,356269000.0,56979000.0,0.0,0.0,0.0,1293272000.0,1350251000.0,0.355,1350251000.0,1293272000.0,1293272000.0,1.78,1.76,1.78,3610901000.0,3746233750.0,3610901000.0,26505871535.0,20.0,19.63,1091251000.0,1.959,1.0,2295375000.0,0.603,2377521000.0,0.0,913333000.0,1067915750.0,277705000.0,320650000.0,320650000.0,0.0,915990000.0,601145000.0,314845000.0,27216862535.0,108891000.0,0.0,-1314225000.0,-1886000.0,0.0,-1316111000.0,272956000.0,355400000.0,1161881000.0,-9835000.0,993004000.0,993004000.0,993004000.0,0.0,0.0,0.261,1011756000.0,1283619000.0,248760000.0,0.0,7.537,27.409,27.652,243051000.0,0.0,49.22,7.149,7.203,484562000.0,3914645000.0,3807183000.0,3807183000.0,0.0,0.213,0.265,1.211,0.34,57111000.0,1011756000.0,1.0,552963481.0,557166000,564254000.0,6.833,2149370000.0,124518000.0,300268000.0,10189000.0,3.858,1203025000.0
11,MNST,MRT,2018-09-30,2018-09-30,2018-09-30,2021-08-09,-29777000.0,4871359000.0,4736143250.0,2152671000.0,2718688000.0,0.78,7.044,-70682000.0,713714000.0,713714000.0,1446525000.0,955221000.0,3.28,0.251,2723000.0,0.0,2723000.0,2723000.0,363239000.0,56252000.0,0.0,0.0,0.0,1250223000.0,1306475000.0,0.354,1306475000.0,1250223000.0,1250223000.0,1.7,1.69,1.7,3893267000.0,3817311500.0,3893267000.0,31543800016.0,25.0,24.144,948352000.0,1.716,1.0,2246784000.0,0.608,2373891000.0,0.0,1130115000.0,1173934000.0,262084000.0,459508000.0,457898000.0,1610000.0,978092000.0,656362000.0,321730000.0,32201048016.0,248155000.0,0.0,-866823000.0,-2187000.0,0.0,-869010000.0,106012000.0,187940000.0,1019034000.0,-7881000.0,955221000.0,955221000.0,955221000.0,0.0,0.0,0.259,1002563000.0,1244221000.0,278914000.0,0.0,8.271,33.711,34.282,242854000.0,0.0,58.28,8.719,8.721,620162000.0,3675538000.0,3693309000.0,3693309000.0,0.0,0.202,0.25,1.065,0.339,55453000.0,1002563000.0,1.0,552523130.0,552694000,559955000.0,6.682,2497468000.0,126467000.0,295002000.0,6453000.0,4.519,1496309000.0
12,MNST,MRT,2018-06-30,2018-06-30,2018-06-30,2021-08-09,-25196000.0,4542070000.0,4695530000.0,1828679000.0,2713391000.0,0.764,6.439,-82997000.0,659687000.0,659687000.0,1377791000.0,906232000.0,2.977,0.26,2439000.0,0.0,2439000.0,2439000.0,364147000.0,54297000.0,0.0,0.0,0.0,1229030000.0,1283327000.0,0.358,1283327000.0,1229030000.0,1229030000.0,1.61,1.59,1.61,3605160000.0,3786033250.0,3605160000.0,31732512088.0,26.0,24.727,872812000.0,1.559,1.0,2208834000.0,0.616,2371044000.0,0.0,899566000.0,1211744750.0,275566000.0,211093000.0,211093000.0,0.0,936910000.0,614212000.0,322698000.0,32241669088.0,-117968000.0,0.0,-1118876000.0,-2221000.0,0.0,-1121097000.0,49317000.0,140633000.0,955809000.0,-1997000.0,906232000.0,906232000.0,906232000.0,0.0,0.0,0.253,986814000.0,1222020000.0,267117000.0,0.0,8.943,35.578,35.59,240658000.0,0.0,57.3,8.989,8.944,592568000.0,3407806000.0,3586625000.0,3586625000.0,0.0,0.193,0.239,1.014,0.343,54644000.0,986814000.0,1.0,562681834.0,559867000,566352000.0,6.406,2171026000.0,117698000.0,322798000.0,15978000.0,3.878,1214467000.0
13,MNST,MRT,2018-03-31,2018-03-31,2018-03-31,2021-08-09,-13721000.0,4740132000.0,4731045250.0,2038548000.0,2701584000.0,0.735,6.847,-82723000.0,511360000.0,511360000.0,1305747000.0,858749000.0,3.817,0.223,2203000.0,0.0,2203000.0,2203000.0,372625000.0,51695000.0,0.0,0.0,0.0,1218423000.0,1270118000.0,0.365,1270118000.0,1218423000.0,1218423000.0,1.52,1.5,1.52,3875607000.0,3828747500.0,3875607000.0,31876374213.0,26.0,25.097,860955000.0,1.521,1.0,2172073000.0,0.625,2368304000.0,0.0,1328649000.0,1232050250.0,268607000.0,588719000.0,585222000.0,3497000.0,864525000.0,534022000.0,330503000.0,32403901213.0,-64977000.0,0.0,-567558000.0,-2426000.0,0.0,-569984000.0,-449365000.0,-365074000.0,943678000.0,10694000.0,858749000.0,858749000.0,858749000.0,0.0,0.0,0.247,957633000.0,1214440000.0,226063000.0,0.0,8.361,37.734,37.638,231199000.0,0.0,57.21,9.317,9.311,525463000.0,3137691000.0,3477820000.0,3477820000.0,0.0,0.182,0.224,0.989,0.35,52579000.0,957633000.0,1.0,566402748.0,566000000,574129000.0,6.145,2371828000.0,172005000.0,359674000.0,9758000.0,4.191,1504526000.0
14,MNST,MRT,2017-12-31,2017-12-31,2017-12-31,2021-08-09,-16659000.0,4791012000.0,4633449000.0,2086377000.0,2704635000.0,0.727,6.873,-91712000.0,528622000.0,528622000.0,1231355000.0,820678000.0,3.723,0.23,1095000.0,0.0,1095000.0,1095000.0,377590000.0,48887000.0,0.0,0.0,0.0,1201623000.0,1250510000.0,0.371,1250510000.0,1201623000.0,1201623000.0,1.45,1.42,1.45,3895212000.0,3742402250.0,3895212000.0,35228497257.0,29.0,28.171,896019000.0,1.581,1.0,2137690000.0,0.635,2365728000.0,0.0,1337406000.0,1134652250.0,255745000.0,675299000.0,672933000.0,2366000.0,895800000.0,560351000.0,335449000.0,35693237257.0,151040000.0,0.0,-308552000.0,-2583000.0,0.0,-311135000.0,-531541000.0,-438630000.0,987731000.0,5985000.0,820678000.0,820678000.0,820678000.0,0.0,0.0,0.244,938903000.0,1198787000.0,245910000.0,0.0,9.163,43.492,43.648,230276000.0,0.0,63.29,10.594,10.647,449476000.0,2928226000.0,3369045000.0,3369045000.0,0.0,0.177,0.219,1.059,0.357,52282000.0,938903000.0,1.0,563963300.0,566782000,577141000.0,5.944,2425284000.0,231057000.0,380945000.0,10645000.0,4.279,1526026000.0
15,MNST,MRT,2017-09-30,2017-09-30,2017-09-30,2021-08-09,-15533000.0,4708906000.0,4474063750.0,1934297000.0,2774609000.0,0.74,6.635,-104591000.0,465559000.0,465559000.0,1180262000.0,792304000.0,3.236,0.25,819000.0,0.0,819000.0,819000.0,385815000.0,46075000.0,0.0,0.0,0.0,1180504000.0,1226579000.0,0.37,1226579000.0,1180504000.0,1180504000.0,1.39,1.38,1.39,3768154000.0,3601026500.0,3768154000.0,30613687886.0,26.0,24.959,966119000.0,1.701,1.0,2132193000.0,0.644,2365124000.0,0.0,1281358000.0,1035556250.0,213341000.0,637351000.0,630348000.0,7003000.0,940752000.0,597684000.0,343068000.0,31391342886.0,124033000.0,0.0,-466603000.0,-2506000.0,0.0,-469109000.0,-472879000.0,-366141000.0,1070710000.0,-4689000.0,792304000.0,792304000.0,792304000.0,0.0,0.0,0.239,948790000.0,1183403000.0,229551000.0,0.0,8.331,39.62,39.748,225421000.0,0.0,55.25,9.477,9.472,535336000.0,2726904000.0,3312455000.0,3312455000.0,0.0,0.177,0.22,1.14,0.356,51378000.0,948790000.0,1.0,568169102.0,567878000,578368000.0,5.833,2343782000.0,202357000.0,388200000.0,10156000.0,4.127,1336613000.0
16,MNST,MRT,2017-06-30,2017-06-30,2017-06-30,2021-08-09,-16833000.0,4684131000.0,4355945000.0,1880079000.0,2804052000.0,0.733,6.649,-127002000.0,777655000.0,777655000.0,1125474000.0,765203000.0,3.35,0.24,0.0,0.0,0.0,0.0,390889000.0,44291000.0,0.0,0.0,0.0,1148474000.0,1192765000.0,0.374,1192765000.0,1148474000.0,1148474000.0,1.34,1.33,1.34,3776017000.0,3508588000.0,3776017000.0,27632553721.0,24.0,23.167,860020000.0,1.514,1.0,2065459000.0,0.647,2364517000.0,0.0,980788000.0,979668500.0,190600000.0,372490000.0,323851000.0,48639000.0,908114000.0,561171000.0,346943000.0,28208890721.0,342886000.0,0.0,-223154000.0,-2594000.0,0.0,-225748000.0,-413498000.0,-293155000.0,987022000.0,-4890000.0,765203000.0,765203000.0,765203000.0,0.0,0.0,0.24,909053000.0,1156406000.0,242667000.0,0.0,7.471,36.865,37.075,211555000.0,0.0,49.68,8.84,8.842,537082000.0,2508161000.0,3190933000.0,3190933000.0,0.0,0.176,0.218,1.172,0.36,50241000.0,909053000.0,1.0,567811810.0,567910000,578020000.0,5.619,2319614000.0,165231000.0,383271000.0,8951000.0,4.084,1318908000.0
17,MNST,MRT,2017-03-31,2017-03-31,2017-03-31,2021-08-09,-21917000.0,4349747000.0,4194426250.0,1616816000.0,2732931000.0,0.742,6.176,-115347000.0,576337000.0,576337000.0,1111577000.0,726789000.0,3.441,0.232,0.0,0.0,0.0,0.0,392322000.0,43004000.0,0.0,0.0,0.0,1089285000.0,1132289000.0,0.364,1132289000.0,1089285000.0,1089285000.0,1.26,1.24,1.26,3530226000.0,3362686500.0,3530226000.0,25783233066.0,24.0,22.771,669413000.0,1.171,1.0,1999776000.0,0.643,2364529000.0,0.0,939057000.0,919505750.0,171290000.0,209843000.0,209366000.0,477000.0,819521000.0,469824000.0,349697000.0,26160815066.0,-1951772000.0,-688485000.0,-2224537000.0,-2537000.0,0.0,-2227074000.0,-496767000.0,305758000.0,784760000.0,-12691000.0,726789000.0,726789000.0,726789000.0,0.0,0.0,0.234,904888000.0,1094888000.0,178093000.0,0.0,7.411,35.995,36.643,189631000.0,0.0,46.17,8.408,8.482,571977000.0,2285528000.0,3111353000.0,3111353000.0,0.0,0.173,0.216,1.185,0.35,48928000.0,904888000.0,1.0,566619343.0,571578000,582032000.0,5.443,1985218000.0,199882000.0,362496000.0,8749000.0,3.473,1146992000.0
18,MNST,MRT,2016-12-31,2016-12-31,2016-12-31,2021-08-09,-23249000.0,4153471000.0,4577860500.0,1432270000.0,2721201000.0,0.666,5.664,-104530000.0,377582000.0,377582000.0,1107393000.0,712685000.0,3.044,0.247,0.0,0.0,0.0,0.0,394845000.0,40845000.0,0.0,0.0,0.0,1079685000.0,1120530000.0,0.367,1120530000.0,1079685000.0,1079685000.0,1.21,1.19,1.21,3329709000.0,3728091500.0,3329709000.0,24975490336.0,23.0,22.289,596825000.0,1.015,1.0,1942000000.0,0.637,2364278000.0,0.0,941022000.0,961348250.0,161971000.0,222948000.0,220554000.0,2394000.0,823762000.0,470589000.0,353173000.0,25317016336.0,-1797835000.0,-688485000.0,-2236032000.0,-2359000.0,0.0,-2238391000.0,-256193000.0,536815000.0,701355000.0,-4606000.0,712685000.0,712685000.0,712685000.0,0.0,0.0,0.234,856662000.0,1085338000.0,193270000.0,0.0,7.603,35.523,36.645,173343000.0,0.0,44.34,8.302,8.548,573051000.0,2107548000.0,3049393000.0,3049393000.0,0.0,0.156,0.191,1.123,0.354,45848000.0,856662000.0,1.0,570974658.0,587874000,599819000.0,5.187,1789193000.0,226106000.0,367000000.0,7657000.0,3.043,961681000.0
19,MNST,MRT,2016-09-30,2016-09-30,2016-09-30,2021-08-09,-14534000.0,4236431000.0,4932312000.0,1550024000.0,2686407000.0,0.596,5.95,-83246000.0,341526000.0,341526000.0,1093813000.0,678481000.0,3.279,0.247,0.0,0.0,0.0,0.0,399796000.0,38977000.0,0.0,0.0,0.0,1059303000.0,1098280000.0,0.373,1098280000.0,1059303000.0,1062447000.0,1.15,1.117,1.15,3398400000.0,4098016750.0,3398400000.0,27511498421.0,26.0,25.05,508445000.0,0.89,1.0,1847248000.0,0.628,2364456000.0,-3144000.0,1057807000.0,1045563250.0,167840000.0,267172000.0,257653000.0,9519000.0,838031000.0,472642000.0,365389000.0,27946267421.0,-899191000.0,-688485000.0,-2035209000.0,-2007000.0,0.0,-2037216000.0,542005000.0,1311942000.0,591691000.0,4329000.0,678481000.0,678481000.0,678481000.0,0.0,0.0,0.231,785189000.0,1062059000.0,172159000.0,0.0,8.223,41.189,42.554,144625000.0,0.0,48.937,9.502,9.503,592348000.0,1934601000.0,2941061000.0,2941061000.0,0.0,0.138,0.166,1.013,0.36,42765000.0,785189000.0,1.0,571070106.0,571137000,583293000.0,5.149,1871975000.0,297757000.0,383966000.0,5835000.0,3.278,1077382000.0
20,MNST,MRT,2016-06-30,2016-06-30,2016-06-30,2021-08-09,-14477000.0,4038056000.0,5274138750.0,1292825000.0,2745231000.0,0.552,5.295,-43173000.0,434769000.0,434769000.0,1099977000.0,661412000.0,2.599,0.265,0.0,0.0,0.0,0.0,381342000.0,36940000.0,0.0,0.0,0.0,1061403000.0,1098343000.0,0.377,1098343000.0,1061403000.0,1061185000.0,1.093,1.067,1.093,3192411000.0,4412056000.0,3192411000.0,30102877049.0,28.0,27.408,566309000.0,0.939,1.0,1809749000.0,0.622,2365794000.0,218000.0,740137000.0,1316720750.0,174401000.0,44319000.0,44319000.0,0.0,845645000.0,497356000.0,348289000.0,32630986049.0,-1261526000.0,-688485000.0,-2382296000.0,-1652000.0,0.0,-2383948000.0,508558000.0,1243092000.0,609482000.0,4382000.0,661412000.0,661412000.0,661412000.0,0.0,0.0,0.227,746627000.0,1063122000.0,183084000.0,0.0,10.221,49.335,49.012,102562000.0,0.0,53.57,11.214,11.1,590708000.0,1742960000.0,2909726000.0,2909726000.0,0.0,0.125,0.15,0.806,0.365,39472000.0,746627000.0,1.0,609127983.0,602937000,614904000.0,4.826,1672262000.0,281866000.0,399773000.0,5651000.0,2.774,795469000.0
21,MNST,MRT,2016-03-31,2016-03-31,2016-03-31,2021-08-09,-15443000.0,5883484000.0,5712520000.0,3792872000.0,2090612000.0,0.486,8.199,-44806000.0,2528109000.0,2528109000.0,1089517000.0,706197000.0,7.015,0.179,0.0,0.0,0.0,0.0,387209000.0,33414000.0,0.0,0.0,0.0,1138226000.0,1171640000.0,0.422,1171640000.0,1138226000.0,1138008000.0,1.213,1.187,1.213,4991846000.0,4827658250.0,4991846000.0,24890030859.0,22.0,21.244,484552000.0,0.796,1.0,1686443000.0,0.608,1708293000.0,218000.0,1106427000.0,1603540500.0,165929000.0,515662000.0,508243000.0,7419000.0,891638000.0,540655000.0,350983000.0,27065447859.0,2165322000.0,198008000.0,1123019000.0,-1409000.0,0.0,1121610000.0,504698000.0,173111000.0,529358000.0,9656000.0,706197000.0,706197000.0,706197000.0,0.0,0.0,0.254,707175000.0,979268000.0,183216000.0,0.0,5.422,38.326,36.653,99257000.0,0.0,44.46,9.75,9.751,541704000.0,1558740000.0,2775960000.0,2775960000.0,0.0,0.124,0.146,0.71,0.41,36427000.0,707175000.0,1.0,608759511.0,608838000,620724000.0,4.559,4175191000.0,273726000.0,431811000.0,71750000.0,6.858,3252217000.0
22,MNST,MRT,2015-12-31,2015-12-31,2015-12-31,2021-08-09,-21878000.0,5571277000.0,4762885500.0,3599532000.0,1971745000.0,0.572,8.49,-41567000.0,2175417000.0,2175417000.0,1090263000.0,546733000.0,8.773,0.158,0.0,0.0,0.0,0.0,383861000.0,30860000.0,0.0,0.0,0.0,891548000.0,922408000.0,0.339,922408000.0,891548000.0,891548000.0,0.97,0.95,0.97,4809410000.0,3946785250.0,4809410000.0,28956820791.0,32.0,31.393,481156000.0,0.849,1.0,1632301000.0,0.6,1707701000.0,0.0,1277882000.0,1602557000.0,156121000.0,759958000.0,744610000.0,15348000.0,761867000.0,410277000.0,351590000.0,30197537791.0,1805094000.0,198008000.0,888694000.0,-1083000.0,0.0,887611000.0,400066000.0,64365000.0,522723000.0,-5306000.0,546733000.0,546733000.0,546733000.0,0.0,0.0,0.201,900118000.0,732183000.0,144763000.0,0.0,6.279,55.233,51.189,97354000.0,0.0,49.653,11.092,10.331,477955000.0,1394863000.0,2722564000.0,2722564000.0,0.0,0.115,0.139,0.556,0.327,32719000.0,900118000.0,1.0,608167383.0,566448000,577758000.0,4.806,3863576000.0,158930000.0,344815000.0,2750000.0,6.821,3189255000.0
23,MNST,MRT,2015-09-30,2015-09-30,2015-09-30,2021-08-09,-20851000.0,5603738000.0,3854785000.0,3750647000.0,1853091000.0,0.696,7.567,-36988000.0,1240717000.0,1240717000.0,1121974000.0,533323000.0,7.433,0.204,0.0,0.0,0.0,0.0,386541000.0,28284000.0,0.0,0.0,0.0,857335000.0,885619000.0,0.33,885619000.0,857335000.0,853973000.0,0.97,0.943,0.97,4654557000.0,3123220250.0,4654557000.0,26074767966.0,30.0,29.442,505188000.0,0.821,1.0,1560724000.0,0.582,1715978000.0,3362000.0,2142437000.0,1569088750.0,159691000.0,1579065000.0,1544710000.0,34355000.0,949181000.0,504606000.0,444575000.0,27771062966.0,832394000.0,198008000.0,934146000.0,-1110000.0,0.0,921495000.0,-626079000.0,-962334000.0,542176000.0,-5198000.0,533323000.0,533323000.0,533323000.0,0.0,0.0,0.199,864067000.0,696657000.0,238106000.0,0.0,5.966,52.072,46.44,94727000.0,0.0,45.047,10.352,10.329,533485000.0,1256121000.0,2682698000.0,2682698000.0,0.0,0.138,0.171,0.546,0.32,41273000.0,864067000.0,1.0,616495404.0,615153000,624282000.0,4.361,3887760000.0,246302000.0,320650000.0,104256000.0,6.32,3246041000.0
24,MNST,MRT,2015-06-30,2015-06-30,2015-06-30,2021-08-09,-19073000.0,5791581000.0,2919570000.0,3922379000.0,1869202000.0,0.878,9.144,-31302000.0,1696295000.0,1696295000.0,1124883000.0,480349000.0,7.973,0.193,0.0,0.0,0.0,0.0,381796000.0,25905000.0,0.0,0.0,0.0,754766000.0,780671000.0,0.305,780671000.0,754766000.0,754766000.0,0.93,0.897,0.93,4854820000.0,2306191000.0,4854820000.0,22443537657.0,30.0,28.749,468008000.0,0.881,1.0,1437168000.0,0.561,1715943000.0,0.0,1887416000.0,1287670750.0,180892000.0,1287222000.0,1234858000.0,52364000.0,936761000.0,491927000.0,444834000.0,22806324657.0,1323244000.0,198008000.0,1278239000.0,-1176000.0,0.0,1273760000.0,-438252000.0,-780792000.0,499310000.0,-11574000.0,480349000.0,480349000.0,480349000.0,0.0,0.0,0.187,842042000.0,595126000.0,194731000.0,0.0,4.698,47.479,48.036,92538000.0,0.0,44.673,8.902,9.258,498335000.0,1081547000.0,2562051000.0,2562051000.0,0.0,0.165,0.208,0.586,0.295,31603000.0,842042000.0,1.0,510513162.0,530955000,544251000.0,4.825,4075638000.0,289371000.0,274417000.0,100908000.0,7.676,3430452000.0
25,MNST,MRT,2015-03-31,2015-03-31,2015-03-31,2021-08-09,-21433000.0,2084946000.0,1913929500.0,1841895000.0,243051000.0,1.335,2.881,-25351000.0,362787000.0,362787000.0,1133580000.0,392348000.0,3.353,0.42,0.0,0.0,0.0,0.0,77889000.0,25668000.0,0.0,0.0,0.0,605633000.0,631301000.0,0.247,631301000.0,605633000.0,605633000.0,0.78,0.747,0.78,1468354000.0,1406393750.0,1468354000.0,23159085883.0,38.0,36.685,538662000.0,1.057,1.0,1421948000.0,0.556,70379000.0,0.0,1102493000.0,1047010750.0,197914000.0,688524000.0,647284000.0,41240000.0,616592000.0,549287000.0,67305000.0,23529408883.0,50767000.0,0.0,-228978000.0,-1195000.0,0.0,-232775000.0,-266819000.0,-240725000.0,564013000.0,-13652000.0,392348000.0,392348000.0,392348000.0,0.0,0.0,0.154,815678000.0,606270000.0,167789000.0,0.0,16.024,59.971,59.143,88296000.0,0.0,46.132,9.207,9.199,344055000.0,2334924000.0,2555528000.0,2555528000.0,0.0,0.205,0.279,0.578,0.237,30522000.0,815678000.0,1.0,510048966.0,509613000,521334000.0,5.015,2014567000.0,300708000.0,213285000.0,1586000.0,3.953,1292608000.0
26,MNST,MRT,2014-12-31,2014-12-31,2014-12-31,2021-08-09,-11453000.0,1938875000.0,1791088750.0,1653154000.0,285721000.0,1.376,3.02,-30400000.0,370323000.0,370323000.0,1125057000.0,483185000.0,4.647,0.28,0.0,0.0,0.0,0.0,117935000.0,25651000.0,0.0,0.0,0.0,745788000.0,771439000.0,0.313,771439000.0,745788000.0,745788000.0,0.96,0.92,0.96,1515150000.0,1314986750.0,1515150000.0,17755245632.0,24.0,23.016,567091000.0,1.13,1.0,1339810000.0,0.544,68827000.0,0.0,1144009000.0,980305500.0,174573000.0,824074000.0,781134000.0,42940000.0,423725000.0,355716000.0,68009000.0,18163568632.0,158974000.0,0.0,8993000.0,-1619000.0,0.0,7374000.0,-440403000.0,-411233000.0,597491000.0,-5488000.0,483185000.0,483185000.0,483185000.0,0.0,0.0,0.196,592305000.0,747505000.0,127641000.0,0.0,11.988,37.591,37.622,90156000.0,0.0,36.117,7.369,7.352,280755000.0,2330510000.0,2464867000.0,2464867000.0,0.0,0.27,0.367,0.761,0.303,28552000.0,592305000.0,1.0,502913760.0,501771000,522855000.0,4.912,1870048000.0,102998000.0,262603000.0,5848000.0,3.727,1297438000.0
27,MNST,MRT,2014-09-30,2014-09-30,2014-09-30,2021-08-09,-6337000.0,1862878000.0,1661497250.0,1617479000.0,245399000.0,1.445,2.762,-37620000.0,408323000.0,408323000.0,1114962000.0,433959000.0,4.364,0.344,0.0,0.0,0.0,0.0,120162000.0,25442000.0,0.0,0.0,0.0,685620000.0,711062000.0,0.296,711062000.0,685620000.0,685620000.0,0.863,0.833,0.863,1386440000.0,1184269000.0,1386440000.0,14952005646.0,22.0,21.028,435628000.0,0.868,1.0,1285187000.0,0.535,67179000.0,0.0,1016765000.0,901146250.0,205449000.0,616460000.0,588041000.0,28419000.0,476438000.0,370611000.0,105827000.0,15325056646.0,121304000.0,0.0,-44220000.0,-1881000.0,0.0,-34462000.0,-316093000.0,-289952000.0,473248000.0,-1389000.0,433959000.0,433959000.0,433959000.0,0.0,0.0,0.181,595848000.0,689339000.0,145373000.0,0.0,11.054,35.315,35.407,88487000.0,0.0,30.557,6.385,6.392,333165000.0,2205179000.0,2400149000.0,2400149000.0,0.0,0.261,0.366,0.761,0.286,18042000.0,595848000.0,1.0,501529071.0,502038000,522810000.0,4.781,1795699000.0,110480000.0,251661000.0,2697000.0,3.577,1246868000.0
28,MNST,MRT,2014-06-30,2014-06-30,2014-06-30,2021-08-09,-621000.0,1769019000.0,1573744500.0,1487353000.0,281666000.0,1.496,2.505,-43847000.0,373051000.0,373051000.0,1103862000.0,404546000.0,3.674,0.409,0.0,0.0,0.0,0.0,122864000.0,25420000.0,0.0,0.0,0.0,647474000.0,672894000.0,0.286,672894000.0,647474000.0,647474000.0,0.803,0.777,0.803,1255631000.0,1077756750.0,1255631000.0,11555487296.0,18.0,17.173,457443000.0,0.913,1.0,1250737000.0,0.531,66351000.0,0.0,924776000.0,827695750.0,207908000.0,505651000.0,453969000.0,51682000.0,513388000.0,404841000.0,108547000.0,11867507296.0,89212000.0,0.0,-41582000.0,-2066000.0,0.0,-38880000.0,-377246000.0,-338952000.0,501290000.0,4048000.0,404546000.0,404546000.0,404546000.0,0.0,0.0,0.172,599876000.0,650861000.0,155776000.0,0.0,9.451,29.335,29.485,91218000.0,0.0,23.677,5.04,5.041,398792000.0,2083579000.0,2354599000.0,2354599000.0,0.0,0.257,0.375,0.782,0.275,24693000.0,599876000.0,1.0,501232182.0,501294000,521892000.0,4.697,1702668000.0,91482000.0,242928000.0,12839000.0,3.397,1082512000.0
29,MNST,MRT,2014-03-31,2014-03-31,2014-03-31,2021-08-09,-1131000.0,1593583000.0,1460950250.0,1355213000.0,238370000.0,1.573,2.202,-43835000.0,312020000.0,312020000.0,1090623000.0,370416000.0,3.563,0.445,0.0,0.0,0.0,0.0,124525000.0,24155000.0,0.0,0.0,0.0,607508000.0,631663000.0,0.275,631663000.0,607508000.0,607508000.0,0.737,0.713,0.737,1102726000.0,977854250.0,1102726000.0,11378270040.0,19.0,18.013,388707000.0,0.776,1.0,1207711000.0,0.525,65525000.0,0.0,835672000.0,753527750.0,204061000.0,447063000.0,438932000.0,8131000.0,490857000.0,380366000.0,110491000.0,11589619040.0,69487000.0,0.0,-29659000.0,-2211000.0,0.0,904000.0,-368337000.0,-324371000.0,432542000.0,4378000.0,370416000.0,370416000.0,370416000.0,0.0,0.0,0.161,593236000.0,614475000.0,125581000.0,0.0,10.51,31.288,31.411,91733000.0,0.0,23.15,5.043,5.044,345786000.0,1942575000.0,2298334000.0,2298334000.0,0.0,0.254,0.379,0.806,0.264,-3983000.0,593236000.0,1.0,500631492.0,500739000,521223000.0,4.59,1528058000.0,89375000.0,237092000.0,45900000.0,3.052,974847000.0
30,MNST,MRT,2013-12-31,2013-12-31,2013-12-31,2021-08-09,-1233000.0,1420509000.0,1349397500.0,1183043000.0,237466000.0,1.665,1.984,-42915000.0,211349000.0,211349000.0,1073497000.0,338661000.0,3.744,0.432,0.0,0.0,0.0,0.0,126048000.0,22762000.0,0.0,0.0,0.0,563894000.0,586656000.0,0.261,586656000.0,563894000.0,563894000.0,0.677,0.65,0.677,992279000.0,877515500.0,992279000.0,11076193493.0,20.0,18.88,299118000.0,0.598,1.0,1172931000.0,0.522,65774000.0,0.0,827372000.0,673878250.0,221449000.0,412039000.0,402247000.0,9792000.0,428230000.0,316014000.0,112216000.0,11363212493.0,-11165000.0,0.0,-46347000.0,-1887000.0,0.0,-17886000.0,-339808000.0,-292533000.0,342033000.0,4496000.0,338661000.0,338661000.0,338661000.0,0.0,0.0,0.151,600015000.0,572916000.0,119376000.0,0.0,11.452,33.553,33.368,88143000.0,0.0,22.59,5.058,5.028,296180000.0,1847325000.0,2246428000.0,2246428000.0,0.0,0.251,0.386,0.837,0.251,-1584000.0,600015000.0,1.0,503019588.0,500037000,520161000.0,4.493,1354735000.0,94053000.0,225233000.0,9359000.0,2.709,867029000.0
31,MNST,MRT,2013-09-30,2013-09-30,2013-09-30,2021-08-09,-1134000.0,1511867000.0,1255101500.0,1278457000.0,233410000.0,1.735,1.912,-42733000.0,287019000.0,287019000.0,1037437000.0,330539000.0,2.917,0.574,0.0,0.0,0.0,0.0,127906000.0,21778000.0,0.0,0.0,0.0,543724000.0,565502000.0,0.26,565502000.0,543724000.0,543724000.0,0.66,0.637,0.66,960391000.0,790545000.0,960391000.0,8463003332.0,16.0,14.965,302728000.0,0.603,1.0,1139659000.0,0.523,63613000.0,0.0,722963000.0,586439750.0,247368000.0,325297000.0,315572000.0,9725000.0,551476000.0,438272000.0,113204000.0,8746842332.0,3965000.0,0.0,-333450000.0,-1776000.0,0.0,-289615000.0,-53800000.0,5518000.0,345461000.0,1919000.0,330539000.0,330539000.0,330539000.0,0.0,0.0,0.152,587616000.0,552043000.0,162851000.0,0.0,9.108,26.462,26.389,88495000.0,0.0,17.417,4.018,4.019,343205000.0,1771219000.0,2177096000.0,2177096000.0,0.0,0.263,0.418,0.927,0.25,-17187000.0,587616000.0,1.0,502211043.0,502371000,521844000.0,4.334,1448254000.0,116901000.0,213185000.0,53577000.0,2.883,840185000.0
32,MNST,MRT,2013-06-30,2013-06-30,2013-06-30,2021-08-09,-2984000.0,1317842000.0,1206865250.0,1093822000.0,224020000.0,1.764,1.714,-40623000.0,283839000.0,283839000.0,1022833000.0,324494000.0,3.16,0.539,0.0,0.0,0.0,0.0,129858000.0,20830000.0,0.0,0.0,0.0,534239000.0,555069000.0,0.261,555069000.0,534239000.0,534239000.0,0.64,0.617,0.64,856021000.0,772866000.0,856021000.0,9853045441.0,18.0,17.751,236704000.0,0.474,1.0,1105781000.0,0.519,59725000.0,0.0,628104000.0,572193750.0,233549000.0,160150000.0,148197000.0,11953000.0,461821000.0,346174000.0,115647000.0,10095578441.0,-135328000.0,0.0,-720200000.0,-1779000.0,0.0,-676362000.0,258816000.0,309186000.0,277327000.0,4891000.0,324494000.0,324494000.0,324494000.0,0.0,0.0,0.152,564482000.0,541299000.0,144365000.0,0.0,11.794,31.112,31.682,83529000.0,0.0,20.277,4.743,4.757,348197000.0,1679033000.0,2128614000.0,2128614000.0,0.0,0.269,0.42,0.934,0.251,-16443000.0,564482000.0,1.0,497891424.0,499341000,520050000.0,4.263,1258117000.0,116093000.0,209745000.0,9558000.0,2.52,747648000.0
33,MNST,MRT,2013-03-31,2013-03-31,2013-03-31,2021-08-09,-543000.0,1147372000.0,1277784000.0,936699000.0,210673000.0,1.636,1.412,-42535000.0,242533000.0,242533000.0,1013793000.0,327416000.0,2.84,0.636,0.0,0.0,0.0,0.0,129314000.0,20666000.0,0.0,0.0,0.0,527927000.0,548593000.0,0.262,548593000.0,527927000.0,527927000.0,0.633,0.607,0.633,701371000.0,855843000.0,701371000.0,7680645356.0,15.0,14.001,254264000.0,0.512,1.0,1076527000.0,0.515,57999000.0,0.0,517074000.0,623078500.0,215337000.0,115770000.0,102139000.0,13631000.0,446001000.0,329766000.0,116235000.0,7903159356.0,-148905000.0,0.0,-730357000.0,-1762000.0,0.0,-712779000.0,276448000.0,322489000.0,296799000.0,-9373000.0,327416000.0,327416000.0,327416000.0,0.0,0.0,0.157,544882000.0,531645000.0,135477000.0,0.0,11.268,24.138,25.14,74596000.0,0.0,15.913,3.781,3.78,317655000.0,1572160000.0,2090320000.0,2090320000.0,0.0,0.256,0.383,0.847,0.253,9461000.0,544882000.0,1.0,496637580.0,496575000,517677000.0,4.209,1089373000.0,84263000.0,200511000.0,14520000.0,2.194,606933000.0
34,MNST,MRT,2012-12-31,2012-12-31,2012-12-31,2021-08-09,2074000.0,1043325000.0,1358627250.0,835068000.0,208257000.0,1.517,1.237,-48948000.0,222514000.0,222514000.0,995046000.0,340020000.0,2.894,0.619,0.0,0.0,0.0,0.0,123078000.0,20562000.0,0.0,0.0,0.0,549154000.0,569716000.0,0.276,569716000.0,549154000.0,549154000.0,0.653,0.62,0.653,644397000.0,947332250.0,644397000.0,8772129350.0,16.0,15.397,238728000.0,0.458,1.0,1065656000.0,0.517,54648000.0,0.0,477618000.0,679324500.0,203106000.0,118435000.0,97042000.0,21393000.0,398928000.0,288545000.0,110383000.0,9055183350.0,-136817000.0,0.0,-716655000.0,-2076000.0,0.0,-699075000.0,271849000.0,320420000.0,287676000.0,2733000.0,340020000.0,340020000.0,340020000.0,0.0,0.0,0.165,515033000.0,550623000.0,127330000.0,0.0,14.052,26.631,26.973,69137000.0,0.0,17.613,4.394,4.454,236710000.0,1508664000.0,2060702000.0,2060702000.0,0.0,0.25,0.359,0.808,0.266,8757000.0,515033000.0,1.0,514109577.0,521136000,549249000.0,3.954,988677000.0,110216000.0,209134000.0,5470000.0,1.897,546523000.0
35,MNST,MRT,2012-09-30,2012-09-30,2012-09-30,2021-08-09,905000.0,1318922000.0,1438395750.0,1128937000.0,189985000.0,1.39,1.694,-36463000.0,283054000.0,283054000.0,963129000.0,336572000.0,3.561,0.482,0.0,0.0,0.0,0.0,124569000.0,20108000.0,0.0,0.0,0.0,542112000.0,562220000.0,0.281,562220000.0,542112000.0,542112000.0,0.64,0.607,0.64,889675000.0,1031022500.0,889675000.0,9118583226.0,17.0,16.219,282410000.0,0.538,1.0,1036013000.0,0.518,52851000.0,0.0,665979000.0,732065500.0,193934000.0,327536000.0,307654000.0,19882000.0,429247000.0,317038000.0,112209000.0,9537750226.0,-4103000.0,0.0,-403233000.0,-2386000.0,0.0,-400863000.0,76587000.0,113316000.0,318873000.0,1300000.0,336572000.0,336572000.0,336572000.0,0.0,0.0,0.168,495873000.0,540140000.0,152449000.0,0.0,10.72,28.338,28.156,57574000.0,0.0,18.02,4.771,4.733,289253000.0,1440681000.0,1999142000.0,1999142000.0,0.0,0.234,0.326,0.741,0.271,23527000.0,495873000.0,1.0,529286916.0,525078000,551697000.0,3.807,1266071000.0,90857000.0,205540000.0,2833000.0,2.411,811899000.0
36,MNST,MRT,2012-06-30,2012-06-30,2012-06-30,2021-08-09,-1820000.0,1601517000.0,1413272250.0,1414257000.0,187260000.0,1.367,2.247,-36915000.0,419167000.0,419167000.0,919183000.0,332822000.0,4.717,0.348,0.0,0.0,0.0,0.0,125818000.0,19430000.0,0.0,0.0,0.0,532102000.0,551532000.0,0.285,551532000.0,532102000.0,532102000.0,0.633,0.597,0.633,1187929000.0,1041740250.0,1187929000.0,12154560564.0,23.0,22.038,283015000.0,0.535,1.0,1012728000.0,0.524,50875000.0,0.0,831643000.0,745288250.0,199053000.0,471936000.0,451063000.0,20873000.0,413588000.0,299832000.0,113756000.0,12545998564.0,970000.0,0.0,-122083000.0,-2337000.0,0.0,-118818000.0,-195643000.0,-158598000.0,319930000.0,-4499000.0,332822000.0,332822000.0,332822000.0,0.0,0.0,0.172,481183000.0,531545000.0,157212000.0,0.0,10.561,37.696,37.493,55944000.0,0.0,23.733,6.494,6.493,306393000.0,1354539000.0,1931911000.0,1931911000.0,0.0,0.235,0.319,0.714,0.275,19559000.0,481183000.0,1.0,528623535.0,528558000,558852000.0,3.655,1550642000.0,75169000.0,199280000.0,3068000.0,2.934,1114425000.0
37,MNST,MRT,2012-03-31,2012-03-31,2012-03-31,2021-08-09,908000.0,1470745000.0,1321285500.0,1284463000.0,186282000.0,1.363,2.035,-36980000.0,391438000.0,391438000.0,851475000.0,307275000.0,4.458,0.378,0.0,0.0,0.0,0.0,127051000.0,18407000.0,0.0,0.0,0.0,495145000.0,513552000.0,0.285,513552000.0,495145000.0,495145000.0,0.587,0.55,0.587,1067328000.0,982344000.0,1067328000.0,10463536045.0,21.0,20.375,310004000.0,0.591,1.0,949941000.0,0.527,49132000.0,0.0,742058000.0,689402750.0,179127000.0,441452000.0,419588000.0,21864000.0,403417000.0,288117000.0,115300000.0,10822867045.0,95933000.0,0.0,-118737000.0,-2303000.0,0.0,-116914000.0,-144536000.0,-108294000.0,346984000.0,10399000.0,307275000.0,307275000.0,307275000.0,0.0,0.0,0.171,455687000.0,494254000.0,134035000.0,0.0,10.14,35.222,35.258,55689000.0,0.0,20.697,6.008,6.026,256424000.0,1244743000.0,1801416000.0,1801416000.0,0.0,0.233,0.313,0.718,0.275,18090000.0,455687000.0,1.0,522928026.0,524496000,555786000.0,3.435,1421613000.0,74235000.0,187870000.0,36302000.0,2.71,996346000.0
38,MNST,MRT,2011-12-31,2011-12-31,2011-12-31,2021-08-09,-1547000.0,1362399000.0,1236597250.0,1182677000.0,179722000.0,1.377,1.852,-30165000.0,359331000.0,359331000.0,808921000.0,286219000.0,4.445,0.391,0.0,0.0,0.0,0.0,128734000.0,17032000.0,0.0,0.0,0.0,457270000.0,474302000.0,0.278,474302000.0,457270000.0,457270000.0,0.54,0.51,0.54,979158000.0,928900250.0,979158000.0,7736725437.0,17.0,16.312,303662000.0,0.574,1.0,894309000.0,0.525,48396000.0,0.0,688582000.0,663279000.0,155613000.0,434476000.0,411282000.0,23194000.0,383241000.0,266090000.0,117151000.0,8022888437.0,4489000.0,0.0,-156074000.0,-1942000.0,0.0,-154192000.0,-173027000.0,-143272000.0,333827000.0,-2119000.0,286219000.0,286219000.0,286219000.0,0.0,0.0,0.168,437886000.0,456423000.0,113446000.0,0.0,8.194,28.031,28.438,45151000.0,0.0,15.357,4.71,4.766,218741000.0,1168644000.0,1703230000.0,1703230000.0,0.0,0.231,0.308,0.689,0.268,15600000.0,437886000.0,1.0,522436842.0,528636000,560022000.0,3.222,1314003000.0,75374000.0,171051000.0,10996000.0,2.486,916587000.0
39,MNST,MRT,2011-09-30,2011-09-30,2011-09-30,2021-08-09,-1504000.0,1218428000.0,1182735000.0,1038732000.0,179696000.0,1.363,1.767,-29387000.0,287157000.0,287157000.0,767463000.0,270815000.0,6.26,0.307,994000.0,994000.0,0.0,994000.0,131387000.0,15394000.0,0.0,0.0,0.0,432906000.0,448300000.0,0.278,448300000.0,432906000.0,432906000.0,0.513,0.482,0.513,932546000.0,891210250.0,932546000.0,7316869162.0,17.0,16.321,261845000.0,0.496,1.0,844475000.0,0.524,47466000.0,0.0,718870000.0,629918250.0,164481000.0,438944000.0,412255000.0,26689000.0,285882000.0,165929000.0,119953000.0,7733811162.0,-222472000.0,0.0,-121332000.0,-1290000.0,0.0,-117077000.0,-396620000.0,-366692000.0,291232000.0,-7000.0,270815000.0,270815000.0,270815000.0,0.0,0.0,0.168,411651000.0,432824000.0,108521000.0,0.0,8.293,28.558,28.359,44070000.0,0.0,14.548,4.798,4.764,139545000.0,1104108000.0,1611938000.0,1611938000.0,0.0,0.229,0.304,0.687,0.269,11204000.0,411651000.0,1.0,531594306.0,527856000,559920000.0,3.054,1170962000.0,74549000.0,162091000.0,3128000.0,2.218,872803000.0
40,MNST,MRT,2011-06-30,2011-06-30,2011-06-30,2021-08-09,2004000.0,1233570000.0,1134798000.0,1054135000.0,179435000.0,1.338,1.79,-27088000.0,418197000.0,418197000.0,726601000.0,254919000.0,6.513,0.298,1255000.0,1255000.0,0.0,1255000.0,132426000.0,13949000.0,0.0,0.0,0.0,409047000.0,422996000.0,0.279,422996000.0,409047000.0,409047000.0,0.482,0.455,0.482,950344000.0,848567250.0,950344000.0,6861521150.0,17.0,16.221,199199000.0,0.375,1.0,792094000.0,0.522,46677000.0,0.0,608101000.0,534022750.0,156778000.0,311420000.0,281218000.0,30202000.0,283226000.0,161850000.0,121376000.0,7155403150.0,8286000.0,0.0,-11751000.0,-877000.0,0.0,-5754000.0,-216293000.0,-188455000.0,226287000.0,4046000.0,254919000.0,254919000.0,254919000.0,0.0,0.0,0.168,383805000.0,408289000.0,102263000.0,0.0,7.529,28.069,27.991,40931000.0,0.0,13.492,4.712,4.716,162299000.0,1021716000.0,1518695000.0,1518695000.0,0.0,0.225,0.3,0.766,0.269,9369000.0,383805000.0,1.0,530357244.0,530850000,561624000.0,2.861,1186893000.0,74565000.0,154128000.0,8784000.0,2.236,892285000.0
41,MNST,MRT,2011-03-31,2011-03-31,2011-03-31,2021-08-09,1110000.0,1131992000.0,1067629250.0,955819000.0,176173000.0,1.332,1.6,-25736000.0,295505000.0,295505000.0,681028000.0,234509000.0,6.157,0.326,1623000.0,1623000.0,0.0,1623000.0,133920000.0,12669000.0,0.0,0.0,0.0,386288000.0,398957000.0,0.281,398957000.0,386288000.0,386288000.0,0.442,0.42,0.442,853553000.0,780597250.0,853553000.0,5006219051.0,13.0,12.548,158918000.0,0.298,1.0,741223000.0,0.521,45300000.0,0.0,637563000.0,471109750.0,173725000.0,329447000.0,298985000.0,30462000.0,278439000.0,155247000.0,123192000.0,5360787051.0,-80403000.0,0.0,-41855000.0,-507000.0,0.0,-36272000.0,-229910000.0,-202639000.0,184654000.0,1125000.0,234509000.0,234509000.0,234509000.0,0.0,0.0,0.165,355740000.0,385483000.0,89708000.0,0.0,6.281,22.86,22.711,39037000.0,0.0,10.038,3.769,3.766,149004000.0,937468000.0,1422251000.0,1422251000.0,0.0,0.22,0.3,0.82,0.272,9570000.0,355740000.0,1.0,534031584.0,533574000,561744000.0,2.666,1086692000.0,75377000.0,151779000.0,21636000.0,2.037,800572000.0
42,MNST,MRT,2010-12-31,2010-12-31,2010-12-31,2021-08-09,281000.0,1146950000.0,1009865250.0,962972000.0,183978000.0,1.291,1.56,-22282000.0,354842000.0,354842000.0,623702000.0,212029000.0,4.973,0.385,0.0,0.0,0.0,0.0,135039000.0,11728000.0,0.0,0.0,0.0,349302000.0,361030000.0,0.277,361030000.0,349302000.0,349302000.0,0.4,0.38,0.4,828398000.0,726201500.0,828398000.0,4121438701.0,12.0,11.416,206762000.0,0.389,1.0,680240000.0,0.522,43316000.0,0.0,555139000.0,399876500.0,153241000.0,288838000.0,244649000.0,44189000.0,318552000.0,193653000.0,124899000.0,4630823701.0,26493000.0,0.0,-2716000.0,-420000.0,0.0,9238000.0,-212510000.0,-188788000.0,229044000.0,721000.0,212029000.0,212029000.0,212029000.0,0.0,0.0,0.163,332426000.0,347814000.0,90314000.0,0.0,5.59,21.841,21.783,34551000.0,0.0,8.713,3.551,3.549,166454000.0,882425000.0,1303942000.0,1303942000.0,0.0,0.21,0.292,0.874,0.268,4488000.0,332426000.0,1.0,531464082.0,531084000,558126000.0,2.455,1103634000.0,85239000.0,137273000.0,925000.0,2.078,769319000.0
43,MNST,MRT,2010-09-30,2010-09-30,2010-09-30,2021-08-09,-885000.0,1026680000.0,923145250.0,842533000.0,184147000.0,1.382,1.437,-19552000.0,509629000.0,509629000.0,605085000.0,216254000.0,6.028,0.347,244000.0,244000.0,0.0,244000.0,134625000.0,10396000.0,0.0,0.0,0.0,355638000.0,366034000.0,0.287,366034000.0,355638000.0,355638000.0,0.407,0.388,0.407,761974000.0,665340250.0,761974000.0,3700526463.0,10.0,10.11,184273000.0,0.348,1.0,671106000.0,0.526,42230000.0,0.0,335288000.0,349763250.0,148938000.0,70205000.0,24203000.0,46002000.0,264706000.0,139777000.0,124929000.0,4110302463.0,191972000.0,0.0,-47084000.0,-548000.0,0.0,-36528000.0,24818000.0,48764000.0,203825000.0,-143000.0,216254000.0,216254000.0,216254000.0,0.0,0.0,0.169,317256000.0,353850000.0,91024000.0,0.0,5.394,19.007,19.091,33173000.0,0.0,7.77,3.221,3.228,131778000.0,833293000.0,1276191000.0,1276191000.0,0.0,0.234,0.325,1.017,0.279,6010000.0,317256000.0,1.0,528996456.0,530214000,557190000.0,2.407,984450000.0,73959000.0,139384000.0,0.0,1.857,702756000.0
44,MNST,MRT,2010-06-30,2010-06-30,2010-06-30,2021-08-09,-4185000.0,964895000.0,866798750.0,769213000.0,195682000.0,1.387,1.276,-21296000.0,409911000.0,409911000.0,564442000.0,206263000.0,4.84,0.422,135000.0,135000.0,0.0,135000.0,136965000.0,9042000.0,0.0,0.0,0.0,341025000.0,350067000.0,0.291,350067000.0,341025000.0,341025000.0,0.387,0.368,0.387,678464000.0,615086500.0,678464000.0,3095972585.0,9.0,8.844,230632000.0,0.434,1.0,638212000.0,0.531,39752000.0,0.0,356449000.0,352094500.0,139233000.0,121146000.0,61662000.0,59484000.0,286431000.0,158918000.0,127513000.0,3471706585.0,126628000.0,0.0,-103528000.0,-895000.0,0.0,-96739000.0,-27270000.0,-1765000.0,251928000.0,-1291000.0,206263000.0,206263000.0,206263000.0,0.0,0.0,0.172,299002000.0,339210000.0,87504000.0,0.0,5.117,16.831,16.843,32038000.0,0.0,6.518,2.887,2.881,131480000.0,766797000.0,1202654000.0,1202654000.0,0.0,0.238,0.335,0.969,0.284,8409000.0,299002000.0,1.0,532606482.0,531522000,557814000.0,2.263,925143000.0,71415000.0,134762000.0,19293000.0,1.741,610295000.0
45,MNST,MRT,2010-03-31,2010-03-31,2010-03-31,2021-08-09,-2164000.0,900936000.0,822199250.0,699036000.0,201900000.0,1.383,1.2,-23563000.0,375908000.0,375908000.0,530512000.0,199714000.0,5.154,0.417,174000.0,174000.0,0.0,174000.0,138553000.0,7410000.0,0.0,0.0,0.0,324212000.0,331622000.0,0.292,331622000.0,324212000.0,324212000.0,0.372,0.353,0.372,635970000.0,583039250.0,635970000.0,3496267862.0,11.0,10.543,204340000.0,0.385,1.0,606691000.0,0.533,36930000.0,0.0,352630000.0,356002000.0,119145000.0,125758000.0,61316000.0,64442000.0,264966000.0,135642000.0,129324000.0,3824410862.0,96785000.0,0.0,-80178000.0,-1304000.0,0.0,-73082000.0,-58775000.0,-30714000.0,227903000.0,739000.0,199714000.0,199714000.0,199714000.0,0.0,0.0,0.176,284374000.0,322317000.0,83445000.0,0.0,6.014,19.149,19.435,32267000.0,0.0,7.23,3.363,3.37,117705000.0,702959000.0,1137203000.0,1137203000.0,0.0,0.243,0.343,0.911,0.285,7886000.0,284374000.0,1.0,528964158.0,530082000,558186000.0,2.145,864006000.0,74216000.0,124498000.0,7032000.0,1.63,563394000.0
46,MNST,MRT,2009-12-31,2009-12-31,2009-12-31,2021-08-09,-4667000.0,800070000.0,780137750.0,585504000.0,214566000.0,1.466,1.084,-22677000.0,328349000.0,328349000.0,530983000.0,208716000.0,6.993,0.368,206000.0,206000.0,0.0,206000.0,140513000.0,5839000.0,0.0,0.0,0.0,335695000.0,341534000.0,0.299,341534000.0,335695000.0,335695000.0,0.387,0.367,0.387,584953000.0,545383500.0,584953000.0,3103787718.0,9.0,9.088,133515000.0,0.247,1.0,612316000.0,0.536,33512000.0,0.0,354686000.0,347032750.0,108143000.0,99323000.0,18487000.0,80836000.0,215117000.0,83729000.0,131388000.0,3421063718.0,71548000.0,0.0,-83671000.0,-1539000.0,0.0,-82079000.0,-4469000.0,22197000.0,156192000.0,1904000.0,208716000.0,208716000.0,208716000.0,0.0,0.0,0.183,275007000.0,337309000.0,48863000.0,0.0,5.848,16.391,16.537,33314000.0,0.0,6.4,2.992,3.022,108905000.0,670396000.0,1143299000.0,1143299000.0,0.0,0.268,0.383,0.967,0.294,10909000.0,275007000.0,1.0,534541206.0,539802000,567858000.0,2.118,766558000.0,76028000.0,126979000.0,761000.0,1.42,501775000.0
47,MNST,MRT,2009-09-30,2009-09-30,2009-09-30,2021-08-09,-4525000.0,801294000.0,770579500.0,588521000.0,212773000.0,1.436,1.037,-20604000.0,317657000.0,317657000.0,511292000.0,131911000.0,5.463,0.428,381000.0,381000.0,0.0,381000.0,132604000.0,4787000.0,0.0,0.0,0.0,211356000.0,216143000.0,0.195,216143000.0,211356000.0,211356000.0,0.245,0.235,0.245,560959000.0,508224250.0,560959000.0,3047243797.0,14.0,14.098,165849000.0,0.307,1.0,595465000.0,0.538,31674000.0,0.0,344613000.0,330935250.0,123942000.0,118156000.0,30187000.0,87969000.0,240335000.0,107731000.0,132604000.0,3329754797.0,61221000.0,0.0,-102189000.0,-1627000.0,0.0,-99461000.0,-26513000.0,-297000.0,186453000.0,742000.0,131911000.0,131911000.0,131911000.0,0.0,0.0,0.119,383208000.0,212257000.0,66950000.0,0.0,5.936,25.242,24.993,28075000.0,0.0,6.123,3.009,2.993,97289000.0,617039000.0,1106757000.0,1106757000.0,0.0,0.171,0.26,0.639,0.191,9529000.0,383208000.0,1.0,543781404.0,540924000,568098000.0,2.046,769620000.0,72911000.0,79445000.0,5189000.0,1.423,480790000.0
48,MNST,MRT,2009-06-30,2009-06-30,2009-06-30,2021-08-09,-5802000.0,786497000.0,730292500.0,579714000.0,206783000.0,1.484,1.012,-15936000.0,283283000.0,283283000.0,503945000.0,127843000.0,5.679,0.429,772000.0,772000.0,0.0,772000.0,134134000.0,4125000.0,0.0,0.0,0.0,202503000.0,206628000.0,0.191,206628000.0,202503000.0,202503000.0,0.235,0.225,0.235,550275000.0,496518250.0,550275000.0,2517139146.0,12.0,12.182,141424000.0,0.26,1.0,579869000.0,0.535,29819000.0,0.0,372079000.0,312411000.0,117344000.0,118192000.0,30290000.0,87902000.0,236222000.0,102088000.0,134134000.0,2795113146.0,100330000.0,0.0,-51178000.0,-1449000.0,0.0,-48376000.0,-8879000.0,12501000.0,157360000.0,225000.0,127843000.0,127843000.0,127843000.0,0.0,0.0,0.118,378735000.0,201134000.0,56489000.0,0.0,5.079,21.864,21.887,23835000.0,0.0,5.143,2.579,2.58,125907000.0,560535000.0,1083814000.0,1083814000.0,0.0,0.175,0.257,0.648,0.187,10329000.0,378735000.0,1.0,543443904.0,543624000,571692000.0,1.994,756678000.0,73069000.0,74660000.0,8533000.0,1.392,477626000.0
49,MNST,MRT,2009-03-31,2009-03-31,2009-03-31,2021-08-09,-8314000.0,732690000.0,683786250.0,533034000.0,199656000.0,1.559,0.894,-9645000.0,279123000.0,279123000.0,501555000.0,120786000.0,4.892,0.51,1149000.0,1149000.0,0.0,1149000.0,138373000.0,3756000.0,0.0,0.0,0.0,190278000.0,194034000.0,0.182,194034000.0,190278000.0,190278000.0,0.22,0.21,0.22,485347000.0,473208500.0,485347000.0,2998628776.0,16.0,15.454,160215000.0,0.295,1.0,564253000.0,0.529,28993000.0,0.0,316753000.0,291353000.0,110101000.0,91514000.0,4975000.0,86539000.0,247343000.0,108970000.0,138373000.0,3254470776.0,227948000.0,0.0,-100987000.0,-1248000.0,0.0,-97743000.0,155912000.0,170718000.0,169860000.0,-81000.0,120786000.0,120786000.0,120786000.0,0.0,0.0,0.113,377712000.0,186541000.0,55784000.0,0.0,6.705,26.944,27.273,17677000.0,0.0,6.0,3.054,3.055,120104000.0,503245000.0,1065808000.0,1065808000.0,0.0,0.177,0.255,0.653,0.179,10032000.0,377712000.0,1.0,542411796.0,542598000,571896000.0,1.964,703697000.0,74324000.0,69492000.0,10847000.0,1.297,424064000.0
50,MNST,MRT,2008-12-31,2008-12-31,2008-12-31,2021-08-09,-10825000.0,761837000.0,646588500.0,561324000.0,200513000.0,1.599,0.786,-6559000.0,256801000.0,256801000.0,494986000.0,108032000.0,2.996,0.746,959000.0,959000.0,0.0,959000.0,138187000.0,3417000.0,0.0,0.0,0.0,173477000.0,176894000.0,0.171,176894000.0,173477000.0,173477000.0,0.195,0.185,0.195,436316000.0,464791500.0,436316000.0,2843467475.0,16.0,16.074,192937000.0,0.348,1.0,538794000.0,0.521,28365000.0,0.0,290296000.0,316076500.0,116326000.0,118712000.0,29145000.0,89567000.0,325521000.0,187334000.0,138187000.0,3099230475.0,244361000.0,0.0,-101210000.0,-1170000.0,0.0,-98046000.0,143982000.0,156615000.0,199496000.0,-1071000.0,108032000.0,108032000.0,108032000.0,0.0,0.0,0.105,375203000.0,163591000.0,64787000.0,0.0,7.103,28.688,28.658,14389000.0,0.0,5.588,2.998,3.001,135955000.0,461680000.0,1033780000.0,1033780000.0,0.0,0.167,0.232,0.549,0.168,9565000.0,375203000.0,1.0,554589408.0,555090000,585180000.0,1.862,733472000.0,80466000.0,65445000.0,0.0,1.321,373990000.0
51,MNST,MRT,2008-09-30,2008-09-30,2008-09-30,2021-08-09,-3201000.0,640146000.0,592280000.0,477245000.0,162901000.0,1.732,0.928,-6851000.0,256436000.0,256436000.0,499937000.0,176580000.0,5.401,0.245,673000.0,673000.0,0.0,673000.0,37656000.0,3199000.0,0.0,0.0,0.0,278921000.0,282120000.0,0.275,282120000.0,278921000.0,278921000.0,0.318,0.298,0.318,514135000.0,461254250.0,514135000.0,2610638587.0,9.0,9.254,174723000.0,0.315,1.0,526110000.0,0.513,25512000.0,0.0,270516000.0,349972250.0,110466000.0,124368000.0,14838000.0,109530000.0,126011000.0,88355000.0,37656000.0,2793278587.0,197362000.0,0.0,-47411000.0,-1150000.0,0.0,-44241000.0,60029000.0,66454000.0,181574000.0,0.0,176580000.0,176580000.0,176580000.0,0.0,0.0,0.172,259026000.0,267084000.0,60724000.0,0.0,5.433,15.819,15.854,11067000.0,0.0,5.042,2.722,2.722,72972000.0,485128000.0,1026047000.0,1026047000.0,0.0,0.298,0.383,0.797,0.272,9354000.0,259026000.0,1.0,554038728.0,554022000,581496000.0,1.852,614634000.0,29560000.0,102341000.0,5740000.0,1.109,388890000.0
52,MNST,MRT,2008-06-30,2008-06-30,2008-06-30,2021-08-09,-3429000.0,600472000.0,559316000.0,434157000.0,166315000.0,1.767,0.82,-5072000.0,182953000.0,182953000.0,483216000.0,169940000.0,4.125,0.314,313000.0,313000.0,0.0,313000.0,38174000.0,2748000.0,0.0,0.0,0.0,270559000.0,273307000.0,0.277,273307000.0,270559000.0,270559000.0,0.307,0.285,0.307,457036000.0,425291250.0,457036000.0,2651451879.0,10.0,9.701,151372000.0,0.272,1.0,505056000.0,0.511,24723000.0,0.0,287847000.0,364379500.0,123218000.0,137247000.0,22066000.0,115181000.0,143436000.0,105262000.0,38174000.0,2702188879.0,127471000.0,0.0,-44591000.0,-1130000.0,0.0,-23383000.0,-5590000.0,-403000.0,156444000.0,0.0,169940000.0,169940000.0,169940000.0,0.0,0.0,0.172,246384000.0,258672000.0,71272000.0,0.0,5.912,15.901,15.646,9238000.0,0.0,4.803,2.734,2.709,83404000.0,432691000.0,988272000.0,988272000.0,0.0,0.304,0.4,0.743,0.274,-10489000.0,246384000.0,1.0,562565346.0,557466000,587976000.0,1.773,575749000.0,28301000.0,100619000.0,13298000.0,1.033,328895000.0
53,MNST,MRT,2008-03-31,2008-03-31,2008-03-31,2021-08-09,-3274000.0,583899000.0,522822750.0,369404000.0,214495000.0,1.819,0.807,-4517000.0,51175000.0,51175000.0,463695000.0,158019000.0,3.966,0.293,438000.0,438000.0,0.0,438000.0,39080000.0,2428000.0,0.0,0.0,0.0,252775000.0,255203000.0,0.268,255203000.0,252775000.0,252775000.0,0.288,0.265,0.288,451679000.0,386282000.0,451679000.0,3281458522.0,13.0,12.858,108831000.0,0.194,1.0,487096000.0,0.512,24375000.0,0.0,415647000.0,357893750.0,109784000.0,272352000.0,107933000.0,164419000.0,132220000.0,93140000.0,39080000.0,3293235522.0,-20680000.0,0.0,8851000.0,-1018000.0,0.0,38334000.0,-172362000.0,-166371000.0,113348000.0,0.0,158019000.0,158019000.0,158019000.0,0.0,0.0,0.166,245191000.0,241905000.0,60667000.0,0.0,7.291,20.841,20.428,8833000.0,0.0,5.883,3.464,3.464,81758000.0,382459000.0,950791000.0,950791000.0,0.0,0.302,0.409,0.706,0.266,-20285000.0,245191000.0,1.0,559756746.0,559884000,594042000.0,1.698,559524000.0,27390000.0,94756000.0,12935000.0,0.999,276264000.0
54,MNST,MRT,2007-12-31,2007-12-31,2007-12-31,2021-08-09,-47000.0,544603000.0,468899500.0,270149000.0,274454000.0,1.929,0.772,-3847000.0,12440000.0,12440000.0,436452000.0,149406000.0,3.259,0.29,663000.0,663000.0,0.0,663000.0,39555000.0,2128000.0,0.0,0.0,0.0,239756000.0,241884000.0,0.267,241884000.0,239756000.0,239756000.0,0.273,0.252,0.273,422167000.0,335217750.0,422167000.0,4028061569.0,17.0,16.653,131604000.0,0.241,1.0,468013000.0,0.517,24066000.0,0.0,425879000.0,300666000.0,98140000.0,290210000.0,63125000.0,227085000.0,122436000.0,82881000.0,39555000.0,4086465569.0,-22689000.0,0.0,8043000.0,-910000.0,0.0,36587000.0,-194727000.0,-188543000.0,135451000.0,0.0,149406000.0,149406000.0,149406000.0,0.0,0.0,0.165,237027000.0,230986000.0,56766000.0,0.0,9.68,27.351,27.039,8567000.0,0.0,7.382,4.518,4.465,81497000.0,353648000.0,904465000.0,904465000.0,0.0,0.319,0.446,0.797,0.265,-19208000.0,237027000.0,1.0,553596600.0,547068000,593244000.0,1.653,520537000.0,25198000.0,90350000.0,6294000.0,0.952,187268000.0
55,MNST,MRT,2007-09-30,2007-09-30,2007-09-30,2021-08-09,0.0,508290000.0,409841750.0,461200000.0,47090000.0,1.974,0.674,-2813000.0,59074000.0,59074000.0,386477000.0,126507000.0,4.715,0.373,670000.0,670000.0,0.0,670000.0,40188000.0,1870000.0,0.0,0.0,0.0,208848000.0,210718000.0,0.26,210718000.0,208848000.0,208848000.0,0.233,0.213,0.233,370283000.0,285947000.0,370283000.0,5112137739.0,24.0,24.261,99145000.0,0.18,1.0,422694000.0,0.522,23922000.0,0.0,328145000.0,241571500.0,94025000.0,196371000.0,196371000.0,0.0,138007000.0,97819000.0,40188000.0,5167029739.0,15140000.0,0.0,7384000.0,-854000.0,0.0,34037000.0,-120855000.0,-113672000.0,101958000.0,0.0,126507000.0,126507000.0,126507000.0,0.0,0.0,0.156,220325000.0,202369000.0,81201000.0,0.0,13.954,40.844,40.544,8404000.0,0.0,9.447,6.386,6.414,90046000.0,308548000.0,809171000.0,809171000.0,0.0,0.309,0.442,0.865,0.258,-19332000.0,220325000.0,1.0,546968568.0,549432000,593370000.0,1.473,484368000.0,29796000.0,82341000.0,0.0,0.882,363381000.0
56,MNST,MRT,2007-06-30,2007-06-30,2007-06-30,2021-08-09,0.0,454499000.0,360471000.0,409073000.0,45426000.0,2.055,0.557,-1836000.0,55482000.0,55482000.0,354111000.0,107167000.0,3.584,0.51,590000.0,590000.0,0.0,590000.0,39352000.0,1747000.0,0.0,0.0,0.0,176696000.0,178443000.0,0.241,178443000.0,176696000.0,176696000.0,0.198,0.182,0.198,300999000.0,243600750.0,300999000.0,3799101150.0,22.0,21.29,101913000.0,0.188,1.0,386496000.0,0.522,23555000.0,0.0,261904000.0,196894750.0,87498000.0,142613000.0,142613000.0,0.0,153500000.0,114148000.0,39352000.0,3870741150.0,36518000.0,0.0,-23150000.0,-938000.0,0.0,-13670000.0,-53561000.0,-46576000.0,103749000.0,0.0,107167000.0,107167000.0,107167000.0,0.0,0.0,0.145,215165000.0,171331000.0,91822000.0,0.0,12.86,36.119,36.178,6778000.0,0.0,7.163,5.226,5.23,111928000.0,262751000.0,740607000.0,740607000.0,0.0,0.297,0.44,0.897,0.239,-1528000.0,215165000.0,1.0,540354744.0,540708000,590730000.0,1.37,430944000.0,18983000.0,69529000.0,903000.0,0.797,294925000.0
57,MNST,MRT,2007-03-31,2007-03-31,2007-03-31,2021-08-09,0.0,368206000.0,313390500.0,327963000.0,40243000.0,2.08,0.456,-2063000.0,71855000.0,71855000.0,312648000.0,97056000.0,3.752,0.488,215000.0,212000.0,3000.0,215000.0,33363000.0,1654000.0,0.0,0.0,0.0,160145000.0,161799000.0,0.248,161799000.0,160145000.0,160145000.0,0.178,0.163,0.178,247422000.0,217816500.0,247422000.0,3422947149.0,21.0,21.156,98604000.0,0.182,1.0,339233000.0,0.52,22412000.0,0.0,186736000.0,172483750.0,61581000.0,111347000.0,111347000.0,0.0,120784000.0,87418000.0,33366000.0,3441323149.0,41317000.0,0.0,-24570000.0,-1110000.0,0.0,-9038000.0,-50312000.0,-44165000.0,100667000.0,0.0,97056000.0,97056000.0,97056000.0,0.0,0.0,0.149,183573000.0,155660000.0,51817000.0,0.0,13.909,35.457,35.468,5511000.0,0.0,6.313,5.279,5.259,75496000.0,224440000.0,651881000.0,651881000.0,0.0,0.31,0.446,0.928,0.246,-8061000.0,183573000.0,1.0,545088144.0,543054000,589806000.0,1.2,345794000.0,14077000.0,63089000.0,12905000.0,0.637,240545000.0
58,MNST,MRT,2006-12-31,2006-12-31,2006-12-31,2021-08-09,0.0,308372000.0,272301908.0,275157000.0,33215000.0,2.225,0.417,-2392000.0,35129000.0,35129000.0,289180000.0,97949000.0,4.378,0.37,303000.0,299000.0,4000.0,303000.0,20441000.0,1538000.0,0.0,0.0,0.0,162239000.0,163777000.0,0.27,163777000.0,162239000.0,162239000.0,0.182,0.165,0.182,225084000.0,193436356.0,225084000.0,3041385448.0,19.0,18.57,74022000.0,0.137,1.0,316594000.0,0.523,21202000.0,0.0,189501000.0,152315495.0,77013000.0,101667000.0,101667000.0,0.0,83288000.0,62843000.0,20445000.0,3059761448.0,-26525000.0,0.0,-23816000.0,-1176000.0,0.0,-7708000.0,-95231000.0,-89806000.0,76414000.0,0.0,97949000.0,97949000.0,97949000.0,0.0,0.0,0.162,158015000.0,158579000.0,34362000.0,0.0,13.594,31.238,30.842,5565000.0,0.0,5.613,5.051,5.0,54624000.0,204242000.0,605774000.0,605774000.0,0.0,0.36,0.506,1.065,0.268,-8938000.0,158015000.0,1.0,545088144.0,539616000,591516000.0,1.123,287170000.0,10954000.0,64290000.0,3991000.0,0.532,212314000.0
59,MNST,MRT,2006-09-30,2006-09-30,2006-09-30,2021-08-09,0.0,310807000.0,236181408.0,283840000.0,26967000.0,2.339,0.37,-2475000.0,43934000.0,43934000.0,264325000.0,94187000.0,2.904,0.547,501000.0,496000.0,5000.0,501000.0,12176000.0,1417000.0,0.0,0.0,0.0,155989000.0,157406000.0,0.285,157406000.0,155989000.0,155989000.0,0.173,0.158,0.173,200898000.0,168542606.0,200898000.0,2932367820.0,19.0,18.629,86833000.0,0.16,1.0,288115000.0,0.522,20208000.0,0.0,149438000.0,117615495.0,80683000.0,82699000.0,82699000.0,0.0,109909000.0,97728000.0,12181000.0,2950743820.0,2651000.0,0.0,-23856000.0,-1198000.0,0.0,-7945000.0,-78712000.0,-74047000.0,89308000.0,0.0,94187000.0,94187000.0,94187000.0,0.0,0.0,0.17,135403000.0,152712000.0,63550000.0,0.0,14.688,31.329,31.291,5975000.0,0.0,5.413,5.341,5.321,68917000.0,182041000.0,552440000.0,552440000.0,0.0,0.399,0.559,1.326,0.282,-10590000.0,135403000.0,1.0,545088144.0,543054000,593034000.0,1.017,290599000.0,6311000.0,61802000.0,11425000.0,0.535,186112000.0
60,MNST,MRT,2006-06-30,2006-06-30,2006-06-30,2021-08-09,0.0,266177000.0,194814962.0,240506000.0,25671000.0,2.46,0.367,-2642000.0,18964000.0,18964000.0,227940000.0,87975000.0,3.78,0.345,588000.0,582000.0,6000.0,588000.0,0.0,1260000.0,0.0,0.0,0.0,146498000.0,147758000.0,0.308,147758000.0,146498000.0,146498000.0,0.163,0.148,0.163,197862000.0,144631954.0,197862000.0,4303455791.0,29.0,29.125,63926000.0,0.118,1.0,251274000.0,0.524,19910000.0,0.0,164260000.0,92964599.0,50297000.0,96037000.0,96037000.0,0.0,68315000.0,63631000.0,4684000.0,4333196229.0,-14464000.0,0.0,3746000.0,-1213000.0,0.0,18689000.0,-99721000.0,-96037000.0,66568000.0,0.0,87975000.0,87975000.0,87975000.0,0.0,0.0,0.184,107329000.0,143945000.0,57766000.0,0.0,21.9,49.255,48.663,5761000.0,0.0,7.932,9.042,8.929,60939000.0,155584000.0,479214000.0,479214000.0,0.0,0.452,0.608,1.576,0.306,-12524000.0,107329000.0,1.0,546287280.0,539472000,595734000.0,0.888,246267000.0,12026000.0,58523000.0,4678000.0,0.456,176875000.0
61,MNST,MRT,2006-03-31,2006-03-31,2006-03-31,2021-08-09,0.0,203851634.0,158524883.0,179336004.0,24515630.0,2.578,0.275,-1600083.0,30537735.0,30537735.0,193407000.0,75021000.0,3.729,0.36,797297.0,789794.0,7503.0,797297.0,0.0,1125201.0,0.0,0.0,0.0,125483000.0,126608201.0,0.31,126608201.0,125483000.0,125483000.0,0.14,0.128,0.14,149901426.0,116182927.0,149901426.0,2750669166.0,22.0,21.726,67232763.0,0.123,1.0,215211000.0,0.527,19956805.0,0.0,106062979.0,61279416.0,29389596.0,67182380.0,67182380.0,0.0,53950208.0,48091412.0,5858796.0,2811798106.0,22563642.0,0.0,1427679.0,-1089575.0,0.0,980104.0,-47249308.0,-44582000.0,68832846.0,0.0,75021000.0,75021000.0,75021000.0,0.0,0.0,0.184,91663000.0,123548000.0,31602402.0,0.0,18.758,37.48,37.515,4558825.0,0.0,5.252,6.881,7.001,46302600.0,127383888.0,408618000.0,408618000.0,0.0,0.473,0.646,2.048,0.307,1263000.0,91663000.0,1.0,535368144.0,544704000,603714000.0,0.75,183894829.0,4625757.0,50462000.0,16950846.0,0.338,131244592.0
62,MNST,MRT,2005-12-31,2005-12-31,2005-12-31,2021-08-09,0.0,163890000.0,132518964.0,140287000.0,23603000.0,2.633,0.237,-1341000.0,61654000.0,61654000.0,166343000.0,62775000.0,4.257,0.306,525000.0,515000.0,10000.0,525000.0,0.0,1009000.0,0.0,0.0,0.0,104794000.0,105803000.0,0.303,105803000.0,104794000.0,104794000.0,0.118,0.108,0.118,125509000.0,95685136.0,125509000.0,1706997967.0,16.0,16.134,53308000.0,0.101,1.0,182543000.0,0.523,19103000.0,0.0,50701000.0,40690192.0,31400000.0,11861000.0,11861000.0,0.0,38381000.0,32957000.0,5424000.0,1747549175.0,57978000.0,0.0,1168000.0,-1055000.0,0.0,113000.0,3216000.0,5439000.0,54649000.0,0.0,62775000.0,62775000.0,62775000.0,0.0,0.0,0.18,79100000.0,103443000.0,26614000.0,0.0,13.924,27.838,27.828,3743000.0,0.0,3.284,5.009,4.982,28752000.0,106293000.0,348886000.0,348886000.0,0.0,0.474,0.656,2.575,0.3,0.0,79100000.0,1.0,532180944.0,529344000,582534000.0,0.659,144787000.0,6143000.0,42019000.0,5414000.0,0.274,107330000.0
63,MNST,MRT,2005-09-30,2005-09-30,2005-09-30,2021-08-09,0.0,145341212.0,112052044.0,122474466.0,22866746.0,2.688,0.198,-1486631.0,41282143.0,41282143.0,145624109.0,51662635.0,3.519,0.381,730935.0,717792.0,13143.0,730935.0,0.0,967087.0,0.0,0.0,0.0,86339686.0,87306773.0,0.29,87306773.0,86339686.0,86339686.0,0.098,0.09,0.098,105255391.0,78950693.0,105255391.0,1007979312.0,12.0,11.545,32565726.0,0.061,1.0,155589360.0,0.517,19147559.0,0.0,50834416.0,38392634.0,28856129.0,8651544.0,8651544.0,0.0,40085821.0,34808029.0,5277792.0,1040571858.0,24003317.0,0.0,1173326.0,-963646.0,0.0,209680.0,-10258720.0,-8652000.0,34052357.0,0.0,51662635.0,51662635.0,51662635.0,0.0,0.0,0.172,70023344.0,85566016.0,29036921.0,0.0,9.886,20.142,20.017,3719187.0,0.0,1.962,3.455,3.457,34418030.0,87796153.0,301213469.0,301213469.0,0.0,0.461,0.654,2.249,0.287,0.0,70081987.0,1.0,530452944.0,530880000,584022000.0,0.567,126193653.0,8621347.0,34677051.0,5264649.0,0.238,87666437.0
64,MNST,MRT,2005-06-30,2005-06-30,2005-06-30,2021-08-09,0.0,121016685.0,95026708.0,98612650.0,22404035.0,2.614,0.16,-1182567.0,33428058.0,33428058.0,124378378.0,37216283.0,3.1,0.44,835512.0,670215.0,165297.0,835512.0,0.0,872528.0,0.0,0.0,0.0,62358413.0,63230941.0,0.255,63230941.0,62358413.0,62358413.0,0.07,0.065,0.07,84065890.0,65060178.0,84065890.0,902300934.0,14.0,14.27,25263749.0,0.048,1.0,124055568.0,0.499,19093172.0,0.0,37519270.0,30243116.0,27801342.0,0.0,0.0,0.0,36950795.0,31811697.0,5139098.0,932352326.0,25954768.0,0.0,1645310.0,-773847.0,0.0,871463.0,-1363011.0,0.0,26446316.0,0.0,37216283.0,37216283.0,37216283.0,0.0,0.0,0.15,62139721.0,61915847.0,26534330.0,0.0,11.091,25.052,25.214,3310863.0,0.0,1.765,3.753,3.743,31704449.0,67607045.0,248433946.0,248433946.0,0.0,0.392,0.572,2.062,0.251,0.0,62179086.0,1.0,528244944.0,526836000,585246000.0,0.472,101923513.0,5177703.0,25142130.0,4973801.0,0.193,66800953.0
65,MNST,MRT,2005-03-31,2005-03-31,2005-03-31,2021-08-09,0.0,99827960.0,81435645.0,77954878.0,21873082.0,2.567,0.129,-1227810.0,30574477.0,30574477.0,109168992.0,27048432.0,2.888,0.47,523085.0,355009.0,168076.0,523085.0,0.0,780218.0,0.0,0.0,0.0,45145145.0,45925363.0,0.22,45925363.0,45145145.0,45145145.0,0.052,0.048,0.052,67910263.0,54814130.0,67910263.0,635194184.0,14.0,13.831,26397785.0,0.05,1.0,99887497.0,0.478,19074535.0,0.0,23706081.0,26243389.0,23451416.0,0.0,0.0,0.0,31917697.0,26995952.0,4921745.0,655586451.0,5159022.0,0.0,2114841.0,-606469.0,0.0,1508372.0,-23974945.0,-22600000.0,27625595.0,0.0,27048432.0,27048432.0,27048432.0,0.0,0.0,0.129,54922484.0,44965013.0,18687590.0,0.0,9.654,24.238,24.019,2798547.0,0.0,1.249,3.136,3.136,20167901.0,52361347.0,209056489.0,209056489.0,0.0,0.332,0.493,1.72,0.216,0.0,54942580.0,1.0,524889072.0,524914032,578919984.0,0.398,80753425.0,3234002.0,18096713.0,9771677.0,0.154,50958926.0
66,MNST,MRT,2004-12-31,2004-12-31,2004-12-31,2021-08-09,0.0,82022317.0,69921396.0,60380137.0,21642180.0,2.579,0.114,-1235000.0,3676119.0,3676119.0,96875000.0,20387000.0,3.222,0.4,583852.0,437366.0,146486.0,583852.0,0.0,770000.0,0.0,0.0,0.0,33938000.0,34708000.0,0.192,34708000.0,33938000.0,33938000.0,0.04,0.037,0.04,58571229.0,47169649.0,58571229.0,350653116.0,10.0,10.103,18815000.0,0.037,1.0,83466000.0,0.463,18678116.0,0.0,41510771.0,25353323.0,22406054.0,17300000.0,17300000.0,0.0,23451088.0,18741163.0,4709925.0,367364666.0,2577000.0,0.0,1720000.0,-422000.0,0.0,1298000.0,-18771000.0,-17300000.0,20050000.0,0.0,20387000.0,20387000.0,20387000.0,0.0,0.0,0.113,49580000.0,33886000.0,14542753.0,0.0,6.272,18.02,18.964,2964064.0,0.0,0.759,2.037,2.154,12650055.0,43516634.0,180341000.0,180341000.0,0.0,0.292,0.432,1.339,0.188,0.0,49580000.0,1.0,484303872.0,512010000,566880000.0,0.352,63344201.0,3708942.0,13551000.0,4909888.0,0.124,41638974.0
67,MNST,MRT,2004-09-30,2004-09-30,2004-09-30,2021-08-09,0.0,77239872.0,61415074.0,55274830.0,21965042.0,2.549,0.096,-1207549.0,17279468.0,17279468.0,87353677.0,14286392.0,2.332,0.554,567918.0,416400.0,151518.0,567918.0,0.0,718871.0,0.0,0.0,0.0,23871972.0,24590843.0,0.157,24590843.0,23871972.0,23799380.0,0.028,0.025,0.028,49693330.0,41289236.0,49693330.0,254484008.0,11.0,10.349,15256885.0,0.029,1.0,69215748.0,0.442,18586074.0,72592.0,18236341.0,19851389.0,19702590.0,0.0,0.0,0.0,27546542.0,23705907.0,3840635.0,261304092.0,16303492.0,0.0,1930280.0,-261723.0,0.0,1668557.0,-1829499.0,0.0,16464434.0,0.0,14286392.0,14286392.0,14286392.0,0.0,0.0,0.091,45379494.0,23836254.0,17789810.0,0.0,5.258,18.29,17.946,3378968.0,0.0,0.502,1.669,1.666,14319664.0,36189908.0,156569425.0,156569425.0,0.0,0.233,0.346,1.203,0.152,0.0,45295542.0,1.0,520008144.0,519175536,568454592.0,0.302,58653798.0,3634732.0,9512988.0,6621509.0,0.113,31568923.0
68,MNST,MRT,2004-06-30,2004-06-30,2004-06-30,2021-08-09,0.0,66652432.0,53996063.0,44797572.0,21854860.0,2.541,0.085,-1391187.0,7473017.0,7473017.0,78525644.0,10581579.0,2.267,0.547,652933.0,327466.0,325467.0,652933.0,0.0,672776.0,0.0,0.0,0.0,17474297.0,18147073.0,0.132,18147073.0,17474297.0,17401705.0,0.021,0.019,0.021,43081698.0,37235068.0,43081698.0,262791421.0,15.0,14.481,6691928.0,0.013,1.0,58693392.0,0.428,18552997.0,72592.0,21520363.0,19792924.0,19614311.0,0.0,0.0,0.0,23570734.0,19758988.0,3811746.0,265062163.0,6718763.0,0.0,1300876.0,-297835.0,0.0,1003041.0,-2367393.0,0.0,8083115.0,0.0,10581579.0,10581579.0,10581579.0,0.0,0.0,0.077,41253580.0,17439812.0,12890304.0,0.0,6.153,25.049,25.129,3301863.0,0.0,0.528,1.932,1.942,13506903.0,30391260.0,137219036.0,137219036.0,0.0,0.196,0.284,0.883,0.127,0.0,41173560.0,1.0,502289136.0,504992640,560750880.0,0.272,48099435.0,3660801.0,6820126.0,7077823.0,0.095,25038584.0
69,MNST,MRT,2004-03-31,2004-03-31,2004-03-31,2021-08-09,0.0,53770962.0,48102157.0,32311343.0,21459619.0,2.486,0.075,-1558041.0,2815121.0,2815121.0,70181603.0,7480614.0,2.523,0.44,544379.0,210773.0,333606.0,544379.0,0.0,646037.0,0.0,0.0,0.0,12401560.0,13047597.0,0.109,13047597.0,12401560.0,12328968.0,0.015,0.014,0.015,37332339.0,34264454.0,37332339.0,145676904.0,12.0,11.165,3149002.0,0.006,1.0,49383028.0,0.413,18546350.0,72592.0,20145817.0,18582564.0,17281109.0,0.0,0.0,0.0,16438623.0,12808053.0,3630570.0,146173354.0,605809.0,0.0,629666.0,-2276252.0,0.0,-1646586.0,-2454648.0,0.0,4707043.0,0.0,7480614.0,7480614.0,7480614.0,0.0,0.0,0.063,37009664.0,12373364.0,8419135.0,0.0,3.915,19.54,19.431,2913269.0,0.0,0.291,1.223,1.221,9472723.0,25313111.0,119564631.0,119564631.0,0.0,0.156,0.218,0.667,0.104,0.0,36938096.0,1.0,501524016.0,500868960,550254384.0,0.239,35224612.0,2183291.0,4848354.0,5297405.0,0.07,19503290.0
70,MNST,MRT,2003-12-31,2003-12-31,2003-12-31,2021-08-09,0.0,47997028.0,45092284.0,26677940.0,21319088.0,2.447,0.071,-1556664.0,1098785.0,1098785.0,66577168.0,5930404.0,2.814,0.369,602335.0,244271.0,358064.0,602335.0,0.0,584197.0,0.0,0.0,0.0,9831674.0,10415871.0,0.094,10415871.0,9831674.0,9759082.0,0.012,0.012,0.012,35049578.0,32236884.0,35049578.0,86922895.0,9.0,8.345,3927750.0,0.008,1.0,43775028.0,0.397,18515806.0,72592.0,19503035.0,17855575.0,17643786.0,0.0,0.0,0.0,12947450.0,9481737.0,3465713.0,87274167.0,560865.0,0.0,748430.0,-3234445.0,0.0,-2486015.0,-2437534.0,0.0,5484414.0,0.0,5930404.0,5930404.0,5930404.0,0.0,0.0,0.054,33948933.0,9826095.0,6521402.0,0.0,2.49,14.716,14.618,2803282.0,0.0,0.175,0.791,0.784,5372983.0,23129830.0,110352196.0,110352196.0,0.0,0.132,0.184,0.551,0.089,0.0,33887045.0,1.0,497524944.0,493378080,516583536.0,0.224,29481222.0,2080609.0,3828678.0,3754912.0,0.06,17196203.0
71,MNST,MRT,2003-09-30,2003-09-30,2003-09-30,2021-08-09,0.0,47563831.0,43208903.0,26800064.0,20763767.0,2.407,0.068,-1380297.0,975976.0,975976.0,64033336.0,4781332.0,2.401,0.421,624704.0,232232.0,392472.0,624704.0,0.0,549428.0,0.0,0.0,0.0,8240675.0,8790103.0,0.085,8790103.0,8240675.0,8009943.0,0.01,0.009,0.01,33476658.0,30567176.0,33476658.0,59912469.0,7.0,6.816,2358877.0,0.005,1.0,39957162.0,0.384,18048076.0,230732.0,18002479.0,18007695.0,13608915.0,0.0,0.0,0.0,14087173.0,11162004.0,2925169.0,59878706.0,-1936260.0,0.0,401824.0,-4409600.0,0.0,-4007776.0,-1667658.0,0.0,3739174.0,0.0,4781332.0,4781332.0,4781332.0,0.0,0.0,0.046,31844968.0,8112194.0,9075716.0,0.0,1.789,12.523,12.167,2715691.0,0.0,0.122,0.576,0.576,10156056.0,21903516.0,103990498.0,103990498.0,0.0,0.111,0.156,0.458,0.079,0.0,31792918.0,1.0,492153744.0,492183264,516279456.0,0.211,29515755.0,1145133.0,3228611.0,2532697.0,0.06,15638060.0
72,MNST,MRT,2003-06-30,2003-06-30,2003-06-30,2021-08-09,0.0,43076807.0,41801526.0,22983533.0,20093274.0,2.337,0.063,-1062217.0,754254.0,754254.0,61336505.0,3957722.0,2.619,0.381,788017.0,217984.0,570033.0,788017.0,0.0,524178.0,0.0,0.0,0.0,6856456.0,7380634.0,0.076,7380634.0,6856456.0,6625724.0,0.008,0.008,0.008,31199243.0,29271387.0,31199243.0,45212752.0,7.0,6.126,4394435.0,0.009,1.0,36348161.0,0.372,17656811.0,230732.0,16678925.0,18307435.0,13129754.0,0.0,0.0,0.0,11877564.0,8774834.0,3102730.0,44601433.0,593628.0,0.0,218244.0,-4161737.0,0.0,-3943493.0,-919531.0,0.0,5456652.0,0.0,3957722.0,3957722.0,3957722.0,0.0,0.0,0.041,29578228.0,6769933.0,7492918.0,0.0,1.43,11.269,11.328,2436463.0,0.0,0.091,0.457,0.457,7184947.0,19809681.0,97684666.0,97684666.0,0.0,0.095,0.135,0.375,0.07,0.0,29528109.0,1.0,492153744.0,492153744,501796032.0,0.198,25419996.0,1145133.0,2668002.0,2532697.0,0.052,14208699.0
73,MNST,MRT,2003-03-31,2003-03-31,2003-03-31,2021-08-09,0.0,41731470.0,41394907.0,21992724.0,19738746.0,2.308,0.06,-602488.0,2209312.0,2209312.0,60806883.0,3251621.0,2.979,0.428,2820631.0,227535.0,2593096.0,2820631.0,0.0,500738.0,0.0,0.0,0.0,5669745.0,6170483.0,0.065,6170483.0,5669745.0,5439013.0,0.007,0.006,0.007,29222059.0,28227396.0,29222059.0,47769793.0,8.0,7.742,4762606.0,0.01,1.0,34733433.0,0.364,17721311.0,230732.0,17237860.0,19237740.0,11029645.0,0.0,0.0,0.0,12509411.0,7383618.0,5125793.0,44470933.0,1757913.0,0.0,218244.0,-3483616.0,0.0,-3265372.0,-341809.0,0.0,5365094.0,0.0,3251621.0,3251621.0,3251621.0,0.0,0.0,0.034,29108723.0,5624710.0,6052991.0,0.0,1.522,13.677,12.946,2017435.0,0.0,0.091,0.465,0.464,6667860.0,17832497.0,95540316.0,95540316.0,0.0,0.079,0.115,0.295,0.059,0.0,29056525.0,1.0,490713744.0,489112656,500925744.0,0.195,24010159.0,1145133.0,2187392.0,2532697.0,0.049,14609106.0
74,MNST,MRT,2002-12-31,2002-12-31,2002-12-31,2021-08-09,0.0,40463505.0,40632910.0,20903874.0,19559631.0,2.265,0.059,-416873.0,537920.0,537920.0,58802669.0,3029195.0,3.511,0.426,3836780.0,230740.0,3606040.0,3836780.0,0.0,493894.0,0.0,0.0,0.0,5295907.0,5789801.0,0.063,5789801.0,5295907.0,5065175.0,0.006,0.006,0.006,28370744.0,27359929.0,28370744.0,44555794.0,8.0,7.696,2309796.0,0.005,1.0,33243693.0,0.361,17696824.0,230732.0,20111517.0,20269480.0,11643734.0,0.0,0.0,0.0,12092761.0,5954024.0,6138737.0,42433726.0,290263.0,0.0,8000.0,-2352197.0,0.0,-2344197.0,-92209.0,0.0,2726669.0,0.0,3029195.0,3029195.0,3029195.0,0.0,0.0,0.033,27950760.0,5292933.0,4732261.0,0.0,1.496,14.008,14.656,1862807.0,0.0,0.088,0.461,0.461,5949402.0,17199426.0,92046362.0,92046362.0,0.0,0.075,0.111,0.261,0.058,0.0,27896202.0,1.0,482544144.0,482519952,496300992.0,0.191,22766681.0,1145133.0,2035980.0,2532697.0,0.047,14949850.0
75,MNST,MRT,2002-09-30,2002-09-30,2002-09-30,2021-08-09,0.0,41934320.0,40157354.0,22220054.0,19714266.0,2.241,0.059,-378860.0,2912236.0,2912236.0,57961468.0,3279601.0,3.155,0.482,5034304.0,249950.0,4784354.0,5034304.0,0.0,474213.0,0.0,0.0,0.0,5604013.0,6078226.0,0.068,6078226.0,5604013.0,5507346.0,0.007,0.006,0.007,28293502.0,26600630.0,28293502.0,46408560.0,8.0,7.635,5667651.0,0.012,1.0,32020949.0,0.356,17812765.0,96667.0,19201437.0,20457652.0,11893017.0,0.0,0.0,0.0,13640818.0,7042186.0,6598632.0,41619432.0,2351900.0,0.0,8000.0,-3575751.0,0.0,-3567751.0,-126860.0,0.0,6046511.0,0.0,3279601.0,3279601.0,3279601.0,0.0,0.0,0.036,26234790.0,5786159.0,5896773.0,0.0,1.471,12.69,12.321,1901501.0,0.0,0.086,0.463,0.463,5428853.0,17122184.0,89982417.0,89982417.0,0.0,0.082,0.123,0.274,0.062,230879.0,26067240.0,1.0,482544144.0,482544144,498716160.0,0.186,24121555.0,949176.0,2227745.0,1814278.0,0.05,15177868.0
76,MNST,MRT,2002-06-30,2002-06-30,2002-06-30,2021-08-09,0.0,41450334.0,40027981.0,21685615.0,19764719.0,2.151,0.056,-443064.0,160626.0,160626.0,55277200.0,3268108.0,2.714,0.534,4949754.0,326676.0,4623078.0,4949754.0,0.0,466932.0,0.0,0.0,0.0,5659692.0,6126624.0,0.071,6126624.0,5659692.0,5470401.0,0.007,0.006,0.007,27023277.0,25721010.0,27023277.0,48578111.0,9.0,7.929,1955616.0,0.004,1.0,30816724.0,0.358,17849616.0,189291.0,20400145.0,21702712.0,11399953.0,0.0,0.0,0.0,14427057.0,7989701.0,6437356.0,42725263.0,-243110.0,0.0,8000.0,-2403988.0,0.0,-2395988.0,-245802.0,0.0,2398680.0,0.0,3268108.0,3268108.0,3268108.0,0.0,0.0,0.038,25027339.0,5789385.0,6687509.0,0.0,1.581,13.073,12.649,1915103.0,0.0,0.089,0.496,0.496,7699875.0,15851959.0,86093924.0,86093924.0,0.0,0.082,0.127,0.261,0.066,230879.0,24743380.0,1.0,482544144.0,482544144,496217328.0,0.178,23600718.0,949176.0,2202293.0,1814278.0,0.049,13695914.0
77,MNST,MRT,2002-03-31,2002-03-31,2002-03-31,2021-08-09,0.0,38683479.0,39688584.0,18716927.0,19966552.0,2.075,0.053,-506906.0,451399.0,451399.0,52970984.0,3104550.0,3.643,0.502,6304247.0,324559.0,5979688.0,6304247.0,0.0,457702.0,0.0,0.0,0.0,5504627.0,5962329.0,0.072,5962329.0,5504627.0,5179989.0,0.006,0.006,0.006,25752194.0,24844264.0,25752194.0,48364993.0,9.0,8.112,3503645.0,0.007,1.0,29371613.0,0.357,18034188.0,324638.0,21364820.0,21720271.0,10174668.0,0.0,0.0,0.0,12931285.0,5137319.0,7793966.0,42423673.0,257773.0,0.0,8000.0,-3128841.0,0.0,-3120841.0,-631937.0,0.0,4010551.0,0.0,3104550.0,3104550.0,3104550.0,0.0,0.0,0.038,23799402.0,5572211.0,3724336.0,0.0,1.647,13.665,14.653,1932364.0,0.0,0.088,0.515,0.515,6204394.0,14580876.0,82342597.0,82342597.0,0.0,0.078,0.125,0.253,0.067,230879.0,23402370.0,1.0,482544144.0,482442864,496307136.0,0.171,20649291.0,949176.0,2075439.0,1814278.0,0.043,13579608.0
78,MNST,MRT,2001-12-31,2001-12-31,2001-12-31,2021-08-09,0.0,38561282.0,39498031.0,18540090.0,20021192.0,2.042,0.053,-503489.0,247657.0,247657.0,51796539.0,3019353.0,3.333,0.522,6188977.0,337872.0,5851105.0,6188977.0,0.0,436459.0,0.0,0.0,0.0,5559849.0,5996308.0,0.074,5996308.0,5559849.0,5032255.0,0.006,0.006,0.006,25333549.0,24008406.0,25333549.0,50334265.0,9.0,8.394,4699217.0,0.01,1.0,28861778.0,0.358,18076046.0,527594.0,20864206.0,22217796.0,11956680.0,0.0,0.0,0.0,13227733.0,5562350.0,7665383.0,42189013.0,116992.0,0.0,28621.0,-4432101.0,0.0,-4403480.0,-682234.0,0.0,5202706.0,0.0,3019353.0,3019353.0,3019353.0,0.0,0.0,0.037,23310921.0,5550857.0,3919741.0,0.0,1.665,13.973,14.583,1945146.0,0.0,0.087,0.523,0.523,4412422.0,14170231.0,80658317.0,80658317.0,0.0,0.076,0.126,0.25,0.069,230879.0,22803433.0,1.0,482160144.0,481754256,495115392.0,0.167,20485236.0,949176.0,2012902.0,1814278.0,0.043,12977740.0
79,MNST,MRT,2001-09-30,2001-09-30,2001-09-30,2021-08-09,0.0,41416828.0,39597102.0,21095788.0,20321040.0,1.84,0.051,-635101.0,560336.0,560336.0,49663620.0,2901453.0,2.991,0.672,8705588.0,390476.0,8315112.0,8705588.0,0.0,429831.0,0.0,0.0,0.0,5515413.0,5945244.0,0.082,5945244.0,5515413.0,4871393.0,0.006,0.006,0.006,24775022.0,23188693.0,24775022.0,42203050.0,8.0,7.099,2121845.0,0.004,1.0,23214302.0,0.319,18327848.0,644020.0,24181677.0,23337518.0,11863398.0,0.0,0.0,0.0,16641806.0,7052555.0,9589251.0,35157511.0,435192.0,0.0,-55427.0,-1659514.0,0.0,-1714941.0,-606813.0,0.0,2756946.0,0.0,2901453.0,2901453.0,2901453.0,0.0,0.0,0.04,17708676.0,5505626.0,5205942.0,0.0,1.419,12.117,12.153,1993192.0,0.0,0.073,0.482,0.482,6961942.0,13842583.0,72877922.0,72877922.0,0.0,0.073,0.125,0.236,0.076,0.0,17206513.0,1.0,482160144.0,482160144,495488448.0,0.151,23088980.0,881618.0,1969940.0,1500918.0,0.048,14043233.0
80,MNST,MRT,2001-06-30,2001-06-30,2001-06-30,2021-08-09,0.0,40092747.0,39045908.0,19731068.0,20361679.0,1.856,0.049,-711182.0,403736.0,403736.0,46763781.0,3007909.0,2.394,0.705,7449275.0,388493.0,7060782.0,7449275.0,0.0,406142.0,0.0,0.0,0.0,5647351.0,6053493.0,0.084,6053493.0,5647351.0,5019082.0,0.006,0.006,0.006,23516290.0,22459286.0,23516290.0,42738005.0,8.0,7.06,3213732.0,0.007,1.0,25719002.0,0.355,18426370.0,628269.0,20470380.0,23021463.0,9949442.0,0.0,0.0,0.0,16576457.0,8241536.0,8334921.0,34153010.0,282127.0,0.0,-28787.0,3725772.0,0.0,3696985.0,-7339772.0,0.0,3924914.0,0.0,3007909.0,3007909.0,3007909.0,0.0,0.0,0.041,20083197.0,5635805.0,6446065.0,0.0,1.452,11.354,11.806,1935309.0,0.0,0.071,0.471,0.471,7690997.0,12583851.0,72482783.0,72482783.0,0.0,0.077,0.134,0.245,0.078,0.0,19628220.0,1.0,482160144.0,482160144,494031168.0,0.15,21666377.0,881618.0,2011173.0,1611652.0,0.045,11489532.0
81,MNST,MRT,2001-03-31,2001-03-31,2001-03-31,2021-08-09,0.0,37921266.0,36639749.0,18598133.0,19323133.0,1.982,0.047,-1143721.0,193626.0,193626.0,44613893.0,3552471.0,3.265,0.692,8778621.0,236553.0,8542068.0,8778621.0,0.0,366321.0,0.0,0.0,0.0,6483502.0,6849823.0,0.094,6849823.0,6483502.0,5926689.0,0.008,0.007,0.008,22408765.0,21696606.0,22408765.0,43737831.0,7.0,6.385,500610.0,0.001,1.0,28022204.0,0.386,17455045.0,556813.0,23354922.0,21302313.0,10192788.0,0.0,0.0,0.0,15512501.0,5696294.0,9816207.0,33901885.0,59939.0,0.0,-169341.0,6293517.0,0.0,6124176.0,-7708568.0,0.0,1644331.0,0.0,3552471.0,3552471.0,3552471.0,0.0,0.0,0.049,21545656.0,6476548.0,4027810.0,0.0,1.513,9.543,8.789,1868088.0,0.0,0.07,0.467,0.465,6326432.0,11476326.0,72636097.0,72636097.0,0.0,0.097,0.164,0.304,0.089,0.0,21134010.0,1.0,482160144.0,480477840,494721552.0,0.151,20466221.0,881618.0,2374218.0,2123305.0,0.043,12901839.0
82,MNST,MRT,2000-12-31,2000-12-31,2000-12-31,2021-08-09,0.0,38957568.0,34089894.0,19540879.0,19416689.0,2.103,0.046,-1179329.0,130665.0,130665.0,42780067.0,3915126.0,3.314,0.766,9966611.0,234655.0,9731956.0,9966611.0,0.0,314662.0,0.0,0.0,0.0,6913264.0,7227926.0,0.101,7227926.0,6913264.0,6531112.0,0.008,0.008,0.008,22054696.0,20832924.0,22054696.0,47499504.0,7.0,6.572,-2302169.0,-0.005,1.0,28925918.0,0.403,17553645.0,382152.0,25343092.0,18309677.0,10907895.0,0.0,0.0,0.0,16902872.0,5896777.0,11006095.0,38556517.0,-1878490.0,0.0,-557906.0,7653422.0,0.0,7095516.0,-7851166.0,0.0,-1122840.0,0.0,3915126.0,3915126.0,3915126.0,0.0,0.0,0.055,22025568.0,6900350.0,3894784.0,0.0,1.748,9.848,10.091,1863044.0,0.0,0.081,0.538,0.538,6797314.0,11150878.0,71705985.0,71705985.0,0.0,0.115,0.188,0.378,0.096,0.0,21654495.0,1.0,477603312.0,477971664,499473744.0,0.15,21403923.0,881618.0,2615986.0,2152405.0,0.045,13644102.0
83,MNST,MRT,2000-09-30,2000-09-30,2000-09-30,2021-08-09,0.0,39212051.0,31527740.0,20033275.0,19178776.0,2.499,0.046,-1032912.0,125144.0,125144.0,42204658.0,4497377.0,2.735,0.794,9068131.0,264460.0,8803671.0,9068131.0,0.0,326186.0,0.0,0.0,0.0,7653813.0,7979999.0,0.101,7979999.0,7653813.0,7452011.0,0.01,0.009,0.01,21857395.0,19975718.0,21857395.0,56296208.0,7.0,7.055,-2500712.0,-0.005,1.0,36582313.0,0.464,17911867.0,201802.0,22917457.0,14288415.0,10777659.0,0.0,0.0,0.0,17354656.0,7325714.0,10028942.0,53991286.0,-2700628.0,0.0,-473858.0,7134021.0,0.0,6660163.0,-7892991.0,0.0,-1467800.0,0.0,4497377.0,4497377.0,4497377.0,0.0,0.0,0.057,28967599.0,7614714.0,5577900.0,0.0,2.47,12.005,11.329,1266909.0,0.0,0.113,0.685,0.686,7361309.0,10941130.0,78786971.0,78786971.0,0.0,0.143,0.225,0.536,0.097,0.0,28286363.0,1.0,476568912.0,477000432,502447776.0,0.165,21300184.0,743364.0,2954634.0,1693314.0,0.045,12707561.0
84,MNST,MRT,2000-06-30,2000-06-30,2000-06-30,2021-08-09,0.0,30468110.0,28634019.0,18032681.0,12435429.0,2.674,0.043,-816344.0,121609.0,121609.0,41542288.0,4468957.0,2.293,0.489,2426531.0,1512524.0,914007.0,2426531.0,0.0,301238.0,0.0,0.0,0.0,7604482.0,7905720.0,0.103,7905720.0,7604482.0,7444902.0,0.009,0.009,0.009,20465568.0,18943584.0,20465568.0,43505848.0,6.0,5.503,-1796965.0,-0.004,1.0,35034324.0,0.458,11315988.0,159580.0,13593780.0,10303575.0,8998888.0,0.0,0.0,0.0,10002542.0,7863264.0,2139278.0,41701403.0,-2769729.0,0.0,-493417.0,772481.0,0.0,279064.0,-2068172.0,0.0,-980621.0,0.0,4468957.0,4468957.0,4468957.0,0.0,0.0,0.058,27506782.0,7527542.0,5204072.0,0.0,2.038,9.331,9.549,1119441.0,0.0,0.086,0.545,0.536,7192902.0,9575942.0,76576612.0,76576612.0,0.0,0.156,0.236,0.738,0.099,24342.0,26831580.0,1.0,485252688.0,477196848,497644896.0,0.16,19152122.0,743364.0,2975945.0,1446138.0,0.04,10169417.0
85,MNST,MRT,2000-03-31,2000-03-31,2000-03-31,2021-08-09,0.0,27721847.0,27423201.0,15823256.0,11898591.0,2.664,0.039,-211616.0,133687.0,133687.0,39729148.0,4257060.0,2.313,0.463,1938132.0,1235416.0,702716.0,1938132.0,0.0,240112.0,0.0,0.0,0.0,7221182.0,7461294.0,0.102,7461294.0,7221182.0,7085413.0,0.009,0.009,0.009,18954035.0,17917360.0,18954035.0,44820953.0,6.0,6.007,-358055.0,-0.001,1.0,33322936.0,0.456,11302089.0,135769.0,11384378.0,8437954.0,9994854.0,0.0,0.0,0.0,8767812.0,6839825.0,1927987.0,45063891.0,-1942856.0,0.0,-352863.0,132923.0,0.0,-219940.0,-1576477.0,10587.0,-146439.0,0.0,4257060.0,4257060.0,4257060.0,0.0,0.0,0.058,26201252.0,7121684.0,4552072.0,0.0,2.378,10.586,10.417,596502.0,0.0,0.094,0.617,0.616,4244322.0,7923855.0,73052084.0,73052084.0,0.0,0.155,0.238,0.856,0.099,48685.0,25519540.0,1.0,480681504.0,479935536,503133120.0,0.152,16419758.0,743364.0,2828353.0,1995836.0,0.034,8983431.0
86,MNST,MRT,1999-12-31,1999-12-31,1999-12-31,2021-08-09,0.0,28708952.0,25961372.0,16951880.0,11757072.0,2.785,0.039,-176580.0,2009155.0,2009155.0,38776532.0,4477868.0,2.131,0.541,1766217.0,863501.0,902716.0,1766217.0,0.0,258343.0,0.0,0.0,0.0,7619492.0,7877835.0,0.109,7877835.0,7619492.0,7448986.0,0.009,0.009,0.009,18625876.0,16902885.0,18625876.0,42247325.0,6.0,5.363,1141377.0,0.002,1.0,33526654.0,0.464,11252881.0,170506.0,9258044.0,7037758.0,9894414.0,0.0,0.0,0.0,10083076.0,7955089.0,2127987.0,43138988.0,-1796934.0,0.0,27781.0,-1641568.0,0.0,-1613787.0,-1501104.0,20861.0,1317957.0,0.0,4477868.0,4477868.0,4477868.0,0.0,0.0,0.062,26025575.0,7501079.0,5936873.0,0.0,2.316,9.634,9.984,504191.0,0.0,0.09,0.597,0.594,3751258.0,7235752.0,72303186.0,72303186.0,0.0,0.172,0.265,1.083,0.105,73026.0,25337374.0,1.0,480100032.0,478309344,504508992.0,0.151,17456071.0,743364.0,2971118.0,1571907.0,0.036,8996791.0
87,MNST,MRT,1999-09-30,1999-09-30,1999-09-30,2021-08-09,0.0,27637167.0,24423334.0,15663596.0,11973571.0,2.74,0.037,-228941.0,2825772.0,2825772.0,35049633.0,4395744.0,1.868,0.559,1934109.0,1167792.0,766317.0,1934109.0,0.0,224674.0,0.0,0.0,0.0,7599696.0,7824370.0,0.117,7824370.0,7599696.0,7375543.0,0.009,0.009,0.009,17728859.0,15731962.0,17728859.0,49269013.0,6.0,6.297,1487397.0,0.003,1.0,31874524.0,0.476,11382402.0,224153.0,6978097.0,6186011.0,7826073.0,0.0,0.0,0.0,9908308.0,8385005.0,1523303.0,50506301.0,-1458349.0,0.0,27781.0,-1453849.0,0.0,-1588657.0,-1586030.0,30961.0,1716338.0,0.0,4395744.0,4395744.0,4395744.0,0.0,0.0,0.066,24384484.0,7490040.0,6295852.0,0.0,2.849,11.49,11.72,591169.0,0.0,0.105,0.755,0.755,4421682.0,6443753.0,66924157.0,66924157.0,0.0,0.18,0.279,1.229,0.114,97368.0,24054119.0,1.0,478827264.0,478846848,510005040.0,0.14,16254765.0,0.0,2979799.0,879328.0,0.034,7278591.0
88,MNST,MRT,1999-06-30,1999-06-30,1999-06-30,2021-08-09,0.0,25624837.0,23122648.0,14620625.0,11004212.0,2.726,0.034,-221674.0,2891338.0,2891338.0,32692389.0,4191348.0,1.856,0.566,1654050.0,1024042.0,630008.0,1654050.0,0.0,218356.0,0.0,0.0,0.0,7165296.0,7383652.0,0.117,7383652.0,7165296.0,6893447.0,0.009,0.008,0.009,16360669.0,14532389.0,16360669.0,43209227.0,6.0,5.852,3015476.0,0.006,1.0,30329871.0,0.481,10379076.0,271849.0,6131299.0,5411803.0,6502521.0,0.0,0.0,0.0,9264168.0,7877174.0,1386994.0,43480561.0,744795.0,-21699.0,96657.0,-2022564.0,0.0,-1925907.0,-566448.0,60252.0,3237150.0,0.0,4191348.0,4191348.0,4191348.0,0.0,0.0,0.067,23265180.0,7064691.0,5064146.0,0.0,2.658,10.374,10.127,625136.0,0.0,0.091,0.69,0.691,4810843.0,5082644.0,63022260.0,63022260.0,0.0,0.181,0.288,1.324,0.114,97374.0,22907900.0,1.0,477043872.0,477655056,510645456.0,0.132,15245761.0,0.0,2702099.0,1861946.0,0.032,6743451.0
89,MNST,MRT,1999-03-31,1999-03-31,1999-03-31,2021-08-09,0.0,21874532.0,21752066.0,10980647.0,10893885.0,2.659,0.031,-274667.0,2076543.0,2076543.0,29540025.0,3766854.0,1.969,0.468,1805209.0,1111525.0,693684.0,1805209.0,0.0,234254.0,0.0,0.0,0.0,6299746.0,6534000.0,0.113,6534000.0,6299746.0,5965153.0,0.008,0.007,0.008,14896136.0,13366694.0,14896136.0,36199247.0,6.0,5.54,3667864.0,0.008,1.0,28290518.0,0.489,10242731.0,334593.0,5783591.0,5346700.0,5405772.0,10587.0,0.0,10587.0,6978396.0,5576876.0,1401520.0,36597551.0,1610624.0,-21699.0,96657.0,-1997442.0,0.0,-1900785.0,-431122.0,60492.0,3942531.0,0.0,3766854.0,3766854.0,3766854.0,0.0,0.0,0.065,22067513.0,6223005.0,3755346.0,0.0,2.457,9.716,9.604,640567.0,0.0,0.077,0.633,0.633,3156781.0,3618111.0,57830543.0,57830543.0,0.0,0.173,0.282,1.178,0.109,89260.0,21710581.0,1.0,476323872.0,476396784,505043184.0,0.121,11631801.0,0.0,2198299.0,908146.0,0.024,5403771.0
90,MNST,MRT,1998-12-31,1998-12-31,1998-12-31,2021-08-09,0.0,22556802.0,20617085.0,11719098.0,10837704.0,2.613,0.031,-435838.0,3806089.0,3806089.0,27332028.0,3563129.0,1.924,0.618,3407785.0,2072818.0,1334967.0,3407785.0,0.0,246494.0,0.0,0.0,0.0,6017497.0,6263991.0,0.116,6263991.0,6017497.0,5630051.0,0.008,0.007,0.008,13942183.0,12309363.0,13942183.0,52542915.0,9.0,8.388,3935090.0,0.009,1.0,26534266.0,0.493,10215320.0,387446.0,5851057.0,5631831.0,5211077.0,20861.0,0.0,20861.0,8614619.0,6092121.0,2522498.0,53276489.0,3410858.0,0.0,75957.0,-520874.0,0.0,-444917.0,-515153.0,39391.0,4370928.0,0.0,3563129.0,3563129.0,3563129.0,0.0,0.0,0.066,20574402.0,5959864.0,1870253.0,0.0,3.821,14.952,13.997,601523.0,0.0,0.112,0.989,0.937,1827544.0,2684858.0,53866294.0,53866294.0,0.0,0.173,0.289,1.068,0.112,64919.0,20217818.0,1.0,475771440.0,450561024,500674896.0,0.12,12341482.0,630070.0,2066922.0,2456716.0,0.027,5626977.0
91,MNST,MRT,1998-09-30,1998-09-30,1998-09-30,2021-08-09,-67241.0,22434419.0,19211224.0,11521803.0,10912616.0,2.749,0.029,-302570.0,4284121.0,4284121.0,27597201.0,3018677.0,1.527,0.735,3550547.0,1593161.0,1957386.0,3550547.0,0.0,243852.0,0.0,0.0,0.0,4972914.0,5216766.0,0.099,5216766.0,4972914.0,4603000.0,0.007,0.006,0.007,12930568.0,11314012.0,12930568.0,38427887.0,8.0,7.366,4724089.0,0.011,1.0,25209908.0,0.477,10273116.0,369914.0,3881264.0,5796275.0,4207624.0,30961.0,0.0,30961.0,9503851.0,7546465.0,1957386.0,36897816.0,3769552.0,-21699.0,86957.0,-1503898.0,0.0,-1091763.0,-86451.0,50632.0,5026659.0,-78893.0,3018677.0,3018677.0,3018677.0,0.0,0.0,0.057,20243740.0,4966168.0,3252039.0,0.0,2.854,12.223,11.812,608539.0,0.0,0.083,0.699,0.703,2503872.0,2017883.0,52807109.0,52807109.0,0.0,0.157,0.267,0.858,0.094,40577.0,19866874.0,1.0,446232096.0,449126592,506399424.0,0.118,12161303.0,0.0,1584323.0,1614590.0,0.027,3975338.0
92,MNST,MRT,1998-06-30,1998-06-30,1998-06-30,2021-08-09,-67241.0,20142511.0,,9180810.0,10961701.0,,0.027,-307571.0,2146543.0,2146543.0,26817915.0,2387314.0,1.667,0.722,3676614.0,740660.0,2935954.0,3676614.0,0.0,246979.0,0.0,0.0,0.0,5356747.0,5603726.0,0.113,5603726.0,5356747.0,4891760.0,0.005,0.005,0.005,11697891.0,,11697891.0,45604186.0,9.0,8.138,2949073.0,0.007,1.0,22838721.0,0.46,10293030.0,464987.0,5870886.0,,3996739.0,46536.0,0.0,46536.0,8444620.0,5508666.0,2935954.0,42267454.0,1858479.0,1169.0,11000.0,-1286768.0,0.0,-1275768.0,-60908.0,23617.0,3256644.0,-61489.0,2387314.0,2387314.0,2387314.0,0.0,0.0,0.048,19001136.0,3837585.0,2855444.0,0.0,3.613,17.705,19.271,622135.0,0.0,0.096,0.851,0.851,2873885.0,861163.0,49656636.0,49656636.0,0.0,,,,0.108,16229.0,18617585.0,1.0,438667632.0,438765504,497341392.0,0.113,9849481.0,0.0,2504446.0,990590.0,0.022,3672144.0
93,MNST,MRT,1998-03-31,1998-03-31,1998-03-31,2021-08-09,-66396.0,17334608.0,,6332359.0,11002249.0,,0.024,-372767.0,465919.0,465919.0,26600063.0,1934181.0,1.861,0.625,3802651.0,537660.0,3264991.0,3802651.0,0.0,293677.0,0.0,0.0,0.0,4537281.0,4830958.0,0.102,4830958.0,4537281.0,4026427.0,0.004,0.004,0.004,10666810.0,,10666810.0,26643657.0,6.0,5.515,1239849.0,0.003,1.0,20602271.0,0.436,10344415.0,510854.0,6924118.0,,3492822.0,57363.0,0.0,57363.0,6667798.0,3402807.0,3264991.0,23110229.0,408367.0,1518.0,11000.0,-1140778.0,0.0,-895042.0,-194800.0,12790.0,1612616.0,-114407.0,1934181.0,1934181.0,1934181.0,0.0,0.0,0.041,17584152.0,3018119.0,1755775.0,0.0,2.167,11.948,13.182,600471.0,0.0,0.053,0.49,0.49,2196885.0,-170763.0,47202334.0,47202334.0,0.0,,,,0.096,0.0,17142910.0,1.0,438281712.0,438281712,467532672.0,0.108,6990193.0,0.0,2092246.0,540590.0,0.016,2929552.0
94,MNST,MRT,1997-12-31,1997-12-31,1997-12-31,2021-08-09,-67241.0,16933359.0,16521216.0,6067413.0,10865946.0,2.606,0.023,-148625.0,395231.0,395231.0,25222881.0,1250151.0,1.702,0.7,3928659.0,520835.0,3407824.0,3928659.0,0.0,270114.0,0.0,0.0,0.0,1815645.0,2085759.0,0.048,2085759.0,1815645.0,1290351.0,0.003,0.003,0.003,9960779.0,9394115.0,9960779.0,,,,1169913.0,0.003,1.0,17834183.0,0.414,10393198.0,525294.0,6508833.0,4614413.0,3915983.0,60252.0,0.0,60252.0,6972580.0,3564756.0,3407824.0,16554265.0,208300.0,0.0,11000.0,-1014770.0,0.0,-1003770.0,21355.0,1918.0,1318538.0,-127823.0,1250151.0,1250151.0,1250151.0,0.0,0.0,0.029,15952274.0,1881909.0,2195200.0,0.0,1.662,13.242,12.59,412496.0,0.0,0.038,0.384,0.384,1541731.0,-875949.0,43057064.0,43057064.0,0.0,0.076,0.133,0.393,0.042,0.0,15452188.0,1.0,438281712.0,438030240,445854816.0,0.098,6540161.0,0.0,40200.0,37800.0,0.015,2502657.0
95,MNST,MRT,1997-09-30,1997-09-30,1997-09-30,2021-08-09,,,,,,,,,,,,,,,,,,,,,,0.0,0.0,,,,,,,,,,,,,,,,,,1.0,,,,,,,,,,,,,,,,,,,,,,,,,,,,,,,,,,,,,,,,0.036,,,,,,,,,,,,,,1.0,,442318176,,,,,,,,
96,MNST,MRT,1997-06-30,1997-06-30,1997-06-30,2021-08-09,,,,,,,,,,,,,,,,,,,,,,0.0,0.0,,,,,,,,,,,,,,,,,,1.0,,,,,,,,,,,,,,,,,,,,,,,,,,,,,,,,,,,,,,,,0.025,,,,,,,,,,,,,,1.0,,442318176,,,,,,,,
97,MNST,MRT,1997-03-31,1997-03-31,1997-03-31,2021-08-09,,,,,,,,,,,,,,,,,,,,,,0.0,0.0,,,,,,,,,,,,,,,,,,1.0,,,,,,,,,,,,,,,,,,,,,,,,,,,,,,,,,,,,,,,,0.021,,,,,,,,,,,,,,1.0,,437897664,,,,,,,,
98,MNST,MRT,1996-12-31,1996-12-31,1996-12-31,2021-08-09,60582.0,16109073.0,,4574151.0,11534922.0,,0.02,-35757.0,186931.0,186931.0,21671064.0,357166.0,0.628,0.825,4941970.0,4941970.0,0.0,4941970.0,0.0,249035.0,0.0,0.0,0.0,945299.0,1194334.0,0.034,1194334.0,945299.0,359566.0,0.001,0.001,0.001,8827451.0,,8827451.0,,,,718088.0,0.002,1.0,13894421.0,0.391,10862497.0,585733.0,2719993.0,,3111124.0,70153.0,0.0,70153.0,7281622.0,7281622.0,0.0,,99015.0,0.0,0.0,-625476.0,0.0,-625476.0,-53724.0,3730.0,753845.0,24370.0,357166.0,357166.0,357166.0,0.0,0.0,0.01,13217474.0,676947.0,2139050.0,0.0,,,22.083,602272.0,0.0,0.022,,0.272,944227.0,-2126100.0,35565485.0,35565485.0,0.0,,,,0.027,0.0,12524850.0,1.0,,437897664,439651920.0,0.081,5246576.0,0.0,2400.0,0.0,0.012,-2707471.0
99,MNST,MRT,1995-12-31,1995-12-31,1995-12-31,2021-08-09,,,,,,,,-293044.0,,,21855369.0,-1349693.0,,,,,,,,246969.0,,0.0,0.0,-907476.0,-660507.0,-0.019,-660507.0,-907476.0,-1347293.0,-0.003,,-0.003,,,,,,,-2303031.0,-0.005,1.0,12135306.0,0.357,,439817.0,,,,,,,,,,,-1003121.0,25271.0,0.0,1375736.0,0.0,1375736.0,-372767.0,0.0,-2009987.0,3897.0,-1349693.0,-1349693.0,-1349693.0,0.0,0.0,-0.04,13442014.0,-1306708.0,,0.0,,,-4.774,,0.0,0.014,,0.185,,,33990675.0,33990675.0,0.0,,,,-0.027,0.0,12506770.0,1.0,,437897664,,0.078,,,2400.0,,,
