None,ticker,dimension,calendardate,datekey,reportperiod,lastupdated,accoci,assets,assetsavg,assetsc,assetsnc,assetturnover,bvps,capex,cashneq,cashnequsd,cor,consolinc,currentratio,de,debt,debtc,debtnc,debtusd,deferredrev,depamor,deposits,divyield,dps,ebit,ebitda,ebitdamargin,ebitdausd,ebitusd,ebt,eps,epsdil,epsusd,equity,equityavg,equityusd,ev,evebit,evebitda,fcf,fcfps,fxusd,gp,grossmargin,intangibles,intexp,invcap,invcapavg,inventory,investments,investmentsc,investmentsnc,liabilities,liabilitiesc,liabilitiesnc,marketcap,ncf,ncfbus,ncfcommon,ncfdebt,ncfdiv,ncff,ncfi,ncfinv,ncfo,ncfx,netinc,netinccmn,netinccmnusd,netincdis,netincnci,netmargin,opex,opinc,payables,payoutratio,pb,pe,pe1,ppnenet,prefdivis,price,ps,ps1,receivables,retearn,revenue,revenueusd,rnd,roa,roe,roic,ros,sbcomp,sgna,sharefactor,sharesbas,shareswa,shareswadil,sps,tangibles,taxassets,taxexp,taxliabilities,tbvps,workingcapital
0,TXN,MRY,2020-12-31,2020-12-31,2020-12-31,2021-07-22,-360000000.0,19351000000.0,18071500000.0,10239000000.0,9112000000.0,0.8,9.975,-649000000.0,3107000000.0,3107000000.0,5192000000.0,5595000000.0,4.284,1.106,6798000000.0,550000000.0,6248000000.0,6798000000.0,0.0,992000000.0,0.0,0.023,3.72,6207000000.0,7199000000.0,0.498,7199000000.0,6207000000.0,6017000000.0,6.05,5.97,6.05,9187000000.0,8222500000.0,9187000000.0,154636841797.0,25.0,21.48,5490000000.0,5.961,1.0,9269000000.0,0.641,4636000000.0,190000000.0,16016000000.0,14628500000.0,1955000000.0,3461000000.0,3461000000.0,0.0,10164000000.0,2390000000.0,7774000000.0,150661841797.0,670000000.0,0.0,-2083000000.0,998000000.0,-3426000000.0,-4547000000.0,-922000000.0,-241000000.0,6139000000.0,0.0,5595000000.0,5595000000.0,5595000000.0,0.0,0.0,0.387,3375000000.0,5894000000.0,415000000.0,0.615,16.399,26.928,27.129,3269000000.0,0.0,164.13,10.418,10.453,1414000000.0,42051000000.0,14461000000.0,14461000000.0,1530000000.0,0.31,0.68,0.424,0.429,224000000.0,1623000000.0,1.0,917942130.0,921000000.0,933000000.0,15.701,14715000000.0,343000000.0,422000000.0,224000000.0,15.977,7849000000.0
1,TXN,MRY,2019-12-31,2019-12-31,2019-12-31,2021-07-22,-347000000.0,18018000000.0,17709250000.0,8761000000.0,9257000000.0,0.812,9.516,-847000000.0,2437000000.0,2437000000.0,5219000000.0,5017000000.0,4.127,1.023,5803000000.0,500000000.0,5303000000.0,5803000000.0,0.0,1050000000.0,0.0,0.025,3.21,5898000000.0,6948000000.0,0.483,6948000000.0,5898000000.0,5728000000.0,5.33,5.24,5.33,8907000000.0,8724250000.0,8907000000.0,121830341326.0,21.0,17.535,5802000000.0,6.199,1.0,9164000000.0,0.637,4771000000.0,170000000.0,14490000000.0,12932250000.0,2001000000.0,3250000000.0,2950000000.0,300000000.0,9111000000.0,2123000000.0,6988000000.0,119922341326.0,-1000000.0,0.0,-2421000000.0,741000000.0,-3008000000.0,-4730000000.0,-1920000000.0,-1135000000.0,6649000000.0,0.0,5017000000.0,5017000000.0,5017000000.0,0.0,0.0,0.349,3441000000.0,5723000000.0,388000000.0,0.602,13.464,23.903,24.069,3303000000.0,0.0,128.29,8.338,8.349,1074000000.0,39898000000.0,14383000000.0,14383000000.0,1544000000.0,0.283,0.575,0.456,0.41,217000000.0,1645000000.0,1.0,934775441.0,936000000.0,952000000.0,15.366,13247000000.0,197000000.0,711000000.0,124000000.0,14.153,6638000000.0
2,TXN,MRY,2018-12-31,2018-12-31,2018-12-31,2021-07-22,-473000000.0,17137000000.0,17936000000.0,8097000000.0,9040000000.0,0.88,9.272,-1131000000.0,2438000000.0,2438000000.0,5507000000.0,5580000000.0,3.273,0.905,5068000000.0,749000000.0,4319000000.0,5068000000.0,0.0,954000000.0,0.0,0.028,2.63,6811000000.0,7765000000.0,0.492,7765000000.0,6811000000.0,6686000000.0,5.71,5.59,5.71,8994000000.0,10196500000.0,8994000000.0,94336335991.0,14.0,12.149,6058000000.0,6.245,1.0,10277000000.0,0.651,5079000000.0,125000000.0,12214000000.0,13360750000.0,2217000000.0,2046000000.0,1795000000.0,251000000.0,8143000000.0,2474000000.0,5669000000.0,90771335991.0,782000000.0,0.0,-4727000000.0,1000000000.0,-2555000000.0,-6329000000.0,-78000000.0,1067000000.0,7189000000.0,0.0,5580000000.0,5580000000.0,5580000000.0,0.0,0.0,0.354,3564000000.0,6713000000.0,478000000.0,0.461,10.092,16.267,16.55,3183000000.0,0.0,94.5,5.751,5.807,1207000000.0,37906000000.0,15784000000.0,15784000000.0,1559000000.0,0.311,0.547,0.51,0.432,232000000.0,1684000000.0,1.0,960543238.0,970000000.0,990000000.0,16.272,12058000000.0,295000000.0,1106000000.0,145000000.0,12.431,5623000000.0
3,TXN,MRY,2017-12-31,2017-12-31,2017-12-31,2021-07-22,-384000000.0,17642000000.0,16746750000.0,8734000000.0,8908000000.0,0.893,10.431,-695000000.0,1656000000.0,1656000000.0,5347000000.0,3682000000.0,3.868,0.707,4077000000.0,500000000.0,3577000000.0,4077000000.0,0.0,904000000.0,0.0,0.02,2.12,6158000000.0,7062000000.0,0.472,7062000000.0,6158000000.0,6080000000.0,3.68,3.61,3.68,10337000000.0,10668000000.0,10337000000.0,105218948124.0,17.0,14.899,4668000000.0,4.71,1.0,9614000000.0,0.643,5418000000.0,78000000.0,12387000000.0,11618000000.0,1957000000.0,3081000000.0,2813000000.0,268000000.0,7305000000.0,2258000000.0,5047000000.0,102931948124.0,502000000.0,0.0,-2073000000.0,474000000.0,-2104000000.0,-3734000000.0,-1127000000.0,-460000000.0,5363000000.0,0.0,3682000000.0,3682000000.0,3682000000.0,0.0,0.0,0.246,3531000000.0,6083000000.0,466000000.0,0.576,9.958,27.955,28.38,2664000000.0,0.0,104.44,6.88,6.918,1278000000.0,34662000000.0,14961000000.0,14961000000.0,1508000000.0,0.22,0.345,0.53,0.412,242000000.0,1694000000.0,1.0,985560591.0,991000000.0,1012000000.0,15.097,12224000000.0,264000000.0,2398000000.0,206000000.0,12.335,6476000000.0
4,TXN,MRY,2016-12-31,2016-12-31,2016-12-31,2021-07-22,-526000000.0,16431000000.0,16006500000.0,7457000000.0,8974000000.0,0.835,10.442,-531000000.0,1154000000.0,1154000000.0,5113000000.0,3595000000.0,3.294,0.569,3609000000.0,631000000.0,2978000000.0,3609000000.0,0.0,955000000.0,0.0,0.022,1.64,5010000000.0,5965000000.0,0.446,5965000000.0,5010000000.0,4930000000.0,3.54,3.48,3.54,10473000000.0,10125750000.0,10473000000.0,75174473572.0,15.0,12.603,4083000000.0,4.071,1.0,8257000000.0,0.618,5678000000.0,80000000.0,10944000000.0,10475500000.0,1790000000.0,2571000000.0,2336000000.0,235000000.0,5958000000.0,2264000000.0,3694000000.0,72932473572.0,154000000.0,0.0,-1660000000.0,-501000000.0,-1646000000.0,-3810000000.0,-650000000.0,-113000000.0,4614000000.0,0.0,3595000000.0,3595000000.0,3595000000.0,0.0,0.0,0.269,3402000000.0,4855000000.0,396000000.0,0.463,6.964,20.287,20.613,2512000000.0,0.0,72.97,5.455,5.474,1267000000.0,33107000000.0,13370000000.0,13370000000.0,1356000000.0,0.225,0.355,0.478,0.375,252000000.0,1742000000.0,1.0,999485728.0,1003000000.0,1021000000.0,13.33,10753000000.0,374000000.0,1335000000.0,116000000.0,10.721,5193000000.0
5,TXN,MRY,2015-12-31,2015-12-31,2015-12-31,2021-07-22,-532000000.0,16230000000.0,16912000000.0,7074000000.0,9156000000.0,0.769,9.656,-551000000.0,1000000000.0,1000000000.0,5425000000.0,2986000000.0,2.769,0.632,4120000000.0,1000000000.0,3120000000.0,4120000000.0,0.0,1133000000.0,0.0,0.026,1.4,4306000000.0,5439000000.0,0.418,5439000000.0,4306000000.0,4216000000.0,2.86,2.82,2.86,9946000000.0,10122500000.0,9946000000.0,58598925612.0,14.0,10.774,3846000000.0,3.734,1.0,7575000000.0,0.583,5991000000.0,90000000.0,10804000000.0,11459000000.0,1691000000.0,2439000000.0,2218000000.0,221000000.0,6284000000.0,2555000000.0,3729000000.0,55599925612.0,-199000000.0,0.0,-2345000000.0,-502000000.0,-1444000000.0,-4294000000.0,-302000000.0,125000000.0,4397000000.0,0.0,2986000000.0,2986000000.0,2986000000.0,0.0,0.0,0.23,3253000000.0,4322000000.0,386000000.0,0.49,5.59,18.62,19.164,2596000000.0,0.0,54.81,4.277,4.343,1165000000.0,31176000000.0,13000000000.0,13000000000.0,1267000000.0,0.177,0.295,0.376,0.331,286000000.0,1728000000.0,1.0,1014412071.0,1030000000.0,1043000000.0,12.621,10239000000.0,201000000.0,1230000000.0,132000000.0,9.941,4519000000.0
6,TXN,MRY,2014-12-31,2014-12-31,2014-12-31,2021-07-22,-532000000.0,17372000000.0,18004250000.0,7421000000.0,9951000000.0,0.725,9.756,-385000000.0,1199000000.0,1199000000.0,5618000000.0,2821000000.0,2.792,0.672,4631000000.0,1001000000.0,3630000000.0,4631000000.0,0.0,1230000000.0,0.0,0.023,1.24,3968000000.0,5198000000.0,0.398,5198000000.0,3968000000.0,3874000000.0,2.61,2.57,2.61,10390000000.0,10486750000.0,10390000000.0,59814076666.0,15.0,11.507,3669000000.0,3.445,1.0,7427000000.0,0.569,6347000000.0,94000000.0,11799000000.0,12702000000.0,1784000000.0,2566000000.0,2342000000.0,224000000.0,6982000000.0,2658000000.0,4324000000.0,56475076666.0,-428000000.0,0.0,-2277000000.0,-502000000.0,-1323000000.0,-4105000000.0,-377000000.0,-141000000.0,4054000000.0,0.0,2821000000.0,2821000000.0,2821000000.0,0.0,0.0,0.216,3480000000.0,3947000000.0,437000000.0,0.475,5.436,20.02,20.485,2840000000.0,0.0,53.465,4.329,4.365,1246000000.0,29653000000.0,13045000000.0,13045000000.0,1358000000.0,0.157,0.269,0.312,0.304,277000000.0,1843000000.0,1.0,1056299947.0,1065000000.0,1080000000.0,12.249,11025000000.0,180000000.0,1053000000.0,135000000.0,10.352,4763000000.0
7,TXN,MRY,2013-12-31,2013-12-31,2013-12-31,2021-07-22,-528000000.0,18938000000.0,19320250000.0,8019000000.0,10919000000.0,0.632,9.842,-412000000.0,1627000000.0,1627000000.0,5841000000.0,2162000000.0,2.919,0.752,5158000000.0,1000000000.0,4158000000.0,5158000000.0,0.0,1297000000.0,0.0,0.024,1.07,2849000000.0,4146000000.0,0.34,4146000000.0,2849000000.0,2754000000.0,1.94,1.91,1.94,10807000000.0,10969500000.0,10807000000.0,51788266336.0,18.0,12.491,2972000000.0,2.707,1.0,6364000000.0,0.521,6703000000.0,95000000.0,13019000000.0,13502250000.0,1731000000.0,2418000000.0,2202000000.0,216000000.0,8131000000.0,2747000000.0,5384000000.0,48062266336.0,211000000.0,0.0,-1554000000.0,-514000000.0,-1175000000.0,-3170000000.0,-3000000.0,342000000.0,3384000000.0,0.0,2162000000.0,2162000000.0,2162000000.0,0.0,0.0,0.177,3532000000.0,2832000000.0,422000000.0,0.552,4.447,22.23,22.634,3399000000.0,0.0,43.91,3.938,3.95,1203000000.0,28173000000.0,12205000000.0,12205000000.0,1522000000.0,0.112,0.197,0.211,0.233,287000000.0,1858000000.0,1.0,1094563114.0,1098000000.0,1113000000.0,11.116,12235000000.0,600000000.0,592000000.0,668000000.0,11.143,5272000000.0
8,TXN,MRY,2012-12-31,2012-12-31,2012-12-31,2021-07-22,-699000000.0,20021000000.0,20016250000.0,8230000000.0,11791000000.0,0.641,9.683,-495000000.0,1416000000.0,1416000000.0,6457000000.0,1759000000.0,2.399,0.827,5686000000.0,1500000000.0,4186000000.0,5686000000.0,0.0,1401000000.0,0.0,0.017,0.51,2020000000.0,3421000000.0,0.267,3421000000.0,2020000000.0,1935000000.0,1.53,1.51,1.53,10961000000.0,11148250000.0,10961000000.0,39101604052.0,19.0,11.43,2919000000.0,2.579,1.0,6368000000.0,0.497,7062000000.0,85000000.0,13799000000.0,13419750000.0,1757000000.0,2764000000.0,2549000000.0,215000000.0,9060000000.0,3430000000.0,5630000000.0,34621604052.0,424000000.0,0.0,-1277000000.0,117000000.0,-819000000.0,-1951000000.0,-1039000000.0,-604000000.0,3414000000.0,0.0,1759000000.0,1759000000.0,1759000000.0,0.0,0.0,0.137,4395000000.0,1973000000.0,444000000.0,0.333,3.159,19.683,20.19,3912000000.0,0.0,30.89,2.7,2.727,1230000000.0,27205000000.0,12825000000.0,12825000000.0,1877000000.0,0.088,0.158,0.151,0.158,263000000.0,1804000000.0,1.0,1120802980.0,1132000000.0,1146000000.0,11.33,12959000000.0,753000000.0,176000000.0,653000000.0,11.448,4800000000.0
9,TXN,MRY,2011-12-31,2011-12-31,2011-12-31,2021-07-22,-776000000.0,20497000000.0,17953000000.0,7828000000.0,12669000000.0,0.765,9.515,-816000000.0,992000000.0,992000000.0,6963000000.0,2236000000.0,2.237,0.872,5592000000.0,1381000000.0,4211000000.0,5592000000.0,0.0,1108000000.0,0.0,0.019,0.56,2997000000.0,4105000000.0,0.299,4105000000.0,2997000000.0,2955000000.0,1.91,1.88,1.91,10952000000.0,10863750000.0,10952000000.0,37482537832.0,13.0,9.131,2440000000.0,2.12,1.0,6772000000.0,0.493,7558000000.0,42000000.0,14040000000.0,12496000000.0,1788000000.0,2208000000.0,1943000000.0,265000000.0,9545000000.0,3499000000.0,6046000000.0,33262537832.0,-327000000.0,-5425000000.0,-1283000000.0,4497000000.0,-644000000.0,2589000000.0,-6172000000.0,-98000000.0,3256000000.0,0.0,2236000000.0,2236000000.0,2236000000.0,0.0,0.0,0.163,3780000000.0,2992000000.0,625000000.0,0.293,3.037,14.876,15.241,4428000000.0,0.0,29.11,2.422,2.439,1545000000.0,26278000000.0,13735000000.0,13735000000.0,1715000000.0,0.125,0.206,0.24,0.218,269000000.0,1638000000.0,1.0,1142649874.0,1151000000.0,1171000000.0,11.933,12939000000.0,1495000000.0,719000000.0,708000000.0,11.242,4329000000.0
10,TXN,MRY,2010-12-31,2010-12-31,2010-12-31,2021-07-22,-701000000.0,13401000000.0,12646000000.0,7060000000.0,6341000000.0,1.104,8.705,-1199000000.0,1319000000.0,1319000000.0,6474000000.0,3228000000.0,3.564,0.284,0.0,0.0,0.0,0.0,0.0,913000000.0,0.0,0.015,0.49,4551000000.0,5464000000.0,0.391,5464000000.0,4551000000.0,4551000000.0,2.66,2.62,2.66,10437000000.0,9989750000.0,10437000000.0,37067118490.0,8.0,6.784,2621000000.0,2.186,1.0,7492000000.0,0.536,1205000000.0,0.0,8896000000.0,8450750000.0,1520000000.0,2206000000.0,1753000000.0,453000000.0,2964000000.0,1981000000.0,983000000.0,38160118490.0,137000000.0,-199000000.0,-2047000000.0,0.0,-592000000.0,-2626000000.0,-1057000000.0,193000000.0,3820000000.0,0.0,3228000000.0,3228000000.0,3228000000.0,0.0,0.0,0.231,2978000000.0,4514000000.0,621000000.0,0.184,3.656,11.822,12.218,3680000000.0,0.0,32.5,2.732,2.79,1518000000.0,24695000000.0,13966000000.0,13966000000.0,1570000000.0,0.255,0.323,0.539,0.326,190000000.0,1519000000.0,1.0,1174157492.0,1199000000.0,1213000000.0,11.648,12196000000.0,1697000000.0,1323000000.0,195000000.0,10.172,5079000000.0
11,TXN,MRY,2009-12-31,2009-12-31,2009-12-31,2021-07-22,-621000000.0,12119000000.0,11763000000.0,6114000000.0,6005000000.0,0.886,7.716,-753000000.0,1182000000.0,1182000000.0,5428000000.0,1470000000.0,3.853,0.247,0.0,0.0,0.0,0.0,0.0,925000000.0,0.0,0.017,0.45,2017000000.0,2942000000.0,0.282,2942000000.0,2017000000.0,2017000000.0,1.16,1.15,1.16,9722000000.0,9395750000.0,9722000000.0,31355880752.0,16.0,10.658,1890000000.0,1.5,1.0,4999000000.0,0.479,1169000000.0,0.0,8181000000.0,7651500000.0,1202000000.0,2380000000.0,1743000000.0,637000000.0,2397000000.0,1587000000.0,810000000.0,32649880752.0,136000000.0,-158000000.0,-845000000.0,0.0,-567000000.0,-1411000000.0,-1096000000.0,-188000000.0,2643000000.0,0.0,1470000000.0,1470000000.0,1470000000.0,0.0,0.0,0.141,3008000000.0,1991000000.0,503000000.0,0.388,3.358,22.211,22.466,3158000000.0,0.0,26.06,3.131,3.149,1277000000.0,22066000000.0,10427000000.0,10427000000.0,1476000000.0,0.125,0.156,0.264,0.193,186000000.0,1320000000.0,1.0,1252873398.0,1260000000.0,1269000000.0,8.275,10950000000.0,1472000000.0,547000000.0,195000000.0,8.69,4527000000.0
12,TXN,MRY,2008-12-31,2008-12-31,2008-12-31,2021-07-22,-790000000.0,11923000000.0,12277250000.0,5790000000.0,6133000000.0,1.018,7.13,-763000000.0,1046000000.0,1046000000.0,6256000000.0,1920000000.0,3.779,0.278,0.0,0.0,0.0,0.0,0.0,1059000000.0,0.0,0.026,0.41,2481000000.0,3540000000.0,0.283,3540000000.0,2481000000.0,2481000000.0,1.46,1.44,1.46,9326000000.0,9815250000.0,9326000000.0,18405515146.0,7.0,5.199,2567000000.0,1.963,1.0,6245000000.0,0.5,1113000000.0,0.0,8232000000.0,8028250000.0,1375000000.0,2147000000.0,1494000000.0,653000000.0,2597000000.0,1532000000.0,1065000000.0,20120515146.0,-282000000.0,-19000000.0,-1912000000.0,0.0,-537000000.0,-2430000000.0,-1182000000.0,-400000000.0,3330000000.0,0.0,1920000000.0,1920000000.0,1920000000.0,0.0,0.0,0.154,3808000000.0,2437000000.0,324000000.0,0.281,2.157,10.479,10.63,3304000000.0,0.0,15.52,1.61,1.624,913000000.0,21168000000.0,12501000000.0,12501000000.0,1940000000.0,0.156,0.196,0.309,0.198,213000000.0,1614000000.0,1.0,1296424945.0,1308000000.0,1321000000.0,9.557,10810000000.0,1685000000.0,561000000.0,99000000.0,8.265,4258000000.0
13,TXN,MRY,2007-12-31,2007-12-31,2007-12-31,2021-07-22,-324000000.0,12667000000.0,13540250000.0,6918000000.0,5749000000.0,1.022,7.04,-625000000.0,1328000000.0,1328000000.0,6466000000.0,2657000000.0,3.416,0.27,0.0,0.0,0.0,0.0,0.0,1070000000.0,0.0,0.009,0.3,3708000000.0,4778000000.0,0.345,4778000000.0,3708000000.0,3708000000.0,1.87,1.83,1.87,9975000000.0,10972250000.0,9975000000.0,45893106118.0,12.0,9.605,3782000000.0,2.669,1.0,7369000000.0,0.533,1180000000.0,0.0,8134000000.0,9330750000.0,1418000000.0,1863000000.0,1596000000.0,267000000.0,2692000000.0,2025000000.0,667000000.0,46700106118.0,145000000.0,-87000000.0,-4125000000.0,-43000000.0,-425000000.0,-4477000000.0,215000000.0,927000000.0,4407000000.0,0.0,2657000000.0,2657000000.0,2657000000.0,-16000000.0,0.0,0.192,3872000000.0,3497000000.0,657000000.0,0.16,4.682,17.576,17.861,3609000000.0,0.0,33.4,3.376,3.421,1742000000.0,19788000000.0,13835000000.0,13835000000.0,2140000000.0,0.196,0.242,0.397,0.268,280000000.0,1680000000.0,1.0,1398206770.0,1417000000.0,1444000000.0,9.764,11487000000.0,1164000000.0,1051000000.0,102000000.0,8.107,4893000000.0
14,TXN,MRY,2006-12-31,2006-12-31,2006-12-31,2021-07-22,-363000000.0,13930000000.0,14670250000.0,7854000000.0,6076000000.0,0.972,7.435,1728000000.0,1183000000.0,1183000000.0,6996000000.0,4341000000.0,3.78,0.226,43000000.0,43000000.0,0.0,43000000.0,0.0,1111000000.0,0.0,0.005,0.13,5328000000.0,6439000000.0,0.452,6439000000.0,5328000000.0,5328000000.0,2.84,2.78,2.84,11360000000.0,11853250000.0,11360000000.0,41348868762.0,8.0,6.422,4191000000.0,2.743,1.0,7259000000.0,0.509,1098000000.0,0.0,9614000000.0,10070500000.0,1437000000.0,2821000000.0,2534000000.0,287000000.0,2570000000.0,2078000000.0,492000000.0,42735868762.0,-31000000.0,-205000000.0,-4884000000.0,-586000000.0,-199000000.0,-5569000000.0,3075000000.0,1568000000.0,2463000000.0,0.0,4341000000.0,4341000000.0,4341000000.0,-1703000000.0,0.0,0.305,3892000000.0,3367000000.0,560000000.0,0.046,3.762,9.845,10.141,3950000000.0,0.0,28.8,2.998,3.087,1774000000.0,17529000000.0,14255000000.0,14255000000.0,2195000000.0,0.296,0.366,0.529,0.374,332000000.0,1697000000.0,1.0,1483884332.0,1528000000.0,1560000000.0,9.329,12832000000.0,1342000000.0,987000000.0,307000000.0,8.398,5776000000.0
15,TXN,MRY,2005-12-31,2005-12-31,2005-12-31,2021-07-22,-16000000.0,15063000000.0,14894500000.0,9412000000.0,5651000000.0,0.828,7.279,-1246000000.0,1214000000.0,1214000000.0,6319000000.0,2324000000.0,3.96,0.262,630000000.0,301000000.0,329000000.0,630000000.0,0.0,1401000000.0,0.0,0.003,0.105,2906000000.0,4307000000.0,0.349,4307000000.0,2906000000.0,2906000000.0,1.42,1.39,1.42,11937000000.0,11794250000.0,11937000000.0,50302953007.0,17.0,11.679,2526000000.0,1.54,1.0,6016000000.0,0.488,980000000.0,0.0,11122000000.0,10256500000.0,1185000000.0,4352000000.0,4116000000.0,236000000.0,3126000000.0,2377000000.0,749000000.0,51890953007.0,-1449000000.0,0.0,-3690000000.0,264000000.0,-173000000.0,-3540000000.0,-1687000000.0,-385000000.0,3772000000.0,6000000.0,2324000000.0,2324000000.0,2324000000.0,-151000000.0,0.0,0.188,3457000000.0,2559000000.0,702000000.0,0.074,4.347,22.328,22.585,3730000000.0,0.0,32.07,4.207,4.264,1648000000.0,13394000000.0,12335000000.0,12335000000.0,1986000000.0,0.156,0.197,0.283,0.236,175000000.0,1471000000.0,1.0,1618052791.0,1640000000.0,1671000000.0,7.521,14083000000.0,1012000000.0,582000000.0,177000000.0,8.587,7035000000.0
16,TXN,MRY,2004-12-31,2004-12-31,2004-12-31,2021-07-22,-183000000.0,16299000000.0,16067750000.0,10136000000.0,6163000000.0,0.719,7.551,-1260000000.0,2668000000.0,2668000000.0,6295000000.0,1861000000.0,5.265,0.248,379000000.0,11000000.0,368000000.0,379000000.0,0.0,1637000000.0,0.0,0.004,0.089,2363000000.0,4000000000.0,0.346,4000000000.0,2363000000.0,2342000000.0,1.08,1.05,1.08,13063000000.0,12620500000.0,13063000000.0,41250509364.0,17.0,10.313,1886000000.0,1.09,1.0,5257000000.0,0.455,1119000000.0,21000000.0,10966000000.0,11781500000.0,1256000000.0,3954000000.0,3690000000.0,264000000.0,3236000000.0,1925000000.0,1311000000.0,42541509364.0,850000000.0,0.0,-561000000.0,-435000000.0,-154000000.0,-1150000000.0,-1161000000.0,145000000.0,3146000000.0,15000000.0,1861000000.0,1861000000.0,1861000000.0,-170000000.0,0.0,0.161,3297000000.0,1960000000.0,552000000.0,0.082,3.257,22.859,22.796,3918000000.0,0.0,24.62,3.683,3.687,1696000000.0,11242000000.0,11552000000.0,11552000000.0,1946000000.0,0.116,0.147,0.201,0.205,18000000.0,1351000000.0,1.0,1727924832.0,1730000000.0,1768000000.0,6.677,15180000000.0,1003000000.0,481000000.0,243000000.0,8.775,8211000000.0
17,TXN,MRY,2003-12-31,2003-12-31,2003-12-31,2021-07-22,-159000000.0,15510000000.0,14906250000.0,7709000000.0,7801000000.0,0.66,6.854,-800000000.0,1818000000.0,1818000000.0,5872000000.0,1198000000.0,3.504,0.307,832000000.0,437000000.0,395000000.0,832000000.0,0.0,1525000000.0,0.0,0.003,0.085,1289000000.0,2814000000.0,0.286,2814000000.0,1289000000.0,1250000000.0,0.69,0.68,0.69,11864000000.0,11240750000.0,11864000000.0,50738772901.0,39.0,18.031,1351000000.0,0.78,1.0,3962000000.0,0.403,1204000000.0,39000000.0,11120000000.0,11728750000.0,984000000.0,4111000000.0,2511000000.0,1600000000.0,3646000000.0,2200000000.0,1446000000.0,50845772901.0,869000000.0,-128000000.0,-127000000.0,-426000000.0,-147000000.0,-439000000.0,-842000000.0,86000000.0,2151000000.0,-1000000.0,1198000000.0,1198000000.0,1198000000.0,0.0,0.0,0.122,2997000000.0,965000000.0,1496000000.0,0.123,4.286,42.442,42.58,4132000000.0,0.0,29.38,5.17,5.172,1451000000.0,9535000000.0,9834000000.0,9834000000.0,1748000000.0,0.08,0.107,0.11,0.131,15000000.0,1249000000.0,1.0,1730625354.0,1731000000.0,1766000000.0,5.681,14306000000.0,1075000000.0,52000000.0,309000000.0,8.265,5509000000.0
18,TXN,MRY,2002-12-31,2002-12-31,2002-12-31,2021-07-22,-262000000.0,14679000000.0,15026250000.0,6126000000.0,8553000000.0,0.558,6.194,-802000000.0,949000000.0,949000000.0,5313000000.0,-344000000.0,3.168,0.368,1255000000.0,422000000.0,833000000.0,1255000000.0,0.0,1574000000.0,0.0,0.006,0.085,-289000000.0,1285000000.0,0.153,1285000000.0,-289000000.0,-346000000.0,-0.2,-0.2,-0.2,10734000000.0,11262500000.0,10734000000.0,26273398754.0,-91.0,20.446,1190000000.0,0.687,1.0,3070000000.0,0.366,823000000.0,57000000.0,12228000000.0,13091250000.0,790000000.0,4001000000.0,2063000000.0,1938000000.0,3945000000.0,1934000000.0,2011000000.0,25982398754.0,518000000.0,-69000000.0,-203000000.0,-29000000.0,-147000000.0,-379000000.0,-1109000000.0,-238000000.0,1992000000.0,14000000.0,-344000000.0,-344000000.0,-344000000.0,0.0,0.0,-0.041,2782000000.0,288000000.0,1204000000.0,-0.425,2.421,-75.53,-75.05,4794000000.0,0.0,15.01,3.099,3.103,1217000000.0,8484000000.0,8383000000.0,8383000000.0,1619000000.0,-0.023,-0.031,-0.022,-0.034,0.0,1163000000.0,1.0,1731005913.0,1733000000.0,1733000000.0,4.837,13856000000.0,1163000000.0,-2000000.0,422000000.0,7.995,4192000000.0
19,TXN,MRY,2001-12-31,2001-12-31,2001-12-31,2021-07-22,269000000.0,15779000000.0,16241750000.0,5775000000.0,10004000000.0,0.505,6.858,-1790000000.0,431000000.0,431000000.0,5824000000.0,-201000000.0,3.655,0.328,1249000000.0,38000000.0,1211000000.0,1249000000.0,0.0,1599000000.0,0.0,0.003,0.085,-426000000.0,1173000000.0,0.143,1173000000.0,-426000000.0,-426000000.0,-0.12,-0.12,-0.12,11879000000.0,12274000000.0,11879000000.0,49378568640.0,-116.0,42.096,29000000.0,0.017,1.0,2377000000.0,0.29,748000000.0,0.0,14269000000.0,14587500000.0,751000000.0,5134000000.0,2513000000.0,2621000000.0,3900000000.0,1580000000.0,2320000000.0,48501568640.0,-314000000.0,0.0,-212000000.0,-132000000.0,-147000000.0,-491000000.0,-1626000000.0,164000000.0,1819000000.0,-16000000.0,-201000000.0,-201000000.0,-201000000.0,0.0,0.0,-0.025,2959000000.0,-582000000.0,1205000000.0,-0.708,4.083,-241.301,-233.333,5589000000.0,0.0,28.0,5.914,5.914,1078000000.0,8975000000.0,8201000000.0,8201000000.0,1598000000.0,-0.012,-0.016,-0.029,-0.052,0.0,1361000000.0,1.0,1732198880.0,1732198880.0,,4.734,15031000000.0,975000000.0,-225000000.0,658000000.0,8.677,4195000000.0
20,TXN,MRY,2000-12-31,2000-12-31,2000-12-31,2021-07-22,574000000.0,17720000000.0,18279250000.0,8115000000.0,9605000000.0,0.65,7.277,-2762000000.0,745000000.0,745000000.0,6120000000.0,3058000000.0,2.885,0.408,1364000000.0,148000000.0,1216000000.0,1364000000.0,0.0,1216000000.0,0.0,0.002,0.085,4549000000.0,5765000000.0,0.485,5765000000.0,4549000000.0,4549000000.0,1.78,1.71,1.78,12588000000.0,12224500000.0,12588000000.0,82443906580.0,18.0,14.301,-577000000.0,-0.334,1.0,5755000000.0,0.485,961000000.0,0.0,14565000000.0,15172500000.0,1233000000.0,5658000000.0,3258000000.0,2400000000.0,5132000000.0,2813000000.0,2319000000.0,81964906580.0,-36000000.0,104000000.0,87000000.0,-53000000.0,-141000000.0,-368000000.0,-1824000000.0,834000000.0,2185000000.0,-29000000.0,3058000000.0,3058000000.0,3058000000.0,0.0,0.0,0.258,3416000000.0,2339000000.0,1921000000.0,0.048,6.511,26.803,26.618,5447000000.0,0.0,47.38,6.902,6.902,2204000000.0,9323000000.0,11875000000.0,11875000000.0,1747000000.0,0.167,0.25,0.3,0.383,0.0,1669000000.0,1.0,1729947374.0,1729947374.0,,6.864,16759000000.0,701000000.0,1491000000.0,792000000.0,9.688,5302000000.0
21,TXN,MRY,1999-12-31,1999-12-31,1999-12-31,2021-07-22,1553000000.0,15427000000.0,12700750000.0,6353000000.0,9074000000.0,0.768,6.044,-1398000000.0,781000000.0,781000000.0,5069000000.0,1451000000.0,2.356,0.611,1430000000.0,331000000.0,1099000000.0,1430000000.0,0.0,1005000000.0,0.0,0.002,0.085,2082000000.0,3087000000.0,0.316,3087000000.0,2082000000.0,2082000000.0,0.86,0.83,0.86,9578000000.0,7728000000.0,9578000000.0,77702721216.0,37.0,25.171,959000000.0,0.605,1.0,4690000000.0,0.481,502000000.0,0.0,12877000000.0,11016500000.0,894000000.0,6250000000.0,2045000000.0,4205000000.0,5849000000.0,2697000000.0,3152000000.0,76570721216.0,76000000.0,-469000000.0,-248000000.0,136000000.0,-134000000.0,-246000000.0,-1974000000.0,-107000000.0,2357000000.0,-61000000.0,1451000000.0,1451000000.0,1451000000.0,0.0,0.0,0.149,2935000000.0,1755000000.0,1722000000.0,0.099,7.994,52.771,56.18,3933000000.0,0.0,48.315,7.846,7.846,1909000000.0,6406000000.0,9759000000.0,9759000000.0,1379000000.0,0.114,0.188,0.189,0.213,0.0,1556000000.0,1.0,1584822958.0,1584822958.0,,6.158,14925000000.0,656000000.0,631000000.0,1268000000.0,9.417,3656000000.0
22,TXN,MRY,1998-12-31,1998-12-31,1998-12-31,2021-07-22,295000000.0,11490000000.0,10657000000.0,4999000000.0,6491000000.0,0.833,4.319,-1067000000.0,632000000.0,632000000.0,5605000000.0,452000000.0,2.249,0.706,1294000000.0,267000000.0,1027000000.0,1294000000.0,0.0,1201000000.0,0.0,0.003,0.064,681000000.0,1882000000.0,0.212,1882000000.0,681000000.0,681000000.0,0.27,0.26,0.27,6736000000.0,6175000000.0,6736000000.0,33588363093.0,49.0,17.847,319000000.0,0.205,1.0,3270000000.0,0.368,171000000.0,0.0,9758000000.0,8876250000.0,618000000.0,4273000000.0,1709000000.0,2564000000.0,4754000000.0,2223000000.0,2531000000.0,33360363093.0,-432000000.0,-732000000.0,-102000000.0,-67000000.0,-133000000.0,-302000000.0,-1521000000.0,278000000.0,1386000000.0,5000000.0,452000000.0,452000000.0,452000000.0,0.0,0.0,0.051,2814000000.0,456000000.0,1606000000.0,0.237,4.953,73.806,79.222,3451000000.0,0.0,21.39,3.759,3.759,1373000000.0,4927000000.0,8875000000.0,8875000000.0,1265000000.0,0.042,0.073,0.077,0.077,0.0,1549000000.0,1.0,1559624268.0,1559624268.0,,5.69,11319000000.0,611000000.0,229000000.0,581000000.0,7.258,2776000000.0
23,TXN,MRY,1997-12-31,1997-12-31,1997-12-31,2021-07-22,-53000000.0,10849000000.0,10104500000.0,6103000000.0,4746000000.0,0.987,3.796,-1285000000.0,1015000000.0,1015000000.0,6179000000.0,1842000000.0,2.445,0.834,1357000000.0,71000000.0,1286000000.0,1357000000.0,0.0,1122000000.0,0.0,0.008,0.085,2274000000.0,3396000000.0,0.341,3396000000.0,2274000000.0,2274000000.0,1.135,,1.135,5914000000.0,5005500000.0,5914000000.0,,,,586000000.0,0.376,1.0,3793000000.0,0.38,0.0,0.0,8695000000.0,8308000000.0,742000000.0,2074000000.0,2005000000.0,69000000.0,4935000000.0,2496000000.0,2439000000.0,17527434840.0,64000000.0,2011000000.0,65000000.0,-542000000.0,-131000000.0,-610000000.0,-1230000000.0,-1956000000.0,1871000000.0,-24000000.0,1842000000.0,1842000000.0,1842000000.0,0.0,0.0,0.185,3127000000.0,666000000.0,2082000000.0,0.075,2.964,9.515,9.912,4180000000.0,0.0,11.25,1.758,1.758,1705000000.0,4488000000.0,9972000000.0,9972000000.0,1556000000.0,0.182,0.368,0.274,0.228,0.0,1571000000.0,1.0,1557994208.0,1557994208.0,,6.401,10849000000.0,711000000.0,432000000.0,442000000.0,6.963,3607000000.0
24,TXN,MRY,1996-12-31,1996-12-31,1996-12-31,2021-07-22,0.0,9360000000.0,,4454000000.0,4906000000.0,,,-2063000000.0,964000000.0,964000000.0,7146000000.0,63000000.0,1.792,1.285,2011000000.0,314000000.0,1697000000.0,2011000000.0,0.0,904000000.0,0.0,0.011,0.085,86000000.0,990000000.0,0.1,990000000.0,86000000.0,86000000.0,0.043,,0.043,4097000000.0,,4097000000.0,,,,-1265000000.0,,1.0,2794000000.0,0.281,0.0,0.0,7921000000.0,,703000000.0,14000000.0,14000000.0,0.0,5263000000.0,2486000000.0,2777000000.0,,-400000000.0,-163000000.0,35000000.0,958000000.0,-129000000.0,863000000.0,-2051000000.0,175000000.0,798000000.0,-16000000.0,63000000.0,63000000.0,63000000.0,0.0,0.0,0.006,2820000000.0,-26000000.0,1940000000.0,1.977,,,185.32,4162000000.0,0.0,7.969,,,1799000000.0,2814000000.0,9940000000.0,9940000000.0,1181000000.0,,,,0.009,0.0,1639000000.0,1.0,,,,,9360000000.0,587000000.0,23000000.0,163000000.0,,1968000000.0
25,TXN,MRY,1995-12-31,1995-12-31,1995-12-31,2021-07-22,,,,,,,,-1351000000.0,,,7401000000.0,1088000000.0,,,,,,,,681000000.0,,0.012,0.079,1562000000.0,2243000000.0,0.197,2243000000.0,1562000000.0,1562000000.0,0.703,,0.703,,,,,,,342000000.0,,1.0,4008000000.0,0.351,,0.0,,,,,,,,,,,604000000.0,0.0,111000000.0,24000000.0,-111000000.0,23000000.0,-1008000000.0,343000000.0,1693000000.0,10000000.0,1088000000.0,1088000000.0,1088000000.0,0.0,0.0,0.095,2569000000.0,1439000000.0,,0.112,,,9.157,,0.0,6.438,,,,,11409000000.0,11409000000.0,842000000.0,,,,0.137,0.0,1727000000.0,1.0,,,,,,,474000000.0,,,
0,TXN,MRQ,2021-06-30,2021-06-30,2021-06-30,2021-07-22,-323000000.0,20603000000.0,,11177000000.0,9426000000.0,,12.083,-386000000.0,3649000000.0,3649000000.0,1503000000.0,1931000000.0,5.078,0.847,6251000000.0,499000000.0,5752000000.0,6251000000.0,0.0,247000000.0,0.0,0.021,1.02,2286000000.0,2533000000.0,0.553,2533000000.0,2286000000.0,2242000000.0,2.08,2.05,2.08,11153000000.0,,11153000000.0,181401573473.0,23.0,20.467,1735000000.0,1.88,1.0,3077000000.0,0.672,4518000000.0,44000000.0,16486000000.0,,1856000000.0,3741000000.0,3741000000.0,0.0,9450000000.0,2201000000.0,7249000000.0,177593573473.0,1207000000.0,0.0,-92000000.0,0.0,-942000000.0,-1041000000.0,127000000.0,503000000.0,2121000000.0,0.0,1931000000.0,1931000000.0,1931000000.0,0.0,0.0,0.422,864000000.0,2213000000.0,587000000.0,0.49,15.923,26.408,26.451,3678000000.0,0.0,192.3,10.595,10.589,1591000000.0,43846000000.0,4580000000.0,4580000000.0,391000000.0,,,,,69000000.0,425000000.0,1.0,923523523.0,923000000.0,937000000.0,4.962,16085000000.0,326000000.0,311000000.0,194000000.0,17.427,8976000000.0
1,TXN,MRQ,2021-03-31,2021-03-31,2021-03-31,2021-07-22,-347000000.0,19639000000.0,,10405000000.0,9234000000.0,,11.026,-308000000.0,2442000000.0,2442000000.0,1492000000.0,1753000000.0,6.121,0.932,6250000000.0,0.0,6250000000.0,6250000000.0,0.0,241000000.0,0.0,0.02,1.02,1985000000.0,2226000000.0,0.519,2226000000.0,1985000000.0,1939000000.0,1.89,1.87,1.89,10166000000.0,,10166000000.0,177607004707.0,26.0,22.465,1542000000.0,1.672,1.0,2797000000.0,0.652,4580000000.0,46000000.0,17167000000.0,,1890000000.0,4244000000.0,4244000000.0,0.0,9473000000.0,1700000000.0,7773000000.0,173916004707.0,-665000000.0,0.0,96000000.0,-550000000.0,-940000000.0,-1406000000.0,-1109000000.0,-782000000.0,1850000000.0,0.0,1753000000.0,1753000000.0,1753000000.0,0.0,0.0,0.409,858000000.0,1939000000.0,567000000.0,0.54,17.108,28.169,28.25,3431000000.0,0.0,188.99,11.278,11.299,1584000000.0,42860000000.0,4289000000.0,4289000000.0,386000000.0,,,,,61000000.0,425000000.0,1.0,920239191.0,922000000.0,935000000.0,4.652,15059000000.0,331000000.0,186000000.0,366000000.0,16.333,8705000000.0
2,TXN,MRQ,2020-12-31,2020-12-31,2020-12-31,2021-07-22,-360000000.0,19351000000.0,,10239000000.0,9112000000.0,,9.975,-212000000.0,3107000000.0,3107000000.0,1430000000.0,1688000000.0,4.284,1.106,6798000000.0,550000000.0,6248000000.0,6798000000.0,0.0,243000000.0,0.0,0.023,1.02,1975000000.0,2218000000.0,0.544,2218000000.0,1975000000.0,1927000000.0,1.83,1.8,1.83,9187000000.0,,9187000000.0,154636841797.0,25.0,21.48,1913000000.0,2.077,1.0,2646000000.0,0.649,4636000000.0,48000000.0,16016000000.0,,1955000000.0,3461000000.0,3461000000.0,0.0,10164000000.0,2390000000.0,7774000000.0,150661841797.0,285000000.0,0.0,99000000.0,0.0,-937000000.0,-844000000.0,-996000000.0,-764000000.0,2125000000.0,0.0,1688000000.0,1688000000.0,1688000000.0,0.0,0.0,0.414,833000000.0,1813000000.0,415000000.0,0.557,16.399,26.928,27.129,3269000000.0,0.0,164.13,10.418,10.453,1414000000.0,42051000000.0,4076000000.0,4076000000.0,388000000.0,,,,,42000000.0,398000000.0,1.0,917942130.0,921000000.0,933000000.0,4.426,14715000000.0,343000000.0,239000000.0,224000000.0,15.977,7849000000.0
3,TXN,MRQ,2020-09-30,2020-09-30,2020-09-30,2021-07-22,-335000000.0,18207000000.0,,9259000000.0,8948000000.0,,9.079,-146000000.0,2822000000.0,2822000000.0,1364000000.0,1353000000.0,4.238,1.187,6797000000.0,550000000.0,6247000000.0,6797000000.0,0.0,250000000.0,0.0,0.025,0.9,1636000000.0,1886000000.0,0.494,1886000000.0,1636000000.0,1587000000.0,1.47,1.45,1.47,8325000000.0,,8325000000.0,133289612203.0,24.0,20.403,1297000000.0,1.414,1.0,2453000000.0,0.643,4684000000.0,49000000.0,15313000000.0,,2072000000.0,2743000000.0,2696000000.0,47000000.0,9882000000.0,2185000000.0,7697000000.0,130787612203.0,-1472000000.0,0.0,108000000.0,0.0,-825000000.0,-726000000.0,-2189000000.0,-2030000000.0,1443000000.0,0.0,1353000000.0,1353000000.0,1353000000.0,0.0,0.0,0.354,844000000.0,1609000000.0,411000000.0,0.612,15.71,26.278,26.64,3190000000.0,0.0,142.79,9.522,9.533,1392000000.0,41305000000.0,3817000000.0,3817000000.0,386000000.0,,,,,50000000.0,407000000.0,1.0,915943779.0,917000000.0,929000000.0,4.162,13523000000.0,299000000.0,234000000.0,113000000.0,14.747,7074000000.0
4,TXN,MRQ,2020-06-30,2020-06-30,2020-06-30,2021-07-22,-334000000.0,17445000000.0,,8488000000.0,8957000000.0,,8.345,-130000000.0,4294000000.0,4294000000.0,1157000000.0,1380000000.0,3.924,1.282,6796000000.0,551000000.0,6245000000.0,6796000000.0,0.0,249000000.0,0.0,0.027,0.9,1327000000.0,1576000000.0,0.487,1576000000.0,1327000000.0,1279000000.0,1.5,1.48,1.5,7644000000.0,,7644000000.0,120561592228.0,22.0,18.42,1590000000.0,1.736,1.0,2082000000.0,0.643,4743000000.0,48000000.0,13041000000.0,,2136000000.0,702000000.0,666000000.0,36000000.0,9801000000.0,2163000000.0,7638000000.0,116529592228.0,1776000000.0,0.0,-795000000.0,249000000.0,-823000000.0,-1381000000.0,1437000000.0,1561000000.0,1720000000.0,0.0,1380000000.0,1380000000.0,1380000000.0,0.0,0.0,0.426,854000000.0,1228000000.0,409000000.0,0.6,15.245,23.08,23.513,3201000000.0,0.0,126.97,8.513,8.496,1176000000.0,40780000000.0,3239000000.0,3239000000.0,379000000.0,,,,,69000000.0,401000000.0,1.0,917772641.0,916000000.0,927000000.0,3.536,12702000000.0,236000000.0,-101000000.0,239000000.0,13.867,6325000000.0
5,TXN,MRQ,2020-03-31,2020-03-31,2020-03-31,2021-07-22,-328000000.0,17283000000.0,,8310000000.0,8973000000.0,,8.307,-161000000.0,2518000000.0,2518000000.0,1241000000.0,1174000000.0,3.49,1.235,6550000000.0,1051000000.0,5499000000.0,6550000000.0,0.0,250000000.0,0.0,0.033,0.9,1269000000.0,1519000000.0,0.456,1519000000.0,1269000000.0,1224000000.0,1.25,1.24,1.25,7734000000.0,,7734000000.0,96698183607.0,17.0,14.233,690000000.0,0.741,1.0,2088000000.0,0.627,4790000000.0,45000000.0,14144000000.0,,2003000000.0,2258000000.0,2224000000.0,34000000.0,9549000000.0,2381000000.0,7168000000.0,93332183607.0,81000000.0,0.0,-1495000000.0,749000000.0,-841000000.0,-1596000000.0,826000000.0,992000000.0,851000000.0,0.0,1174000000.0,1174000000.0,1174000000.0,0.0,0.0,0.353,844000000.0,1244000000.0,363000000.0,0.72,12.068,18.764,18.926,3233000000.0,0.0,99.93,6.611,6.59,1316000000.0,40227000000.0,3329000000.0,3329000000.0,377000000.0,,,,,63000000.0,417000000.0,1.0,933975619.0,931000000.0,943000000.0,3.576,12493000000.0,208000000.0,50000000.0,126000000.0,13.419,5929000000.0
6,TXN,MRQ,2019-12-31,2019-12-31,2019-12-31,2021-07-22,-347000000.0,18018000000.0,,8761000000.0,9257000000.0,,9.547,-163000000.0,2437000000.0,2437000000.0,1253000000.0,1070000000.0,4.127,1.023,5803000000.0,500000000.0,5303000000.0,5803000000.0,0.0,250000000.0,0.0,0.025,0.9,1302000000.0,1552000000.0,0.463,1552000000.0,1302000000.0,1257000000.0,1.14,1.12,1.14,8907000000.0,,8907000000.0,121830341326.0,21.0,17.535,1591000000.0,1.705,1.0,2097000000.0,0.626,4771000000.0,45000000.0,14490000000.0,,2001000000.0,3250000000.0,2950000000.0,300000000.0,9111000000.0,2123000000.0,6988000000.0,119922341326.0,-1456000000.0,0.0,-441000000.0,0.0,-841000000.0,-1289000000.0,-1921000000.0,-1765000000.0,1754000000.0,0.0,1070000000.0,1070000000.0,1070000000.0,0.0,0.0,0.319,848000000.0,1249000000.0,388000000.0,0.789,13.464,23.903,24.069,3303000000.0,0.0,128.29,8.338,8.349,1074000000.0,39898000000.0,3350000000.0,3350000000.0,386000000.0,,,,,41000000.0,412000000.0,1.0,934775441.0,933000000.0,949000000.0,3.591,13247000000.0,197000000.0,187000000.0,124000000.0,14.198,6638000000.0
7,TXN,MRQ,2019-09-30,2019-09-30,2019-09-30,2021-07-22,-443000000.0,17992000000.0,,8713000000.0,9279000000.0,,9.61,-149000000.0,3893000000.0,3893000000.0,1325000000.0,1425000000.0,4.341,1.002,5801000000.0,499000000.0,5302000000.0,5801000000.0,0.0,275000000.0,0.0,0.024,0.77,1623000000.0,1898000000.0,0.503,1898000000.0,1623000000.0,1580000000.0,1.51,1.49,1.51,8985000000.0,,8985000000.0,122655040658.0,20.0,17.073,1843000000.0,1.971,1.0,2446000000.0,0.649,4829000000.0,43000000.0,13064000000.0,,2040000000.0,1472000000.0,1174000000.0,298000000.0,9007000000.0,2007000000.0,7000000000.0,120661040658.0,80000000.0,0.0,-262000000.0,-2000000.0,-721000000.0,-998000000.0,-914000000.0,-766000000.0,1992000000.0,0.0,1425000000.0,1425000000.0,1425000000.0,0.0,0.0,0.378,857000000.0,1589000000.0,397000000.0,0.51,13.429,23.267,23.584,3318000000.0,0.0,129.24,8.18,8.193,1342000000.0,39674000000.0,3771000000.0,3771000000.0,379000000.0,,,,,48000000.0,399000000.0,1.0,933619937.0,935000000.0,950000000.0,4.033,13163000000.0,257000000.0,155000000.0,107000000.0,14.078,6706000000.0
8,TXN,MRQ,2019-06-30,2019-06-30,2019-06-30,2021-07-22,-457000000.0,17384000000.0,,7956000000.0,9428000000.0,,9.057,-284000000.0,3813000000.0,3813000000.0,1308000000.0,1305000000.0,3.007,1.049,5807000000.0,1249000000.0,4558000000.0,5807000000.0,0.0,267000000.0,0.0,0.026,0.77,1558000000.0,1825000000.0,0.498,1825000000.0,1558000000.0,1514000000.0,1.38,1.36,1.38,8486000000.0,,8486000000.0,109755540184.0,17.0,14.656,1512000000.0,1.614,1.0,2360000000.0,0.643,4919000000.0,44000000.0,11813000000.0,,2079000000.0,705000000.0,405000000.0,300000000.0,8898000000.0,2646000000.0,6252000000.0,107668540184.0,93000000.0,0.0,-717000000.0,0.0,-722000000.0,-1445000000.0,-258000000.0,-39000000.0,1796000000.0,0.0,1305000000.0,1305000000.0,1305000000.0,0.0,0.0,0.356,854000000.0,1506000000.0,412000000.0,0.558,12.688,20.197,20.566,3365000000.0,0.0,114.76,7.065,7.056,1419000000.0,38974000000.0,3668000000.0,3668000000.0,390000000.0,,,,,67000000.0,420000000.0,1.0,938206171.0,937000000.0,953000000.0,3.915,12465000000.0,261000000.0,209000000.0,136000000.0,13.303,5310000000.0
9,TXN,MRQ,2019-03-31,2019-03-31,2019-03-31,2021-07-22,-465000000.0,17443000000.0,,7951000000.0,9492000000.0,,9.072,-251000000.0,3720000000.0,3720000000.0,1333000000.0,1217000000.0,3.683,1.048,5807000000.0,750000000.0,5057000000.0,5807000000.0,0.0,258000000.0,0.0,0.026,0.77,1415000000.0,1673000000.0,0.465,1673000000.0,1415000000.0,1377000000.0,1.29,1.26,1.29,8519000000.0,,8519000000.0,102175061840.0,15.0,13.386,856000000.0,0.912,1.0,2261000000.0,0.629,5009000000.0,38000000.0,12362000000.0,,2131000000.0,647000000.0,366000000.0,281000000.0,8924000000.0,2159000000.0,6765000000.0,99545061840.0,1282000000.0,0.0,-1001000000.0,743000000.0,-724000000.0,-998000000.0,1173000000.0,1435000000.0,1107000000.0,0.0,1217000000.0,1217000000.0,1217000000.0,0.0,0.0,0.339,882000000.0,1379000000.0,477000000.0,0.597,11.685,18.329,18.84,3318000000.0,0.0,106.07,6.386,6.389,1440000000.0,38396000000.0,3594000000.0,3594000000.0,389000000.0,,,,,61000000.0,414000000.0,1.0,938484603.0,939000000.0,956000000.0,3.827,12434000000.0,290000000.0,160000000.0,156000000.0,13.242,5792000000.0
10,TXN,MRQ,2018-12-31,2018-12-31,2018-12-31,2021-07-22,-473000000.0,17137000000.0,,8097000000.0,9040000000.0,,9.447,-323000000.0,2438000000.0,2438000000.0,1310000000.0,1239000000.0,3.273,0.905,5068000000.0,749000000.0,4319000000.0,5068000000.0,0.0,249000000.0,0.0,0.028,0.77,1539000000.0,1788000000.0,0.481,1788000000.0,1539000000.0,1503000000.0,1.3,1.27,1.3,8994000000.0,,8994000000.0,94336335991.0,14.0,12.149,1822000000.0,1.914,1.0,2407000000.0,0.648,5079000000.0,36000000.0,12214000000.0,,2217000000.0,2046000000.0,1795000000.0,251000000.0,8143000000.0,2474000000.0,5669000000.0,90771335991.0,936000000.0,0.0,-1971000000.0,0.0,-736000000.0,-2714000000.0,1505000000.0,1830000000.0,2145000000.0,0.0,1239000000.0,1239000000.0,1239000000.0,0.0,0.0,0.333,891000000.0,1516000000.0,478000000.0,0.592,10.092,16.267,16.55,3183000000.0,0.0,94.5,5.751,5.807,1207000000.0,37906000000.0,3717000000.0,3717000000.0,400000000.0,,,,,42000000.0,414000000.0,1.0,960543238.0,952000000.0,969000000.0,3.904,12058000000.0,295000000.0,264000000.0,145000000.0,12.666,5623000000.0
11,TXN,MRQ,2018-09-30,2018-09-30,2018-09-30,2021-07-22,-354000000.0,18573000000.0,,9468000000.0,9105000000.0,,10.852,-370000000.0,1502000000.0,1502000000.0,1457000000.0,1570000000.0,3.975,0.766,5067000000.0,749000000.0,4318000000.0,5067000000.0,0.0,243000000.0,0.0,0.023,0.62,1960000000.0,2203000000.0,0.517,2203000000.0,1960000000.0,1924000000.0,1.61,1.58,1.61,10516000000.0,,10516000000.0,106453809275.0,16.0,13.697,1736000000.0,1.792,1.0,2804000000.0,0.658,5163000000.0,36000000.0,14593000000.0,,2116000000.0,3889000000.0,3611000000.0,278000000.0,8057000000.0,2382000000.0,5675000000.0,104306809275.0,-1417000000.0,0.0,-1145000000.0,0.0,-602000000.0,-1755000000.0,-1768000000.0,-1384000000.0,2106000000.0,0.0,1570000000.0,1570000000.0,1570000000.0,0.0,0.0,0.368,867000000.0,1937000000.0,492000000.0,0.385,9.919,22.264,22.493,3051000000.0,0.0,107.29,6.595,6.573,1585000000.0,37378000000.0,4261000000.0,4261000000.0,390000000.0,,,,,46000000.0,396000000.0,1.0,972195072.0,969000000.0,989000000.0,4.397,13410000000.0,243000000.0,354000000.0,147000000.0,13.839,7086000000.0
12,TXN,MRQ,2018-06-30,2018-06-30,2018-06-30,2021-07-22,-371000000.0,18527000000.0,,9592000000.0,8935000000.0,,10.884,-249000000.0,2919000000.0,2919000000.0,1398000000.0,1405000000.0,6.543,0.742,5066000000.0,0.0,5066000000.0,5066000000.0,0.0,233000000.0,0.0,0.021,0.62,1736000000.0,1969000000.0,0.49,1969000000.0,1736000000.0,1706000000.0,1.43,1.4,1.43,10634000000.0,,10634000000.0,110286726148.0,16.0,14.508,1577000000.0,1.614,1.0,2619000000.0,0.652,5250000000.0,30000000.0,13958000000.0,,2090000000.0,2482000000.0,2211000000.0,271000000.0,7893000000.0,1466000000.0,6427000000.0,107925726148.0,1202000000.0,0.0,-916000000.0,1000000000.0,-606000000.0,-543000000.0,-81000000.0,162000000.0,1826000000.0,0.0,1405000000.0,1405000000.0,1405000000.0,0.0,0.0,0.35,907000000.0,1712000000.0,492000000.0,0.434,10.149,24.529,24.775,2855000000.0,0.0,110.25,6.887,6.873,1551000000.0,36413000000.0,4017000000.0,4017000000.0,384000000.0,,,,,74000000.0,441000000.0,1.0,978918151.0,977000000.0,997000000.0,4.112,13277000000.0,205000000.0,301000000.0,170000000.0,13.59,8126000000.0
13,TXN,MRQ,2018-03-31,2018-03-31,2018-03-31,2021-07-22,-392000000.0,17507000000.0,,8590000000.0,8917000000.0,,10.826,-189000000.0,1717000000.0,1717000000.0,1342000000.0,1366000000.0,4.618,0.645,4078000000.0,500000000.0,3578000000.0,4078000000.0,0.0,229000000.0,0.0,0.022,0.62,1576000000.0,1805000000.0,0.476,1805000000.0,1576000000.0,1553000000.0,1.38,1.35,1.38,10642000000.0,,10642000000.0,104626683583.0,16.0,14.208,923000000.0,0.939,1.0,2447000000.0,0.646,5330000000.0,23000000.0,12678000000.0,,2032000000.0,2633000000.0,2362000000.0,271000000.0,6865000000.0,1860000000.0,5005000000.0,102205683583.0,61000000.0,0.0,-695000000.0,0.0,-611000000.0,-1317000000.0,266000000.0,459000000.0,1112000000.0,0.0,1366000000.0,1366000000.0,1366000000.0,0.0,0.0,0.361,899000000.0,1548000000.0,488000000.0,0.449,9.604,25.23,25.526,2736000000.0,0.0,103.89,6.659,6.654,1454000000.0,35619000000.0,3789000000.0,3789000000.0,385000000.0,,,,,70000000.0,433000000.0,1.0,983787502.0,983000000.0,1005000000.0,3.855,12177000000.0,218000000.0,187000000.0,186000000.0,12.388,6730000000.0
14,TXN,MRQ,2017-12-31,2017-12-31,2017-12-31,2021-07-22,-384000000.0,17642000000.0,,8734000000.0,8908000000.0,,10.494,-231000000.0,1656000000.0,1656000000.0,1310000000.0,344000000.0,3.868,0.707,4077000000.0,500000000.0,3577000000.0,4077000000.0,0.0,224000000.0,0.0,0.02,0.62,1571000000.0,1795000000.0,0.479,1795000000.0,1571000000.0,1550000000.0,0.35,0.35,0.35,10337000000.0,,10337000000.0,105218948124.0,17.0,14.899,1698000000.0,1.724,1.0,2440000000.0,0.651,5418000000.0,21000000.0,12387000000.0,,1957000000.0,3081000000.0,2813000000.0,268000000.0,7305000000.0,2258000000.0,5047000000.0,102931948124.0,360000000.0,0.0,-544000000.0,494000000.0,-611000000.0,-671000000.0,-898000000.0,-660000000.0,1929000000.0,0.0,344000000.0,344000000.0,344000000.0,0.0,0.0,0.092,877000000.0,1563000000.0,466000000.0,1.771,9.958,27.955,28.38,2664000000.0,0.0,104.44,6.88,6.918,1278000000.0,34662000000.0,3750000000.0,3750000000.0,386000000.0,,,,,45000000.0,409000000.0,1.0,985560591.0,985000000.0,1006000000.0,3.807,12224000000.0,264000000.0,1206000000.0,206000000.0,12.41,6476000000.0
15,TXN,MRQ,2017-09-30,2017-09-30,2017-09-30,2021-07-22,-505000000.0,16929000000.0,,7991000000.0,8938000000.0,,11.121,-186000000.0,1296000000.0,1296000000.0,1460000000.0,1285000000.0,3.889,0.541,3583000000.0,499000000.0,3084000000.0,3583000000.0,0.0,225000000.0,0.0,0.022,0.5,1808000000.0,2033000000.0,0.494,2033000000.0,1808000000.0,1789000000.0,1.29,1.26,1.29,10988000000.0,,10988000000.0,91190062704.0,15.0,13.009,1536000000.0,1.555,1.0,2656000000.0,0.645,5498000000.0,19000000.0,11663000000.0,,1908000000.0,2406000000.0,2148000000.0,258000000.0,5941000000.0,2055000000.0,3886000000.0,88747062704.0,156000000.0,0.0,-574000000.0,0.0,-495000000.0,-1078000000.0,-488000000.0,-298000000.0,1722000000.0,0.0,1285000000.0,1285000000.0,1285000000.0,0.0,0.0,0.312,868000000.0,1788000000.0,430000000.0,0.388,8.077,20.239,20.56,2567000000.0,0.0,89.64,6.068,6.056,1576000000.0,34935000000.0,4116000000.0,4116000000.0,375000000.0,,,,,54000000.0,412000000.0,1.0,990038629.0,988000000.0,1008000000.0,4.166,11431000000.0,414000000.0,504000000.0,112000000.0,11.57,5936000000.0
16,TXN,MRQ,2017-06-30,2017-06-30,2017-06-30,2021-07-22,-520000000.0,16438000000.0,,7511000000.0,8927000000.0,,10.773,-151000000.0,1140000000.0,1140000000.0,1319000000.0,1056000000.0,4.002,0.535,3583000000.0,499000000.0,3084000000.0,3583000000.0,0.0,225000000.0,0.0,0.024,0.5,1506000000.0,1731000000.0,0.469,1731000000.0,1506000000.0,1486000000.0,1.05,1.03,1.05,10708000000.0,,10708000000.0,78932191011.0,14.0,11.936,766000000.0,0.771,1.0,2374000000.0,0.643,5581000000.0,20000000.0,11423000000.0,,1947000000.0,2094000000.0,1844000000.0,250000000.0,5730000000.0,1877000000.0,3853000000.0,76647191011.0,67000000.0,0.0,-566000000.0,230000000.0,-498000000.0,-842000000.0,-8000000.0,135000000.0,917000000.0,0.0,1056000000.0,1056000000.0,1056000000.0,0.0,0.0,0.286,894000000.0,1480000000.0,450000000.0,0.476,7.158,18.613,18.902,2514000000.0,0.0,76.93,5.404,5.391,1469000000.0,34149000000.0,3693000000.0,3693000000.0,378000000.0,,,,,75000000.0,434000000.0,1.0,996323814.0,994000000.0,1015000000.0,3.715,10857000000.0,412000000.0,430000000.0,119000000.0,10.923,5634000000.0
17,TXN,MRQ,2017-03-31,2017-03-31,2017-03-31,2021-07-22,-527000000.0,15978000000.0,,7040000000.0,8938000000.0,,10.66,-127000000.0,1073000000.0,1073000000.0,1258000000.0,997000000.0,4.395,0.502,3358000000.0,378000000.0,2980000000.0,3358000000.0,0.0,230000000.0,0.0,0.022,0.5,1273000000.0,1503000000.0,0.442,1503000000.0,1273000000.0,1255000000.0,0.99,0.97,0.99,10639000000.0,,10639000000.0,82985976890.0,16.0,13.284,668000000.0,0.669,1.0,2144000000.0,0.63,5662000000.0,18000000.0,10999000000.0,,1843000000.0,2217000000.0,1976000000.0,241000000.0,5339000000.0,1602000000.0,3737000000.0,80530976890.0,-81000000.0,0.0,-389000000.0,-250000000.0,-500000000.0,-1143000000.0,267000000.0,363000000.0,795000000.0,0.0,997000000.0,997000000.0,997000000.0,0.0,0.0,0.293,892000000.0,1252000000.0,429000000.0,0.505,7.569,20.75,21.034,2501000000.0,0.0,80.56,5.851,5.841,1337000000.0,33595000000.0,3402000000.0,3402000000.0,369000000.0,,,,,68000000.0,439000000.0,1.0,999639733.0,998000000.0,1019000000.0,3.409,10316000000.0,361000000.0,258000000.0,113000000.0,10.337,5438000000.0
18,TXN,MRQ,2016-12-31,2016-12-31,2016-12-31,2021-07-22,-526000000.0,16431000000.0,,7457000000.0,8974000000.0,,10.473,-110000000.0,1154000000.0,1154000000.0,1277000000.0,1047000000.0,3.294,0.569,3609000000.0,631000000.0,2978000000.0,3609000000.0,0.0,227000000.0,0.0,0.022,0.5,1516000000.0,1743000000.0,0.511,1743000000.0,1516000000.0,1497000000.0,1.03,1.02,1.03,10473000000.0,,10473000000.0,75174473572.0,15.0,12.603,1277000000.0,1.277,1.0,2137000000.0,0.626,5678000000.0,19000000.0,10944000000.0,,1790000000.0,2571000000.0,2336000000.0,235000000.0,5958000000.0,2264000000.0,3694000000.0,72932473572.0,-215000000.0,0.0,-418000000.0,0.0,-499000000.0,-917000000.0,-685000000.0,-567000000.0,1387000000.0,0.0,1047000000.0,1047000000.0,1047000000.0,0.0,0.0,0.307,805000000.0,1332000000.0,396000000.0,0.485,6.964,20.287,20.613,2512000000.0,0.0,72.97,5.455,5.474,1267000000.0,33107000000.0,3414000000.0,3414000000.0,340000000.0,,,,,48000000.0,405000000.0,1.0,999485728.0,1000000000.0,1018000000.0,3.414,10753000000.0,374000000.0,450000000.0,116000000.0,10.753,5193000000.0
19,TXN,MRQ,2016-09-30,2016-09-30,2016-09-30,2021-07-22,-542000000.0,16216000000.0,,7181000000.0,9035000000.0,,10.255,-139000000.0,1369000000.0,1369000000.0,1391000000.0,1018000000.0,3.309,0.577,3611000000.0,634000000.0,2977000000.0,3611000000.0,0.0,237000000.0,0.0,0.022,0.38,1399000000.0,1636000000.0,0.445,1636000000.0,1399000000.0,1381000000.0,1.0,0.98,1.0,10286000000.0,,10286000000.0,72782260676.0,16.0,12.896,1326000000.0,1.322,1.0,2284000000.0,0.621,5756000000.0,18000000.0,10532000000.0,,1808000000.0,2001000000.0,1768000000.0,233000000.0,5930000000.0,2170000000.0,3760000000.0,70405260676.0,134000000.0,0.0,-346000000.0,0.0,-382000000.0,-728000000.0,-603000000.0,-463000000.0,1465000000.0,0.0,1018000000.0,1018000000.0,1018000000.0,0.0,0.0,0.277,876000000.0,1408000000.0,428000000.0,0.38,6.845,20.805,21.139,2545000000.0,0.0,70.18,5.356,5.355,1447000000.0,32432000000.0,3675000000.0,3675000000.0,353000000.0,,,,,56000000.0,442000000.0,1.0,1003209756.0,1003000000.0,1023000000.0,3.664,10460000000.0,355000000.0,363000000.0,103000000.0,10.429,5011000000.0
20,TXN,MRQ,2016-06-30,2016-06-30,2016-06-30,2021-07-22,-536000000.0,15693000000.0,,6689000000.0,9004000000.0,,9.922,-158000000.0,1235000000.0,1235000000.0,1266000000.0,819000000.0,3.36,0.575,3612000000.0,637000000.0,2975000000.0,3612000000.0,0.0,242000000.0,0.0,0.024,0.38,1123000000.0,1365000000.0,0.417,1365000000.0,1123000000.0,1102000000.0,0.81,0.79,0.81,9962000000.0,,9962000000.0,65751815974.0,15.0,12.036,951000000.0,0.947,1.0,2007000000.0,0.613,5838000000.0,21000000.0,10241000000.0,,1876000000.0,1528000000.0,1304000000.0,224000000.0,5731000000.0,1991000000.0,3740000000.0,62914815974.0,-46000000.0,0.0,-334000000.0,-501000000.0,-382000000.0,-1220000000.0,65000000.0,217000000.0,1109000000.0,0.0,819000000.0,819000000.0,819000000.0,0.0,0.0,0.25,876000000.0,1131000000.0,416000000.0,0.469,6.315,19.885,20.275,2557000000.0,0.0,62.65,4.877,4.876,1348000000.0,31850000000.0,3273000000.0,3273000000.0,341000000.0,,,,,76000000.0,454000000.0,1.0,1004226911.0,1004000000.0,1020000000.0,3.26,9855000000.0,231000000.0,283000000.0,98000000.0,9.816,4698000000.0
21,TXN,MRQ,2016-03-31,2016-03-31,2016-03-31,2021-07-22,-531000000.0,15686000000.0,,6659000000.0,9027000000.0,,9.714,-124000000.0,1281000000.0,1281000000.0,1179000000.0,711000000.0,2.752,0.604,4118000000.0,1249000000.0,2869000000.0,4118000000.0,0.0,249000000.0,0.0,0.025,0.38,972000000.0,1221000000.0,0.406,1221000000.0,972000000.0,950000000.0,0.7,0.69,0.7,9782000000.0,,9782000000.0,60841898455.0,14.0,11.263,529000000.0,0.525,1.0,1829000000.0,0.608,5918000000.0,22000000.0,10185000000.0,,1805000000.0,1739000000.0,1519000000.0,220000000.0,5904000000.0,2420000000.0,3484000000.0,57721898455.0,281000000.0,0.0,-562000000.0,0.0,-383000000.0,-945000000.0,573000000.0,700000000.0,653000000.0,0.0,711000000.0,711000000.0,711000000.0,0.0,0.0,0.236,845000000.0,984000000.0,387000000.0,0.543,5.901,18.981,19.531,2554000000.0,0.0,57.42,4.489,4.497,1269000000.0,31457000000.0,3008000000.0,3008000000.0,322000000.0,,,,,72000000.0,441000000.0,1.0,1005257723.0,1007000000.0,1022000000.0,2.987,9768000000.0,175000000.0,239000000.0,105000000.0,9.7,4239000000.0
22,TXN,MRQ,2015-12-31,2015-12-31,2015-12-31,2021-07-22,-532000000.0,16230000000.0,,7074000000.0,9156000000.0,,9.828,-164000000.0,1000000000.0,1000000000.0,1308000000.0,836000000.0,2.769,0.632,4120000000.0,1000000000.0,3120000000.0,4120000000.0,0.0,261000000.0,0.0,0.026,0.38,1161000000.0,1422000000.0,0.446,1422000000.0,1161000000.0,1139000000.0,0.81,0.8,0.81,9946000000.0,,9946000000.0,58598925612.0,14.0,10.774,1395000000.0,1.378,1.0,1881000000.0,0.59,5991000000.0,22000000.0,10804000000.0,,1691000000.0,2439000000.0,2218000000.0,221000000.0,6284000000.0,2555000000.0,3729000000.0,55599925612.0,-133000000.0,0.0,-563000000.0,0.0,-386000000.0,-1017000000.0,-675000000.0,-617000000.0,1559000000.0,0.0,836000000.0,836000000.0,836000000.0,0.0,0.0,0.262,691000000.0,1190000000.0,386000000.0,0.469,5.59,18.62,19.164,2596000000.0,0.0,54.81,4.277,4.343,1165000000.0,31176000000.0,3189000000.0,3189000000.0,293000000.0,,,,,58000000.0,385000000.0,1.0,1014412071.0,1012000000.0,1025000000.0,3.151,10239000000.0,201000000.0,303000000.0,132000000.0,10.118,4519000000.0
23,TXN,MRQ,2015-09-30,2015-09-30,2015-09-30,2021-07-22,-513000000.0,16540000000.0,,7289000000.0,9251000000.0,,9.746,-139000000.0,1133000000.0,1133000000.0,1432000000.0,798000000.0,2.916,0.659,4132000000.0,1000000000.0,3132000000.0,4132000000.0,0.0,285000000.0,0.0,0.027,0.34,1170000000.0,1455000000.0,0.424,1455000000.0,1170000000.0,1148000000.0,0.77,0.76,0.77,9970000000.0,,9970000000.0,54531756448.0,13.0,10.041,1270000000.0,1.241,1.0,1997000000.0,0.582,6078000000.0,22000000.0,10961000000.0,,1771000000.0,1818000000.0,1602000000.0,216000000.0,6570000000.0,2500000000.0,4070000000.0,50831756448.0,-51000000.0,0.0,-755000000.0,-750000000.0,-348000000.0,-1849000000.0,389000000.0,521000000.0,1409000000.0,0.0,798000000.0,798000000.0,798000000.0,0.0,0.0,0.233,833000000.0,1164000000.0,367000000.0,0.442,5.098,17.086,17.562,2629000000.0,0.0,49.525,3.886,3.873,1481000000.0,30731000000.0,3429000000.0,3429000000.0,316000000.0,,,,,66000000.0,434000000.0,1.0,1026385794.0,1023000000.0,1035000000.0,3.352,10462000000.0,517000000.0,350000000.0,395000000.0,10.227,4789000000.0
24,TXN,MRQ,2015-06-30,2015-06-30,2015-06-30,2021-07-22,-514000000.0,17532000000.0,,8060000000.0,9472000000.0,,9.831,-125000000.0,1184000000.0,1184000000.0,1351000000.0,696000000.0,2.524,0.718,4884000000.0,1750000000.0,3134000000.0,4884000000.0,0.0,291000000.0,0.0,0.026,0.34,1013000000.0,1304000000.0,0.403,1304000000.0,1013000000.0,989000000.0,0.66,0.65,0.66,10205000000.0,,10205000000.0,56985117549.0,13.0,10.433,695000000.0,0.67,1.0,1881000000.0,0.582,6167000000.0,24000000.0,11872000000.0,,1885000000.0,2350000000.0,2122000000.0,228000000.0,7327000000.0,3193000000.0,4134000000.0,53589117549.0,-58000000.0,0.0,-603000000.0,248000000.0,-354000000.0,-704000000.0,-174000000.0,-59000000.0,820000000.0,0.0,696000000.0,696000000.0,696000000.0,0.0,0.0,0.215,871000000.0,1010000000.0,417000000.0,0.515,5.251,17.845,18.266,2685000000.0,0.0,51.51,4.075,4.065,1434000000.0,30286000000.0,3232000000.0,3232000000.0,320000000.0,,,,,84000000.0,470000000.0,1.0,1040363377.0,1038000000.0,1051000000.0,3.114,11365000000.0,516000000.0,293000000.0,475000000.0,10.949,4867000000.0
25,TXN,MRQ,2015-03-31,2015-03-31,2015-03-31,2021-07-22,-531000000.0,17346000000.0,,7692000000.0,9654000000.0,,9.913,-123000000.0,1242000000.0,1242000000.0,1334000000.0,656000000.0,3.365,0.673,4638000000.0,1000000000.0,3638000000.0,4638000000.0,0.0,296000000.0,0.0,0.022,0.34,962000000.0,1258000000.0,0.399,1258000000.0,962000000.0,940000000.0,0.62,0.61,0.62,10369000000.0,,10369000000.0,63323832483.0,15.0,11.619,486000000.0,0.465,1.0,1816000000.0,0.577,6257000000.0,22000000.0,12199000000.0,,1844000000.0,2294000000.0,2062000000.0,232000000.0,6977000000.0,2286000000.0,4691000000.0,59880832483.0,43000000.0,0.0,-424000000.0,0.0,-356000000.0,-724000000.0,158000000.0,280000000.0,609000000.0,0.0,656000000.0,656000000.0,656000000.0,0.0,0.0,0.208,858000000.0,958000000.0,432000000.0,0.548,5.775,20.027,20.496,2758000000.0,0.0,57.185,4.532,4.527,1394000000.0,29948000000.0,3150000000.0,3150000000.0,338000000.0,,,,,78000000.0,439000000.0,1.0,1047142301.0,1046000000.0,1061000000.0,3.011,11089000000.0,514000000.0,284000000.0,482000000.0,10.601,5406000000.0
26,TXN,MRQ,2014-12-31,2014-12-31,2014-12-31,2021-07-22,-532000000.0,17372000000.0,,7421000000.0,9951000000.0,,9.895,-125000000.0,1199000000.0,1199000000.0,1374000000.0,825000000.0,2.792,0.672,4631000000.0,1001000000.0,3630000000.0,4631000000.0,0.0,305000000.0,0.0,0.023,0.34,1109000000.0,1414000000.0,0.433,1414000000.0,1109000000.0,1087000000.0,0.77,0.76,0.77,10390000000.0,,10390000000.0,59814076666.0,15.0,11.507,1309000000.0,1.247,1.0,1895000000.0,0.58,6347000000.0,22000000.0,11799000000.0,,1784000000.0,2566000000.0,2342000000.0,224000000.0,6982000000.0,2658000000.0,4324000000.0,56475076666.0,-107000000.0,0.0,-620000000.0,0.0,-356000000.0,-1050000000.0,-491000000.0,-462000000.0,1434000000.0,0.0,825000000.0,825000000.0,825000000.0,0.0,0.0,0.252,795000000.0,1100000000.0,437000000.0,0.442,5.436,20.02,20.485,2840000000.0,0.0,53.465,4.329,4.365,1246000000.0,29653000000.0,3269000000.0,3269000000.0,311000000.0,,,,,60000000.0,429000000.0,1.0,1056299947.0,1050000000.0,1065000000.0,3.113,11025000000.0,180000000.0,262000000.0,135000000.0,10.5,4763000000.0
27,TXN,MRQ,2014-09-30,2014-09-30,2014-09-30,2021-07-22,-468000000.0,17900000000.0,,7756000000.0,10144000000.0,,9.878,-103000000.0,1306000000.0,1306000000.0,1457000000.0,826000000.0,2.935,0.709,4645000000.0,1002000000.0,3643000000.0,4645000000.0,0.0,308000000.0,0.0,0.025,0.3,1178000000.0,1486000000.0,0.424,1486000000.0,1178000000.0,1155000000.0,0.77,0.76,0.77,10471000000.0,,10471000000.0,54343725563.0,15.0,11.315,1280000000.0,1.208,1.0,2044000000.0,0.584,6437000000.0,23000000.0,12159000000.0,,1751000000.0,2099000000.0,1880000000.0,219000000.0,7429000000.0,2643000000.0,4786000000.0,50911725563.0,90000000.0,0.0,-602000000.0,0.0,-319000000.0,-910000000.0,-383000000.0,-292000000.0,1383000000.0,0.0,826000000.0,826000000.0,826000000.0,0.0,0.0,0.236,869000000.0,1175000000.0,393000000.0,0.39,4.862,20.308,20.645,2930000000.0,0.0,47.69,3.976,3.948,1477000000.0,29189000000.0,3501000000.0,3501000000.0,332000000.0,,,,,62000000.0,463000000.0,1.0,1067555579.0,1060000000.0,1074000000.0,3.303,11463000000.0,555000000.0,329000000.0,558000000.0,10.814,5113000000.0
28,TXN,MRQ,2014-06-30,2014-06-30,2014-06-30,2021-07-22,-512000000.0,17810000000.0,,7456000000.0,10354000000.0,,9.772,-80000000.0,1216000000.0,1216000000.0,1411000000.0,683000000.0,4.135,0.702,4648000000.0,254000000.0,4394000000.0,4648000000.0,0.0,307000000.0,0.0,0.025,0.3,985000000.0,1292000000.0,0.392,1292000000.0,985000000.0,961000000.0,0.63,0.62,0.63,10466000000.0,,10466000000.0,55669193561.0,17.0,12.44,695000000.0,0.649,1.0,1881000000.0,0.571,6525000000.0,24000000.0,12914000000.0,,1744000000.0,1807000000.0,1588000000.0,219000000.0,7344000000.0,1803000000.0,5541000000.0,51582193561.0,-349000000.0,0.0,-618000000.0,-1000000000.0,-323000000.0,-1926000000.0,802000000.0,879000000.0,775000000.0,0.0,683000000.0,683000000.0,683000000.0,0.0,0.0,0.207,899000000.0,982000000.0,402000000.0,0.476,4.929,22.33,22.757,3044000000.0,0.0,47.79,4.111,4.079,1527000000.0,28686000000.0,3292000000.0,3292000000.0,349000000.0,,,,,77000000.0,472000000.0,1.0,1079351194.0,1071000000.0,1086000000.0,3.074,11285000000.0,583000000.0,278000000.0,595000000.0,10.537,5653000000.0
29,TXN,MRQ,2014-03-31,2014-03-31,2014-03-31,2021-07-22,-520000000.0,18935000000.0,,8360000000.0,10575000000.0,,9.824,-77000000.0,1565000000.0,1565000000.0,1376000000.0,487000000.0,3.383,0.783,5652000000.0,1000000000.0,4652000000.0,5652000000.0,0.0,310000000.0,0.0,0.025,0.3,696000000.0,1006000000.0,0.337,1006000000.0,696000000.0,671000000.0,0.44,0.44,0.44,10620000000.0,,10620000000.0,54662531816.0,17.0,12.395,385000000.0,0.356,1.0,1607000000.0,0.539,6615000000.0,25000000.0,13936000000.0,,1714000000.0,2679000000.0,2467000000.0,212000000.0,8315000000.0,2471000000.0,5844000000.0,51131531816.0,-62000000.0,0.0,-437000000.0,498000000.0,-325000000.0,-219000000.0,-305000000.0,-266000000.0,462000000.0,0.0,487000000.0,487000000.0,487000000.0,0.0,0.0,0.163,917000000.0,690000000.0,405000000.0,0.682,4.815,22.357,22.893,3179000000.0,0.0,47.16,4.156,4.144,1355000000.0,28331000000.0,2983000000.0,2983000000.0,366000000.0,,,,,78000000.0,479000000.0,1.0,1084213991.0,1081000000.0,1096000000.0,2.759,12320000000.0,583000000.0,184000000.0,638000000.0,11.397,5889000000.0
30,TXN,MRQ,2013-12-31,2013-12-31,2013-12-31,2021-07-22,-528000000.0,18938000000.0,,8019000000.0,10919000000.0,,9.951,-107000000.0,1627000000.0,1627000000.0,1388000000.0,511000000.0,2.919,0.752,5158000000.0,1000000000.0,4158000000.0,5158000000.0,0.0,313000000.0,0.0,0.024,0.3,706000000.0,1019000000.0,0.337,1019000000.0,706000000.0,682000000.0,0.47,0.46,0.47,10807000000.0,,10807000000.0,51788266336.0,18.0,12.491,1092000000.0,1.006,1.0,1640000000.0,0.542,6703000000.0,24000000.0,13019000000.0,,1731000000.0,2418000000.0,2202000000.0,216000000.0,8131000000.0,2747000000.0,5384000000.0,48062266336.0,192000000.0,0.0,-566000000.0,0.0,-326000000.0,-884000000.0,-123000000.0,-45000000.0,1199000000.0,0.0,511000000.0,511000000.0,511000000.0,0.0,0.0,0.169,953000000.0,687000000.0,422000000.0,0.638,4.447,22.23,22.634,3399000000.0,0.0,43.91,3.938,3.95,1203000000.0,28173000000.0,3028000000.0,3028000000.0,346000000.0,,,,,66000000.0,461000000.0,1.0,1094563114.0,1086000000.0,1101000000.0,2.788,12235000000.0,600000000.0,171000000.0,668000000.0,11.266,5272000000.0
31,TXN,MRQ,2013-09-30,2013-09-30,2013-09-30,2021-07-22,-572000000.0,19244000000.0,,8101000000.0,11143000000.0,,10.083,-123000000.0,1435000000.0,1435000000.0,1465000000.0,629000000.0,2.975,0.741,5161000000.0,1000000000.0,4161000000.0,5161000000.0,0.0,318000000.0,0.0,0.019,0.28,840000000.0,1158000000.0,0.357,1158000000.0,840000000.0,816000000.0,0.56,0.56,0.56,11051000000.0,,11051000000.0,48351252273.0,21.0,12.984,1027000000.0,0.937,1.0,1779000000.0,0.548,6806000000.0,24000000.0,13441000000.0,,1726000000.0,2368000000.0,2158000000.0,210000000.0,8193000000.0,2723000000.0,5470000000.0,44366252273.0,255000000.0,0.0,-385000000.0,0.0,-308000000.0,-684000000.0,-211000000.0,-94000000.0,1150000000.0,0.0,629000000.0,629000000.0,629000000.0,0.0,0.0,0.194,935000000.0,844000000.0,426000000.0,0.5,4.015,23.168,23.561,3509000000.0,0.0,40.29,3.65,3.633,1524000000.0,27993000000.0,3244000000.0,3244000000.0,368000000.0,,,,,71000000.0,465000000.0,1.0,1101172804.0,1096000000.0,1111000000.0,2.96,12438000000.0,1266000000.0,187000000.0,603000000.0,11.349,5378000000.0
32,TXN,MRQ,2013-06-30,2013-06-30,2013-06-30,2021-07-22,-590000000.0,19398000000.0,,8038000000.0,11360000000.0,,10.034,-98000000.0,1180000000.0,1180000000.0,1477000000.0,660000000.0,2.869,0.753,5165000000.0,1000000000.0,4165000000.0,5165000000.0,0.0,321000000.0,0.0,0.019,0.28,906000000.0,1227000000.0,0.403,1227000000.0,906000000.0,882000000.0,0.59,0.58,0.59,11068000000.0,,11068000000.0,42944030422.0,18.0,11.43,577000000.0,0.523,1.0,1570000000.0,0.515,6909000000.0,24000000.0,13672000000.0,,1720000000.0,2267000000.0,2064000000.0,203000000.0,8330000000.0,2802000000.0,5528000000.0,38654030422.0,-213000000.0,0.0,-378000000.0,-514000000.0,-309000000.0,-1197000000.0,309000000.0,402000000.0,675000000.0,0.0,660000000.0,660000000.0,660000000.0,0.0,0.0,0.217,664000000.0,906000000.0,437000000.0,0.475,3.492,18.673,19.044,3611000000.0,0.0,34.85,3.142,3.125,1491000000.0,27677000000.0,3047000000.0,3047000000.0,389000000.0,,,,,75000000.0,471000000.0,1.0,1109154388.0,1103000000.0,1117000000.0,2.762,12489000000.0,1323000000.0,222000000.0,804000000.0,11.323,5236000000.0
33,TXN,MRQ,2013-03-31,2013-03-31,2013-03-31,2021-07-22,-650000000.0,19701000000.0,,8205000000.0,11496000000.0,,9.893,-84000000.0,1393000000.0,1393000000.0,1511000000.0,362000000.0,2.638,0.799,5683000000.0,1500000000.0,4183000000.0,5683000000.0,0.0,345000000.0,0.0,0.016,0.21,397000000.0,742000000.0,0.257,742000000.0,397000000.0,374000000.0,0.32,0.32,0.32,10952000000.0,,10952000000.0,43467856562.0,21.0,12.592,276000000.0,0.249,1.0,1374000000.0,0.476,7004000000.0,23000000.0,13877000000.0,,1700000000.0,2673000000.0,2469000000.0,204000000.0,8749000000.0,3110000000.0,5639000000.0,39197856562.0,-23000000.0,0.0,-225000000.0,0.0,-232000000.0,-405000000.0,22000000.0,79000000.0,360000000.0,0.0,362000000.0,362000000.0,362000000.0,0.0,0.0,0.125,979000000.0,395000000.0,440000000.0,0.656,3.579,21.12,21.901,3739000000.0,0.0,35.48,3.114,3.12,1333000000.0,27330000000.0,2885000000.0,2885000000.0,419000000.0,,,,,75000000.0,459000000.0,1.0,1104787389.0,1107000000.0,1123000000.0,2.606,12697000000.0,1315000000.0,12000000.0,709000000.0,11.47,5095000000.0
34,TXN,MRQ,2012-12-31,2012-12-31,2012-12-31,2021-07-22,-699000000.0,20021000000.0,,8230000000.0,11791000000.0,,9.839,-96000000.0,1416000000.0,1416000000.0,1533000000.0,264000000.0,2.399,0.827,5686000000.0,1500000000.0,4186000000.0,5686000000.0,0.0,419000000.0,0.0,0.017,0.0,178000000.0,597000000.0,0.2,597000000.0,178000000.0,155000000.0,0.24,0.24,0.24,10961000000.0,,10961000000.0,39101604052.0,19.0,11.43,989000000.0,0.888,1.0,1446000000.0,0.485,7062000000.0,23000000.0,13799000000.0,,1757000000.0,2764000000.0,2549000000.0,215000000.0,9060000000.0,3430000000.0,5630000000.0,34621604052.0,206000000.0,0.0,-467000000.0,0.0,-235000000.0,-690000000.0,-189000000.0,-153000000.0,1085000000.0,0.0,264000000.0,264000000.0,264000000.0,0.0,0.0,0.089,1307000000.0,139000000.0,444000000.0,0.0,3.159,19.683,20.19,3912000000.0,0.0,30.89,2.7,2.727,1230000000.0,27205000000.0,2979000000.0,2979000000.0,425000000.0,,,,,64000000.0,432000000.0,1.0,1120802980.0,1114000000.0,1125000000.0,2.674,12959000000.0,753000000.0,-109000000.0,653000000.0,11.633,4800000000.0
35,TXN,MRQ,2012-09-30,2012-09-30,2012-09-30,2021-07-22,-617000000.0,20514000000.0,,8584000000.0,11930000000.0,,10.091,-150000000.0,1210000000.0,1210000000.0,1650000000.0,784000000.0,2.506,0.799,5690000000.0,1500000000.0,4190000000.0,5690000000.0,0.0,327000000.0,0.0,0.025,0.17,864000000.0,1191000000.0,0.351,1191000000.0,864000000.0,843000000.0,0.68,0.67,0.68,11403000000.0,,11403000000.0,34861917887.0,16.0,9.633,1055000000.0,0.934,1.0,1740000000.0,0.513,7261000000.0,21000000.0,14308000000.0,,1848000000.0,2676000000.0,2451000000.0,225000000.0,9111000000.0,3425000000.0,5686000000.0,31350917887.0,18000000.0,0.0,-537000000.0,992000000.0,-194000000.0,254000000.0,-1441000000.0,-1291000000.0,1205000000.0,0.0,784000000.0,784000000.0,784000000.0,0.0,0.0,0.231,900000000.0,840000000.0,501000000.0,0.25,2.749,17.485,17.777,4055000000.0,0.0,27.555,2.363,2.347,1623000000.0,27179000000.0,3390000000.0,3390000000.0,463000000.0,,,,,66000000.0,453000000.0,1.0,1137757862.0,1130000000.0,1141000000.0,3.0,13253000000.0,1242000000.0,59000000.0,702000000.0,11.728,5159000000.0
36,TXN,MRQ,2012-06-30,2012-06-30,2012-06-30,2021-07-22,-741000000.0,19521000000.0,,7353000000.0,12168000000.0,,9.788,-146000000.0,1192000000.0,1192000000.0,1684000000.0,446000000.0,1.924,0.75,4703000000.0,2000000000.0,2703000000.0,4703000000.0,0.0,326000000.0,0.0,0.022,0.17,596000000.0,922000000.0,0.276,922000000.0,596000000.0,576000000.0,0.38,0.38,0.38,11158000000.0,,11158000000.0,36923495919.0,17.0,10.706,529000000.0,0.464,1.0,1651000000.0,0.495,7363000000.0,20000000.0,11848000000.0,,1885000000.0,1359000000.0,1141000000.0,218000000.0,8363000000.0,3821000000.0,4542000000.0,32831495919.0,-1000000.0,0.0,-232000000.0,-575000000.0,-195000000.0,-997000000.0,321000000.0,467000000.0,675000000.0,0.0,446000000.0,446000000.0,446000000.0,0.0,0.0,0.134,1053000000.0,598000000.0,555000000.0,0.447,2.942,20.392,20.64,4174000000.0,0.0,28.69,2.461,2.451,1629000000.0,26592000000.0,3335000000.0,3335000000.0,480000000.0,,,,,64000000.0,456000000.0,1.0,1144353291.0,1140000000.0,1154000000.0,2.925,12158000000.0,1443000000.0,130000000.0,697000000.0,10.665,3532000000.0
37,TXN,MRQ,2012-03-31,2012-03-31,2012-03-31,2021-07-22,-742000000.0,20009000000.0,,7591000000.0,12418000000.0,,9.686,-103000000.0,1193000000.0,1193000000.0,1590000000.0,265000000.0,2.609,0.807,5285000000.0,1078000000.0,4207000000.0,5285000000.0,0.0,329000000.0,0.0,0.018,0.17,383000000.0,712000000.0,0.228,712000000.0,383000000.0,362000000.0,0.23,0.22,0.23,11071000000.0,,11071000000.0,43082492518.0,17.0,11.745,346000000.0,0.303,1.0,1531000000.0,0.491,7468000000.0,21000000.0,13724000000.0,,1853000000.0,1811000000.0,1572000000.0,239000000.0,8938000000.0,2909000000.0,6029000000.0,38482492518.0,201000000.0,0.0,-41000000.0,-300000000.0,-195000000.0,-518000000.0,270000000.0,373000000.0,449000000.0,0.0,265000000.0,265000000.0,265000000.0,0.0,0.0,0.085,1134000000.0,397000000.0,589000000.0,0.739,3.476,20.96,21.272,4278000000.0,0.0,33.61,2.858,2.853,1478000000.0,26345000000.0,3121000000.0,3121000000.0,509000000.0,,,,,69000000.0,462000000.0,1.0,1144971512.0,1143000000.0,1165000000.0,2.731,12541000000.0,1494000000.0,97000000.0,728000000.0,10.972,4682000000.0
38,TXN,MRQ,2011-12-31,2011-12-31,2011-12-31,2021-07-22,-776000000.0,20497000000.0,,7828000000.0,12669000000.0,,9.641,-153000000.0,992000000.0,992000000.0,1872000000.0,298000000.0,2.237,0.872,5592000000.0,1381000000.0,4211000000.0,5592000000.0,0.0,425000000.0,0.0,0.019,0.17,369000000.0,794000000.0,0.232,794000000.0,369000000.0,348000000.0,0.26,0.26,0.26,10952000000.0,,10952000000.0,37482537832.0,13.0,9.131,818000000.0,0.72,1.0,1548000000.0,0.453,7558000000.0,21000000.0,14040000000.0,,1788000000.0,2208000000.0,1943000000.0,265000000.0,9545000000.0,3499000000.0,6046000000.0,33262537832.0,-589000000.0,-35000000.0,-173000000.0,-200000000.0,-193000000.0,-563000000.0,-997000000.0,-960000000.0,971000000.0,0.0,298000000.0,298000000.0,298000000.0,0.0,0.0,0.087,1183000000.0,365000000.0,625000000.0,0.654,3.037,14.876,15.241,4428000000.0,0.0,29.11,2.422,2.439,1545000000.0,26278000000.0,3420000000.0,3420000000.0,474000000.0,,,,,66000000.0,444000000.0,1.0,1142649874.0,1136000000.0,1153000000.0,3.011,12939000000.0,1495000000.0,50000000.0,708000000.0,11.39,4329000000.0
39,TXN,MRQ,2011-09-30,2011-09-30,2011-09-30,2021-07-22,-690000000.0,20907000000.0,,7716000000.0,13191000000.0,,9.638,-193000000.0,1581000000.0,1581000000.0,1722000000.0,601000000.0,2.104,0.896,5801000000.0,1586000000.0,4215000000.0,5801000000.0,0.0,226000000.0,0.0,0.02,0.13,795000000.0,1021000000.0,0.295,1021000000.0,795000000.0,780000000.0,0.52,0.51,0.52,11026000000.0,,11026000000.0,29786295669.0,8.0,6.209,947000000.0,0.828,1.0,1744000000.0,0.503,7674000000.0,15000000.0,13785000000.0,,1965000000.0,1387000000.0,1037000000.0,350000000.0,9881000000.0,3668000000.0,6213000000.0,30789295669.0,-2920000000.0,-5390000000.0,-417000000.0,1200000000.0,-148000000.0,636000000.0,-4696000000.0,873000000.0,1140000000.0,0.0,601000000.0,601000000.0,601000000.0,0.0,0.0,0.173,930000000.0,814000000.0,627000000.0,0.25,2.792,10.687,10.922,4572000000.0,0.0,26.65,2.224,2.203,1784000000.0,26175000000.0,3466000000.0,3466000000.0,395000000.0,,,,,93000000.0,388000000.0,1.0,1155320663.0,1144000000.0,1157000000.0,3.03,13233000000.0,1543000000.0,179000000.0,882000000.0,11.567,4048000000.0
40,TXN,MRQ,2011-06-30,2011-06-30,2011-06-30,2021-07-22,-686000000.0,17098000000.0,,10860000000.0,6238000000.0,,9.432,-276000000.0,4501000000.0,4501000000.0,1705000000.0,672000000.0,6.195,0.568,3498000000.0,0.0,3498000000.0,3498000000.0,0.0,226000000.0,0.0,0.016,0.13,915000000.0,1141000000.0,0.33,1141000000.0,915000000.0,909000000.0,0.57,0.56,0.57,10903000000.0,,10903000000.0,36778171277.0,9.0,7.025,353000000.0,0.305,1.0,1753000000.0,0.507,1171000000.0,6000000.0,13171000000.0,,1762000000.0,2233000000.0,1899000000.0,334000000.0,6195000000.0,1753000000.0,4442000000.0,38121171277.0,3158000000.0,0.0,-272000000.0,3497000000.0,-150000000.0,3071000000.0,-542000000.0,-268000000.0,629000000.0,0.0,672000000.0,672000000.0,672000000.0,0.0,0.0,0.194,848000000.0,905000000.0,623000000.0,0.228,3.496,12.144,12.483,3714000000.0,0.0,32.83,2.701,2.689,1672000000.0,25726000000.0,3458000000.0,3458000000.0,424000000.0,,,,,53000000.0,411000000.0,1.0,1161168787.0,1156000000.0,1180000000.0,2.991,15927000000.0,1718000000.0,237000000.0,157000000.0,13.778,9107000000.0
41,TXN,MRQ,2011-03-31,2011-03-31,2011-03-31,2021-07-22,-702000000.0,13310000000.0,,7044000000.0,6266000000.0,,9.061,-194000000.0,1343000000.0,1343000000.0,1664000000.0,666000000.0,3.929,0.259,0.0,0.0,0.0,0.0,0.0,231000000.0,0.0,0.014,0.13,918000000.0,1149000000.0,0.339,1149000000.0,918000000.0,918000000.0,0.56,0.55,0.56,10574000000.0,,10574000000.0,39187098941.0,9.0,7.214,322000000.0,0.276,1.0,1728000000.0,0.509,1186000000.0,0.0,8988000000.0,,1678000000.0,1963000000.0,1514000000.0,449000000.0,2736000000.0,1793000000.0,943000000.0,40506098941.0,24000000.0,0.0,-421000000.0,0.0,-153000000.0,-555000000.0,63000000.0,257000000.0,516000000.0,0.0,666000000.0,666000000.0,666000000.0,0.0,0.0,0.196,820000000.0,908000000.0,605000000.0,0.232,3.831,12.517,12.848,3657000000.0,0.0,34.56,2.862,2.85,1568000000.0,25206000000.0,3392000000.0,3392000000.0,422000000.0,,,,,57000000.0,396000000.0,1.0,1172051474.0,1167000000.0,1194000000.0,2.907,12124000000.0,1670000000.0,252000000.0,329000000.0,10.389,5251000000.0
42,TXN,MRQ,2010-12-31,2010-12-31,2010-12-31,2021-07-22,-701000000.0,13401000000.0,,7060000000.0,6341000000.0,,8.905,-301000000.0,1319000000.0,1319000000.0,1655000000.0,942000000.0,3.564,0.284,0.0,0.0,0.0,0.0,0.0,238000000.0,0.0,0.015,0.13,1248000000.0,1486000000.0,0.422,1486000000.0,1248000000.0,1248000000.0,0.79,0.77,0.79,10437000000.0,,10437000000.0,37067118490.0,8.0,6.784,929000000.0,0.793,1.0,1870000000.0,0.53,1205000000.0,0.0,8896000000.0,,1520000000.0,2206000000.0,1753000000.0,453000000.0,2964000000.0,1981000000.0,983000000.0,38160118490.0,226000000.0,-140000000.0,-313000000.0,0.0,-153000000.0,-456000000.0,-548000000.0,-255000000.0,1230000000.0,0.0,942000000.0,942000000.0,942000000.0,0.0,0.0,0.267,640000000.0,1230000000.0,621000000.0,0.165,3.656,11.822,12.218,3680000000.0,0.0,32.5,2.732,2.79,1518000000.0,24695000000.0,3525000000.0,3525000000.0,392000000.0,,,,,47000000.0,390000000.0,1.0,1174157492.0,1172000000.0,1189000000.0,3.008,12196000000.0,1697000000.0,306000000.0,195000000.0,10.406,5079000000.0
43,TXN,MRQ,2010-09-30,2010-09-30,2010-09-30,2021-07-22,-644000000.0,12649000000.0,,6468000000.0,6181000000.0,,8.414,-396000000.0,1093000000.0,1093000000.0,1701000000.0,859000000.0,3.519,0.27,0.0,0.0,0.0,0.0,0.0,224000000.0,0.0,0.018,0.12,1235000000.0,1459000000.0,0.39,1459000000.0,1235000000.0,1235000000.0,0.71,0.71,0.71,9962000000.0,,9962000000.0,31299604106.0,7.0,6.159,922000000.0,0.779,1.0,2039000000.0,0.545,1225000000.0,0.0,8493000000.0,,1424000000.0,1940000000.0,1417000000.0,523000000.0,2687000000.0,1838000000.0,849000000.0,32437604106.0,-45000000.0,-59000000.0,-559000000.0,0.0,-143000000.0,-701000000.0,-662000000.0,-207000000.0,1318000000.0,0.0,859000000.0,859000000.0,859000000.0,0.0,0.0,0.23,812000000.0,1227000000.0,623000000.0,0.169,3.256,11.029,11.356,3456000000.0,0.0,27.14,2.412,2.39,1754000000.0,23907000000.0,3740000000.0,3740000000.0,417000000.0,,,,,47000000.0,391000000.0,1.0,1195195435.0,1184000000.0,1196000000.0,3.159,11424000000.0,1508000000.0,376000000.0,113000000.0,9.649,4630000000.0
44,TXN,MRQ,2010-06-30,2010-06-30,2010-06-30,2021-07-22,-654000000.0,12164000000.0,,6130000000.0,6034000000.0,,8.075,-283000000.0,1138000000.0,1138000000.0,1602000000.0,769000000.0,3.986,0.247,0.0,0.0,0.0,0.0,0.0,227000000.0,0.0,0.02,0.12,1111000000.0,1338000000.0,0.383,1338000000.0,1111000000.0,1111000000.0,0.63,0.62,0.63,9755000000.0,,9755000000.0,27236430196.0,7.0,5.899,279000000.0,0.231,1.0,1894000000.0,0.542,1252000000.0,0.0,8236000000.0,,1349000000.0,1724000000.0,1167000000.0,557000000.0,2409000000.0,1538000000.0,871000000.0,28453430196.0,-79000000.0,0.0,-700000000.0,0.0,-147000000.0,-845000000.0,204000000.0,487000000.0,562000000.0,0.0,769000000.0,769000000.0,769000000.0,0.0,0.0,0.22,787000000.0,1107000000.0,542000000.0,0.19,2.917,10.86,11.086,3240000000.0,0.0,23.28,2.261,2.234,1715000000.0,23194000000.0,3496000000.0,3496000000.0,392000000.0,,,,,49000000.0,378000000.0,1.0,1222226383.0,1208000000.0,1221000000.0,2.894,10912000000.0,1481000000.0,342000000.0,88000000.0,9.033,4592000000.0
45,TXN,MRQ,2010-03-31,2010-03-31,2010-03-31,2021-07-22,-627000000.0,12370000000.0,,6323000000.0,6047000000.0,,7.952,-219000000.0,1217000000.0,1217000000.0,1516000000.0,658000000.0,3.678,0.262,0.0,0.0,0.0,0.0,0.0,224000000.0,0.0,0.019,0.12,957000000.0,1181000000.0,0.368,1181000000.0,957000000.0,957000000.0,0.53,0.52,0.53,9805000000.0,,9805000000.0,29207012476.0,10.0,7.551,491000000.0,0.398,1.0,1689000000.0,0.527,1256000000.0,0.0,8178000000.0,,1276000000.0,2215000000.0,1574000000.0,641000000.0,2565000000.0,1719000000.0,846000000.0,30389012476.0,35000000.0,0.0,-475000000.0,0.0,-149000000.0,-624000000.0,-51000000.0,168000000.0,710000000.0,0.0,658000000.0,658000000.0,658000000.0,0.0,0.0,0.205,739000000.0,950000000.0,556000000.0,0.226,3.099,14.396,14.653,3162000000.0,0.0,24.47,2.632,2.613,1526000000.0,22573000000.0,3205000000.0,3205000000.0,370000000.0,,,,,47000000.0,359000000.0,1.0,1241888536.0,1233000000.0,1246000000.0,2.599,11114000000.0,1449000000.0,299000000.0,385000000.0,9.014,4604000000.0
46,TXN,MRQ,2009-12-31,2009-12-31,2009-12-31,2021-07-22,-621000000.0,12119000000.0,,6114000000.0,6005000000.0,,7.828,-436000000.0,1182000000.0,1182000000.0,1416000000.0,655000000.0,3.853,0.247,0.0,0.0,0.0,0.0,0.0,223000000.0,0.0,0.017,0.12,881000000.0,1104000000.0,0.367,1104000000.0,881000000.0,881000000.0,0.52,0.52,0.52,9722000000.0,,9722000000.0,31355880752.0,16.0,10.658,565000000.0,0.455,1.0,1589000000.0,0.529,1169000000.0,0.0,8181000000.0,,1202000000.0,2380000000.0,1743000000.0,637000000.0,2397000000.0,1587000000.0,810000000.0,32649880752.0,-112000000.0,-3000000.0,-314000000.0,0.0,-149000000.0,-462000000.0,-651000000.0,-215000000.0,1001000000.0,0.0,655000000.0,655000000.0,655000000.0,0.0,0.0,0.218,714000000.0,875000000.0,503000000.0,0.231,3.358,22.211,22.466,3158000000.0,0.0,26.06,3.131,3.149,1277000000.0,22066000000.0,3005000000.0,3005000000.0,354000000.0,,,,,43000000.0,348000000.0,1.0,1252873398.0,1242000000.0,1260000000.0,2.419,10950000000.0,1472000000.0,226000000.0,195000000.0,8.816,4527000000.0
47,TXN,MRQ,2009-09-30,2009-09-30,2009-09-30,2021-07-22,-678000000.0,11903000000.0,,6138000000.0,5765000000.0,,7.52,-226000000.0,1294000000.0,1294000000.0,1399000000.0,538000000.0,3.693,0.261,0.0,0.0,0.0,0.0,0.0,229000000.0,0.0,0.019,0.11,765000000.0,994000000.0,0.345,994000000.0,765000000.0,765000000.0,0.42,0.42,0.42,9438000000.0,,9438000000.0,28118144865.0,24.0,12.976,608000000.0,0.484,1.0,1481000000.0,0.514,1188000000.0,0.0,7759000000.0,,1116000000.0,2160000000.0,1533000000.0,627000000.0,2465000000.0,1662000000.0,803000000.0,29883144865.0,-471000000.0,0.0,-217000000.0,0.0,-138000000.0,-355000000.0,-950000000.0,-724000000.0,834000000.0,0.0,538000000.0,538000000.0,538000000.0,0.0,0.0,0.187,718000000.0,763000000.0,467000000.0,0.262,3.166,32.411,32.903,2945000000.0,0.0,23.69,3.014,2.999,1435000000.0,21562000000.0,2880000000.0,2880000000.0,368000000.0,,,,,46000000.0,340000000.0,1.0,1261424435.0,1255000000.0,1268000000.0,2.295,10715000000.0,1520000000.0,227000000.0,208000000.0,8.538,4476000000.0
48,TXN,MRQ,2009-06-30,2009-06-30,2009-06-30,2021-07-22,-674000000.0,11510000000.0,,5740000000.0,5770000000.0,,7.272,-48000000.0,1765000000.0,1765000000.0,1333000000.0,260000000.0,3.91,0.249,0.0,0.0,0.0,0.0,0.0,233000000.0,0.0,0.02,0.11,356000000.0,589000000.0,0.24,589000000.0,356000000.0,356000000.0,0.2,0.2,0.2,9213000000.0,,9213000000.0,25688551243.0,22.0,11.735,509000000.0,0.402,1.0,1124000000.0,0.457,1216000000.0,0.0,7061000000.0,,1063000000.0,1424000000.0,792000000.0,632000000.0,2297000000.0,1468000000.0,829000000.0,27124551243.0,329000000.0,-51000000.0,-231000000.0,0.0,-139000000.0,-370000000.0,142000000.0,241000000.0,557000000.0,0.0,260000000.0,260000000.0,260000000.0,0.0,0.0,0.106,781000000.0,343000000.0,421000000.0,0.55,2.944,28.643,29.178,2940000000.0,0.0,21.3,2.603,2.59,1244000000.0,21163000000.0,2457000000.0,2457000000.0,369000000.0,,,,,47000000.0,327000000.0,1.0,1273453110.0,1267000000.0,1272000000.0,1.939,10294000000.0,1577000000.0,96000000.0,110000000.0,8.125,4272000000.0
49,TXN,MRQ,2009-03-31,2009-03-31,2009-03-31,2021-07-22,-741000000.0,11520000000.0,,5532000000.0,5988000000.0,,7.224,-43000000.0,1436000000.0,1436000000.0,1280000000.0,17000000.0,4.298,0.251,0.0,0.0,0.0,0.0,0.0,240000000.0,0.0,0.025,0.11,15000000.0,255000000.0,0.122,255000000.0,15000000.0,15000000.0,0.01,0.01,0.01,9210000000.0,,9210000000.0,20029927244.0,12.0,7.405,208000000.0,0.163,1.0,806000000.0,0.386,1192000000.0,0.0,7605000000.0,,1098000000.0,1635000000.0,990000000.0,645000000.0,2310000000.0,1287000000.0,1023000000.0,21075927244.0,390000000.0,-104000000.0,-83000000.0,0.0,-141000000.0,-224000000.0,363000000.0,510000000.0,251000000.0,0.0,17000000.0,17000000.0,17000000.0,0.0,0.0,0.008,796000000.0,10000000.0,326000000.0,11.0,2.288,16.53,17.021,3115000000.0,0.0,16.51,1.863,1.86,1125000000.0,21043000000.0,2086000000.0,2086000000.0,386000000.0,,,,,50000000.0,305000000.0,1.0,1276555254.0,1275000000.0,1277000000.0,1.636,10328000000.0,1643000000.0,-2000000.0,82000000.0,8.1,4245000000.0
50,TXN,MRQ,2008-12-31,2008-12-31,2008-12-31,2021-07-22,-790000000.0,11923000000.0,,5790000000.0,6133000000.0,,7.28,-77000000.0,1046000000.0,1046000000.0,1394000000.0,107000000.0,3.779,0.278,0.0,0.0,0.0,0.0,0.0,293000000.0,0.0,0.026,0.11,36000000.0,329000000.0,0.132,329000000.0,36000000.0,36000000.0,0.09,0.09,0.09,9326000000.0,,9326000000.0,18405515146.0,7.0,5.199,1037000000.0,0.81,1.0,1097000000.0,0.44,1113000000.0,0.0,8232000000.0,,1375000000.0,2147000000.0,1494000000.0,653000000.0,2597000000.0,1532000000.0,1065000000.0,20120515146.0,-669000000.0,0.0,-371000000.0,0.0,-141000000.0,-510000000.0,-1273000000.0,-1196000000.0,1114000000.0,0.0,107000000.0,107000000.0,107000000.0,0.0,0.0,0.043,1047000000.0,50000000.0,324000000.0,1.222,2.157,10.479,10.63,3304000000.0,0.0,15.52,1.61,1.624,913000000.0,21168000000.0,2491000000.0,2491000000.0,431000000.0,,,,,51000000.0,362000000.0,1.0,1296424945.0,1281000000.0,1285000000.0,1.945,10810000000.0,1685000000.0,-71000000.0,99000000.0,8.439,4258000000.0
51,TXN,MRQ,2008-09-30,2008-09-30,2008-09-30,2021-07-22,-342000000.0,12466000000.0,,6212000000.0,6254000000.0,,7.741,-197000000.0,1715000000.0,1715000000.0,1744000000.0,563000000.0,3.574,0.235,0.0,0.0,0.0,0.0,0.0,260000000.0,0.0,0.019,0.1,756000000.0,1016000000.0,0.3,1016000000.0,756000000.0,756000000.0,0.43,0.43,0.43,10094000000.0,,10094000000.0,26866864638.0,8.0,5.947,849000000.0,0.651,1.0,1643000000.0,0.485,1141000000.0,0.0,7872000000.0,,1575000000.0,995000000.0,278000000.0,717000000.0,2372000000.0,1738000000.0,634000000.0,28183864638.0,398000000.0,0.0,-399000000.0,0.0,-131000000.0,-529000000.0,-119000000.0,78000000.0,1046000000.0,0.0,563000000.0,563000000.0,563000000.0,0.0,0.0,0.166,897000000.0,746000000.0,601000000.0,0.233,2.792,10.975,11.257,3517000000.0,0.0,21.5,2.078,2.067,1774000000.0,21204000000.0,3387000000.0,3387000000.0,507000000.0,,,,,54000000.0,390000000.0,1.0,1310877425.0,1304000000.0,1315000000.0,2.597,11325000000.0,1367000000.0,193000000.0,87000000.0,8.685,4474000000.0
52,TXN,MRQ,2008-06-30,2008-06-30,2008-06-30,2021-07-22,-331000000.0,12382000000.0,,6010000000.0,6372000000.0,,7.564,-270000000.0,1317000000.0,1317000000.0,1602000000.0,588000000.0,3.415,0.24,0.0,0.0,0.0,0.0,0.0,255000000.0,0.0,0.013,0.1,850000000.0,1105000000.0,0.33,1105000000.0,850000000.0,850000000.0,0.44,0.44,0.44,9984000000.0,,9984000000.0,35798234243.0,9.0,7.369,251000000.0,0.19,1.0,1749000000.0,0.522,1168000000.0,0.0,8137000000.0,,1651000000.0,1097000000.0,331000000.0,766000000.0,2398000000.0,1760000000.0,638000000.0,37248234243.0,-133000000.0,-19000000.0,-344000000.0,0.0,-132000000.0,-473000000.0,-181000000.0,108000000.0,521000000.0,0.0,588000000.0,588000000.0,588000000.0,0.0,0.0,0.175,916000000.0,833000000.0,677000000.0,0.227,3.731,13.394,13.872,3604000000.0,0.0,28.16,2.691,2.685,1811000000.0,20773000000.0,3351000000.0,3351000000.0,488000000.0,,,,,54000000.0,428000000.0,1.0,1322735591.0,1320000000.0,1338000000.0,2.539,11214000000.0,1267000000.0,262000000.0,83000000.0,8.495,4250000000.0
53,TXN,MRQ,2008-03-31,2008-03-31,2008-03-31,2021-07-22,-351000000.0,12338000000.0,,5975000000.0,6363000000.0,,7.428,-219000000.0,1450000000.0,1450000000.0,1516000000.0,662000000.0,3.233,0.252,0.0,0.0,0.0,0.0,0.0,251000000.0,0.0,0.013,0.1,840000000.0,1091000000.0,0.333,1091000000.0,840000000.0,840000000.0,0.5,0.49,0.5,9857000000.0,,9857000000.0,36167045226.0,9.0,7.405,430000000.0,0.324,1.0,1756000000.0,0.537,1168000000.0,0.0,7872000000.0,,1578000000.0,1217000000.0,426000000.0,791000000.0,2481000000.0,1848000000.0,633000000.0,37495045226.0,122000000.0,0.0,-798000000.0,0.0,-133000000.0,-918000000.0,391000000.0,610000000.0,649000000.0,0.0,662000000.0,662000000.0,662000000.0,0.0,0.0,0.202,949000000.0,807000000.0,680000000.0,0.2,3.804,13.377,14.065,3585000000.0,0.0,28.27,2.695,2.696,1669000000.0,20318000000.0,3272000000.0,3272000000.0,514000000.0,,,,,54000000.0,435000000.0,1.0,1326319251.0,1327000000.0,1345000000.0,2.466,11170000000.0,1277000000.0,178000000.0,278000000.0,8.417,4127000000.0
54,TXN,MRQ,2007-12-31,2007-12-31,2007-12-31,2021-07-22,-324000000.0,12667000000.0,,6918000000.0,5749000000.0,,7.27,-181000000.0,1328000000.0,1328000000.0,1593000000.0,755000000.0,3.416,0.27,0.0,0.0,0.0,0.0,0.0,262000000.0,0.0,0.009,0.1,1044000000.0,1306000000.0,0.367,1306000000.0,1044000000.0,1044000000.0,0.54,0.53,0.54,9975000000.0,,9975000000.0,45893106118.0,12.0,9.605,1243000000.0,0.906,1.0,1963000000.0,0.552,1180000000.0,0.0,8134000000.0,,1418000000.0,1863000000.0,1596000000.0,267000000.0,2692000000.0,2025000000.0,667000000.0,46700106118.0,521000000.0,-56000000.0,-1811000000.0,0.0,-138000000.0,-1939000000.0,1034000000.0,1271000000.0,1424000000.0,2000000.0,755000000.0,755000000.0,755000000.0,-2000000.0,0.0,0.212,967000000.0,996000000.0,657000000.0,0.185,4.682,17.576,17.861,3609000000.0,0.0,33.4,3.376,3.421,1742000000.0,19788000000.0,3556000000.0,3556000000.0,494000000.0,,,,,68000000.0,421000000.0,1.0,1398206770.0,1372000000.0,1390000000.0,2.592,11487000000.0,1164000000.0,289000000.0,102000000.0,8.372,4893000000.0
55,TXN,MRQ,2007-09-30,2007-09-30,2007-09-30,2021-07-22,-284000000.0,13724000000.0,,8053000000.0,5671000000.0,,7.86,-91000000.0,807000000.0,807000000.0,1679000000.0,776000000.0,3.965,0.232,0.0,0.0,0.0,0.0,0.0,272000000.0,0.0,0.007,0.08,1084000000.0,1356000000.0,0.37,1356000000.0,1084000000.0,1084000000.0,0.55,0.54,0.55,11137000000.0,,11137000000.0,51024229700.0,15.0,11.382,1440000000.0,1.016,1.0,1984000000.0,0.542,1146000000.0,0.0,9740000000.0,,1450000000.0,3127000000.0,2862000000.0,265000000.0,2587000000.0,2031000000.0,556000000.0,52290229700.0,-459000000.0,-4000000.0,-1243000000.0,0.0,-114000000.0,-1341000000.0,-648000000.0,-553000000.0,1531000000.0,-1000000.0,776000000.0,776000000.0,776000000.0,-18000000.0,0.0,0.212,971000000.0,1013000000.0,644000000.0,0.145,4.695,20.346,20.328,3681000000.0,0.0,36.59,3.805,3.773,2023000000.0,19172000000.0,3663000000.0,3663000000.0,542000000.0,,,,,66000000.0,429000000.0,1.0,1429085261.0,1417000000.0,1448000000.0,2.585,12578000000.0,1127000000.0,308000000.0,179000000.0,8.876,6022000000.0
56,TXN,MRQ,2007-06-30,2007-06-30,2007-06-30,2021-07-22,-284000000.0,14020000000.0,,8220000000.0,5800000000.0,,7.999,-174000000.0,1266000000.0,1266000000.0,1640000000.0,610000000.0,4.205,0.22,0.0,0.0,0.0,0.0,0.0,270000000.0,0.0,0.005,0.08,861000000.0,1131000000.0,0.33,1131000000.0,861000000.0,861000000.0,0.42,0.42,0.42,11494000000.0,,11494000000.0,53028480131.0,16.0,11.96,724000000.0,0.504,1.0,1784000000.0,0.521,1168000000.0,0.0,9631000000.0,,1424000000.0,2569000000.0,2315000000.0,254000000.0,2526000000.0,1955000000.0,571000000.0,53950480131.0,301000000.0,0.0,-368000000.0,-43000000.0,-115000000.0,-470000000.0,-127000000.0,47000000.0,898000000.0,0.0,610000000.0,610000000.0,610000000.0,4000000.0,0.0,0.178,975000000.0,809000000.0,622000000.0,0.19,4.694,21.615,21.878,3798000000.0,0.0,37.63,3.898,3.907,1897000000.0,18511000000.0,3424000000.0,3424000000.0,551000000.0,,,,,102000000.0,424000000.0,1.0,1433709278.0,1437000000.0,1469000000.0,2.383,12852000000.0,1477000000.0,251000000.0,207000000.0,8.944,6265000000.0
57,TXN,MRQ,2007-03-31,2007-03-31,2007-03-31,2021-07-22,-355000000.0,13750000000.0,,7833000000.0,5917000000.0,,7.825,-179000000.0,965000000.0,965000000.0,1554000000.0,516000000.0,4.335,0.219,43000000.0,43000000.0,0.0,43000000.0,0.0,266000000.0,0.0,0.005,0.04,719000000.0,985000000.0,0.309,985000000.0,719000000.0,719000000.0,0.36,0.35,0.36,11283000000.0,,11283000000.0,42307158750.0,8.0,6.714,375000000.0,0.26,1.0,1637000000.0,0.513,1203000000.0,0.0,9818000000.0,,1409000000.0,2621000000.0,2371000000.0,250000000.0,2467000000.0,1807000000.0,660000000.0,43447158750.0,-218000000.0,-27000000.0,-703000000.0,0.0,-58000000.0,-727000000.0,-44000000.0,162000000.0,554000000.0,-1000000.0,516000000.0,516000000.0,516000000.0,0.0,0.0,0.162,957000000.0,680000000.0,550000000.0,0.111,3.851,10.168,10.599,3880000000.0,0.0,30.1,3.079,3.076,1756000000.0,18017000000.0,3191000000.0,3191000000.0,552000000.0,,,,,44000000.0,405000000.0,1.0,1443427201.0,1442000000.0,1470000000.0,2.213,12547000000.0,1507000000.0,203000000.0,296000000.0,8.701,6026000000.0
58,TXN,MRQ,2006-12-31,2006-12-31,2006-12-31,2021-07-22,-363000000.0,13930000000.0,,7854000000.0,6076000000.0,,7.738,-200000000.0,1183000000.0,1183000000.0,1715000000.0,668000000.0,3.78,0.226,43000000.0,43000000.0,0.0,43000000.0,0.0,177000000.0,0.0,0.005,0.04,834000000.0,1011000000.0,0.292,1011000000.0,834000000.0,834000000.0,0.47,0.46,0.47,11360000000.0,,11360000000.0,41348868762.0,8.0,6.422,641000000.0,0.437,1.0,1748000000.0,0.505,1098000000.0,0.0,9614000000.0,,1437000000.0,2821000000.0,2534000000.0,287000000.0,2570000000.0,2078000000.0,492000000.0,42735868762.0,-247000000.0,0.0,-1073000000.0,0.0,-58000000.0,-1116000000.0,29000000.0,229000000.0,841000000.0,-1000000.0,668000000.0,668000000.0,668000000.0,2000000.0,0.0,0.193,982000000.0,766000000.0,560000000.0,0.085,3.762,9.845,10.141,3950000000.0,0.0,28.8,2.998,3.087,1774000000.0,17529000000.0,3463000000.0,3463000000.0,556000000.0,,,,,78000000.0,426000000.0,1.0,1483884332.0,1468000000.0,1500000000.0,2.359,12832000000.0,1342000000.0,166000000.0,307000000.0,8.741,5776000000.0
59,TXN,MRQ,2006-09-30,2006-09-30,2006-09-30,2021-07-22,-45000000.0,14785000000.0,,8621000000.0,6164000000.0,,7.986,-276000000.0,1430000000.0,1430000000.0,1829000000.0,702000000.0,3.549,0.229,43000000.0,43000000.0,0.0,43000000.0,0.0,307000000.0,0.0,0.004,0.03,1000000000.0,1307000000.0,0.348,1307000000.0,1000000000.0,1000000000.0,0.47,0.46,0.47,12027000000.0,,12027000000.0,49323454276.0,9.0,7.558,150000000.0,0.1,1.0,1932000000.0,0.514,1098000000.0,0.0,9871000000.0,,1491000000.0,3024000000.0,2754000000.0,270000000.0,2758000000.0,2429000000.0,329000000.0,50958454276.0,-248000000.0,0.0,-1613000000.0,0.0,-46000000.0,-1638000000.0,968000000.0,1244000000.0,426000000.0,-4000000.0,702000000.0,702000000.0,702000000.0,-16000000.0,0.0,0.187,1002000000.0,930000000.0,744000000.0,0.064,4.237,11.771,11.918,3989000000.0,0.0,33.25,3.61,3.547,2089000000.0,16927000000.0,3761000000.0,3761000000.0,570000000.0,,,,,79000000.0,432000000.0,1.0,1532585091.0,1506000000.0,1537000000.0,2.497,13687000000.0,1077000000.0,298000000.0,472000000.0,9.088,6192000000.0
60,TXN,MRQ,2006-06-30,2006-06-30,2006-06-30,2021-07-22,-89000000.0,15928000000.0,,9792000000.0,6136000000.0,,8.234,2608000000.0,1678000000.0,1678000000.0,1790000000.0,2387000000.0,3.519,0.246,43000000.0,43000000.0,0.0,43000000.0,0.0,311000000.0,0.0,0.004,0.03,2687000000.0,2998000000.0,0.811,2998000000.0,2687000000.0,2687000000.0,1.54,1.5,1.54,12788000000.0,,12788000000.0,46788954875.0,9.0,7.264,3247000000.0,2.091,1.0,1907000000.0,0.516,1106000000.0,0.0,10404000000.0,,1335000000.0,4245000000.0,3992000000.0,253000000.0,3140000000.0,2783000000.0,357000000.0,47192954875.0,956000000.0,-28000000.0,-900000000.0,-275000000.0,-47000000.0,-1165000000.0,1479000000.0,-1095000000.0,639000000.0,3000000.0,2387000000.0,2387000000.0,2387000000.0,-1648000000.0,0.0,0.646,954000000.0,953000000.0,788000000.0,0.019,3.69,11.083,11.177,3984000000.0,0.0,30.29,3.446,3.435,1929000000.0,16271000000.0,3697000000.0,3697000000.0,536000000.0,,,,,84000000.0,418000000.0,1.0,1558037467.0,1553000000.0,1586000000.0,2.381,14822000000.0,1060000000.0,300000000.0,885000000.0,9.544,7009000000.0
61,TXN,MRQ,2006-03-31,2006-03-31,2006-03-31,2021-07-22,-82000000.0,14038000000.0,,8077000000.0,5961000000.0,,7.09,-404000000.0,722000000.0,722000000.0,1662000000.0,585000000.0,3.855,0.249,318000000.0,0.0,318000000.0,318000000.0,0.0,316000000.0,0.0,0.003,0.03,813000000.0,1129000000.0,0.339,1129000000.0,813000000.0,810000000.0,0.37,0.36,0.37,11238000000.0,,11238000000.0,51405136074.0,16.0,11.353,153000000.0,0.097,1.0,1672000000.0,0.501,1146000000.0,3000000.0,10393000000.0,,1246000000.0,3182000000.0,2942000000.0,240000000.0,2800000000.0,2095000000.0,705000000.0,51963136074.0,-492000000.0,-177000000.0,-1298000000.0,-311000000.0,-48000000.0,-1650000000.0,599000000.0,1190000000.0,557000000.0,2000000.0,585000000.0,585000000.0,585000000.0,-43000000.0,0.0,0.175,954000000.0,718000000.0,720000000.0,0.081,4.624,20.794,20.948,3868000000.0,0.0,32.47,4.007,3.969,1798000000.0,13930000000.0,3334000000.0,3334000000.0,533000000.0,,,,,91000000.0,421000000.0,1.0,1600342965.0,1585000000.0,1618000000.0,2.103,12892000000.0,1016000000.0,225000000.0,297000000.0,8.134,5982000000.0
62,TXN,MRQ,2005-12-31,2005-12-31,2005-12-31,2021-07-22,-16000000.0,15063000000.0,,9412000000.0,5651000000.0,,7.442,-334000000.0,1214000000.0,1214000000.0,1667000000.0,655000000.0,3.96,0.262,630000000.0,301000000.0,329000000.0,630000000.0,0.0,256000000.0,0.0,0.003,0.03,836000000.0,1092000000.0,0.329,1092000000.0,836000000.0,842000000.0,0.41,0.4,0.41,11937000000.0,,11937000000.0,50302953007.0,17.0,11.679,574000000.0,0.358,1.0,1657000000.0,0.498,980000000.0,-6000000.0,11122000000.0,,1185000000.0,4352000000.0,4116000000.0,236000000.0,3126000000.0,2377000000.0,749000000.0,51890953007.0,-727000000.0,0.0,-742000000.0,274000000.0,-48000000.0,-499000000.0,-1140000000.0,-793000000.0,908000000.0,4000000.0,655000000.0,655000000.0,655000000.0,-33000000.0,0.0,0.197,897000000.0,760000000.0,702000000.0,0.073,4.347,22.328,22.585,3730000000.0,0.0,32.07,4.207,4.264,1648000000.0,13394000000.0,3324000000.0,3324000000.0,493000000.0,,,,,85000000.0,404000000.0,1.0,1618052791.0,1604000000.0,1638000000.0,2.072,14083000000.0,1012000000.0,187000000.0,177000000.0,8.78,7035000000.0
63,TXN,MRQ,2005-09-30,2005-09-30,2005-09-30,2021-07-22,-173000000.0,14984000000.0,,9131000000.0,5853000000.0,,7.311,-440000000.0,1946000000.0,1946000000.0,1649000000.0,631000000.0,4.065,0.262,358000000.0,303000000.0,55000000.0,358000000.0,0.0,377000000.0,0.0,0.003,0.025,845000000.0,1222000000.0,0.366,1222000000.0,845000000.0,843000000.0,0.39,0.38,0.39,11873000000.0,,11873000000.0,53249489276.0,21.0,12.459,1074000000.0,0.661,1.0,1690000000.0,0.506,1046000000.0,2000000.0,10104000000.0,,1158000000.0,3539000000.0,3305000000.0,234000000.0,3111000000.0,2246000000.0,865000000.0,55021489276.0,-187000000.0,0.0,-336000000.0,0.0,-41000000.0,-335000000.0,-1364000000.0,-914000000.0,1514000000.0,-2000000.0,631000000.0,631000000.0,631000000.0,-35000000.0,0.0,0.189,929000000.0,761000000.0,796000000.0,0.064,4.634,25.473,26.077,3865000000.0,0.0,33.9,4.94,4.943,1915000000.0,12787000000.0,3339000000.0,3339000000.0,521000000.0,,,,,80000000.0,408000000.0,1.0,1623052781.0,1624000000.0,1663000000.0,2.056,13938000000.0,994000000.0,212000000.0,115000000.0,8.583,6885000000.0
64,TXN,MRQ,2005-06-30,2005-06-30,2005-06-30,2021-07-22,-174000000.0,14486000000.0,,8499000000.0,5987000000.0,,7.02,-205000000.0,2133000000.0,2133000000.0,1545000000.0,628000000.0,4.028,0.264,361000000.0,306000000.0,55000000.0,361000000.0,0.0,383000000.0,0.0,0.003,0.025,702000000.0,1085000000.0,0.365,1085000000.0,702000000.0,700000000.0,0.38,0.38,0.38,11463000000.0,,11463000000.0,45173967283.0,18.0,10.898,621000000.0,0.38,1.0,1426000000.0,0.48,1082000000.0,2000000.0,9522000000.0,,1202000000.0,2610000000.0,2345000000.0,265000000.0,3023000000.0,2110000000.0,913000000.0,46656967283.0,277000000.0,-42000000.0,-1176000000.0,-10000000.0,-41000000.0,-1227000000.0,669000000.0,938000000.0,826000000.0,9000000.0,628000000.0,628000000.0,628000000.0,-44000000.0,0.0,0.211,824000000.0,602000000.0,1479000000.0,0.066,4.07,22.303,22.637,3757000000.0,0.0,28.07,4.223,4.149,1902000000.0,12197000000.0,2971000000.0,2971000000.0,485000000.0,,,,,5000000.0,339000000.0,1.0,1662164848.0,1633000000.0,1669000000.0,1.819,13404000000.0,1165000000.0,72000000.0,290000000.0,8.208,6389000000.0
65,TXN,MRQ,2005-03-31,2005-03-31,2005-03-31,2021-07-22,-191000000.0,15045000000.0,,9071000000.0,5974000000.0,,6.998,-267000000.0,1856000000.0,1856000000.0,1458000000.0,411000000.0,4.136,0.264,373000000.0,318000000.0,55000000.0,373000000.0,0.0,385000000.0,0.0,0.004,0.025,524000000.0,909000000.0,0.336,909000000.0,524000000.0,522000000.0,0.24,0.24,0.24,11904000000.0,,11904000000.0,41587249329.0,18.0,10.281,257000000.0,0.151,1.0,1244000000.0,0.46,1091000000.0,2000000.0,10278000000.0,,1245000000.0,3544000000.0,3284000000.0,260000000.0,3141000000.0,2193000000.0,948000000.0,43876249329.0,-812000000.0,42000000.0,-1436000000.0,0.0,-43000000.0,-1479000000.0,148000000.0,384000000.0,524000000.0,-5000000.0,411000000.0,411000000.0,411000000.0,-40000000.0,0.0,0.152,808000000.0,436000000.0,1573000000.0,0.104,3.686,23.032,22.964,3845000000.0,0.0,25.49,3.877,3.831,1696000000.0,11610000000.0,2702000000.0,2702000000.0,487000000.0,,,,,5000000.0,321000000.0,1.0,1721312253.0,1701000000.0,1735000000.0,1.588,13954000000.0,1034000000.0,111000000.0,302000000.0,8.203,6878000000.0
66,TXN,MRQ,2004-12-31,2004-12-31,2004-12-31,2021-07-22,-183000000.0,16299000000.0,,10136000000.0,6163000000.0,,7.577,-173000000.0,2668000000.0,2668000000.0,1160000000.0,490000000.0,5.265,0.248,379000000.0,11000000.0,368000000.0,379000000.0,0.0,548000000.0,0.0,0.004,0.025,510000000.0,1058000000.0,0.498,1058000000.0,510000000.0,489000000.0,0.29,0.28,0.29,13063000000.0,,13063000000.0,41250509364.0,17.0,10.313,1132000000.0,0.657,1.0,965000000.0,0.454,1119000000.0,21000000.0,10966000000.0,,1256000000.0,3954000000.0,3690000000.0,264000000.0,3236000000.0,1925000000.0,1311000000.0,42541509364.0,994000000.0,0.0,-294000000.0,-1000000.0,-44000000.0,-339000000.0,18000000.0,237000000.0,1305000000.0,10000000.0,490000000.0,490000000.0,490000000.0,-170000000.0,0.0,0.231,728000000.0,237000000.0,552000000.0,0.086,3.257,22.859,22.796,3918000000.0,0.0,24.62,3.683,3.687,1696000000.0,11242000000.0,2125000000.0,2125000000.0,455000000.0,,,,,4000000.0,273000000.0,1.0,1727924832.0,1724000000.0,1759000000.0,1.233,15180000000.0,1003000000.0,-1000000.0,243000000.0,8.805,8211000000.0
67,TXN,MRQ,2004-09-30,2004-09-30,2004-09-30,2021-07-22,-170000000.0,16137000000.0,,8299000000.0,7838000000.0,,7.454,-330000000.0,1674000000.0,1674000000.0,1761000000.0,563000000.0,4.386,0.251,383000000.0,10000000.0,373000000.0,383000000.0,0.0,378000000.0,0.0,0.004,0.021,715000000.0,1093000000.0,0.336,1093000000.0,715000000.0,715000000.0,0.33,0.32,0.33,12896000000.0,,12896000000.0,36004332030.0,15.0,8.981,612000000.0,0.354,1.0,1489000000.0,0.458,818000000.0,0.0,12136000000.0,,1356000000.0,4191000000.0,2312000000.0,1879000000.0,3241000000.0,1892000000.0,1349000000.0,36837332030.0,51000000.0,0.0,-93000000.0,-405000000.0,-36000000.0,-534000000.0,-359000000.0,-29000000.0,942000000.0,2000000.0,563000000.0,563000000.0,563000000.0,0.0,0.0,0.173,832000000.0,657000000.0,1550000000.0,0.064,2.856,19.553,19.704,4119000000.0,0.0,21.28,3.02,3.018,1965000000.0,10795000000.0,3250000000.0,3250000000.0,483000000.0,,,,,14000000.0,349000000.0,1.0,1731077633.0,1730000000.0,1759000000.0,1.879,15319000000.0,927000000.0,152000000.0,187000000.0,8.855,6407000000.0
68,TXN,MRQ,2004-06-30,2004-06-30,2004-06-30,2021-07-22,-178000000.0,16050000000.0,,8107000000.0,7943000000.0,,7.181,-356000000.0,1623000000.0,1623000000.0,1760000000.0,441000000.0,3.629,0.29,790000000.0,415000000.0,375000000.0,790000000.0,0.0,363000000.0,0.0,0.004,0.021,622000000.0,985000000.0,0.304,985000000.0,622000000.0,622000000.0,0.25,0.25,0.25,12438000000.0,,12438000000.0,41072063407.0,19.0,11.234,150000000.0,0.087,1.0,1481000000.0,0.457,831000000.0,0.0,12152000000.0,,1285000000.0,4165000000.0,2311000000.0,1854000000.0,3612000000.0,2234000000.0,1378000000.0,41858063407.0,8000000.0,0.0,-44000000.0,-28000000.0,-37000000.0,-109000000.0,-393000000.0,-37000000.0,506000000.0,4000000.0,441000000.0,441000000.0,441000000.0,0.0,0.0,0.136,889000000.0,592000000.0,1601000000.0,0.084,3.365,23.675,23.941,4177000000.0,0.0,24.18,3.646,3.648,1930000000.0,10269000000.0,3241000000.0,3241000000.0,514000000.0,,,,,0.0,375000000.0,1.0,1731102705.0,1732000000.0,1772000000.0,1.871,15219000000.0,963000000.0,181000000.0,94000000.0,8.787,5873000000.0
69,TXN,MRQ,2004-03-31,2004-03-31,2004-03-31,2021-07-22,-164000000.0,15785000000.0,,7998000000.0,7787000000.0,,6.973,-401000000.0,1615000000.0,1615000000.0,1614000000.0,367000000.0,3.508,0.306,829000000.0,435000000.0,394000000.0,829000000.0,0.0,348000000.0,0.0,0.003,0.021,516000000.0,864000000.0,0.294,864000000.0,516000000.0,516000000.0,0.21,0.21,0.21,12085000000.0,,12085000000.0,49634187401.0,30.0,15.618,-8000000.0,-0.005,1.0,1322000000.0,0.45,847000000.0,0.0,11872000000.0,,1148000000.0,4138000000.0,2522000000.0,1616000000.0,3700000000.0,2280000000.0,1420000000.0,50620187401.0,-203000000.0,0.0,-130000000.0,-1000000.0,-37000000.0,-168000000.0,-427000000.0,-26000000.0,393000000.0,-1000000.0,367000000.0,367000000.0,367000000.0,0.0,0.0,0.125,848000000.0,474000000.0,1553000000.0,0.1,4.189,34.959,35.205,4188000000.0,0.0,29.22,4.785,4.787,1678000000.0,9865000000.0,2936000000.0,2936000000.0,494000000.0,,,,,0.0,354000000.0,1.0,1732381499.0,1733000000.0,1784000000.0,1.694,14938000000.0,1014000000.0,149000000.0,267000000.0,8.62,5718000000.0
70,TXN,MRQ,2003-12-31,2003-12-31,2003-12-31,2021-07-22,-159000000.0,15510000000.0,,7709000000.0,7801000000.0,,6.854,-273000000.0,1818000000.0,1818000000.0,1576000000.0,513000000.0,3.504,0.307,832000000.0,437000000.0,395000000.0,832000000.0,0.0,467000000.0,0.0,0.003,0.021,600000000.0,1067000000.0,0.385,1067000000.0,600000000.0,561000000.0,0.29,0.29,0.29,11864000000.0,,11864000000.0,50738772901.0,39.0,18.031,794000000.0,0.459,1.0,1194000000.0,0.431,1204000000.0,39000000.0,11120000000.0,,984000000.0,4111000000.0,2511000000.0,1600000000.0,3646000000.0,2200000000.0,1446000000.0,50845772901.0,875000000.0,0.0,-38000000.0,-3000000.0,-36000000.0,-77000000.0,-115000000.0,158000000.0,1067000000.0,0.0,513000000.0,513000000.0,513000000.0,0.0,0.0,0.185,756000000.0,438000000.0,1496000000.0,0.072,4.286,42.442,42.58,4132000000.0,0.0,29.38,5.17,5.172,1451000000.0,9535000000.0,2770000000.0,2770000000.0,448000000.0,,,,,15000000.0,308000000.0,1.0,1730625354.0,1731000000.0,,1.6,14306000000.0,1075000000.0,48000000.0,309000000.0,8.265,5509000000.0
71,TXN,MRQ,2003-09-30,2003-09-30,2003-09-30,2021-07-22,-105000000.0,15086000000.0,,6794000000.0,8292000000.0,,6.601,-233000000.0,943000000.0,943000000.0,1503000000.0,447000000.0,3.132,0.32,836000000.0,434000000.0,402000000.0,836000000.0,0.0,356000000.0,0.0,0.004,0.021,384000000.0,740000000.0,0.292,740000000.0,384000000.0,384000000.0,0.26,0.25,0.26,11428000000.0,,11428000000.0,39330533470.0,220.0,24.07,277000000.0,0.16,1.0,1030000000.0,0.407,887000000.0,0.0,11923000000.0,,995000000.0,4279000000.0,2360000000.0,1919000000.0,3658000000.0,2169000000.0,1489000000.0,39472533470.0,-76000000.0,-128000000.0,-43000000.0,-33000000.0,-37000000.0,-113000000.0,-466000000.0,-105000000.0,510000000.0,-7000000.0,447000000.0,447000000.0,447000000.0,0.0,0.0,0.176,781000000.0,249000000.0,1436000000.0,0.081,3.454,411.172,380.0,4241000000.0,0.0,22.8,4.286,4.286,1522000000.0,9059000000.0,2533000000.0,2533000000.0,468000000.0,,,,,0.0,313000000.0,1.0,1731251468.0,1731251468.0,,1.463,14199000000.0,1188000000.0,-63000000.0,371000000.0,8.202,4625000000.0
72,TXN,MRQ,2003-06-30,2003-06-30,2003-06-30,2021-07-22,-207000000.0,14634000000.0,,6447000000.0,8187000000.0,,6.327,-162000000.0,1019000000.0,1019000000.0,1462000000.0,121000000.0,3.929,0.337,877000000.0,68000000.0,809000000.0,877000000.0,0.0,356000000.0,0.0,0.005,0.021,151000000.0,507000000.0,0.217,507000000.0,151000000.0,151000000.0,0.07,0.07,0.07,10942000000.0,,10942000000.0,30346372739.0,-573.0,21.133,216000000.0,0.125,1.0,877000000.0,0.375,798000000.0,0.0,12053000000.0,,1000000000.0,4088000000.0,2075000000.0,2013000000.0,3692000000.0,1641000000.0,2051000000.0,30435372739.0,-70000000.0,0.0,-14000000.0,-129000000.0,-37000000.0,-180000000.0,-264000000.0,-102000000.0,378000000.0,-4000000.0,121000000.0,121000000.0,121000000.0,0.0,0.0,0.052,752000000.0,125000000.0,1295000000.0,0.3,2.782,-186.72,-195.556,4376000000.0,0.0,17.6,3.41,3.41,1440000000.0,8648000000.0,2339000000.0,2339000000.0,424000000.0,,,,,0.0,328000000.0,1.0,1729282542.0,1729282542.0,,1.353,13836000000.0,1115000000.0,30000000.0,351000000.0,8.001,4806000000.0
73,TXN,MRQ,2003-03-31,2003-03-31,2003-03-31,2021-07-22,-328000000.0,14395000000.0,,6122000000.0,8273000000.0,,6.2,-132000000.0,1089000000.0,1089000000.0,1330000000.0,117000000.0,3.648,0.342,1000000000.0,168000000.0,832000000.0,1000000000.0,0.0,346000000.0,0.0,0.005,0.021,154000000.0,500000000.0,0.228,500000000.0,154000000.0,154000000.0,0.07,0.07,0.07,10729000000.0,,10729000000.0,28632503682.0,-329.0,19.939,64000000.0,0.037,1.0,862000000.0,0.393,809000000.0,0.0,11819000000.0,,882000000.0,3773000000.0,1847000000.0,1926000000.0,3666000000.0,1678000000.0,1988000000.0,28326503682.0,140000000.0,0.0,-32000000.0,-261000000.0,-37000000.0,-69000000.0,3000000.0,135000000.0,196000000.0,10000000.0,117000000.0,117000000.0,117000000.0,0.0,0.0,0.053,709000000.0,153000000.0,1170000000.0,0.3,2.64,-149.876,-148.818,4576000000.0,0.0,16.37,3.238,3.238,1365000000.0,8564000000.0,2192000000.0,2192000000.0,408000000.0,,,,,0.0,301000000.0,1.0,1730391184.0,1730391184.0,,1.267,13586000000.0,1182000000.0,37000000.0,427000000.0,7.851,4444000000.0
74,TXN,MRQ,2002-12-31,2002-12-31,2002-12-31,2021-07-22,-262000000.0,14679000000.0,,6126000000.0,8553000000.0,,6.194,-236000000.0,949000000.0,949000000.0,1377000000.0,-589000000.0,3.168,0.368,1255000000.0,422000000.0,833000000.0,1255000000.0,0.0,397000000.0,0.0,0.006,0.021,-510000000.0,-113000000.0,-0.053,-113000000.0,-510000000.0,-567000000.0,-0.34,-0.34,-0.34,10734000000.0,,10734000000.0,26273398754.0,-91.0,20.446,508000000.0,0.293,1.0,769000000.0,0.358,823000000.0,57000000.0,12228000000.0,,790000000.0,4001000000.0,2063000000.0,1938000000.0,3945000000.0,1934000000.0,2011000000.0,25982398754.0,-15000000.0,0.0,-20000000.0,-3000000.0,-36000000.0,-59000000.0,-711000000.0,-475000000.0,744000000.0,11000000.0,-589000000.0,-589000000.0,-589000000.0,0.0,0.0,-0.274,702000000.0,67000000.0,1204000000.0,-0.062,2.421,-75.53,-75.05,4794000000.0,0.0,15.01,3.099,3.103,1217000000.0,8484000000.0,2146000000.0,2146000000.0,412000000.0,,,,,0.0,290000000.0,1.0,1731005913.0,1733000000.0,,1.238,13856000000.0,1163000000.0,22000000.0,422000000.0,7.995,4192000000.0
75,TXN,MRQ,2002-09-30,2002-09-30,2002-09-30,2021-07-22,-529000000.0,14899000000.0,,5719000000.0,9180000000.0,,6.398,-269000000.0,964000000.0,964000000.0,1413000000.0,188000000.0,3.312,0.343,1255000000.0,171000000.0,1084000000.0,1255000000.0,0.0,390000000.0,0.0,0.006,0.021,152000000.0,542000000.0,0.241,542000000.0,152000000.0,152000000.0,0.11,0.11,0.11,11092000000.0,,11092000000.0,26371294010.0,-573.0,16.638,296000000.0,0.171,1.0,835000000.0,0.371,827000000.0,0.0,12636000000.0,,823000000.0,3680000000.0,1624000000.0,2056000000.0,3807000000.0,1727000000.0,2080000000.0,25606294010.0,477000000.0,0.0,-65000000.0,-15000000.0,-37000000.0,-117000000.0,30000000.0,299000000.0,565000000.0,-1000000.0,188000000.0,188000000.0,188000000.0,0.0,0.0,0.084,726000000.0,109000000.0,1332000000.0,0.191,2.309,198.498,211.0,4959000000.0,0.0,14.77,3.191,3.191,1503000000.0,9109000000.0,2248000000.0,2248000000.0,415000000.0,,,,,0.0,311000000.0,1.0,1733669195.0,1733669195.0,,1.297,14072000000.0,1257000000.0,-36000000.0,279000000.0,8.117,3992000000.0
76,TXN,MRQ,2002-06-30,2002-06-30,2002-06-30,2021-07-22,-150000000.0,14989000000.0,,5644000000.0,9345000000.0,,6.559,-177000000.0,487000000.0,487000000.0,1306000000.0,95000000.0,3.306,0.318,1252000000.0,155000000.0,1097000000.0,1252000000.0,0.0,390000000.0,0.0,0.004,0.021,117000000.0,507000000.0,0.235,507000000.0,117000000.0,117000000.0,0.05,0.05,0.05,11376000000.0,,11376000000.0,42044226059.0,-100.0,34.071,210000000.0,0.121,1.0,856000000.0,0.396,846000000.0,0.0,13201000000.0,,820000000.0,4448000000.0,1983000000.0,2465000000.0,3613000000.0,1707000000.0,1906000000.0,41105226059.0,174000000.0,-69000000.0,-58000000.0,-19000000.0,-37000000.0,-114000000.0,-104000000.0,142000000.0,387000000.0,5000000.0,95000000.0,95000000.0,95000000.0,0.0,0.0,0.044,701000000.0,155000000.0,1230000000.0,0.42,3.613,-233.552,-215.455,5084000000.0,0.0,23.7,5.391,5.391,1535000000.0,8958000000.0,2162000000.0,2162000000.0,404000000.0,,,,,0.0,297000000.0,1.0,1734397724.0,1734397724.0,,1.247,14143000000.0,922000000.0,22000000.0,280000000.0,8.154,3937000000.0
77,TXN,MRQ,2002-03-31,2002-03-31,2002-03-31,2021-07-22,345000000.0,15538000000.0,,5492000000.0,10046000000.0,,6.824,-120000000.0,313000000.0,313000000.0,1216000000.0,-38000000.0,3.822,0.311,1252000000.0,46000000.0,1206000000.0,1252000000.0,0.0,397000000.0,0.0,0.003,0.021,-47000000.0,350000000.0,0.192,350000000.0,-47000000.0,-47000000.0,-0.02,-0.02,-0.02,11848000000.0,,11848000000.0,58287810852.0,-73.0,67.935,176000000.0,0.101,1.0,611000000.0,0.334,740000000.0,0.0,14300000000.0,,768000000.0,5398000000.0,2302000000.0,3096000000.0,3690000000.0,1437000000.0,2253000000.0,57469810852.0,-118000000.0,0.0,-60000000.0,8000000.0,-37000000.0,-89000000.0,-324000000.0,-204000000.0,296000000.0,-1000000.0,-38000000.0,-38000000.0,-38000000.0,0.0,0.0,-0.021,655000000.0,-44000000.0,1104000000.0,-1.05,4.851,-122.799,-122.593,5301000000.0,0.0,33.1,7.663,7.663,1249000000.0,8900000000.0,1827000000.0,1827000000.0,388000000.0,,,,,0.0,267000000.0,1.0,1736248062.0,1736248062.0,,1.052,14798000000.0,873000000.0,-9000000.0,588000000.0,8.523,4055000000.0
78,TXN,MRQ,2001-12-31,2001-12-31,2001-12-31,2021-07-22,269000000.0,15779000000.0,,5775000000.0,10004000000.0,,6.858,-236000000.0,431000000.0,431000000.0,1372000000.0,-116000000.0,3.655,0.328,1249000000.0,38000000.0,1211000000.0,1249000000.0,0.0,454000000.0,0.0,0.003,0.021,-268000000.0,186000000.0,0.104,186000000.0,-268000000.0,-268000000.0,-0.07,-0.07,-0.07,11879000000.0,,11879000000.0,49378568640.0,-116.0,42.096,544000000.0,0.314,1.0,415000000.0,0.232,748000000.0,0.0,14269000000.0,,751000000.0,5134000000.0,2513000000.0,2621000000.0,3900000000.0,1580000000.0,2320000000.0,48501568640.0,44000000.0,0.0,-13000000.0,-4000000.0,-36000000.0,-53000000.0,-619000000.0,-383000000.0,780000000.0,-64000000.0,-116000000.0,-116000000.0,-116000000.0,0.0,0.0,-0.065,683000000.0,-268000000.0,1205000000.0,-0.3,4.083,-241.301,-233.333,5589000000.0,0.0,28.0,5.914,5.914,1078000000.0,8975000000.0,1787000000.0,1787000000.0,382000000.0,,,,,0.0,301000000.0,1.0,1732198880.0,1732198880.0,,1.032,15031000000.0,975000000.0,-152000000.0,658000000.0,8.677,4195000000.0
79,TXN,MRQ,2001-09-30,2001-09-30,2001-09-30,2021-07-22,-190000000.0,15244000000.0,,6104000000.0,9140000000.0,,6.657,-312000000.0,387000000.0,387000000.0,1424000000.0,-117000000.0,3.766,0.32,1264000000.0,42000000.0,1222000000.0,1264000000.0,0.0,414000000.0,0.0,0.003,0.021,-223000000.0,191000000.0,0.103,191000000.0,-223000000.0,-223000000.0,-0.07,-0.07,-0.07,11548000000.0,,11548000000.0,44033589999.0,62.0,19.97,22000000.0,0.013,1.0,425000000.0,0.23,792000000.0,0.0,13708000000.0,,900000000.0,3997000000.0,2605000000.0,1392000000.0,3696000000.0,1621000000.0,2075000000.0,43330589999.0,-155000000.0,0.0,-128000000.0,-3000000.0,-37000000.0,-168000000.0,-395000000.0,-83000000.0,334000000.0,74000000.0,-117000000.0,-117000000.0,-117000000.0,0.0,0.0,-0.063,670000000.0,-245000000.0,1367000000.0,-0.3,3.752,74.579,75.697,5830000000.0,0.0,24.98,4.587,4.587,1449000000.0,9128000000.0,1849000000.0,1849000000.0,358000000.0,,,,,0.0,312000000.0,1.0,1734611289.0,1734611289.0,,1.066,14452000000.0,845000000.0,-106000000.0,362000000.0,8.332,4483000000.0
80,TXN,MRQ,2001-06-30,2001-06-30,2001-06-30,2021-07-22,684000000.0,16702000000.0,,6278000000.0,10424000000.0,,7.297,-342000000.0,542000000.0,542000000.0,1523000000.0,-197000000.0,3.786,0.319,1245000000.0,43000000.0,1202000000.0,1245000000.0,0.0,387000000.0,0.0,0.003,0.021,-256000000.0,131000000.0,0.064,131000000.0,-256000000.0,-256000000.0,-0.11,-0.11,-0.11,12667000000.0,,12667000000.0,56347903221.0,28.0,16.539,244000000.0,0.141,1.0,514000000.0,0.252,829000000.0,0.0,14918000000.0,,1082000000.0,5222000000.0,2472000000.0,2750000000.0,4035000000.0,1658000000.0,2377000000.0,55377903221.0,238000000.0,0.0,-106000000.0,-20000000.0,-37000000.0,-163000000.0,-172000000.0,170000000.0,586000000.0,-13000000.0,-197000000.0,-197000000.0,-197000000.0,0.0,0.0,-0.097,812000000.0,-298000000.0,1385000000.0,-0.191,4.372,40.304,40.38,5943000000.0,0.0,31.9,5.153,5.153,1666000000.0,9282000000.0,2037000000.0,2037000000.0,412000000.0,,,,,0.0,400000000.0,1.0,1735984427.0,1735984427.0,,1.173,15873000000.0,645000000.0,-59000000.0,637000000.0,9.144,4620000000.0
81,TXN,MRQ,2001-03-31,2001-03-31,2001-03-31,2021-07-22,718000000.0,17242000000.0,,6904000000.0,10338000000.0,,7.497,-900000000.0,304000000.0,304000000.0,1505000000.0,230000000.0,3.666,0.326,1274000000.0,46000000.0,1228000000.0,1274000000.0,0.0,344000000.0,0.0,0.003,0.021,320000000.0,664000000.0,0.263,664000000.0,320000000.0,320000000.0,0.13,0.13,0.13,13002000000.0,,13002000000.0,54345030330.0,13.0,9.818,-781000000.0,-0.45,1.0,1023000000.0,0.405,874000000.0,0.0,15455000000.0,,1180000000.0,5446000000.0,2785000000.0,2661000000.0,4240000000.0,1883000000.0,2357000000.0,53726030330.0,-441000000.0,0.0,35000000.0,-105000000.0,-37000000.0,-107000000.0,-440000000.0,460000000.0,119000000.0,-13000000.0,230000000.0,230000000.0,230000000.0,0.0,0.0,0.091,794000000.0,229000000.0,795000000.0,0.162,4.132,18.739,18.663,5993000000.0,0.0,30.98,4.615,4.615,1948000000.0,9517000000.0,2528000000.0,2528000000.0,446000000.0,,,,,0.0,348000000.0,1.0,1734216602.0,1734216602.0,,1.458,16368000000.0,663000000.0,90000000.0,495000000.0,9.438,5021000000.0
82,TXN,MRQ,2000-12-31,2000-12-31,2000-12-31,2021-07-22,574000000.0,17720000000.0,,8115000000.0,9605000000.0,,7.277,-973000000.0,745000000.0,745000000.0,1576000000.0,665000000.0,2.885,0.408,1364000000.0,148000000.0,1216000000.0,1364000000.0,0.0,347000000.0,0.0,0.002,0.021,872000000.0,1219000000.0,0.402,1219000000.0,872000000.0,872000000.0,0.38,0.37,0.38,12588000000.0,,12588000000.0,82443906580.0,18.0,14.301,-371000000.0,-0.214,1.0,1456000000.0,0.48,961000000.0,0.0,14565000000.0,,1233000000.0,5658000000.0,3258000000.0,2400000000.0,5132000000.0,2813000000.0,2319000000.0,81964906580.0,-193000000.0,107000000.0,29000000.0,-35000000.0,-37000000.0,-304000000.0,-504000000.0,362000000.0,602000000.0,13000000.0,665000000.0,665000000.0,665000000.0,0.0,0.0,0.219,842000000.0,614000000.0,1921000000.0,0.055,6.511,26.803,26.618,5447000000.0,0.0,47.38,6.902,6.902,2204000000.0,9323000000.0,3032000000.0,3032000000.0,441000000.0,,,,,0.0,401000000.0,1.0,1729947374.0,1729947374.0,,1.753,16759000000.0,701000000.0,207000000.0,792000000.0,9.688,5302000000.0
83,TXN,MRQ,2000-09-30,2000-09-30,2000-09-30,2021-07-22,1151000000.0,18339000000.0,,8708000000.0,9631000000.0,,7.584,-585000000.0,938000000.0,938000000.0,1637000000.0,676000000.0,3.035,0.474,1417000000.0,204000000.0,1213000000.0,1417000000.0,0.0,319000000.0,0.0,0.002,0.021,1074000000.0,1393000000.0,0.442,1393000000.0,1074000000.0,1074000000.0,0.39,0.38,0.39,12441000000.0,,12441000000.0,77944117728.0,18.0,12.732,-240000000.0,-0.146,1.0,1512000000.0,0.48,1017000000.0,0.0,14932000000.0,,1122000000.0,6914000000.0,3617000000.0,3297000000.0,5898000000.0,2869000000.0,3029000000.0,77923117728.0,-655000000.0,-3000000.0,-15000000.0,-212000000.0,-35000000.0,-262000000.0,-727000000.0,-139000000.0,345000000.0,-11000000.0,676000000.0,676000000.0,676000000.0,0.0,0.0,0.215,986000000.0,526000000.0,828000000.0,0.054,6.263,27.457,28.614,4855000000.0,0.0,47.5,6.788,6.788,2362000000.0,8727000000.0,3149000000.0,3149000000.0,533000000.0,,,,,0.0,453000000.0,1.0,1640486689.0,1640486689.0,,1.92,17322000000.0,622000000.0,398000000.0,822000000.0,10.559,5839000000.0
84,TXN,MRQ,2000-06-30,2000-06-30,2000-06-30,2021-07-22,3093000000.0,19558000000.0,,7887000000.0,11671000000.0,,7.743,-557000000.0,1330000000.0,1330000000.0,1486000000.0,1296000000.0,2.542,0.544,1351000000.0,385000000.0,966000000.0,1351000000.0,0.0,288000000.0,0.0,0.001,0.021,1971000000.0,2259000000.0,0.77,2259000000.0,1971000000.0,1971000000.0,0.76,0.72,0.76,12670000000.0,,12670000000.0,113104786675.0,30.0,21.232,180000000.0,0.11,1.0,1446000000.0,0.493,466000000.0,0.0,16010000000.0,,1019000000.0,9049000000.0,2768000000.0,6281000000.0,6888000000.0,3103000000.0,3785000000.0,112403786675.0,519000000.0,0.0,45000000.0,-18000000.0,-34000000.0,-7000000.0,-198000000.0,359000000.0,737000000.0,-13000000.0,1296000000.0,1296000000.0,1296000000.0,0.0,0.0,0.442,801000000.0,645000000.0,757000000.0,0.028,8.872,43.839,45.49,4488000000.0,0.0,68.69,10.364,10.364,2098000000.0,7813000000.0,2932000000.0,2932000000.0,387000000.0,,,,,0.0,414000000.0,1.0,1636392294.0,1636392294.0,,1.792,19092000000.0,605000000.0,675000000.0,1762000000.0,11.667,4784000000.0
85,TXN,MRQ,2000-03-31,2000-03-31,2000-03-31,2021-07-22,2977000000.0,17500000000.0,,5974000000.0,11526000000.0,,6.875,-647000000.0,675000000.0,675000000.0,1420000000.0,421000000.0,2.373,0.563,1376000000.0,385000000.0,991000000.0,1376000000.0,0.0,262000000.0,0.0,0.001,0.021,632000000.0,894000000.0,0.324,894000000.0,632000000.0,632000000.0,0.25,0.24,0.25,11199000000.0,,11199000000.0,131072491520.0,57.0,36.623,-146000000.0,-0.09,1.0,1341000000.0,0.486,500000000.0,0.0,15183000000.0,,937000000.0,8119000000.0,1755000000.0,6364000000.0,6301000000.0,2518000000.0,3783000000.0,130324491520.0,293000000.0,0.0,28000000.0,212000000.0,-35000000.0,205000000.0,-395000000.0,252000000.0,501000000.0,-18000000.0,421000000.0,421000000.0,421000000.0,0.0,0.0,0.152,787000000.0,554000000.0,853000000.0,0.084,11.637,81.555,83.333,4216000000.0,0.0,80.0,12.642,12.642,1911000000.0,6569000000.0,2761000000.0,2761000000.0,386000000.0,,,,,0.0,401000000.0,1.0,1629056144.0,1629056144.0,,1.695,17000000000.0,622000000.0,211000000.0,1724000000.0,10.435,3456000000.0
86,TXN,MRQ,1999-12-31,1999-12-31,1999-12-31,2021-07-22,1553000000.0,15427000000.0,,6353000000.0,9074000000.0,,6.044,-511000000.0,781000000.0,781000000.0,1343000000.0,445000000.0,2.356,0.611,1430000000.0,331000000.0,1099000000.0,1430000000.0,0.0,1005000000.0,0.0,0.002,0.021,571000000.0,1576000000.0,0.597,1576000000.0,571000000.0,571000000.0,0.26,0.25,0.26,9578000000.0,,9578000000.0,77702721216.0,37.0,25.171,542000000.0,0.342,1.0,1295000000.0,0.491,502000000.0,0.0,12877000000.0,,894000000.0,6250000000.0,2045000000.0,4205000000.0,5849000000.0,2697000000.0,3152000000.0,76570721216.0,370000000.0,0.0,-13000000.0,-8000000.0,-34000000.0,-55000000.0,-623000000.0,-112000000.0,1053000000.0,-5000000.0,445000000.0,445000000.0,445000000.0,0.0,0.0,0.169,793000000.0,502000000.0,1722000000.0,0.081,7.994,52.771,56.18,3933000000.0,0.0,48.315,7.846,7.846,1909000000.0,6406000000.0,2638000000.0,2638000000.0,333000000.0,,,,,0.0,460000000.0,1.0,1584822958.0,1584822958.0,,1.665,14925000000.0,656000000.0,126000000.0,1268000000.0,9.417,3656000000.0
87,TXN,MRQ,1999-09-30,1999-09-30,1999-09-30,2021-07-22,958000000.0,13198000000.0,,5488000000.0,7710000000.0,,5.042,-370000000.0,291000000.0,291000000.0,1307000000.0,402000000.0,2.251,0.666,1423000000.0,264000000.0,1159000000.0,1423000000.0,0.0,0.0,0.0,0.002,0.021,598000000.0,598000000.0,0.238,598000000.0,598000000.0,598000000.0,0.24,0.23,0.24,7923000000.0,,7923000000.0,65509983756.0,36.0,21.578,374000000.0,0.238,1.0,1208000000.0,0.48,0.0,0.0,11892000000.0,,753000000.0,5009000000.0,1724000000.0,3285000000.0,5275000000.0,2438000000.0,2837000000.0,64620983756.0,-5000000.0,-87000000.0,-84000000.0,195000000.0,-33000000.0,78000000.0,-809000000.0,-352000000.0,744000000.0,-18000000.0,402000000.0,402000000.0,402000000.0,0.0,0.0,0.16,748000000.0,460000000.0,624000000.0,0.087,8.156,52.925,55.574,3519000000.0,0.0,41.125,6.875,6.875,2030000000.0,5633000000.0,2515000000.0,2515000000.0,350000000.0,,,,,0.0,398000000.0,1.0,1571330912.0,1571330912.0,,1.601,13198000000.0,624000000.0,196000000.0,665000000.0,8.399,3050000000.0
88,TXN,MRQ,1999-06-30,1999-06-30,1999-06-30,2021-07-22,130000000.0,11047000000.0,,4821000000.0,6226000000.0,,4.287,-311000000.0,334000000.0,334000000.0,1222000000.0,330000000.0,2.32,0.644,1223000000.0,263000000.0,960000000.0,1223000000.0,0.0,0.0,0.0,0.002,0.021,511000000.0,511000000.0,0.213,511000000.0,511000000.0,511000000.0,0.21,0.2,0.21,6721000000.0,,6721000000.0,56800844384.0,39.0,21.25,15000000.0,0.01,1.0,1173000000.0,0.49,0.0,0.0,9858000000.0,,689000000.0,3396000000.0,1409000000.0,1987000000.0,4326000000.0,2078000000.0,2248000000.0,56444844384.0,-566000000.0,-332000000.0,-52000000.0,-17000000.0,-34000000.0,-103000000.0,-759000000.0,-116000000.0,326000000.0,-30000000.0,330000000.0,330000000.0,330000000.0,0.0,0.0,0.138,710000000.0,463000000.0,554000000.0,0.1,8.398,57.952,60.0,3407000000.0,0.0,36.0,6.274,6.274,1749000000.0,5295000000.0,2395000000.0,2395000000.0,365000000.0,,,,,0.0,345000000.0,1.0,1567912344.0,1567912344.0,,1.528,11047000000.0,591000000.0,181000000.0,264000000.0,7.046,2743000000.0
89,TXN,MRQ,1999-03-31,1999-03-31,1999-03-31,2021-07-22,306000000.0,11131000000.0,,4968000000.0,6163000000.0,,4.281,-206000000.0,893000000.0,893000000.0,1133000000.0,255000000.0,2.426,0.664,1249000000.0,260000000.0,989000000.0,1249000000.0,0.0,0.0,0.0,0.003,0.021,376000000.0,376000000.0,0.181,376000000.0,376000000.0,376000000.0,0.16,0.155,0.16,6690000000.0,,6690000000.0,39528985931.0,38.0,17.639,28000000.0,0.018,1.0,948000000.0,0.456,0.0,0.0,9439000000.0,,641000000.0,3617000000.0,1316000000.0,2301000000.0,4441000000.0,2048000000.0,2393000000.0,38774985931.0,277000000.0,-50000000.0,-99000000.0,-34000000.0,-33000000.0,-166000000.0,217000000.0,473000000.0,234000000.0,-8000000.0,255000000.0,255000000.0,255000000.0,0.0,0.0,0.123,642000000.0,306000000.0,535000000.0,0.131,5.796,55.711,58.797,3342000000.0,0.0,24.812,4.422,4.422,1471000000.0,5006000000.0,2081000000.0,2081000000.0,311000000.0,,,,,0.0,331000000.0,1.0,1562719836.0,1562719836.0,,1.332,11131000000.0,595000000.0,121000000.0,354000000.0,7.123,2920000000.0
90,TXN,MRQ,1998-12-31,1998-12-31,1998-12-31,2021-07-22,295000000.0,11490000000.0,,4999000000.0,6491000000.0,,4.319,-169000000.0,632000000.0,632000000.0,1324000000.0,234000000.0,2.249,0.706,1294000000.0,267000000.0,1027000000.0,1294000000.0,0.0,1201000000.0,0.0,0.003,0.021,350000000.0,1551000000.0,0.644,1551000000.0,350000000.0,350000000.0,0.13,0.125,0.13,6736000000.0,,6736000000.0,33588363093.0,49.0,17.847,390000000.0,0.25,1.0,1084000000.0,0.45,171000000.0,0.0,9758000000.0,,618000000.0,4273000000.0,1709000000.0,2564000000.0,4754000000.0,2223000000.0,2531000000.0,33360363093.0,-497000000.0,-150000000.0,-34000000.0,-8000000.0,-33000000.0,-75000000.0,-972000000.0,-653000000.0,559000000.0,-9000000.0,234000000.0,234000000.0,234000000.0,0.0,0.0,0.097,756000000.0,328000000.0,1606000000.0,0.162,4.953,73.806,79.222,3451000000.0,0.0,21.39,3.759,3.759,1373000000.0,4927000000.0,2408000000.0,2408000000.0,340000000.0,,,,,0.0,416000000.0,1.0,1559624268.0,1559624268.0,,1.544,11319000000.0,611000000.0,116000000.0,581000000.0,7.258,2776000000.0
91,TXN,MRQ,1998-09-30,1998-09-30,1998-09-30,2021-07-22,0.0,10518000000.0,,4724000000.0,5794000000.0,,3.863,-200000000.0,1080000000.0,1080000000.0,1322000000.0,155000000.0,2.143,0.745,1308000000.0,268000000.0,1040000000.0,1308000000.0,0.0,0.0,0.0,0.005,0.021,235000000.0,235000000.0,0.111,235000000.0,235000000.0,235000000.0,0.1,0.095,0.1,6028000000.0,,6028000000.0,20713876167.0,98.0,15.539,363000000.0,0.233,1.0,791000000.0,0.374,0.0,0.0,8542000000.0,,570000000.0,2853000000.0,1062000000.0,1791000000.0,4490000000.0,2204000000.0,2286000000.0,20676876167.0,-193000000.0,-550000000.0,-34000000.0,-17000000.0,-34000000.0,-85000000.0,-683000000.0,67000000.0,563000000.0,12000000.0,155000000.0,155000000.0,155000000.0,0.0,0.0,0.073,602000000.0,189000000.0,456000000.0,0.21,3.43,-689.229,-331.25,3506000000.0,0.0,13.25,2.268,2.268,1406000000.0,4640000000.0,2113000000.0,2113000000.0,291000000.0,,,,,0.0,311000000.0,1.0,1560518956.0,1560518956.0,,1.354,10518000000.0,648000000.0,80000000.0,0.0,6.74,2520000000.0
92,TXN,MRQ,1998-06-30,1998-06-30,1998-06-30,2021-07-22,0.0,10250000000.0,,5300000000.0,4950000000.0,,3.815,-314000000.0,1273000000.0,1273000000.0,1442000000.0,52000000.0,2.718,0.72,1310000000.0,80000000.0,1230000000.0,1310000000.0,0.0,0.0,0.0,0.004,0.021,79000000.0,79000000.0,0.036,79000000.0,79000000.0,79000000.0,0.033,0.033,0.033,5959000000.0,,5959000000.0,23253729530.0,13.0,7.912,-5000000.0,-0.003,1.0,725000000.0,0.335,0.0,0.0,8337000000.0,,706000000.0,1131000000.0,1131000000.0,0.0,4291000000.0,1950000000.0,2341000000.0,22770729530.0,443000000.0,120000000.0,-43000000.0,-7000000.0,-33000000.0,-80000000.0,208000000.0,402000000.0,309000000.0,6000000.0,52000000.0,52000000.0,52000000.0,0.0,0.0,0.024,763000000.0,-38000000.0,568000000.0,0.636,3.821,14.912,15.675,4267000000.0,0.0,14.578,2.396,2.396,1581000000.0,4508000000.0,2167000000.0,2167000000.0,306000000.0,,,,,0.0,457000000.0,1.0,1562046272.0,1562046272.0,,1.387,10250000000.0,650000000.0,27000000.0,0.0,6.562,3350000000.0
93,TXN,MRQ,1998-03-31,1998-03-31,1998-03-31,2021-07-22,0.0,10370000000.0,,5450000000.0,4920000000.0,,3.836,-384000000.0,830000000.0,830000000.0,1517000000.0,11000000.0,2.746,0.735,1313000000.0,67000000.0,1246000000.0,1313000000.0,0.0,0.0,0.0,0.005,0.0,17000000.0,17000000.0,0.008,17000000.0,17000000.0,17000000.0,0.007,0.007,0.007,5977000000.0,,5977000000.0,21425556620.0,10.0,6.635,-429000000.0,-0.275,1.0,670000000.0,0.306,0.0,0.0,8868000000.0,,776000000.0,1536000000.0,1536000000.0,0.0,4393000000.0,1985000000.0,2408000000.0,21083556620.0,-185000000.0,-152000000.0,9000000.0,-35000000.0,-33000000.0,-62000000.0,-74000000.0,462000000.0,-45000000.0,-4000000.0,11000000.0,11000000.0,11000000.0,0.0,0.0,0.005,692000000.0,-22000000.0,670000000.0,0.0,3.527,12.229,12.767,4283000000.0,0.0,13.533,2.131,2.131,1666000000.0,4499000000.0,2187000000.0,2187000000.0,328000000.0,,,,,0.0,364000000.0,1.0,1557994208.0,1557994208.0,,1.404,10370000000.0,710000000.0,6000000.0,0.0,6.656,3465000000.0
94,TXN,MRQ,1997-12-31,1997-12-31,1997-12-31,2021-07-22,-53000000.0,10849000000.0,,6103000000.0,4746000000.0,,3.796,-371000000.0,1015000000.0,1015000000.0,1592000000.0,-248000000.0,2.445,0.834,1357000000.0,71000000.0,1286000000.0,1357000000.0,0.0,1122000000.0,0.0,0.008,0.021,-120000000.0,1002000000.0,0.378,1002000000.0,-120000000.0,-120000000.0,-0.18,,-0.18,5914000000.0,,5914000000.0,,,,131000000.0,0.084,1.0,1058000000.0,0.399,0.0,0.0,8695000000.0,,742000000.0,2074000000.0,2005000000.0,69000000.0,4935000000.0,2496000000.0,2439000000.0,17527434840.0,-1699000000.0,-1002000000.0,-37000000.0,-288000000.0,-34000000.0,-361000000.0,-1839000000.0,-466000000.0,502000000.0,-1000000.0,-248000000.0,-248000000.0,-248000000.0,0.0,0.0,-0.094,1207000000.0,-149000000.0,2082000000.0,-0.117,2.964,9.515,9.912,4180000000.0,0.0,11.25,1.758,1.758,1705000000.0,4488000000.0,2650000000.0,2650000000.0,761000000.0,,,,,0.0,446000000.0,1.0,1557994208.0,1557994208.0,,1.701,10849000000.0,711000000.0,128000000.0,442000000.0,6.963,3607000000.0
95,TXN,MRQ,1997-09-30,1997-09-30,1997-09-30,2021-07-22,,,,,,,,-352000000.0,,,1518000000.0,1712000000.0,,,,,,,,0.0,,0.005,0.021,1841000000.0,1841000000.0,0.736,1841000000.0,1841000000.0,1841000000.0,1.07,0.15,1.07,,,,,,,195000000.0,,1.0,982000000.0,0.393,,0.0,,,,,,,,,,,2070000000.0,2836000000.0,34000000.0,19000000.0,-32000000.0,21000000.0,1511000000.0,-973000000.0,547000000.0,-9000000.0,1712000000.0,1712000000.0,1712000000.0,0.0,0.0,0.685,624000000.0,358000000.0,,0.02,,,,,0.0,16.75,,,,,2500000000.0,2500000000.0,275000000.0,,,,,0.0,349000000.0,1.0,,,,,,,129000000.0,,,
96,TXN,MRQ,1997-06-30,1997-06-30,1997-06-30,2021-07-22,,,,,,,,-337000000.0,,,1597000000.0,249000000.0,,,,,,,,0.0,,0.01,0.021,369000000.0,369000000.0,0.144,369000000.0,369000000.0,369000000.0,0.163,0.158,0.163,,,,,,,207000000.0,,1.0,962000000.0,0.376,,0.0,,,,,,,,,,,-332000000.0,177000000.0,27000000.0,-273000000.0,-33000000.0,-299000000.0,-628000000.0,-468000000.0,544000000.0,-3000000.0,249000000.0,249000000.0,249000000.0,-25000000.0,0.0,0.097,675000000.0,287000000.0,,0.129,,,,,0.0,10.516,,,,,2559000000.0,2559000000.0,280000000.0,,,,,0.0,395000000.0,1.0,,,,,,,120000000.0,,,
97,TXN,MRQ,1997-03-31,1997-03-31,1997-03-31,2021-07-22,,,,,,,,-225000000.0,,,1472000000.0,129000000.0,,,,,,,,0.0,,0.011,0.021,184000000.0,184000000.0,0.081,184000000.0,184000000.0,184000000.0,0.085,0.083,0.085,,,,,,,53000000.0,,1.0,791000000.0,0.35,,0.0,,,,,,,,,,,25000000.0,0.0,41000000.0,0.0,-32000000.0,29000000.0,-274000000.0,-49000000.0,278000000.0,-11000000.0,129000000.0,129000000.0,129000000.0,-27000000.0,0.0,0.057,620000000.0,171000000.0,,0.247,,,,,0.0,9.36,,,,,2263000000.0,2263000000.0,239000000.0,,,,,0.0,381000000.0,1.0,,,,,,,55000000.0,,,
98,TXN,MRQ,1996-12-31,1996-12-31,1996-12-31,2021-07-22,0.0,9360000000.0,,4454000000.0,4906000000.0,,,,964000000.0,964000000.0,,,1.792,1.285,2011000000.0,314000000.0,1697000000.0,2011000000.0,0.0,,0.0,0.011,0.021,,,,,,,,,,4097000000.0,,4097000000.0,,,,,,1.0,,,0.0,,7921000000.0,,703000000.0,14000000.0,14000000.0,0.0,5263000000.0,2486000000.0,2777000000.0,,,,,,,,,,,,,,,,,,,,1940000000.0,,,,185.32,4162000000.0,,7.969,,,1799000000.0,2814000000.0,,,,,,,,,,1.0,,,,,9360000000.0,587000000.0,,163000000.0,,1968000000.0
0,TXN,MRT,2021-06-30,2021-06-30,2021-06-30,2021-07-22,-323000000.0,20603000000.0,19450000000.0,11177000000.0,9426000000.0,0.862,12.083,-1052000000.0,3649000000.0,3649000000.0,5789000000.0,6725000000.0,5.078,0.847,6251000000.0,499000000.0,5752000000.0,6251000000.0,0.0,981000000.0,0.0,0.021,3.96,7882000000.0,8863000000.0,0.529,8863000000.0,7882000000.0,7695000000.0,7.27,7.17,7.27,11153000000.0,9707750000.0,11153000000.0,181401573473.0,23.0,20.467,6487000000.0,7.028,1.0,10973000000.0,0.655,4518000000.0,187000000.0,16486000000.0,16245500000.0,1856000000.0,3741000000.0,3741000000.0,0.0,9450000000.0,2201000000.0,7249000000.0,177593573473.0,-645000000.0,0.0,211000000.0,-550000000.0,-3644000000.0,-4017000000.0,-4167000000.0,-3073000000.0,7539000000.0,0.0,6725000000.0,6725000000.0,6725000000.0,0.0,0.0,0.401,3399000000.0,7574000000.0,587000000.0,0.545,15.923,26.408,26.451,3678000000.0,0.0,192.3,10.595,10.589,1591000000.0,43846000000.0,16762000000.0,16762000000.0,1551000000.0,0.346,0.693,0.485,0.47,222000000.0,1655000000.0,1.0,923523523.0,923000000.0,937000000.0,18.16,16085000000.0,326000000.0,970000000.0,194000000.0,17.427,8976000000.0
1,TXN,MRT,2021-03-31,2021-03-31,2021-03-31,2021-07-22,-347000000.0,19639000000.0,18660500000.0,10405000000.0,9234000000.0,0.826,11.026,-796000000.0,2442000000.0,2442000000.0,5443000000.0,6174000000.0,6.121,0.932,6250000000.0,0.0,6250000000.0,6250000000.0,0.0,983000000.0,0.0,0.02,3.84,6923000000.0,7906000000.0,0.513,7906000000.0,6923000000.0,6732000000.0,6.69,6.6,6.69,10166000000.0,8830500000.0,10166000000.0,177607004707.0,26.0,22.465,6342000000.0,6.879,1.0,9978000000.0,0.647,4580000000.0,191000000.0,17167000000.0,15384250000.0,1890000000.0,4244000000.0,4244000000.0,0.0,9473000000.0,1700000000.0,7773000000.0,173916004707.0,-76000000.0,0.0,-492000000.0,-301000000.0,-3525000000.0,-4357000000.0,-2857000000.0,-2015000000.0,7138000000.0,0.0,6174000000.0,6174000000.0,6174000000.0,0.0,0.0,0.4,3389000000.0,6589000000.0,567000000.0,0.574,17.108,28.169,28.25,3431000000.0,0.0,188.99,11.278,11.299,1584000000.0,42860000000.0,15421000000.0,15421000000.0,1539000000.0,0.331,0.699,0.45,0.449,222000000.0,1631000000.0,1.0,920239191.0,922000000.0,935000000.0,16.726,15059000000.0,331000000.0,558000000.0,366000000.0,16.333,8705000000.0
2,TXN,MRT,2020-12-31,2020-12-31,2020-12-31,2021-07-22,-360000000.0,19351000000.0,18071500000.0,10239000000.0,9112000000.0,0.8,9.975,-649000000.0,3107000000.0,3107000000.0,5192000000.0,5595000000.0,4.284,1.106,6798000000.0,550000000.0,6248000000.0,6798000000.0,0.0,992000000.0,0.0,0.023,3.72,6207000000.0,7199000000.0,0.498,7199000000.0,6207000000.0,6017000000.0,6.05,5.97,6.05,9187000000.0,8222500000.0,9187000000.0,154636841797.0,25.0,21.48,5490000000.0,5.961,1.0,9269000000.0,0.641,4636000000.0,190000000.0,16016000000.0,14628500000.0,1955000000.0,3461000000.0,3461000000.0,0.0,10164000000.0,2390000000.0,7774000000.0,150661841797.0,670000000.0,0.0,-2083000000.0,998000000.0,-3426000000.0,-4547000000.0,-922000000.0,-241000000.0,6139000000.0,0.0,5595000000.0,5595000000.0,5595000000.0,0.0,0.0,0.387,3375000000.0,5894000000.0,415000000.0,0.615,16.399,26.928,27.129,3269000000.0,0.0,164.13,10.418,10.453,1414000000.0,42051000000.0,14461000000.0,14461000000.0,1530000000.0,0.31,0.68,0.424,0.429,224000000.0,1623000000.0,1.0,917942130.0,921000000.0,933000000.0,15.701,14715000000.0,343000000.0,422000000.0,224000000.0,15.977,7849000000.0
3,TXN,MRT,2020-09-30,2020-09-30,2020-09-30,2021-07-22,-335000000.0,18207000000.0,17738250000.0,9259000000.0,8948000000.0,0.774,9.079,-600000000.0,2822000000.0,2822000000.0,5015000000.0,4977000000.0,4.238,1.187,6797000000.0,550000000.0,6247000000.0,6797000000.0,0.0,999000000.0,0.0,0.025,3.6,5534000000.0,6533000000.0,0.476,6533000000.0,5534000000.0,5347000000.0,5.36,5.29,5.36,8325000000.0,8152500000.0,8325000000.0,133289612203.0,24.0,20.403,5168000000.0,5.636,1.0,8720000000.0,0.635,4684000000.0,187000000.0,15313000000.0,14247000000.0,2072000000.0,2743000000.0,2696000000.0,47000000.0,9882000000.0,2185000000.0,7697000000.0,130787612203.0,-1071000000.0,0.0,-2623000000.0,998000000.0,-3330000000.0,-4992000000.0,-1847000000.0,-1242000000.0,5768000000.0,0.0,4977000000.0,4977000000.0,4977000000.0,0.0,0.0,0.362,3390000000.0,5330000000.0,411000000.0,0.672,15.71,26.278,26.64,3190000000.0,0.0,142.79,9.522,9.533,1392000000.0,41305000000.0,13735000000.0,13735000000.0,1528000000.0,0.281,0.61,0.388,0.403,223000000.0,1637000000.0,1.0,915943779.0,917000000.0,929000000.0,14.978,13523000000.0,299000000.0,370000000.0,113000000.0,14.747,7074000000.0
4,TXN,MRT,2020-06-30,2020-06-30,2020-06-30,2021-07-22,-334000000.0,17445000000.0,17684500000.0,8488000000.0,8957000000.0,0.774,8.345,-603000000.0,4294000000.0,4294000000.0,4976000000.0,5049000000.0,3.924,1.282,6796000000.0,551000000.0,6245000000.0,6796000000.0,0.0,1024000000.0,0.0,0.027,3.47,5521000000.0,6545000000.0,0.478,6545000000.0,5521000000.0,5340000000.0,5.4,5.33,5.4,7644000000.0,8317500000.0,7644000000.0,120561592228.0,22.0,18.42,5714000000.0,6.238,1.0,8713000000.0,0.636,4743000000.0,181000000.0,13041000000.0,13684750000.0,2136000000.0,702000000.0,666000000.0,36000000.0,9801000000.0,2163000000.0,7638000000.0,116529592228.0,481000000.0,0.0,-2993000000.0,996000000.0,-3226000000.0,-5264000000.0,-572000000.0,22000000.0,6317000000.0,0.0,5049000000.0,5049000000.0,5049000000.0,0.0,0.0,0.369,3403000000.0,5310000000.0,409000000.0,0.643,15.245,23.08,23.513,3201000000.0,0.0,126.97,8.513,8.496,1176000000.0,40780000000.0,13689000000.0,13689000000.0,1521000000.0,0.286,0.607,0.403,0.403,221000000.0,1629000000.0,1.0,917772641.0,916000000.0,927000000.0,14.944,12702000000.0,236000000.0,291000000.0,239000000.0,13.867,6325000000.0
5,TXN,MRT,2020-03-31,2020-03-31,2020-03-31,2021-07-22,-328000000.0,17283000000.0,17669250000.0,8310000000.0,8973000000.0,0.799,8.307,-757000000.0,2518000000.0,2518000000.0,5127000000.0,4974000000.0,3.49,1.235,6550000000.0,1051000000.0,5499000000.0,6550000000.0,0.0,1042000000.0,0.0,0.033,3.34,5752000000.0,6794000000.0,0.481,6794000000.0,5752000000.0,5575000000.0,5.28,5.21,5.28,7734000000.0,8528000000.0,7734000000.0,96698183607.0,17.0,14.233,5636000000.0,6.054,1.0,8991000000.0,0.637,4790000000.0,177000000.0,14144000000.0,13377750000.0,2003000000.0,2258000000.0,2224000000.0,34000000.0,9549000000.0,2381000000.0,7168000000.0,93332183607.0,-1202000000.0,0.0,-2915000000.0,747000000.0,-3125000000.0,-5328000000.0,-2267000000.0,-1578000000.0,6393000000.0,0.0,4974000000.0,4974000000.0,4974000000.0,0.0,0.0,0.352,3403000000.0,5588000000.0,363000000.0,0.633,12.068,18.764,18.926,3233000000.0,0.0,99.93,6.611,6.59,1316000000.0,40227000000.0,14118000000.0,14118000000.0,1532000000.0,0.282,0.583,0.43,0.407,219000000.0,1648000000.0,1.0,933975619.0,931000000.0,943000000.0,15.164,12493000000.0,208000000.0,601000000.0,126000000.0,13.419,5929000000.0
6,TXN,MRT,2019-12-31,2019-12-31,2019-12-31,2021-07-22,-347000000.0,18018000000.0,17709250000.0,8761000000.0,9257000000.0,0.812,9.516,-847000000.0,2437000000.0,2437000000.0,5219000000.0,5017000000.0,4.127,1.023,5803000000.0,500000000.0,5303000000.0,5803000000.0,0.0,1050000000.0,0.0,0.025,3.21,5898000000.0,6948000000.0,0.483,6948000000.0,5898000000.0,5728000000.0,5.33,5.24,5.33,8907000000.0,8724250000.0,8907000000.0,121830341326.0,21.0,17.535,5802000000.0,6.199,1.0,9164000000.0,0.637,4771000000.0,170000000.0,14490000000.0,12932250000.0,2001000000.0,3250000000.0,2950000000.0,300000000.0,9111000000.0,2123000000.0,6988000000.0,119922341326.0,-1000000.0,0.0,-2421000000.0,741000000.0,-3008000000.0,-4730000000.0,-1920000000.0,-1135000000.0,6649000000.0,0.0,5017000000.0,5017000000.0,5017000000.0,0.0,0.0,0.349,3441000000.0,5723000000.0,388000000.0,0.602,13.464,23.903,24.069,3303000000.0,0.0,128.29,8.338,8.349,1074000000.0,39898000000.0,14383000000.0,14383000000.0,1544000000.0,0.283,0.575,0.456,0.41,217000000.0,1645000000.0,1.0,934775441.0,936000000.0,952000000.0,15.366,13247000000.0,197000000.0,711000000.0,124000000.0,14.153,6638000000.0
7,TXN,MRT,2019-09-30,2019-09-30,2019-09-30,2021-07-22,-443000000.0,17992000000.0,17489000000.0,8713000000.0,9279000000.0,0.843,9.61,-1007000000.0,3893000000.0,3893000000.0,5276000000.0,5186000000.0,4.341,1.002,5801000000.0,499000000.0,5302000000.0,5801000000.0,0.0,1049000000.0,0.0,0.024,3.08,6135000000.0,7184000000.0,0.487,7184000000.0,6135000000.0,5974000000.0,5.48,5.38,5.48,8985000000.0,8746000000.0,8985000000.0,122655040658.0,20.0,17.073,6033000000.0,6.452,1.0,9474000000.0,0.642,4829000000.0,161000000.0,13064000000.0,12363250000.0,2040000000.0,1472000000.0,1174000000.0,298000000.0,9007000000.0,2007000000.0,7000000000.0,120661040658.0,2391000000.0,0.0,-3951000000.0,741000000.0,-2903000000.0,-6155000000.0,1506000000.0,2460000000.0,7040000000.0,0.0,5186000000.0,5186000000.0,5186000000.0,0.0,0.0,0.352,3484000000.0,5990000000.0,397000000.0,0.562,13.429,23.267,23.584,3318000000.0,0.0,129.24,8.18,8.193,1342000000.0,39674000000.0,14750000000.0,14750000000.0,1558000000.0,0.297,0.593,0.496,0.416,218000000.0,1647000000.0,1.0,933619937.0,935000000.0,950000000.0,15.775,13163000000.0,257000000.0,788000000.0,107000000.0,14.078,6706000000.0
8,TXN,MRT,2019-06-30,2019-06-30,2019-06-30,2021-07-22,-457000000.0,17384000000.0,17634250000.0,7956000000.0,9428000000.0,0.864,9.057,-1228000000.0,3813000000.0,3813000000.0,5408000000.0,5331000000.0,3.007,1.049,5807000000.0,1249000000.0,4558000000.0,5807000000.0,0.0,1017000000.0,0.0,0.026,2.93,6472000000.0,7489000000.0,0.491,7489000000.0,6472000000.0,6318000000.0,5.58,5.47,5.58,8486000000.0,9128750000.0,8486000000.0,109755540184.0,17.0,14.656,5926000000.0,6.324,1.0,9832000000.0,0.645,4919000000.0,154000000.0,11813000000.0,12745500000.0,2079000000.0,705000000.0,405000000.0,300000000.0,8898000000.0,2646000000.0,6252000000.0,107668540184.0,894000000.0,0.0,-4834000000.0,743000000.0,-2784000000.0,-6912000000.0,652000000.0,1842000000.0,7154000000.0,0.0,5331000000.0,5331000000.0,5331000000.0,0.0,0.0,0.35,3494000000.0,6338000000.0,412000000.0,0.525,12.688,20.197,20.566,3365000000.0,0.0,114.76,7.065,7.056,1419000000.0,38974000000.0,15240000000.0,15240000000.0,1569000000.0,0.302,0.584,0.508,0.425,216000000.0,1644000000.0,1.0,938206171.0,937000000.0,953000000.0,16.265,12465000000.0,261000000.0,987000000.0,136000000.0,13.303,5310000000.0
9,TXN,MRT,2019-03-31,2019-03-31,2019-03-31,2021-07-22,-465000000.0,17443000000.0,17920000000.0,7951000000.0,9492000000.0,0.87,9.072,-1193000000.0,3720000000.0,3720000000.0,5498000000.0,5431000000.0,3.683,1.048,5807000000.0,750000000.0,5057000000.0,5807000000.0,0.0,983000000.0,0.0,0.026,2.78,6650000000.0,7633000000.0,0.49,7633000000.0,6650000000.0,6510000000.0,5.63,5.51,5.63,8519000000.0,9665750000.0,8519000000.0,102175061840.0,15.0,13.386,5991000000.0,6.38,1.0,10091000000.0,0.647,5009000000.0,140000000.0,12362000000.0,13281750000.0,2131000000.0,647000000.0,366000000.0,281000000.0,8924000000.0,2159000000.0,6765000000.0,99545061840.0,2003000000.0,0.0,-5033000000.0,1743000000.0,-2668000000.0,-6010000000.0,829000000.0,2043000000.0,7184000000.0,0.0,5431000000.0,5431000000.0,5431000000.0,0.0,0.0,0.348,3547000000.0,6544000000.0,477000000.0,0.494,11.685,18.329,18.84,3318000000.0,0.0,106.07,6.386,6.389,1440000000.0,38396000000.0,15589000000.0,15589000000.0,1563000000.0,0.303,0.562,0.501,0.427,223000000.0,1665000000.0,1.0,938484603.0,939000000.0,956000000.0,16.602,12434000000.0,290000000.0,1079000000.0,156000000.0,13.242,5792000000.0
10,TXN,MRT,2018-12-31,2018-12-31,2018-12-31,2021-07-22,-473000000.0,17137000000.0,17936000000.0,8097000000.0,9040000000.0,0.88,9.272,-1131000000.0,2438000000.0,2438000000.0,5507000000.0,5580000000.0,3.273,0.905,5068000000.0,749000000.0,4319000000.0,5068000000.0,0.0,954000000.0,0.0,0.028,2.63,6811000000.0,7765000000.0,0.492,7765000000.0,6811000000.0,6686000000.0,5.71,5.59,5.71,8994000000.0,10196500000.0,8994000000.0,94336335991.0,14.0,12.149,6058000000.0,6.245,1.0,10277000000.0,0.651,5079000000.0,125000000.0,12214000000.0,13360750000.0,2217000000.0,2046000000.0,1795000000.0,251000000.0,8143000000.0,2474000000.0,5669000000.0,90771335991.0,782000000.0,0.0,-4727000000.0,1000000000.0,-2555000000.0,-6329000000.0,-78000000.0,1067000000.0,7189000000.0,0.0,5580000000.0,5580000000.0,5580000000.0,0.0,0.0,0.354,3564000000.0,6713000000.0,478000000.0,0.461,10.092,16.267,16.55,3183000000.0,0.0,94.5,5.751,5.807,1207000000.0,37906000000.0,15784000000.0,15784000000.0,1559000000.0,0.311,0.547,0.51,0.432,232000000.0,1684000000.0,1.0,960543238.0,970000000.0,990000000.0,16.272,12058000000.0,295000000.0,1106000000.0,145000000.0,12.431,5623000000.0
11,TXN,MRT,2018-09-30,2018-09-30,2018-09-30,2021-07-22,-354000000.0,18573000000.0,18062250000.0,9468000000.0,9105000000.0,0.876,10.852,-1039000000.0,1502000000.0,1502000000.0,5507000000.0,4685000000.0,3.975,0.766,5067000000.0,749000000.0,4318000000.0,5067000000.0,0.0,929000000.0,0.0,0.023,2.48,6843000000.0,7772000000.0,0.491,7772000000.0,6843000000.0,6733000000.0,4.77,4.68,4.77,10516000000.0,10532250000.0,10516000000.0,106453809275.0,16.0,13.697,5934000000.0,6.124,1.0,10310000000.0,0.652,5163000000.0,110000000.0,14593000000.0,13404000000.0,2116000000.0,3889000000.0,3611000000.0,278000000.0,8057000000.0,2382000000.0,5675000000.0,104306809275.0,206000000.0,0.0,-3300000000.0,1494000000.0,-2430000000.0,-4286000000.0,-2481000000.0,-1423000000.0,6973000000.0,0.0,4685000000.0,4685000000.0,4685000000.0,0.0,0.0,0.296,3550000000.0,6760000000.0,492000000.0,0.52,9.919,22.264,22.493,3051000000.0,0.0,107.29,6.595,6.573,1585000000.0,37378000000.0,15817000000.0,15817000000.0,1545000000.0,0.259,0.445,0.511,0.433,235000000.0,1679000000.0,1.0,972195072.0,969000000.0,989000000.0,16.323,13410000000.0,243000000.0,2048000000.0,147000000.0,13.839,7086000000.0
12,TXN,MRT,2018-06-30,2018-06-30,2018-06-30,2021-07-22,-371000000.0,18527000000.0,17651250000.0,9592000000.0,8935000000.0,0.888,10.884,-855000000.0,2919000000.0,2919000000.0,5510000000.0,4400000000.0,6.543,0.742,5066000000.0,0.0,5066000000.0,5066000000.0,0.0,911000000.0,0.0,0.021,2.36,6691000000.0,7602000000.0,0.485,7602000000.0,6691000000.0,6598000000.0,4.45,4.36,4.45,10634000000.0,10650250000.0,10634000000.0,110286726148.0,16.0,14.508,5734000000.0,5.869,1.0,10162000000.0,0.648,5250000000.0,93000000.0,13958000000.0,12671500000.0,2090000000.0,2482000000.0,2211000000.0,271000000.0,7893000000.0,1466000000.0,6427000000.0,107925726148.0,1779000000.0,0.0,-2729000000.0,1494000000.0,-2323000000.0,-3609000000.0,-1201000000.0,-337000000.0,6589000000.0,0.0,4400000000.0,4400000000.0,4400000000.0,0.0,0.0,0.281,3551000000.0,6611000000.0,492000000.0,0.53,10.149,24.529,24.775,2855000000.0,0.0,110.25,6.887,6.873,1551000000.0,36413000000.0,15672000000.0,15672000000.0,1530000000.0,0.249,0.413,0.528,0.427,243000000.0,1695000000.0,1.0,978918151.0,977000000.0,997000000.0,16.041,13277000000.0,205000000.0,2198000000.0,170000000.0,13.59,8126000000.0
13,TXN,MRT,2018-03-31,2018-03-31,2018-03-31,2021-07-22,-392000000.0,17507000000.0,17129000000.0,8590000000.0,8917000000.0,0.896,10.826,-757000000.0,1717000000.0,1717000000.0,5431000000.0,4051000000.0,4.618,0.645,4078000000.0,500000000.0,3578000000.0,4078000000.0,0.0,903000000.0,0.0,0.022,2.24,6461000000.0,7364000000.0,0.48,7364000000.0,6461000000.0,6378000000.0,4.07,3.99,4.07,10642000000.0,10668750000.0,10642000000.0,104626683583.0,16.0,14.208,4923000000.0,5.008,1.0,9917000000.0,0.646,5330000000.0,83000000.0,12678000000.0,12037750000.0,2032000000.0,2633000000.0,2362000000.0,271000000.0,6865000000.0,1860000000.0,5005000000.0,102205683583.0,644000000.0,0.0,-2379000000.0,724000000.0,-2215000000.0,-3908000000.0,-1128000000.0,-364000000.0,5680000000.0,0.0,4051000000.0,4051000000.0,4051000000.0,0.0,0.0,0.264,3538000000.0,6379000000.0,488000000.0,0.55,9.604,25.23,25.526,2736000000.0,0.0,103.89,6.659,6.654,1454000000.0,35619000000.0,15348000000.0,15348000000.0,1524000000.0,0.236,0.38,0.537,0.421,244000000.0,1688000000.0,1.0,983787502.0,983000000.0,1005000000.0,15.613,12177000000.0,218000000.0,2327000000.0,186000000.0,12.388,6730000000.0
14,TXN,MRT,2017-12-31,2017-12-31,2017-12-31,2021-07-22,-384000000.0,17642000000.0,16746750000.0,8734000000.0,8908000000.0,0.893,10.431,-695000000.0,1656000000.0,1656000000.0,5347000000.0,3682000000.0,3.868,0.707,4077000000.0,500000000.0,3577000000.0,4077000000.0,0.0,904000000.0,0.0,0.02,2.12,6158000000.0,7062000000.0,0.472,7062000000.0,6158000000.0,6080000000.0,3.68,3.61,3.68,10337000000.0,10668000000.0,10337000000.0,105218948124.0,17.0,14.899,4668000000.0,4.71,1.0,9614000000.0,0.643,5418000000.0,78000000.0,12387000000.0,11618000000.0,1957000000.0,3081000000.0,2813000000.0,268000000.0,7305000000.0,2258000000.0,5047000000.0,102931948124.0,502000000.0,0.0,-2073000000.0,474000000.0,-2104000000.0,-3734000000.0,-1127000000.0,-460000000.0,5363000000.0,0.0,3682000000.0,3682000000.0,3682000000.0,0.0,0.0,0.246,3531000000.0,6083000000.0,466000000.0,0.576,9.958,27.955,28.38,2664000000.0,0.0,104.44,6.88,6.918,1278000000.0,34662000000.0,14961000000.0,14961000000.0,1508000000.0,0.22,0.345,0.53,0.412,242000000.0,1694000000.0,1.0,985560591.0,991000000.0,1012000000.0,15.097,12224000000.0,264000000.0,2398000000.0,206000000.0,12.335,6476000000.0
15,TXN,MRT,2017-09-30,2017-09-30,2017-09-30,2021-07-22,-505000000.0,16929000000.0,16444000000.0,7991000000.0,8938000000.0,0.889,11.121,-574000000.0,1296000000.0,1296000000.0,5314000000.0,4385000000.0,3.889,0.541,3583000000.0,499000000.0,3084000000.0,3583000000.0,0.0,907000000.0,0.0,0.022,2.0,6103000000.0,7010000000.0,0.479,7010000000.0,6103000000.0,6027000000.0,4.36,4.28,4.36,10988000000.0,10702000000.0,10988000000.0,91190062704.0,15.0,13.009,4247000000.0,4.299,1.0,9311000000.0,0.637,5498000000.0,76000000.0,11663000000.0,11257250000.0,1908000000.0,2406000000.0,2148000000.0,258000000.0,5941000000.0,2055000000.0,3886000000.0,88747062704.0,-73000000.0,0.0,-1947000000.0,-20000000.0,-1992000000.0,-3980000000.0,-914000000.0,-367000000.0,4821000000.0,0.0,4385000000.0,4385000000.0,4385000000.0,0.0,0.0,0.3,3459000000.0,5852000000.0,430000000.0,0.459,8.077,20.239,20.56,2567000000.0,0.0,89.64,6.068,6.056,1576000000.0,34935000000.0,14625000000.0,14625000000.0,1462000000.0,0.267,0.41,0.542,0.417,245000000.0,1690000000.0,1.0,990038629.0,988000000.0,1008000000.0,14.803,11431000000.0,414000000.0,1642000000.0,112000000.0,11.57,5936000000.0
16,TXN,MRT,2017-06-30,2017-06-30,2017-06-30,2021-07-22,-520000000.0,16438000000.0,16265750000.0,7511000000.0,8927000000.0,0.872,10.773,-527000000.0,1140000000.0,1140000000.0,5245000000.0,4118000000.0,4.002,0.535,3583000000.0,499000000.0,3084000000.0,3583000000.0,0.0,919000000.0,0.0,0.024,1.88,5694000000.0,6613000000.0,0.466,6613000000.0,5694000000.0,5619000000.0,4.07,4.0,4.07,10708000000.0,10526500000.0,10708000000.0,78932191011.0,14.0,11.936,4037000000.0,4.061,1.0,8939000000.0,0.63,5581000000.0,75000000.0,11423000000.0,10974500000.0,1947000000.0,2094000000.0,1844000000.0,250000000.0,5730000000.0,1877000000.0,3853000000.0,76647191011.0,-95000000.0,0.0,-1719000000.0,-20000000.0,-1879000000.0,-3630000000.0,-1029000000.0,-532000000.0,4564000000.0,0.0,4118000000.0,4118000000.0,4118000000.0,0.0,0.0,0.29,3467000000.0,5472000000.0,450000000.0,0.462,7.158,18.613,18.902,2514000000.0,0.0,76.93,5.404,5.391,1469000000.0,34149000000.0,14184000000.0,14184000000.0,1440000000.0,0.253,0.391,0.519,0.401,247000000.0,1720000000.0,1.0,996323814.0,994000000.0,1015000000.0,14.27,10857000000.0,412000000.0,1501000000.0,119000000.0,10.923,5634000000.0
17,TXN,MRT,2017-03-31,2017-03-31,2017-03-31,2021-07-22,-527000000.0,15978000000.0,16079500000.0,7040000000.0,8938000000.0,0.856,10.66,-534000000.0,1073000000.0,1073000000.0,5192000000.0,3881000000.0,4.395,0.502,3358000000.0,378000000.0,2980000000.0,3358000000.0,0.0,936000000.0,0.0,0.022,1.76,5311000000.0,6247000000.0,0.454,6247000000.0,5311000000.0,5235000000.0,3.83,3.76,3.83,10639000000.0,10340000000.0,10639000000.0,82985976890.0,16.0,13.284,4222000000.0,4.23,1.0,8572000000.0,0.623,5662000000.0,76000000.0,10999000000.0,10679000000.0,1843000000.0,2217000000.0,1976000000.0,241000000.0,5339000000.0,1602000000.0,3737000000.0,80530976890.0,-208000000.0,0.0,-1487000000.0,-751000000.0,-1763000000.0,-4008000000.0,-956000000.0,-450000000.0,4756000000.0,0.0,3881000000.0,3881000000.0,3881000000.0,0.0,0.0,0.282,3449000000.0,5123000000.0,429000000.0,0.46,7.569,20.75,21.034,2501000000.0,0.0,80.56,5.851,5.841,1337000000.0,33595000000.0,13764000000.0,13764000000.0,1403000000.0,0.241,0.375,0.497,0.386,248000000.0,1740000000.0,1.0,999639733.0,998000000.0,1019000000.0,13.792,10316000000.0,361000000.0,1354000000.0,113000000.0,10.337,5438000000.0
18,TXN,MRT,2016-12-31,2016-12-31,2016-12-31,2021-07-22,-526000000.0,16431000000.0,16006500000.0,7457000000.0,8974000000.0,0.835,10.442,-531000000.0,1154000000.0,1154000000.0,5113000000.0,3595000000.0,3.294,0.569,3609000000.0,631000000.0,2978000000.0,3609000000.0,0.0,955000000.0,0.0,0.022,1.64,5010000000.0,5965000000.0,0.446,5965000000.0,5010000000.0,4930000000.0,3.54,3.48,3.54,10473000000.0,10125750000.0,10473000000.0,75174473572.0,15.0,12.603,4083000000.0,4.071,1.0,8257000000.0,0.618,5678000000.0,80000000.0,10944000000.0,10475500000.0,1790000000.0,2571000000.0,2336000000.0,235000000.0,5958000000.0,2264000000.0,3694000000.0,72932473572.0,154000000.0,0.0,-1660000000.0,-501000000.0,-1646000000.0,-3810000000.0,-650000000.0,-113000000.0,4614000000.0,0.0,3595000000.0,3595000000.0,3595000000.0,0.0,0.0,0.269,3402000000.0,4855000000.0,396000000.0,0.463,6.964,20.287,20.613,2512000000.0,0.0,72.97,5.455,5.474,1267000000.0,33107000000.0,13370000000.0,13370000000.0,1356000000.0,0.225,0.355,0.478,0.375,252000000.0,1742000000.0,1.0,999485728.0,1003000000.0,1021000000.0,13.33,10753000000.0,374000000.0,1335000000.0,116000000.0,10.721,5193000000.0
19,TXN,MRT,2016-09-30,2016-09-30,2016-09-30,2021-07-22,-542000000.0,16216000000.0,15956250000.0,7181000000.0,9035000000.0,0.824,10.255,-585000000.0,1369000000.0,1369000000.0,5144000000.0,3384000000.0,3.309,0.577,3611000000.0,634000000.0,2977000000.0,3611000000.0,0.0,989000000.0,0.0,0.022,1.52,4655000000.0,5644000000.0,0.429,5644000000.0,4655000000.0,4572000000.0,3.32,3.26,3.32,10286000000.0,9994000000.0,10286000000.0,72782260676.0,16.0,12.896,4201000000.0,4.188,1.0,8001000000.0,0.609,5756000000.0,83000000.0,10532000000.0,10440500000.0,1808000000.0,2001000000.0,1768000000.0,233000000.0,5930000000.0,2170000000.0,3760000000.0,70405260676.0,236000000.0,0.0,-1805000000.0,-501000000.0,-1533000000.0,-3910000000.0,-640000000.0,-163000000.0,4786000000.0,0.0,3384000000.0,3384000000.0,3384000000.0,0.0,0.0,0.257,3288000000.0,4713000000.0,428000000.0,0.458,6.845,20.805,21.139,2545000000.0,0.0,70.18,5.356,5.355,1447000000.0,32432000000.0,13145000000.0,13145000000.0,1309000000.0,0.212,0.339,0.446,0.354,262000000.0,1722000000.0,1.0,1003209756.0,1003000000.0,1023000000.0,13.106,10460000000.0,355000000.0,1188000000.0,103000000.0,10.429,5011000000.0
20,TXN,MRT,2016-06-30,2016-06-30,2016-06-30,2021-07-22,-536000000.0,15693000000.0,16037250000.0,6689000000.0,9004000000.0,0.804,9.922,-585000000.0,1235000000.0,1235000000.0,5185000000.0,3164000000.0,3.36,0.575,3612000000.0,637000000.0,2975000000.0,3612000000.0,0.0,1037000000.0,0.0,0.024,1.48,4426000000.0,5463000000.0,0.424,5463000000.0,4426000000.0,4339000000.0,3.09,3.04,3.09,9962000000.0,9915000000.0,9962000000.0,65751815974.0,15.0,12.036,4145000000.0,4.128,1.0,7714000000.0,0.598,5838000000.0,87000000.0,10241000000.0,10547750000.0,1876000000.0,1528000000.0,1304000000.0,224000000.0,5731000000.0,1991000000.0,3740000000.0,62914815974.0,51000000.0,0.0,-2214000000.0,-1251000000.0,-1499000000.0,-5031000000.0,352000000.0,821000000.0,4730000000.0,0.0,3164000000.0,3164000000.0,3164000000.0,0.0,0.0,0.245,3245000000.0,4469000000.0,416000000.0,0.479,6.315,19.885,20.275,2557000000.0,0.0,62.65,4.877,4.876,1348000000.0,31850000000.0,12899000000.0,12899000000.0,1272000000.0,0.197,0.319,0.42,0.343,272000000.0,1714000000.0,1.0,1004226911.0,1004000000.0,1020000000.0,12.848,9855000000.0,231000000.0,1175000000.0,98000000.0,9.816,4698000000.0
21,TXN,MRT,2016-03-31,2016-03-31,2016-03-31,2021-07-22,-531000000.0,15686000000.0,16497000000.0,6659000000.0,9027000000.0,0.779,9.714,-552000000.0,1281000000.0,1281000000.0,5270000000.0,3041000000.0,2.752,0.604,4118000000.0,1249000000.0,2869000000.0,4118000000.0,0.0,1086000000.0,0.0,0.025,1.44,4316000000.0,5402000000.0,0.42,5402000000.0,4316000000.0,4226000000.0,2.94,2.9,2.94,9782000000.0,9975750000.0,9782000000.0,60841898455.0,14.0,11.263,3889000000.0,3.862,1.0,7588000000.0,0.59,5918000000.0,90000000.0,10185000000.0,10955500000.0,1805000000.0,1739000000.0,1519000000.0,220000000.0,5904000000.0,2420000000.0,3484000000.0,57721898455.0,39000000.0,0.0,-2483000000.0,-502000000.0,-1471000000.0,-4515000000.0,113000000.0,545000000.0,4441000000.0,0.0,3041000000.0,3041000000.0,3041000000.0,0.0,0.0,0.237,3240000000.0,4348000000.0,387000000.0,0.49,5.901,18.981,19.531,2554000000.0,0.0,57.42,4.489,4.497,1269000000.0,31457000000.0,12858000000.0,12858000000.0,1251000000.0,0.184,0.305,0.394,0.336,280000000.0,1730000000.0,1.0,1005257723.0,1007000000.0,1022000000.0,12.769,9768000000.0,175000000.0,1185000000.0,105000000.0,9.7,4239000000.0
22,TXN,MRT,2015-12-31,2015-12-31,2015-12-31,2021-07-22,-532000000.0,16230000000.0,16912000000.0,7074000000.0,9156000000.0,0.769,9.656,-551000000.0,1000000000.0,1000000000.0,5425000000.0,2986000000.0,2.769,0.632,4120000000.0,1000000000.0,3120000000.0,4120000000.0,0.0,1133000000.0,0.0,0.026,1.4,4306000000.0,5439000000.0,0.418,5439000000.0,4306000000.0,4216000000.0,2.86,2.82,2.86,9946000000.0,10122500000.0,9946000000.0,58598925612.0,14.0,10.774,3846000000.0,3.734,1.0,7575000000.0,0.583,5991000000.0,90000000.0,10804000000.0,11459000000.0,1691000000.0,2439000000.0,2218000000.0,221000000.0,6284000000.0,2555000000.0,3729000000.0,55599925612.0,-199000000.0,0.0,-2345000000.0,-502000000.0,-1444000000.0,-4294000000.0,-302000000.0,125000000.0,4397000000.0,0.0,2986000000.0,2986000000.0,2986000000.0,0.0,0.0,0.23,3253000000.0,4322000000.0,386000000.0,0.49,5.59,18.62,19.164,2596000000.0,0.0,54.81,4.277,4.343,1165000000.0,31176000000.0,13000000000.0,13000000000.0,1267000000.0,0.177,0.295,0.376,0.331,286000000.0,1728000000.0,1.0,1014412071.0,1030000000.0,1043000000.0,12.621,10239000000.0,201000000.0,1230000000.0,132000000.0,9.941,4519000000.0
23,TXN,MRT,2015-09-30,2015-09-30,2015-09-30,2021-07-22,-513000000.0,16540000000.0,17197500000.0,7289000000.0,9251000000.0,0.761,9.746,-512000000.0,1133000000.0,1133000000.0,5491000000.0,2975000000.0,2.916,0.659,4132000000.0,1000000000.0,3132000000.0,4132000000.0,0.0,1177000000.0,0.0,0.027,1.36,4254000000.0,5431000000.0,0.415,5431000000.0,4254000000.0,4164000000.0,2.82,2.78,2.82,9970000000.0,10233500000.0,9970000000.0,54531756448.0,13.0,10.041,3760000000.0,3.675,1.0,7589000000.0,0.58,6078000000.0,90000000.0,10961000000.0,11707750000.0,1771000000.0,1818000000.0,1602000000.0,216000000.0,6570000000.0,2500000000.0,4070000000.0,50831756448.0,-173000000.0,0.0,-2402000000.0,-502000000.0,-1414000000.0,-4327000000.0,-118000000.0,280000000.0,4272000000.0,0.0,2975000000.0,2975000000.0,2975000000.0,0.0,0.0,0.227,3357000000.0,4232000000.0,367000000.0,0.482,5.098,17.086,17.562,2629000000.0,0.0,49.525,3.886,3.873,1481000000.0,30731000000.0,13080000000.0,13080000000.0,1285000000.0,0.173,0.291,0.363,0.325,288000000.0,1772000000.0,1.0,1026385794.0,1023000000.0,1035000000.0,12.786,10462000000.0,517000000.0,1189000000.0,395000000.0,10.227,4789000000.0
24,TXN,MRT,2015-06-30,2015-06-30,2015-06-30,2021-07-22,-514000000.0,17532000000.0,17537500000.0,8060000000.0,9472000000.0,0.75,9.831,-476000000.0,1184000000.0,1184000000.0,5516000000.0,3003000000.0,2.524,0.718,4884000000.0,1750000000.0,3134000000.0,4884000000.0,0.0,1200000000.0,0.0,0.026,1.32,4262000000.0,5462000000.0,0.415,5462000000.0,4262000000.0,4171000000.0,2.82,2.78,2.82,10205000000.0,10358750000.0,10205000000.0,56985117549.0,13.0,10.433,3770000000.0,3.632,1.0,7636000000.0,0.581,6167000000.0,91000000.0,11872000000.0,12007250000.0,1885000000.0,2350000000.0,2122000000.0,228000000.0,7327000000.0,3193000000.0,4134000000.0,53589117549.0,-32000000.0,0.0,-2249000000.0,248000000.0,-1385000000.0,-3388000000.0,-890000000.0,-533000000.0,4246000000.0,0.0,3003000000.0,3003000000.0,3003000000.0,0.0,0.0,0.228,3393000000.0,4243000000.0,417000000.0,0.468,5.251,17.845,18.266,2685000000.0,0.0,51.51,4.075,4.065,1434000000.0,30286000000.0,13152000000.0,13152000000.0,1301000000.0,0.171,0.29,0.355,0.324,284000000.0,1801000000.0,1.0,1040363377.0,1038000000.0,1051000000.0,12.671,11365000000.0,516000000.0,1168000000.0,475000000.0,10.949,4867000000.0
25,TXN,MRT,2015-03-31,2015-03-31,2015-03-31,2021-07-22,-531000000.0,17346000000.0,17607000000.0,7692000000.0,9654000000.0,0.75,9.913,-431000000.0,1242000000.0,1242000000.0,5576000000.0,2990000000.0,3.365,0.673,4638000000.0,1000000000.0,3638000000.0,4638000000.0,0.0,1216000000.0,0.0,0.022,1.28,4234000000.0,5450000000.0,0.413,5450000000.0,4234000000.0,4143000000.0,2.79,2.75,2.79,10369000000.0,10424000000.0,10369000000.0,63323832483.0,15.0,11.619,3770000000.0,3.604,1.0,7636000000.0,0.578,6257000000.0,91000000.0,12199000000.0,12267750000.0,1844000000.0,2294000000.0,2062000000.0,232000000.0,6977000000.0,2286000000.0,4691000000.0,59880832483.0,-323000000.0,0.0,-2264000000.0,-1000000000.0,-1354000000.0,-4610000000.0,86000000.0,405000000.0,4201000000.0,0.0,2990000000.0,2990000000.0,2990000000.0,0.0,0.0,0.226,3421000000.0,4215000000.0,432000000.0,0.459,5.775,20.027,20.496,2758000000.0,0.0,57.185,4.532,4.527,1394000000.0,29948000000.0,13212000000.0,13212000000.0,1330000000.0,0.17,0.287,0.345,0.32,277000000.0,1803000000.0,1.0,1047142301.0,1046000000.0,1061000000.0,12.631,11089000000.0,514000000.0,1153000000.0,482000000.0,10.601,5406000000.0
26,TXN,MRT,2014-12-31,2014-12-31,2014-12-31,2021-07-22,-532000000.0,17372000000.0,18004250000.0,7421000000.0,9951000000.0,0.725,9.756,-385000000.0,1199000000.0,1199000000.0,5618000000.0,2821000000.0,2.792,0.672,4631000000.0,1001000000.0,3630000000.0,4631000000.0,0.0,1230000000.0,0.0,0.023,1.24,3968000000.0,5198000000.0,0.398,5198000000.0,3968000000.0,3874000000.0,2.61,2.57,2.61,10390000000.0,10486750000.0,10390000000.0,59814076666.0,15.0,11.507,3669000000.0,3.445,1.0,7427000000.0,0.569,6347000000.0,94000000.0,11799000000.0,12702000000.0,1784000000.0,2566000000.0,2342000000.0,224000000.0,6982000000.0,2658000000.0,4324000000.0,56475076666.0,-428000000.0,0.0,-2277000000.0,-502000000.0,-1323000000.0,-4105000000.0,-377000000.0,-141000000.0,4054000000.0,0.0,2821000000.0,2821000000.0,2821000000.0,0.0,0.0,0.216,3480000000.0,3947000000.0,437000000.0,0.475,5.436,20.02,20.485,2840000000.0,0.0,53.465,4.329,4.365,1246000000.0,29653000000.0,13045000000.0,13045000000.0,1358000000.0,0.157,0.269,0.312,0.304,277000000.0,1843000000.0,1.0,1056299947.0,1065000000.0,1080000000.0,12.249,11025000000.0,180000000.0,1053000000.0,135000000.0,10.352,4763000000.0
27,TXN,MRT,2014-09-30,2014-09-30,2014-09-30,2021-07-22,-468000000.0,17900000000.0,18395750000.0,7756000000.0,10144000000.0,0.696,9.878,-367000000.0,1306000000.0,1306000000.0,5632000000.0,2507000000.0,2.935,0.709,4645000000.0,1002000000.0,3643000000.0,4645000000.0,0.0,1238000000.0,0.0,0.025,1.2,3565000000.0,4803000000.0,0.375,4803000000.0,3565000000.0,3469000000.0,2.31,2.28,2.31,10471000000.0,10591000000.0,10471000000.0,54343725563.0,15.0,11.315,3452000000.0,3.257,1.0,7172000000.0,0.56,6437000000.0,96000000.0,12159000000.0,13007000000.0,1751000000.0,2099000000.0,1880000000.0,219000000.0,7429000000.0,2643000000.0,4786000000.0,50911725563.0,-129000000.0,0.0,-2223000000.0,-502000000.0,-1293000000.0,-3939000000.0,-9000000.0,276000000.0,3819000000.0,0.0,2507000000.0,2507000000.0,2507000000.0,0.0,0.0,0.196,3638000000.0,3534000000.0,393000000.0,0.519,4.862,20.308,20.645,2930000000.0,0.0,47.69,3.976,3.948,1477000000.0,29189000000.0,12804000000.0,12804000000.0,1393000000.0,0.136,0.237,0.274,0.278,283000000.0,1875000000.0,1.0,1067555579.0,1060000000.0,1074000000.0,12.079,11463000000.0,555000000.0,962000000.0,558000000.0,10.814,5113000000.0
28,TXN,MRT,2014-06-30,2014-06-30,2014-06-30,2021-07-22,-512000000.0,17810000000.0,18731750000.0,7456000000.0,10354000000.0,0.67,9.772,-387000000.0,1216000000.0,1216000000.0,5640000000.0,2310000000.0,4.135,0.702,4648000000.0,254000000.0,4394000000.0,4648000000.0,0.0,1248000000.0,0.0,0.025,1.18,3227000000.0,4475000000.0,0.357,4475000000.0,3227000000.0,3130000000.0,2.1,2.08,2.1,10466000000.0,10736000000.0,10466000000.0,55669193561.0,17.0,12.44,3199000000.0,2.987,1.0,6907000000.0,0.55,6525000000.0,97000000.0,12914000000.0,13327500000.0,1744000000.0,1807000000.0,1588000000.0,219000000.0,7344000000.0,1803000000.0,5541000000.0,51582193561.0,36000000.0,0.0,-2006000000.0,-502000000.0,-1282000000.0,-3713000000.0,163000000.0,474000000.0,3586000000.0,0.0,2310000000.0,2310000000.0,2310000000.0,0.0,0.0,0.184,3704000000.0,3203000000.0,402000000.0,0.562,4.929,22.33,22.757,3044000000.0,0.0,47.79,4.111,4.079,1527000000.0,28686000000.0,12547000000.0,12547000000.0,1429000000.0,0.123,0.215,0.242,0.257,292000000.0,1877000000.0,1.0,1079351194.0,1071000000.0,1086000000.0,11.715,11285000000.0,583000000.0,820000000.0,595000000.0,10.537,5653000000.0
29,TXN,MRT,2014-03-31,2014-03-31,2014-03-31,2021-07-22,-520000000.0,18935000000.0,19128750000.0,8360000000.0,10575000000.0,0.643,9.824,-405000000.0,1565000000.0,1565000000.0,5706000000.0,2287000000.0,3.383,0.783,5652000000.0,1000000000.0,4652000000.0,5652000000.0,0.0,1262000000.0,0.0,0.025,1.16,3148000000.0,4410000000.0,0.358,4410000000.0,3148000000.0,3051000000.0,2.06,2.04,2.06,10620000000.0,10886500000.0,10620000000.0,54662531816.0,17.0,12.395,3081000000.0,2.85,1.0,6596000000.0,0.536,6615000000.0,97000000.0,13936000000.0,13517000000.0,1714000000.0,2679000000.0,2467000000.0,212000000.0,8315000000.0,2471000000.0,5844000000.0,51131531816.0,172000000.0,0.0,-1766000000.0,-16000000.0,-1268000000.0,-2984000000.0,-330000000.0,-3000000.0,3486000000.0,0.0,2287000000.0,2287000000.0,2287000000.0,0.0,0.0,0.186,3469000000.0,3127000000.0,405000000.0,0.563,4.815,22.357,22.893,3179000000.0,0.0,47.16,4.156,4.144,1355000000.0,28331000000.0,12302000000.0,12302000000.0,1469000000.0,0.12,0.21,0.233,0.256,290000000.0,1876000000.0,1.0,1084213991.0,1081000000.0,1096000000.0,11.38,12320000000.0,583000000.0,764000000.0,638000000.0,11.397,5889000000.0
30,TXN,MRT,2013-12-31,2013-12-31,2013-12-31,2021-07-22,-528000000.0,18938000000.0,19320250000.0,8019000000.0,10919000000.0,0.632,9.842,-412000000.0,1627000000.0,1627000000.0,5841000000.0,2162000000.0,2.919,0.752,5158000000.0,1000000000.0,4158000000.0,5158000000.0,0.0,1297000000.0,0.0,0.024,1.07,2849000000.0,4146000000.0,0.34,4146000000.0,2849000000.0,2754000000.0,1.94,1.91,1.94,10807000000.0,10969500000.0,10807000000.0,51788266336.0,18.0,12.491,2972000000.0,2.707,1.0,6364000000.0,0.521,6703000000.0,95000000.0,13019000000.0,13502250000.0,1731000000.0,2418000000.0,2202000000.0,216000000.0,8131000000.0,2747000000.0,5384000000.0,48062266336.0,211000000.0,0.0,-1554000000.0,-514000000.0,-1175000000.0,-3170000000.0,-3000000.0,342000000.0,3384000000.0,0.0,2162000000.0,2162000000.0,2162000000.0,0.0,0.0,0.177,3532000000.0,2832000000.0,422000000.0,0.552,4.447,22.23,22.634,3399000000.0,0.0,43.91,3.938,3.95,1203000000.0,28173000000.0,12205000000.0,12205000000.0,1522000000.0,0.112,0.197,0.211,0.233,287000000.0,1858000000.0,1.0,1094563114.0,1098000000.0,1113000000.0,11.116,12235000000.0,600000000.0,592000000.0,668000000.0,11.143,5272000000.0
31,TXN,MRT,2013-09-30,2013-09-30,2013-09-30,2021-07-22,-572000000.0,19244000000.0,19591000000.0,8101000000.0,11143000000.0,0.62,10.083,-401000000.0,1435000000.0,1435000000.0,5986000000.0,1915000000.0,2.975,0.741,5161000000.0,1000000000.0,4161000000.0,5161000000.0,0.0,1403000000.0,0.0,0.019,0.77,2321000000.0,3724000000.0,0.306,3724000000.0,2321000000.0,2227000000.0,1.71,1.7,1.71,11051000000.0,11008000000.0,11051000000.0,48351252273.0,21.0,12.984,2869000000.0,2.618,1.0,6169000000.0,0.508,6806000000.0,94000000.0,13441000000.0,13697250000.0,1726000000.0,2368000000.0,2158000000.0,210000000.0,8193000000.0,2723000000.0,5470000000.0,44366252273.0,225000000.0,0.0,-1455000000.0,-514000000.0,-1084000000.0,-2976000000.0,-69000000.0,234000000.0,3270000000.0,0.0,1915000000.0,1915000000.0,1915000000.0,0.0,0.0,0.158,3885000000.0,2284000000.0,426000000.0,0.45,4.015,23.168,23.561,3509000000.0,0.0,40.29,3.65,3.633,1524000000.0,27993000000.0,12155000000.0,12155000000.0,1601000000.0,0.098,0.174,0.169,0.191,285000000.0,1827000000.0,1.0,1101172804.0,1096000000.0,1111000000.0,11.09,12438000000.0,1266000000.0,312000000.0,603000000.0,11.349,5378000000.0
32,TXN,MRT,2013-06-30,2013-06-30,2013-06-30,2021-07-22,-590000000.0,19398000000.0,19908500000.0,8038000000.0,11360000000.0,0.618,10.034,-428000000.0,1180000000.0,1180000000.0,6171000000.0,2070000000.0,2.869,0.753,5165000000.0,1000000000.0,4165000000.0,5165000000.0,0.0,1412000000.0,0.0,0.019,0.66,2345000000.0,3757000000.0,0.305,3757000000.0,2345000000.0,2254000000.0,1.83,1.81,1.83,11068000000.0,11096000000.0,11068000000.0,42944030422.0,18.0,11.43,2897000000.0,2.626,1.0,6130000000.0,0.498,6909000000.0,91000000.0,13672000000.0,13914000000.0,1720000000.0,2267000000.0,2064000000.0,203000000.0,8330000000.0,2802000000.0,5528000000.0,38654030422.0,-12000000.0,0.0,-1607000000.0,478000000.0,-970000000.0,-2038000000.0,-1299000000.0,-963000000.0,3325000000.0,0.0,2070000000.0,2070000000.0,2070000000.0,0.0,0.0,0.168,3850000000.0,2280000000.0,437000000.0,0.361,3.492,18.673,19.044,3611000000.0,0.0,34.85,3.142,3.125,1491000000.0,27677000000.0,12301000000.0,12301000000.0,1696000000.0,0.104,0.187,0.169,0.191,280000000.0,1815000000.0,1.0,1109154388.0,1103000000.0,1117000000.0,11.152,12489000000.0,1323000000.0,184000000.0,804000000.0,11.323,5236000000.0
33,TXN,MRT,2013-03-31,2013-03-31,2013-03-31,2021-07-22,-650000000.0,19701000000.0,19939250000.0,8205000000.0,11496000000.0,0.631,9.893,-476000000.0,1393000000.0,1393000000.0,6378000000.0,1856000000.0,2.638,0.799,5683000000.0,1500000000.0,4183000000.0,5683000000.0,0.0,1417000000.0,0.0,0.016,0.55,2035000000.0,3452000000.0,0.274,3452000000.0,2035000000.0,1948000000.0,1.62,1.61,1.62,10952000000.0,11118500000.0,10952000000.0,43467856562.0,21.0,12.592,2849000000.0,2.574,1.0,6211000000.0,0.493,7004000000.0,87000000.0,13877000000.0,13458000000.0,1700000000.0,2673000000.0,2469000000.0,204000000.0,8749000000.0,3110000000.0,5639000000.0,39197856562.0,200000000.0,0.0,-1461000000.0,417000000.0,-856000000.0,-1838000000.0,-1287000000.0,-898000000.0,3325000000.0,0.0,1856000000.0,1856000000.0,1856000000.0,0.0,0.0,0.147,4239000000.0,1972000000.0,440000000.0,0.34,3.579,21.12,21.901,3739000000.0,0.0,35.48,3.114,3.12,1333000000.0,27330000000.0,12589000000.0,12589000000.0,1787000000.0,0.093,0.167,0.151,0.162,269000000.0,1800000000.0,1.0,1104787389.0,1107000000.0,1123000000.0,11.372,12697000000.0,1315000000.0,92000000.0,709000000.0,11.47,5095000000.0
34,TXN,MRT,2012-12-31,2012-12-31,2012-12-31,2021-07-22,-699000000.0,20021000000.0,20016250000.0,8230000000.0,11791000000.0,0.641,9.683,-495000000.0,1416000000.0,1416000000.0,6457000000.0,1759000000.0,2.399,0.827,5686000000.0,1500000000.0,4186000000.0,5686000000.0,0.0,1401000000.0,0.0,0.017,0.51,2020000000.0,3421000000.0,0.267,3421000000.0,2020000000.0,1935000000.0,1.53,1.51,1.53,10961000000.0,11148250000.0,10961000000.0,39101604052.0,19.0,11.43,2919000000.0,2.579,1.0,6368000000.0,0.497,7062000000.0,85000000.0,13799000000.0,13419750000.0,1757000000.0,2764000000.0,2549000000.0,215000000.0,9060000000.0,3430000000.0,5630000000.0,34621604052.0,424000000.0,0.0,-1277000000.0,117000000.0,-819000000.0,-1951000000.0,-1039000000.0,-604000000.0,3414000000.0,0.0,1759000000.0,1759000000.0,1759000000.0,0.0,0.0,0.137,4395000000.0,1973000000.0,444000000.0,0.333,3.159,19.683,20.19,3912000000.0,0.0,30.89,2.7,2.727,1230000000.0,27205000000.0,12825000000.0,12825000000.0,1877000000.0,0.088,0.158,0.151,0.158,263000000.0,1804000000.0,1.0,1120802980.0,1132000000.0,1146000000.0,11.33,12959000000.0,753000000.0,176000000.0,653000000.0,11.448,4800000000.0
35,TXN,MRT,2012-09-30,2012-09-30,2012-09-30,2021-07-22,-617000000.0,20514000000.0,20135250000.0,8584000000.0,11930000000.0,0.659,10.091,-552000000.0,1210000000.0,1210000000.0,6796000000.0,1793000000.0,2.506,0.799,5690000000.0,1500000000.0,4190000000.0,5690000000.0,0.0,1407000000.0,0.0,0.025,0.68,2212000000.0,3619000000.0,0.273,3619000000.0,2212000000.0,2129000000.0,1.55,1.53,1.55,11403000000.0,11146000000.0,11403000000.0,34861917887.0,16.0,9.633,2748000000.0,2.432,1.0,6470000000.0,0.488,7261000000.0,83000000.0,14308000000.0,13480000000.0,1848000000.0,2676000000.0,2451000000.0,225000000.0,9111000000.0,3425000000.0,5686000000.0,31350917887.0,-371000000.0,-35000000.0,-983000000.0,-83000000.0,-777000000.0,-1824000000.0,-1847000000.0,-1411000000.0,3300000000.0,0.0,1793000000.0,1793000000.0,1793000000.0,0.0,0.0,0.135,4270000000.0,2200000000.0,501000000.0,0.439,2.749,17.485,17.777,4055000000.0,0.0,27.555,2.363,2.347,1623000000.0,27179000000.0,13266000000.0,13266000000.0,1926000000.0,0.089,0.161,0.164,0.167,265000000.0,1815000000.0,1.0,1137757862.0,1130000000.0,1141000000.0,11.74,13253000000.0,1242000000.0,336000000.0,702000000.0,11.728,5159000000.0
36,TXN,MRT,2012-06-30,2012-06-30,2012-06-30,2021-07-22,-741000000.0,19521000000.0,20233500000.0,7353000000.0,12168000000.0,0.659,9.788,-595000000.0,1192000000.0,1192000000.0,6868000000.0,1610000000.0,1.924,0.75,4703000000.0,2000000000.0,2703000000.0,4703000000.0,0.0,1306000000.0,0.0,0.022,0.64,2143000000.0,3449000000.0,0.259,3449000000.0,2143000000.0,2066000000.0,1.39,1.37,1.39,11158000000.0,11051750000.0,11158000000.0,36923495919.0,17.0,10.706,2640000000.0,2.316,1.0,6474000000.0,0.485,7363000000.0,77000000.0,11848000000.0,13349250000.0,1885000000.0,1359000000.0,1141000000.0,218000000.0,8363000000.0,3821000000.0,4542000000.0,32831495919.0,-3309000000.0,-5425000000.0,-863000000.0,125000000.0,-731000000.0,-1442000000.0,-5102000000.0,753000000.0,3235000000.0,0.0,1610000000.0,1610000000.0,1610000000.0,0.0,0.0,0.121,4300000000.0,2174000000.0,555000000.0,0.46,2.942,20.392,20.64,4174000000.0,0.0,28.69,2.461,2.451,1629000000.0,26592000000.0,13342000000.0,13342000000.0,1858000000.0,0.08,0.146,0.161,0.161,292000000.0,1750000000.0,1.0,1144353291.0,1140000000.0,1154000000.0,11.704,12158000000.0,1443000000.0,456000000.0,697000000.0,10.665,3532000000.0
37,TXN,MRT,2012-03-31,2012-03-31,2012-03-31,2021-07-22,-742000000.0,20009000000.0,19627750000.0,7591000000.0,12418000000.0,0.686,9.686,-725000000.0,1193000000.0,1193000000.0,6889000000.0,1836000000.0,2.609,0.807,5285000000.0,1078000000.0,4207000000.0,5285000000.0,0.0,1206000000.0,0.0,0.018,0.6,2462000000.0,3668000000.0,0.272,3668000000.0,2462000000.0,2399000000.0,1.58,1.55,1.58,11071000000.0,10988000000.0,11071000000.0,43082492518.0,17.0,11.745,2464000000.0,2.156,1.0,6576000000.0,0.488,7468000000.0,63000000.0,13724000000.0,13680000000.0,1853000000.0,1811000000.0,1572000000.0,239000000.0,8938000000.0,2909000000.0,6029000000.0,38482492518.0,-150000000.0,-5425000000.0,-903000000.0,4197000000.0,-686000000.0,2626000000.0,-5965000000.0,18000000.0,3189000000.0,0.0,1836000000.0,1836000000.0,1836000000.0,0.0,0.0,0.136,4095000000.0,2481000000.0,589000000.0,0.38,3.476,20.96,21.272,4278000000.0,0.0,33.61,2.858,2.853,1478000000.0,26345000000.0,13465000000.0,13465000000.0,1802000000.0,0.094,0.167,0.18,0.183,281000000.0,1705000000.0,1.0,1144971512.0,1143000000.0,1165000000.0,11.78,12541000000.0,1494000000.0,563000000.0,728000000.0,10.972,4682000000.0
38,TXN,MRT,2011-12-31,2011-12-31,2011-12-31,2021-07-22,-776000000.0,20497000000.0,17953000000.0,7828000000.0,12669000000.0,0.765,9.515,-816000000.0,992000000.0,992000000.0,6963000000.0,2236000000.0,2.237,0.872,5592000000.0,1381000000.0,4211000000.0,5592000000.0,0.0,1108000000.0,0.0,0.019,0.56,2997000000.0,4105000000.0,0.299,4105000000.0,2997000000.0,2955000000.0,1.91,1.88,1.91,10952000000.0,10863750000.0,10952000000.0,37482537832.0,13.0,9.131,2440000000.0,2.12,1.0,6772000000.0,0.493,7558000000.0,42000000.0,14040000000.0,12496000000.0,1788000000.0,2208000000.0,1943000000.0,265000000.0,9545000000.0,3499000000.0,6046000000.0,33262537832.0,-327000000.0,-5425000000.0,-1283000000.0,4497000000.0,-644000000.0,2589000000.0,-6172000000.0,-98000000.0,3256000000.0,0.0,2236000000.0,2236000000.0,2236000000.0,0.0,0.0,0.163,3780000000.0,2992000000.0,625000000.0,0.293,3.037,14.876,15.241,4428000000.0,0.0,29.11,2.422,2.439,1545000000.0,26278000000.0,13735000000.0,13735000000.0,1715000000.0,0.125,0.206,0.24,0.218,269000000.0,1638000000.0,1.0,1142649874.0,1151000000.0,1171000000.0,11.933,12939000000.0,1495000000.0,719000000.0,708000000.0,11.242,4329000000.0
39,TXN,MRT,2011-09-30,2011-09-30,2011-09-30,2021-07-22,-690000000.0,20907000000.0,16179000000.0,7716000000.0,13191000000.0,0.855,9.638,-964000000.0,1581000000.0,1581000000.0,6746000000.0,2881000000.0,2.104,0.896,5801000000.0,1586000000.0,4215000000.0,5801000000.0,0.0,921000000.0,0.0,0.02,0.52,3876000000.0,4797000000.0,0.347,4797000000.0,3876000000.0,3855000000.0,2.44,2.39,2.44,11026000000.0,10735000000.0,11026000000.0,29786295669.0,8.0,6.209,2551000000.0,2.23,1.0,7095000000.0,0.513,7674000000.0,21000000.0,13785000000.0,11210000000.0,1965000000.0,1387000000.0,1037000000.0,350000000.0,9881000000.0,3668000000.0,6213000000.0,30789295669.0,488000000.0,-5530000000.0,-1423000000.0,4697000000.0,-604000000.0,2696000000.0,-5723000000.0,607000000.0,3515000000.0,0.0,2881000000.0,2881000000.0,2881000000.0,0.0,0.0,0.208,3238000000.0,3857000000.0,627000000.0,0.213,2.792,10.687,10.922,4572000000.0,0.0,26.65,2.224,2.203,1784000000.0,26175000000.0,13841000000.0,13841000000.0,1633000000.0,0.178,0.268,0.346,0.28,250000000.0,1585000000.0,1.0,1155320663.0,1144000000.0,1157000000.0,12.099,13233000000.0,1543000000.0,974000000.0,882000000.0,11.567,4048000000.0
40,TXN,MRT,2011-06-30,2011-06-30,2011-06-30,2021-07-22,-686000000.0,17098000000.0,14114500000.0,10860000000.0,6238000000.0,1.0,9.432,-1167000000.0,4501000000.0,4501000000.0,6725000000.0,3139000000.0,6.195,0.568,3498000000.0,0.0,3498000000.0,3498000000.0,0.0,919000000.0,0.0,0.016,0.51,4316000000.0,5235000000.0,0.371,5235000000.0,4316000000.0,4310000000.0,2.63,2.59,2.63,10903000000.0,10469000000.0,10903000000.0,36778171277.0,9.0,7.025,2526000000.0,2.185,1.0,7390000000.0,0.524,1171000000.0,6000000.0,13171000000.0,9887000000.0,1762000000.0,2233000000.0,1899000000.0,334000000.0,6195000000.0,1753000000.0,4442000000.0,38121171277.0,3363000000.0,-199000000.0,-1565000000.0,3497000000.0,-599000000.0,1359000000.0,-1689000000.0,-473000000.0,3693000000.0,0.0,3139000000.0,3139000000.0,3139000000.0,0.0,0.0,0.222,3120000000.0,4270000000.0,623000000.0,0.194,3.496,12.144,12.483,3714000000.0,0.0,32.83,2.701,2.689,1672000000.0,25726000000.0,14115000000.0,14115000000.0,1655000000.0,0.222,0.3,0.437,0.306,204000000.0,1588000000.0,1.0,1161168787.0,1156000000.0,1180000000.0,12.21,15927000000.0,1718000000.0,1171000000.0,157000000.0,13.778,9107000000.0
41,TXN,MRT,2011-03-31,2011-03-31,2011-03-31,2021-07-22,-702000000.0,13310000000.0,12881000000.0,7044000000.0,6266000000.0,1.099,9.061,-1174000000.0,1343000000.0,1343000000.0,6622000000.0,3236000000.0,3.929,0.259,0.0,0.0,0.0,0.0,0.0,920000000.0,0.0,0.014,0.5,4512000000.0,5432000000.0,0.384,5432000000.0,4512000000.0,4512000000.0,2.69,2.65,2.69,10574000000.0,10182000000.0,10574000000.0,39187098941.0,9.0,7.214,2452000000.0,2.101,1.0,7531000000.0,0.532,1186000000.0,0.0,8988000000.0,8653250000.0,1678000000.0,1963000000.0,1514000000.0,449000000.0,2736000000.0,1793000000.0,943000000.0,40506098941.0,126000000.0,-199000000.0,-1993000000.0,0.0,-596000000.0,-2557000000.0,-943000000.0,282000000.0,3626000000.0,0.0,3236000000.0,3236000000.0,3236000000.0,0.0,0.0,0.229,3059000000.0,4472000000.0,605000000.0,0.186,3.831,12.517,12.848,3657000000.0,0.0,34.56,2.862,2.85,1568000000.0,25206000000.0,14153000000.0,14153000000.0,1623000000.0,0.251,0.318,0.521,0.319,200000000.0,1555000000.0,1.0,1172051474.0,1167000000.0,1194000000.0,12.128,12124000000.0,1670000000.0,1276000000.0,329000000.0,10.389,5251000000.0
42,TXN,MRT,2010-12-31,2010-12-31,2010-12-31,2021-07-22,-701000000.0,13401000000.0,12646000000.0,7060000000.0,6341000000.0,1.104,8.705,-1199000000.0,1319000000.0,1319000000.0,6474000000.0,3228000000.0,3.564,0.284,0.0,0.0,0.0,0.0,0.0,913000000.0,0.0,0.015,0.49,4551000000.0,5464000000.0,0.391,5464000000.0,4551000000.0,4551000000.0,2.66,2.62,2.66,10437000000.0,9989750000.0,10437000000.0,37067118490.0,8.0,6.784,2621000000.0,2.186,1.0,7492000000.0,0.536,1205000000.0,0.0,8896000000.0,8450750000.0,1520000000.0,2206000000.0,1753000000.0,453000000.0,2964000000.0,1981000000.0,983000000.0,38160118490.0,137000000.0,-199000000.0,-2047000000.0,0.0,-592000000.0,-2626000000.0,-1057000000.0,193000000.0,3820000000.0,0.0,3228000000.0,3228000000.0,3228000000.0,0.0,0.0,0.231,2978000000.0,4514000000.0,621000000.0,0.184,3.656,11.822,12.218,3680000000.0,0.0,32.5,2.732,2.79,1518000000.0,24695000000.0,13966000000.0,13966000000.0,1570000000.0,0.255,0.323,0.539,0.326,190000000.0,1519000000.0,1.0,1174157492.0,1199000000.0,1213000000.0,11.648,12196000000.0,1697000000.0,1323000000.0,195000000.0,10.172,5079000000.0
43,TXN,MRT,2010-09-30,2010-09-30,2010-09-30,2021-07-22,-644000000.0,12649000000.0,12325500000.0,6468000000.0,6181000000.0,1.091,8.414,-1334000000.0,1093000000.0,1093000000.0,6235000000.0,2941000000.0,3.519,0.27,0.0,0.0,0.0,0.0,0.0,898000000.0,0.0,0.018,0.48,4184000000.0,5082000000.0,0.378,5082000000.0,4184000000.0,4184000000.0,2.39,2.37,2.39,9962000000.0,9811000000.0,9962000000.0,31299604106.0,7.0,6.159,2257000000.0,1.906,1.0,7211000000.0,0.536,1225000000.0,0.0,8493000000.0,8272000000.0,1424000000.0,1940000000.0,1417000000.0,523000000.0,2687000000.0,1838000000.0,849000000.0,32437604106.0,-201000000.0,-62000000.0,-2048000000.0,0.0,-588000000.0,-2632000000.0,-1160000000.0,233000000.0,3591000000.0,0.0,2941000000.0,2941000000.0,2941000000.0,0.0,0.0,0.219,3052000000.0,4159000000.0,623000000.0,0.201,3.256,11.029,11.356,3456000000.0,0.0,27.14,2.412,2.39,1754000000.0,23907000000.0,13446000000.0,13446000000.0,1533000000.0,0.239,0.3,0.506,0.311,186000000.0,1476000000.0,1.0,1195195435.0,1184000000.0,1196000000.0,11.356,11424000000.0,1508000000.0,1243000000.0,113000000.0,9.649,4630000000.0
44,TXN,MRT,2010-06-30,2010-06-30,2010-06-30,2021-07-22,-654000000.0,12164000000.0,12139000000.0,6130000000.0,6034000000.0,1.037,8.075,-1164000000.0,1138000000.0,1138000000.0,5933000000.0,2620000000.0,3.986,0.247,0.0,0.0,0.0,0.0,0.0,903000000.0,0.0,0.02,0.47,3714000000.0,4617000000.0,0.367,4617000000.0,3714000000.0,3714000000.0,2.1,2.08,2.1,9755000000.0,9680000000.0,9755000000.0,27236430196.0,7.0,5.899,1943000000.0,1.608,1.0,6653000000.0,0.529,1252000000.0,0.0,8236000000.0,8088500000.0,1349000000.0,1724000000.0,1167000000.0,557000000.0,2409000000.0,1538000000.0,871000000.0,28453430196.0,-627000000.0,-3000000.0,-1706000000.0,0.0,-583000000.0,-2286000000.0,-1448000000.0,-284000000.0,3107000000.0,0.0,2620000000.0,2620000000.0,2620000000.0,0.0,0.0,0.208,2958000000.0,3695000000.0,542000000.0,0.224,2.917,10.86,11.086,3240000000.0,0.0,23.28,2.261,2.234,1715000000.0,23194000000.0,12586000000.0,12586000000.0,1484000000.0,0.216,0.271,0.459,0.295,185000000.0,1425000000.0,1.0,1222226383.0,1208000000.0,1221000000.0,10.419,10912000000.0,1481000000.0,1094000000.0,88000000.0,9.033,4592000000.0
45,TXN,MRT,2010-03-31,2010-03-31,2010-03-31,2021-07-22,-627000000.0,12370000000.0,11975500000.0,6323000000.0,6047000000.0,0.964,7.952,-929000000.0,1217000000.0,1217000000.0,5664000000.0,2111000000.0,3.678,0.262,0.0,0.0,0.0,0.0,0.0,909000000.0,0.0,0.019,0.46,2959000000.0,3868000000.0,0.335,3868000000.0,2959000000.0,2959000000.0,1.67,1.66,1.67,9805000000.0,9544500000.0,9805000000.0,29207012476.0,10.0,7.551,2173000000.0,1.762,1.0,5883000000.0,0.509,1256000000.0,0.0,8178000000.0,7794750000.0,1276000000.0,2215000000.0,1574000000.0,641000000.0,2565000000.0,1719000000.0,846000000.0,30389012476.0,-219000000.0,-54000000.0,-1237000000.0,0.0,-575000000.0,-1811000000.0,-1510000000.0,-530000000.0,3102000000.0,0.0,2111000000.0,2111000000.0,2111000000.0,0.0,0.0,0.183,2952000000.0,2931000000.0,556000000.0,0.275,3.099,14.396,14.653,3162000000.0,0.0,24.47,2.632,2.613,1526000000.0,22573000000.0,11547000000.0,11547000000.0,1461000000.0,0.176,0.221,0.38,0.256,183000000.0,1374000000.0,1.0,1241888536.0,1233000000.0,1246000000.0,9.365,11114000000.0,1449000000.0,848000000.0,385000000.0,9.014,4604000000.0
46,TXN,MRT,2009-12-31,2009-12-31,2009-12-31,2021-07-22,-621000000.0,12119000000.0,11763000000.0,6114000000.0,6005000000.0,0.886,7.716,-753000000.0,1182000000.0,1182000000.0,5428000000.0,1470000000.0,3.853,0.247,0.0,0.0,0.0,0.0,0.0,925000000.0,0.0,0.017,0.45,2017000000.0,2942000000.0,0.282,2942000000.0,2017000000.0,2017000000.0,1.16,1.15,1.16,9722000000.0,9395750000.0,9722000000.0,31355880752.0,16.0,10.658,1890000000.0,1.5,1.0,4999000000.0,0.479,1169000000.0,0.0,8181000000.0,7651500000.0,1202000000.0,2380000000.0,1743000000.0,637000000.0,2397000000.0,1587000000.0,810000000.0,32649880752.0,136000000.0,-158000000.0,-845000000.0,0.0,-567000000.0,-1411000000.0,-1096000000.0,-188000000.0,2643000000.0,0.0,1470000000.0,1470000000.0,1470000000.0,0.0,0.0,0.141,3008000000.0,1991000000.0,503000000.0,0.388,3.358,22.211,22.466,3158000000.0,0.0,26.06,3.131,3.149,1277000000.0,22066000000.0,10427000000.0,10427000000.0,1476000000.0,0.125,0.156,0.264,0.193,186000000.0,1320000000.0,1.0,1252873398.0,1260000000.0,1269000000.0,8.275,10950000000.0,1472000000.0,547000000.0,195000000.0,8.69,4527000000.0
47,TXN,MRT,2009-09-30,2009-09-30,2009-09-30,2021-07-22,-678000000.0,11903000000.0,11714000000.0,6138000000.0,5765000000.0,0.846,7.52,-394000000.0,1294000000.0,1294000000.0,5406000000.0,922000000.0,3.693,0.261,0.0,0.0,0.0,0.0,0.0,995000000.0,0.0,0.019,0.44,1172000000.0,2167000000.0,0.219,2167000000.0,1172000000.0,1172000000.0,0.72,0.72,0.72,9438000000.0,9296750000.0,9438000000.0,28118144865.0,24.0,12.976,2362000000.0,1.882,1.0,4508000000.0,0.455,1188000000.0,0.0,7759000000.0,7664250000.0,1116000000.0,2160000000.0,1533000000.0,627000000.0,2465000000.0,1662000000.0,803000000.0,29883144865.0,-421000000.0,-155000000.0,-902000000.0,0.0,-559000000.0,-1459000000.0,-1718000000.0,-1169000000.0,2756000000.0,0.0,922000000.0,922000000.0,922000000.0,0.0,0.0,0.093,3342000000.0,1166000000.0,467000000.0,0.611,3.166,32.411,32.903,2945000000.0,0.0,23.69,3.014,2.999,1435000000.0,21562000000.0,9914000000.0,9914000000.0,1554000000.0,0.079,0.099,0.153,0.118,194000000.0,1334000000.0,1.0,1261424435.0,1255000000.0,1268000000.0,7.9,10715000000.0,1520000000.0,250000000.0,208000000.0,8.538,4476000000.0
48,TXN,MRT,2009-06-30,2009-06-30,2009-06-30,2021-07-22,-674000000.0,11510000000.0,11854750000.0,5740000000.0,5770000000.0,0.879,7.272,-365000000.0,1765000000.0,1765000000.0,5751000000.0,947000000.0,3.91,0.249,0.0,0.0,0.0,0.0,0.0,1026000000.0,0.0,0.02,0.43,1163000000.0,2189000000.0,0.21,2189000000.0,1163000000.0,1163000000.0,0.73,0.73,0.73,9213000000.0,9460750000.0,9213000000.0,25688551243.0,22.0,11.735,2603000000.0,2.054,1.0,4670000000.0,0.448,1216000000.0,0.0,7061000000.0,7692500000.0,1063000000.0,1424000000.0,792000000.0,632000000.0,2297000000.0,1468000000.0,829000000.0,27124551243.0,448000000.0,-155000000.0,-1084000000.0,0.0,-552000000.0,-1633000000.0,-887000000.0,-367000000.0,2968000000.0,0.0,947000000.0,947000000.0,947000000.0,0.0,0.0,0.091,3521000000.0,1149000000.0,421000000.0,0.589,2.944,28.643,29.178,2940000000.0,0.0,21.3,2.603,2.59,1244000000.0,21163000000.0,10421000000.0,10421000000.0,1693000000.0,0.08,0.1,0.151,0.112,202000000.0,1384000000.0,1.0,1273453110.0,1267000000.0,1272000000.0,8.225,10294000000.0,1577000000.0,216000000.0,110000000.0,8.125,4272000000.0
49,TXN,MRT,2009-03-31,2009-03-31,2009-03-31,2021-07-22,-741000000.0,11520000000.0,12072750000.0,5532000000.0,5988000000.0,0.937,7.224,-587000000.0,1436000000.0,1436000000.0,6020000000.0,1275000000.0,4.298,0.251,0.0,0.0,0.0,0.0,0.0,1048000000.0,0.0,0.025,0.42,1657000000.0,2705000000.0,0.239,2705000000.0,1657000000.0,1657000000.0,0.97,0.97,0.97,9210000000.0,9653500000.0,9210000000.0,20029927244.0,12.0,7.405,2345000000.0,1.839,1.0,5295000000.0,0.468,1192000000.0,0.0,7605000000.0,7961500000.0,1098000000.0,1635000000.0,990000000.0,645000000.0,2310000000.0,1287000000.0,1023000000.0,21075927244.0,-14000000.0,-123000000.0,-1197000000.0,0.0,-545000000.0,-1736000000.0,-1210000000.0,-500000000.0,2932000000.0,0.0,1275000000.0,1275000000.0,1275000000.0,0.0,0.0,0.113,3656000000.0,1639000000.0,326000000.0,0.433,2.288,16.53,17.021,3115000000.0,0.0,16.51,1.863,1.86,1125000000.0,21043000000.0,11315000000.0,11315000000.0,1812000000.0,0.106,0.132,0.208,0.146,209000000.0,1485000000.0,1.0,1276555254.0,1275000000.0,1277000000.0,8.875,10328000000.0,1643000000.0,382000000.0,82000000.0,8.1,4245000000.0
50,TXN,MRT,2008-12-31,2008-12-31,2008-12-31,2021-07-22,-790000000.0,11923000000.0,12277250000.0,5790000000.0,6133000000.0,1.018,7.13,-763000000.0,1046000000.0,1046000000.0,6256000000.0,1920000000.0,3.779,0.278,0.0,0.0,0.0,0.0,0.0,1059000000.0,0.0,0.026,0.41,2481000000.0,3540000000.0,0.283,3540000000.0,2481000000.0,2481000000.0,1.46,1.44,1.46,9326000000.0,9815250000.0,9326000000.0,18405515146.0,7.0,5.199,2567000000.0,1.963,1.0,6245000000.0,0.5,1113000000.0,0.0,8232000000.0,8028250000.0,1375000000.0,2147000000.0,1494000000.0,653000000.0,2597000000.0,1532000000.0,1065000000.0,20120515146.0,-282000000.0,-19000000.0,-1912000000.0,0.0,-537000000.0,-2430000000.0,-1182000000.0,-400000000.0,3330000000.0,0.0,1920000000.0,1920000000.0,1920000000.0,0.0,0.0,0.154,3808000000.0,2437000000.0,324000000.0,0.281,2.157,10.479,10.63,3304000000.0,0.0,15.52,1.61,1.624,913000000.0,21168000000.0,12501000000.0,12501000000.0,1940000000.0,0.156,0.196,0.309,0.198,213000000.0,1614000000.0,1.0,1296424945.0,1308000000.0,1321000000.0,9.557,10810000000.0,1685000000.0,561000000.0,99000000.0,8.265,4258000000.0
51,TXN,MRT,2008-09-30,2008-09-30,2008-09-30,2021-07-22,-342000000.0,12466000000.0,12463250000.0,6212000000.0,6254000000.0,1.088,7.741,-867000000.0,1715000000.0,1715000000.0,6455000000.0,2568000000.0,3.574,0.235,0.0,0.0,0.0,0.0,0.0,1028000000.0,0.0,0.019,0.4,3490000000.0,4518000000.0,0.333,4518000000.0,3490000000.0,3490000000.0,1.91,1.89,1.91,10094000000.0,9977500000.0,10094000000.0,26866864638.0,8.0,5.947,2773000000.0,2.127,1.0,7111000000.0,0.524,1141000000.0,0.0,7872000000.0,8003750000.0,1575000000.0,995000000.0,278000000.0,717000000.0,2372000000.0,1738000000.0,634000000.0,28183864638.0,908000000.0,-75000000.0,-3352000000.0,0.0,-534000000.0,-3859000000.0,1125000000.0,2067000000.0,3640000000.0,2000000.0,2568000000.0,2568000000.0,2568000000.0,-2000000.0,0.0,0.189,3729000000.0,3382000000.0,601000000.0,0.209,2.792,10.975,11.257,3517000000.0,0.0,21.5,2.078,2.067,1774000000.0,21204000000.0,13566000000.0,13566000000.0,2003000000.0,0.206,0.257,0.436,0.257,230000000.0,1674000000.0,1.0,1310877425.0,1304000000.0,1315000000.0,10.403,11325000000.0,1367000000.0,922000000.0,87000000.0,8.685,4474000000.0
52,TXN,MRT,2008-06-30,2008-06-30,2008-06-30,2021-07-22,-331000000.0,12382000000.0,12777750000.0,6010000000.0,6372000000.0,1.083,7.564,-761000000.0,1317000000.0,1317000000.0,6390000000.0,2781000000.0,3.415,0.24,0.0,0.0,0.0,0.0,0.0,1040000000.0,0.0,0.013,0.38,3818000000.0,4858000000.0,0.351,4858000000.0,3818000000.0,3818000000.0,2.03,2.0,2.03,9984000000.0,10238250000.0,9984000000.0,35798234243.0,9.0,7.369,3364000000.0,2.548,1.0,7452000000.0,0.538,1168000000.0,0.0,8137000000.0,8470750000.0,1651000000.0,1097000000.0,331000000.0,766000000.0,2398000000.0,1760000000.0,638000000.0,37248234243.0,51000000.0,-79000000.0,-4196000000.0,0.0,-517000000.0,-4671000000.0,596000000.0,1436000000.0,4125000000.0,1000000.0,2781000000.0,2781000000.0,2781000000.0,-20000000.0,0.0,0.201,3803000000.0,3649000000.0,677000000.0,0.187,3.731,13.394,13.872,3604000000.0,0.0,28.16,2.691,2.685,1811000000.0,20773000000.0,13842000000.0,13842000000.0,2038000000.0,0.218,0.272,0.451,0.276,242000000.0,1713000000.0,1.0,1322735591.0,1320000000.0,1338000000.0,10.486,11214000000.0,1267000000.0,1037000000.0,83000000.0,8.495,4250000000.0
53,TXN,MRT,2008-03-31,2008-03-31,2008-03-31,2021-07-22,-351000000.0,12338000000.0,13187250000.0,5975000000.0,6363000000.0,1.055,7.428,-665000000.0,1450000000.0,1450000000.0,6428000000.0,2803000000.0,3.233,0.252,0.0,0.0,0.0,0.0,0.0,1055000000.0,0.0,0.013,0.36,3829000000.0,4884000000.0,0.351,4884000000.0,3829000000.0,3829000000.0,2.01,1.98,2.01,9857000000.0,10615750000.0,9857000000.0,36167045226.0,9.0,7.405,3837000000.0,2.891,1.0,7487000000.0,0.538,1168000000.0,0.0,7872000000.0,8844250000.0,1578000000.0,1217000000.0,426000000.0,791000000.0,2481000000.0,1848000000.0,633000000.0,37495045226.0,485000000.0,-60000000.0,-4220000000.0,-43000000.0,-500000000.0,-4668000000.0,650000000.0,1375000000.0,4502000000.0,1000000.0,2803000000.0,2803000000.0,2803000000.0,-16000000.0,0.0,0.201,3862000000.0,3625000000.0,680000000.0,0.179,3.804,13.377,14.065,3585000000.0,0.0,28.27,2.695,2.696,1669000000.0,20318000000.0,13915000000.0,13915000000.0,2101000000.0,0.213,0.264,0.433,0.275,290000000.0,1709000000.0,1.0,1326319251.0,1327000000.0,1345000000.0,10.486,11170000000.0,1277000000.0,1026000000.0,278000000.0,8.417,4127000000.0
54,TXN,MRT,2007-12-31,2007-12-31,2007-12-31,2021-07-22,-324000000.0,12667000000.0,13540250000.0,6918000000.0,5749000000.0,1.022,7.04,-625000000.0,1328000000.0,1328000000.0,6466000000.0,2657000000.0,3.416,0.27,0.0,0.0,0.0,0.0,0.0,1070000000.0,0.0,0.009,0.3,3708000000.0,4778000000.0,0.345,4778000000.0,3708000000.0,3708000000.0,1.87,1.83,1.87,9975000000.0,10972250000.0,9975000000.0,45893106118.0,12.0,9.605,3782000000.0,2.669,1.0,7369000000.0,0.533,1180000000.0,0.0,8134000000.0,9330750000.0,1418000000.0,1863000000.0,1596000000.0,267000000.0,2692000000.0,2025000000.0,667000000.0,46700106118.0,145000000.0,-87000000.0,-4125000000.0,-43000000.0,-425000000.0,-4477000000.0,215000000.0,927000000.0,4407000000.0,0.0,2657000000.0,2657000000.0,2657000000.0,-16000000.0,0.0,0.192,3872000000.0,3497000000.0,657000000.0,0.16,4.682,17.576,17.861,3609000000.0,0.0,33.4,3.376,3.421,1742000000.0,19788000000.0,13835000000.0,13835000000.0,2140000000.0,0.196,0.242,0.397,0.268,280000000.0,1680000000.0,1.0,1398206770.0,1417000000.0,1444000000.0,9.764,11487000000.0,1164000000.0,1051000000.0,102000000.0,8.107,4893000000.0
55,TXN,MRT,2007-09-30,2007-09-30,2007-09-30,2021-07-22,-284000000.0,13724000000.0,13856000000.0,8053000000.0,5671000000.0,0.992,7.86,-644000000.0,807000000.0,807000000.0,6588000000.0,2570000000.0,3.965,0.232,0.0,0.0,0.0,0.0,0.0,985000000.0,0.0,0.007,0.24,3498000000.0,4483000000.0,0.326,4483000000.0,3498000000.0,3498000000.0,1.8,1.77,1.8,11137000000.0,11318500000.0,11137000000.0,51024229700.0,15.0,11.382,3180000000.0,2.244,1.0,7153000000.0,0.521,1146000000.0,0.0,9740000000.0,9700750000.0,1450000000.0,3127000000.0,2862000000.0,265000000.0,2587000000.0,2031000000.0,556000000.0,52290229700.0,-623000000.0,-31000000.0,-3387000000.0,-43000000.0,-345000000.0,-3654000000.0,-790000000.0,-115000000.0,3824000000.0,-3000000.0,2570000000.0,2570000000.0,2570000000.0,-12000000.0,0.0,0.187,3885000000.0,3268000000.0,644000000.0,0.133,4.695,20.346,20.328,3681000000.0,0.0,36.59,3.805,3.773,2023000000.0,19172000000.0,13741000000.0,13741000000.0,2201000000.0,0.185,0.227,0.361,0.255,290000000.0,1684000000.0,1.0,1429085261.0,1417000000.0,1448000000.0,9.697,12578000000.0,1127000000.0,928000000.0,179000000.0,8.876,6022000000.0
56,TXN,MRT,2007-06-30,2007-06-30,2007-06-30,2021-07-22,-284000000.0,14020000000.0,14121250000.0,8220000000.0,5800000000.0,0.98,7.999,-829000000.0,1266000000.0,1266000000.0,6738000000.0,2496000000.0,4.205,0.22,0.0,0.0,0.0,0.0,0.0,1020000000.0,0.0,0.005,0.19,3414000000.0,4434000000.0,0.32,4434000000.0,3414000000.0,3414000000.0,1.72,1.69,1.72,11494000000.0,11541000000.0,11494000000.0,53028480131.0,16.0,11.96,1890000000.0,1.315,1.0,7101000000.0,0.513,1168000000.0,0.0,9631000000.0,9733500000.0,1424000000.0,2569000000.0,2315000000.0,254000000.0,2526000000.0,1955000000.0,571000000.0,53950480131.0,-412000000.0,-27000000.0,-3757000000.0,-43000000.0,-277000000.0,-3951000000.0,826000000.0,1682000000.0,2719000000.0,-6000000.0,2496000000.0,2496000000.0,2496000000.0,-10000000.0,0.0,0.18,3916000000.0,3185000000.0,622000000.0,0.11,4.694,21.615,21.878,3798000000.0,0.0,37.63,3.898,3.907,1897000000.0,18511000000.0,13839000000.0,13839000000.0,2229000000.0,0.177,0.216,0.351,0.247,303000000.0,1687000000.0,1.0,1433709278.0,1437000000.0,1469000000.0,9.63,12852000000.0,1477000000.0,918000000.0,207000000.0,8.944,6265000000.0
57,TXN,MRT,2007-03-31,2007-03-31,2007-03-31,2021-07-22,-355000000.0,13750000000.0,14598250000.0,7833000000.0,5917000000.0,0.967,7.825,1953000000.0,965000000.0,965000000.0,6888000000.0,4273000000.0,4.335,0.219,43000000.0,43000000.0,0.0,43000000.0,0.0,1061000000.0,0.0,0.005,0.14,5240000000.0,6301000000.0,0.446,6301000000.0,5240000000.0,5240000000.0,2.84,2.77,2.84,11283000000.0,11864500000.0,11283000000.0,42307158750.0,8.0,6.714,4413000000.0,3.06,1.0,7224000000.0,0.512,1203000000.0,0.0,9818000000.0,9926750000.0,1409000000.0,2621000000.0,2371000000.0,250000000.0,2467000000.0,1807000000.0,660000000.0,43447158750.0,243000000.0,-55000000.0,-4289000000.0,-275000000.0,-209000000.0,-4646000000.0,2432000000.0,540000000.0,2460000000.0,-3000000.0,4273000000.0,4273000000.0,4273000000.0,-1662000000.0,0.0,0.303,3895000000.0,3329000000.0,550000000.0,0.049,3.851,10.168,10.599,3880000000.0,0.0,30.1,3.079,3.076,1756000000.0,18017000000.0,14112000000.0,14112000000.0,2214000000.0,0.293,0.36,0.528,0.371,285000000.0,1681000000.0,1.0,1443427201.0,1442000000.0,1470000000.0,9.786,12547000000.0,1507000000.0,967000000.0,296000000.0,8.701,6026000000.0
58,TXN,MRT,2006-12-31,2006-12-31,2006-12-31,2021-07-22,-363000000.0,13930000000.0,14670250000.0,7854000000.0,6076000000.0,0.972,7.435,1728000000.0,1183000000.0,1183000000.0,6996000000.0,4341000000.0,3.78,0.226,43000000.0,43000000.0,0.0,43000000.0,0.0,1111000000.0,0.0,0.005,0.13,5328000000.0,6439000000.0,0.452,6439000000.0,5328000000.0,5328000000.0,2.84,2.78,2.84,11360000000.0,11853250000.0,11360000000.0,41348868762.0,8.0,6.422,4191000000.0,2.743,1.0,7259000000.0,0.509,1098000000.0,0.0,9614000000.0,10070500000.0,1437000000.0,2821000000.0,2534000000.0,287000000.0,2570000000.0,2078000000.0,492000000.0,42735868762.0,-31000000.0,-205000000.0,-4884000000.0,-586000000.0,-199000000.0,-5569000000.0,3075000000.0,1568000000.0,2463000000.0,0.0,4341000000.0,4341000000.0,4341000000.0,-1703000000.0,0.0,0.305,3892000000.0,3367000000.0,560000000.0,0.046,3.762,9.845,10.141,3950000000.0,0.0,28.8,2.998,3.087,1774000000.0,17529000000.0,14255000000.0,14255000000.0,2195000000.0,0.296,0.366,0.529,0.374,332000000.0,1697000000.0,1.0,1483884332.0,1528000000.0,1560000000.0,9.329,12832000000.0,1342000000.0,987000000.0,307000000.0,8.398,5776000000.0
59,TXN,MRT,2006-09-30,2006-09-30,2006-09-30,2021-07-22,-45000000.0,14785000000.0,14953500000.0,8621000000.0,6164000000.0,0.944,7.986,1594000000.0,1430000000.0,1430000000.0,6948000000.0,4329000000.0,3.549,0.229,43000000.0,43000000.0,0.0,43000000.0,0.0,1190000000.0,0.0,0.004,0.12,5336000000.0,6526000000.0,0.462,6526000000.0,5336000000.0,5339000000.0,2.79,2.72,2.79,12027000000.0,11997500000.0,12027000000.0,49323454276.0,9.0,7.558,4124000000.0,2.738,1.0,7168000000.0,0.508,1098000000.0,-3000000.0,9871000000.0,10447500000.0,1491000000.0,3024000000.0,2754000000.0,270000000.0,2758000000.0,2429000000.0,329000000.0,50958454276.0,-511000000.0,-205000000.0,-4553000000.0,-312000000.0,-189000000.0,-4952000000.0,1906000000.0,546000000.0,2530000000.0,5000000.0,4329000000.0,4329000000.0,4329000000.0,-1740000000.0,0.0,0.307,3807000000.0,3361000000.0,744000000.0,0.043,4.237,11.771,11.918,3989000000.0,0.0,33.25,3.61,3.547,2089000000.0,16927000000.0,14116000000.0,14116000000.0,2132000000.0,0.289,0.361,0.511,0.378,339000000.0,1675000000.0,1.0,1532585091.0,1506000000.0,1537000000.0,9.373,13687000000.0,1077000000.0,1010000000.0,472000000.0,9.088,6192000000.0
60,TXN,MRT,2006-06-30,2006-06-30,2006-06-30,2021-07-22,-89000000.0,15928000000.0,15003250000.0,9792000000.0,6136000000.0,0.913,8.234,1430000000.0,1678000000.0,1678000000.0,6768000000.0,4258000000.0,3.519,0.246,43000000.0,43000000.0,0.0,43000000.0,0.0,1260000000.0,0.0,0.004,0.115,5181000000.0,6441000000.0,0.47,6441000000.0,5181000000.0,5182000000.0,2.71,2.64,2.71,12788000000.0,11959000000.0,12788000000.0,46788954875.0,9.0,7.264,5048000000.0,3.25,1.0,6926000000.0,0.506,1106000000.0,-1000000.0,10404000000.0,10505750000.0,1335000000.0,4245000000.0,3992000000.0,253000000.0,3140000000.0,2783000000.0,357000000.0,47192954875.0,-450000000.0,-205000000.0,-3276000000.0,-312000000.0,-184000000.0,-3649000000.0,-426000000.0,-1612000000.0,3618000000.0,7000000.0,4258000000.0,4258000000.0,4258000000.0,-1759000000.0,0.0,0.311,3734000000.0,3192000000.0,788000000.0,0.042,3.69,11.083,11.177,3984000000.0,0.0,30.29,3.446,3.435,1929000000.0,16271000000.0,13694000000.0,13694000000.0,2083000000.0,0.284,0.356,0.493,0.378,340000000.0,1651000000.0,1.0,1558037467.0,1553000000.0,1586000000.0,8.818,14822000000.0,1060000000.0,924000000.0,885000000.0,9.544,7009000000.0
61,TXN,MRT,2006-03-31,2006-03-31,2006-03-31,2021-07-22,-82000000.0,14038000000.0,14642750000.0,8077000000.0,5961000000.0,0.886,7.09,-1383000000.0,722000000.0,722000000.0,6523000000.0,2499000000.0,3.855,0.249,318000000.0,0.0,318000000.0,318000000.0,0.0,1332000000.0,0.0,0.003,0.11,3196000000.0,4528000000.0,0.349,4528000000.0,3196000000.0,3195000000.0,1.55,1.52,1.55,11238000000.0,11627750000.0,11238000000.0,51405136074.0,16.0,11.353,2422000000.0,1.528,1.0,6445000000.0,0.497,1146000000.0,1000000.0,10393000000.0,10285250000.0,1246000000.0,3182000000.0,2942000000.0,240000000.0,2800000000.0,2095000000.0,705000000.0,51963136074.0,-1129000000.0,-219000000.0,-3552000000.0,-47000000.0,-178000000.0,-3711000000.0,-1236000000.0,421000000.0,3805000000.0,13000000.0,2499000000.0,2499000000.0,2499000000.0,-155000000.0,0.0,0.193,3604000000.0,2841000000.0,720000000.0,0.071,4.624,20.794,20.948,3868000000.0,0.0,32.47,4.007,3.969,1798000000.0,13930000000.0,12968000000.0,12968000000.0,2032000000.0,0.171,0.215,0.311,0.246,261000000.0,1572000000.0,1.0,1600342965.0,1585000000.0,1618000000.0,8.182,12892000000.0,1016000000.0,696000000.0,297000000.0,8.134,5982000000.0
62,TXN,MRT,2005-12-31,2005-12-31,2005-12-31,2021-07-22,-16000000.0,15063000000.0,14894500000.0,9412000000.0,5651000000.0,0.828,7.279,-1246000000.0,1214000000.0,1214000000.0,6319000000.0,2324000000.0,3.96,0.262,630000000.0,301000000.0,329000000.0,630000000.0,0.0,1401000000.0,0.0,0.003,0.105,2906000000.0,4307000000.0,0.349,4307000000.0,2906000000.0,2906000000.0,1.42,1.39,1.42,11937000000.0,11794250000.0,11937000000.0,50302953007.0,17.0,11.679,2526000000.0,1.54,1.0,6016000000.0,0.488,980000000.0,0.0,11122000000.0,10256500000.0,1185000000.0,4352000000.0,4116000000.0,236000000.0,3126000000.0,2377000000.0,749000000.0,51890953007.0,-1449000000.0,0.0,-3690000000.0,264000000.0,-173000000.0,-3540000000.0,-1687000000.0,-385000000.0,3772000000.0,6000000.0,2324000000.0,2324000000.0,2324000000.0,-151000000.0,0.0,0.188,3457000000.0,2559000000.0,702000000.0,0.074,4.347,22.328,22.585,3730000000.0,0.0,32.07,4.207,4.264,1648000000.0,13394000000.0,12335000000.0,12335000000.0,1986000000.0,0.156,0.197,0.283,0.236,175000000.0,1471000000.0,1.0,1618052791.0,1640000000.0,1671000000.0,7.521,14083000000.0,1012000000.0,582000000.0,177000000.0,8.587,7035000000.0
63,TXN,MRT,2005-09-30,2005-09-30,2005-09-30,2021-07-22,-173000000.0,14984000000.0,15203500000.0,9131000000.0,5853000000.0,0.733,7.311,-1085000000.0,1946000000.0,1946000000.0,5812000000.0,2160000000.0,4.065,0.262,358000000.0,303000000.0,55000000.0,358000000.0,0.0,1693000000.0,0.0,0.003,0.1,2581000000.0,4274000000.0,0.384,4274000000.0,2581000000.0,2554000000.0,1.3,1.28,1.3,11873000000.0,12075750000.0,11873000000.0,53249489276.0,21.0,12.459,3084000000.0,1.899,1.0,5325000000.0,0.478,1046000000.0,27000000.0,10104000000.0,10217500000.0,1158000000.0,3539000000.0,3305000000.0,234000000.0,3111000000.0,2246000000.0,865000000.0,55021489276.0,272000000.0,0.0,-3242000000.0,-11000000.0,-169000000.0,-3380000000.0,-529000000.0,645000000.0,4169000000.0,12000000.0,2160000000.0,2160000000.0,2160000000.0,-289000000.0,0.0,0.194,3289000000.0,2036000000.0,796000000.0,0.077,4.634,25.473,26.077,3865000000.0,0.0,33.9,4.94,4.943,1915000000.0,12787000000.0,11137000000.0,11137000000.0,1948000000.0,0.142,0.179,0.253,0.232,94000000.0,1341000000.0,1.0,1623052781.0,1624000000.0,1663000000.0,6.858,13938000000.0,994000000.0,394000000.0,115000000.0,8.583,6885000000.0
64,TXN,MRT,2005-06-30,2005-06-30,2005-06-30,2021-07-22,-174000000.0,14486000000.0,15491750000.0,8499000000.0,5987000000.0,0.713,7.02,-975000000.0,2133000000.0,2133000000.0,5924000000.0,2092000000.0,4.028,0.264,361000000.0,306000000.0,55000000.0,361000000.0,0.0,1694000000.0,0.0,0.003,0.096,2451000000.0,4145000000.0,0.375,4145000000.0,2451000000.0,2426000000.0,1.24,1.22,1.24,11463000000.0,12331500000.0,11463000000.0,45173967283.0,18.0,10.898,2622000000.0,1.606,1.0,5124000000.0,0.464,1082000000.0,25000000.0,9522000000.0,10725500000.0,1202000000.0,2610000000.0,2345000000.0,265000000.0,3023000000.0,2110000000.0,913000000.0,46656967283.0,510000000.0,0.0,-2999000000.0,-416000000.0,-164000000.0,-3579000000.0,476000000.0,1530000000.0,3597000000.0,16000000.0,2092000000.0,2092000000.0,2092000000.0,-254000000.0,0.0,0.189,3192000000.0,1932000000.0,1479000000.0,0.077,4.07,22.303,22.637,3757000000.0,0.0,28.07,4.223,4.149,1902000000.0,12197000000.0,11048000000.0,11048000000.0,1910000000.0,0.135,0.17,0.229,0.222,28000000.0,1282000000.0,1.0,1662164848.0,1633000000.0,1669000000.0,6.765,13404000000.0,1165000000.0,334000000.0,290000000.0,8.208,6389000000.0
65,TXN,MRT,2005-03-31,2005-03-31,2005-03-31,2021-07-22,-191000000.0,15045000000.0,15882750000.0,9071000000.0,5974000000.0,0.713,6.998,-1126000000.0,1856000000.0,1856000000.0,6139000000.0,1905000000.0,4.136,0.264,373000000.0,318000000.0,55000000.0,373000000.0,0.0,1674000000.0,0.0,0.004,0.093,2371000000.0,4045000000.0,0.357,4045000000.0,2371000000.0,2348000000.0,1.11,1.09,1.11,11904000000.0,12575250000.0,11904000000.0,41587249329.0,18.0,10.281,2151000000.0,1.265,1.0,5179000000.0,0.458,1091000000.0,23000000.0,10278000000.0,11383000000.0,1245000000.0,3544000000.0,3284000000.0,260000000.0,3141000000.0,2193000000.0,948000000.0,43876249329.0,241000000.0,42000000.0,-1867000000.0,-434000000.0,-160000000.0,-2461000000.0,-586000000.0,555000000.0,3277000000.0,11000000.0,1905000000.0,1905000000.0,1905000000.0,-210000000.0,0.0,0.168,3257000000.0,1922000000.0,1573000000.0,0.084,3.686,23.032,22.964,3845000000.0,0.0,25.49,3.877,3.831,1696000000.0,11610000000.0,11318000000.0,11318000000.0,1939000000.0,0.12,0.151,0.208,0.209,23000000.0,1318000000.0,1.0,1721312253.0,1701000000.0,1735000000.0,6.654,13954000000.0,1034000000.0,443000000.0,302000000.0,8.203,6878000000.0
66,TXN,MRT,2004-12-31,2004-12-31,2004-12-31,2021-07-22,-183000000.0,16299000000.0,16067750000.0,10136000000.0,6163000000.0,0.719,7.551,-1260000000.0,2668000000.0,2668000000.0,6295000000.0,1861000000.0,5.265,0.248,379000000.0,11000000.0,368000000.0,379000000.0,0.0,1637000000.0,0.0,0.004,0.089,2363000000.0,4000000000.0,0.346,4000000000.0,2363000000.0,2342000000.0,1.08,1.05,1.08,13063000000.0,12620500000.0,13063000000.0,41250509364.0,17.0,10.313,1886000000.0,1.09,1.0,5257000000.0,0.455,1119000000.0,21000000.0,10966000000.0,11781500000.0,1256000000.0,3954000000.0,3690000000.0,264000000.0,3236000000.0,1925000000.0,1311000000.0,42541509364.0,850000000.0,0.0,-561000000.0,-435000000.0,-154000000.0,-1150000000.0,-1161000000.0,145000000.0,3146000000.0,15000000.0,1861000000.0,1861000000.0,1861000000.0,-170000000.0,0.0,0.161,3297000000.0,1960000000.0,552000000.0,0.082,3.257,22.859,22.796,3918000000.0,0.0,24.62,3.683,3.687,1696000000.0,11242000000.0,11552000000.0,11552000000.0,1946000000.0,0.116,0.147,0.201,0.205,18000000.0,1351000000.0,1.0,1727924832.0,1730000000.0,1768000000.0,6.677,15180000000.0,1003000000.0,481000000.0,243000000.0,8.775,8211000000.0
67,TXN,MRT,2004-09-30,2004-09-30,2004-09-30,2021-07-22,-170000000.0,16137000000.0,15870500000.0,8299000000.0,7838000000.0,0.769,7.454,-1360000000.0,1674000000.0,1674000000.0,6711000000.0,1884000000.0,4.386,0.251,383000000.0,10000000.0,373000000.0,383000000.0,0.0,1556000000.0,0.0,0.004,0.085,2453000000.0,4009000000.0,0.329,4009000000.0,2453000000.0,2414000000.0,1.08,1.07,1.08,12896000000.0,12320750000.0,12896000000.0,36004332030.0,15.0,8.981,1548000000.0,0.895,1.0,5486000000.0,0.45,818000000.0,39000000.0,12136000000.0,11820000000.0,1356000000.0,4191000000.0,2312000000.0,1879000000.0,3241000000.0,1892000000.0,1349000000.0,36837332030.0,731000000.0,0.0,-305000000.0,-437000000.0,-146000000.0,-888000000.0,-1294000000.0,66000000.0,2908000000.0,5000000.0,1884000000.0,1884000000.0,1884000000.0,0.0,0.0,0.154,3325000000.0,2161000000.0,1550000000.0,0.079,2.856,19.553,19.704,4119000000.0,0.0,21.28,3.02,3.018,1965000000.0,10795000000.0,12197000000.0,12197000000.0,1939000000.0,0.119,0.153,0.208,0.201,29000000.0,1386000000.0,1.0,1731077633.0,1730000000.0,,7.05,15319000000.0,927000000.0,530000000.0,187000000.0,8.855,6407000000.0
68,TXN,MRT,2004-06-30,2004-06-30,2004-06-30,2021-07-22,-178000000.0,16050000000.0,15607750000.0,8107000000.0,7943000000.0,0.736,7.181,-1263000000.0,1623000000.0,1623000000.0,6453000000.0,1768000000.0,3.629,0.29,790000000.0,415000000.0,375000000.0,790000000.0,0.0,1534000000.0,0.0,0.004,0.085,2122000000.0,3656000000.0,0.318,3656000000.0,2122000000.0,2083000000.0,1.01,1.0,1.01,12438000000.0,11953750000.0,12438000000.0,41072063407.0,19.0,11.234,1213000000.0,0.7,1.0,5027000000.0,0.438,831000000.0,39000000.0,12152000000.0,11766750000.0,1285000000.0,4165000000.0,2311000000.0,1854000000.0,3612000000.0,2234000000.0,1378000000.0,41858063407.0,604000000.0,-128000000.0,-255000000.0,-65000000.0,-147000000.0,-467000000.0,-1401000000.0,-10000000.0,2476000000.0,-4000000.0,1768000000.0,1768000000.0,1768000000.0,0.0,0.0,0.154,3274000000.0,1753000000.0,1601000000.0,0.084,3.365,23.675,23.941,4177000000.0,0.0,24.18,3.646,3.648,1930000000.0,10269000000.0,11480000000.0,11480000000.0,1924000000.0,0.113,0.148,0.18,0.185,15000000.0,1350000000.0,1.0,1731102705.0,1732000000.0,,6.628,15219000000.0,963000000.0,315000000.0,94000000.0,8.787,5873000000.0
69,TXN,MRT,2004-03-31,2004-03-31,2004-03-31,2021-07-22,-164000000.0,15785000000.0,15253750000.0,7998000000.0,7787000000.0,0.693,6.973,-1069000000.0,1615000000.0,1615000000.0,6155000000.0,1448000000.0,3.508,0.306,829000000.0,435000000.0,394000000.0,829000000.0,0.0,1527000000.0,0.0,0.003,0.085,1651000000.0,3178000000.0,0.3,3178000000.0,1651000000.0,1612000000.0,0.83,0.82,0.83,12085000000.0,11579750000.0,12085000000.0,49634187401.0,30.0,15.618,1279000000.0,0.738,1.0,4423000000.0,0.418,847000000.0,39000000.0,11872000000.0,11742000000.0,1148000000.0,4138000000.0,2522000000.0,1616000000.0,3700000000.0,2280000000.0,1420000000.0,50620187401.0,526000000.0,-128000000.0,-225000000.0,-166000000.0,-147000000.0,-538000000.0,-1272000000.0,-75000000.0,2348000000.0,-12000000.0,1448000000.0,1448000000.0,1448000000.0,0.0,0.0,0.137,3137000000.0,1286000000.0,1553000000.0,0.102,4.189,34.959,35.205,4188000000.0,0.0,29.22,4.785,4.787,1678000000.0,9865000000.0,10578000000.0,10578000000.0,1834000000.0,0.095,0.125,0.141,0.156,15000000.0,1303000000.0,1.0,1732381499.0,1733000000.0,,6.104,14938000000.0,1014000000.0,164000000.0,267000000.0,8.62,5718000000.0
70,TXN,MRT,2003-12-31,2003-12-31,2003-12-31,2021-07-22,-159000000.0,15510000000.0,14906250000.0,7709000000.0,7801000000.0,0.66,6.854,-800000000.0,1818000000.0,1818000000.0,5872000000.0,1198000000.0,3.504,0.307,832000000.0,437000000.0,395000000.0,832000000.0,0.0,1525000000.0,0.0,0.003,0.085,1289000000.0,2814000000.0,0.286,2814000000.0,1289000000.0,1250000000.0,0.69,0.68,0.69,11864000000.0,11240750000.0,11864000000.0,50738772901.0,39.0,18.031,1351000000.0,0.78,1.0,3962000000.0,0.403,1204000000.0,39000000.0,11120000000.0,11728750000.0,984000000.0,4111000000.0,2511000000.0,1600000000.0,3646000000.0,2200000000.0,1446000000.0,50845772901.0,869000000.0,-128000000.0,-127000000.0,-426000000.0,-147000000.0,-439000000.0,-842000000.0,86000000.0,2151000000.0,-1000000.0,1198000000.0,1198000000.0,1198000000.0,0.0,0.0,0.122,2997000000.0,965000000.0,1496000000.0,0.123,4.286,42.442,42.58,4132000000.0,0.0,29.38,5.17,5.172,1451000000.0,9535000000.0,9834000000.0,9834000000.0,1748000000.0,0.08,0.107,0.11,0.131,15000000.0,1249000000.0,1.0,1730625354.0,1731000000.0,1766000000.0,5.681,14306000000.0,1075000000.0,52000000.0,309000000.0,8.265,5509000000.0
71,TXN,MRT,2003-09-30,2003-09-30,2003-09-30,2021-07-22,-105000000.0,15086000000.0,14698500000.0,6794000000.0,8292000000.0,0.627,6.601,-763000000.0,943000000.0,943000000.0,5672000000.0,96000000.0,3.132,0.32,836000000.0,434000000.0,402000000.0,836000000.0,0.0,1455000000.0,0.0,0.004,0.085,179000000.0,1634000000.0,0.177,1634000000.0,179000000.0,122000000.0,0.06,0.05,0.06,11428000000.0,10958250000.0,11428000000.0,39330533470.0,220.0,24.07,1065000000.0,0.615,1.0,3538000000.0,0.384,887000000.0,57000000.0,11923000000.0,12005750000.0,995000000.0,4279000000.0,2360000000.0,1919000000.0,3658000000.0,2169000000.0,1489000000.0,39472533470.0,-21000000.0,-128000000.0,-109000000.0,-426000000.0,-147000000.0,-421000000.0,-1438000000.0,-547000000.0,1828000000.0,10000000.0,96000000.0,96000000.0,96000000.0,0.0,0.0,0.01,2944000000.0,594000000.0,1436000000.0,1.417,3.454,411.172,380.0,4241000000.0,0.0,22.8,4.286,4.286,1522000000.0,9059000000.0,9210000000.0,9210000000.0,1712000000.0,0.007,0.009,0.015,0.019,0.0,1232000000.0,1.0,1731251468.0,1731251468.0,,5.32,14199000000.0,1188000000.0,26000000.0,371000000.0,8.202,4625000000.0
72,TXN,MRT,2003-06-30,2003-06-30,2003-06-30,2021-07-22,-207000000.0,14634000000.0,14651750000.0,6447000000.0,8187000000.0,0.609,6.327,-799000000.0,1019000000.0,1019000000.0,5582000000.0,-163000000.0,3.929,0.337,877000000.0,68000000.0,809000000.0,877000000.0,0.0,1489000000.0,0.0,0.005,0.085,-53000000.0,1436000000.0,0.161,1436000000.0,-53000000.0,-110000000.0,-0.09,-0.09,-0.09,10942000000.0,10874250000.0,10942000000.0,30346372739.0,-573.0,21.133,1084000000.0,0.627,1.0,3343000000.0,0.375,798000000.0,57000000.0,12053000000.0,12184000000.0,1000000000.0,4088000000.0,2075000000.0,2013000000.0,3692000000.0,1641000000.0,2051000000.0,30435372739.0,532000000.0,0.0,-131000000.0,-408000000.0,-147000000.0,-425000000.0,-942000000.0,-143000000.0,1883000000.0,16000000.0,-163000000.0,-163000000.0,-163000000.0,0.0,0.0,-0.018,2889000000.0,454000000.0,1295000000.0,-0.944,2.782,-186.72,-195.556,4376000000.0,0.0,17.6,3.41,3.41,1440000000.0,8648000000.0,8925000000.0,8925000000.0,1659000000.0,-0.011,-0.015,-0.004,-0.006,0.0,1230000000.0,1.0,1729282542.0,1729282542.0,,5.161,13836000000.0,1115000000.0,53000000.0,351000000.0,8.001,4806000000.0
73,TXN,MRT,2003-03-31,2003-03-31,2003-03-31,2021-07-22,-328000000.0,14395000000.0,14740500000.0,6122000000.0,8273000000.0,0.593,6.2,-814000000.0,1089000000.0,1089000000.0,5426000000.0,-189000000.0,3.648,0.342,1000000000.0,168000000.0,832000000.0,1000000000.0,0.0,1523000000.0,0.0,0.005,0.085,-87000000.0,1436000000.0,0.164,1436000000.0,-87000000.0,-144000000.0,-0.11,-0.11,-0.11,10729000000.0,10982750000.0,10729000000.0,28632503682.0,-329.0,19.939,1078000000.0,0.623,1.0,3322000000.0,0.38,809000000.0,57000000.0,11819000000.0,12471000000.0,882000000.0,3773000000.0,1847000000.0,1926000000.0,3666000000.0,1678000000.0,1988000000.0,28326503682.0,776000000.0,-69000000.0,-175000000.0,-298000000.0,-147000000.0,-359000000.0,-782000000.0,101000000.0,1892000000.0,25000000.0,-189000000.0,-189000000.0,-189000000.0,0.0,0.0,-0.022,2838000000.0,484000000.0,1170000000.0,-0.773,2.64,-149.876,-148.818,4576000000.0,0.0,16.37,3.238,3.238,1365000000.0,8564000000.0,8748000000.0,8748000000.0,1639000000.0,-0.013,-0.017,-0.007,-0.01,0.0,1199000000.0,1.0,1730391184.0,1730391184.0,,5.056,13586000000.0,1182000000.0,45000000.0,427000000.0,7.851,4444000000.0
74,TXN,MRT,2002-12-31,2002-12-31,2002-12-31,2021-07-22,-262000000.0,14679000000.0,15026250000.0,6126000000.0,8553000000.0,0.558,6.194,-802000000.0,949000000.0,949000000.0,5313000000.0,-344000000.0,3.168,0.368,1255000000.0,422000000.0,833000000.0,1255000000.0,0.0,1574000000.0,0.0,0.006,0.085,-289000000.0,1285000000.0,0.153,1285000000.0,-289000000.0,-346000000.0,-0.2,-0.2,-0.2,10734000000.0,11262500000.0,10734000000.0,26273398754.0,-91.0,20.446,1190000000.0,0.687,1.0,3070000000.0,0.366,823000000.0,57000000.0,12228000000.0,13091250000.0,790000000.0,4001000000.0,2063000000.0,1938000000.0,3945000000.0,1934000000.0,2011000000.0,25982398754.0,518000000.0,-69000000.0,-203000000.0,-29000000.0,-147000000.0,-379000000.0,-1109000000.0,-238000000.0,1992000000.0,14000000.0,-344000000.0,-344000000.0,-344000000.0,0.0,0.0,-0.041,2782000000.0,288000000.0,1204000000.0,-0.425,2.421,-75.53,-75.05,4794000000.0,0.0,15.01,3.099,3.103,1217000000.0,8484000000.0,8383000000.0,8383000000.0,1619000000.0,-0.023,-0.031,-0.022,-0.034,0.0,1163000000.0,1.0,1731005913.0,1733000000.0,1733000000.0,4.837,13856000000.0,1163000000.0,-2000000.0,422000000.0,7.995,4192000000.0
75,TXN,MRT,2002-09-30,2002-09-30,2002-09-30,2021-07-22,-529000000.0,14899000000.0,15301250000.0,5719000000.0,9180000000.0,0.524,6.398,-802000000.0,964000000.0,964000000.0,5307000000.0,129000000.0,3.312,0.343,1255000000.0,171000000.0,1084000000.0,1255000000.0,0.0,1631000000.0,0.0,0.006,0.085,-46000000.0,1585000000.0,0.198,1585000000.0,-46000000.0,-46000000.0,0.07,0.07,0.07,11092000000.0,11548750000.0,11092000000.0,26371294010.0,-573.0,16.638,1226000000.0,0.707,1.0,2717000000.0,0.339,827000000.0,0.0,12636000000.0,13601500000.0,823000000.0,3680000000.0,1624000000.0,2056000000.0,3807000000.0,1727000000.0,2080000000.0,25606294010.0,577000000.0,-69000000.0,-196000000.0,-30000000.0,-147000000.0,-373000000.0,-1017000000.0,-146000000.0,2028000000.0,-61000000.0,129000000.0,129000000.0,129000000.0,0.0,0.0,0.016,2765000000.0,-48000000.0,1332000000.0,1.214,2.309,198.498,211.0,4959000000.0,0.0,14.77,3.191,3.191,1503000000.0,9109000000.0,8024000000.0,8024000000.0,1589000000.0,0.008,0.011,-0.003,-0.006,0.0,1176000000.0,1.0,1733669195.0,1733669195.0,,4.628,14072000000.0,1257000000.0,-175000000.0,279000000.0,8.117,3992000000.0
76,TXN,MRT,2002-06-30,2002-06-30,2002-06-30,2021-07-22,-150000000.0,14989000000.0,15387500000.0,5644000000.0,9345000000.0,0.496,6.559,-845000000.0,487000000.0,487000000.0,5318000000.0,-176000000.0,3.306,0.318,1252000000.0,155000000.0,1097000000.0,1252000000.0,0.0,1655000000.0,0.0,0.004,0.085,-421000000.0,1234000000.0,0.162,1234000000.0,-421000000.0,-421000000.0,-0.11,-0.11,-0.11,11376000000.0,11662750000.0,11376000000.0,42044226059.0,-100.0,34.071,952000000.0,0.549,1.0,2307000000.0,0.303,846000000.0,0.0,13201000000.0,13869500000.0,820000000.0,4448000000.0,1983000000.0,2465000000.0,3613000000.0,1707000000.0,1906000000.0,41105226059.0,-55000000.0,-69000000.0,-259000000.0,-18000000.0,-147000000.0,-424000000.0,-1442000000.0,-528000000.0,1797000000.0,14000000.0,-176000000.0,-176000000.0,-176000000.0,0.0,0.0,-0.023,2709000000.0,-402000000.0,1230000000.0,-0.773,3.613,-233.552,-215.455,5084000000.0,0.0,23.7,5.391,5.391,1535000000.0,8958000000.0,7625000000.0,7625000000.0,1532000000.0,-0.011,-0.015,-0.03,-0.055,0.0,1177000000.0,1.0,1734397724.0,1734397724.0,,4.396,14143000000.0,922000000.0,-245000000.0,280000000.0,8.154,3937000000.0
77,TXN,MRT,2002-03-31,2002-03-31,2002-03-31,2021-07-22,345000000.0,15538000000.0,15815750000.0,5492000000.0,10046000000.0,0.474,6.824,-1010000000.0,313000000.0,313000000.0,5535000000.0,-468000000.0,3.822,0.311,1252000000.0,46000000.0,1206000000.0,1252000000.0,0.0,1652000000.0,0.0,0.003,0.085,-794000000.0,858000000.0,0.114,858000000.0,-794000000.0,-794000000.0,-0.27,-0.27,-0.27,11848000000.0,11985500000.0,11848000000.0,58287810852.0,-73.0,67.935,986000000.0,0.568,1.0,1965000000.0,0.262,740000000.0,0.0,14300000000.0,14298750000.0,768000000.0,5398000000.0,2302000000.0,3096000000.0,3690000000.0,1437000000.0,2253000000.0,57469810852.0,9000000.0,0.0,-307000000.0,-19000000.0,-147000000.0,-473000000.0,-1510000000.0,-500000000.0,1996000000.0,-4000000.0,-468000000.0,-468000000.0,-468000000.0,0.0,0.0,-0.062,2820000000.0,-855000000.0,1104000000.0,-0.315,4.851,-122.799,-122.593,5301000000.0,0.0,33.1,7.663,7.663,1249000000.0,8900000000.0,7500000000.0,7500000000.0,1540000000.0,-0.03,-0.039,-0.056,-0.106,0.0,1280000000.0,1.0,1736248062.0,1736248062.0,,4.32,14798000000.0,873000000.0,-326000000.0,588000000.0,8.523,4055000000.0
78,TXN,MRT,2001-12-31,2001-12-31,2001-12-31,2021-07-22,269000000.0,15779000000.0,16241750000.0,5775000000.0,10004000000.0,0.505,6.858,-1790000000.0,431000000.0,431000000.0,5824000000.0,-201000000.0,3.655,0.328,1249000000.0,38000000.0,1211000000.0,1249000000.0,0.0,1599000000.0,0.0,0.003,0.085,-426000000.0,1173000000.0,0.143,1173000000.0,-426000000.0,-426000000.0,-0.12,-0.12,-0.12,11879000000.0,12274000000.0,11879000000.0,49378568640.0,-116.0,42.096,29000000.0,0.017,1.0,2377000000.0,0.29,748000000.0,0.0,14269000000.0,14587500000.0,751000000.0,5134000000.0,2513000000.0,2621000000.0,3900000000.0,1580000000.0,2320000000.0,48501568640.0,-314000000.0,0.0,-212000000.0,-132000000.0,-147000000.0,-491000000.0,-1626000000.0,164000000.0,1819000000.0,-16000000.0,-201000000.0,-201000000.0,-201000000.0,0.0,0.0,-0.025,2959000000.0,-582000000.0,1205000000.0,-0.708,4.083,-241.301,-233.333,5589000000.0,0.0,28.0,5.914,5.914,1078000000.0,8975000000.0,8201000000.0,8201000000.0,1598000000.0,-0.012,-0.016,-0.029,-0.052,0.0,1361000000.0,1.0,1732198880.0,1732198880.0,,4.734,15031000000.0,975000000.0,-225000000.0,658000000.0,8.677,4195000000.0
79,TXN,MRT,2001-09-30,2001-09-30,2001-09-30,2021-07-22,-190000000.0,15244000000.0,16727000000.0,6104000000.0,9140000000.0,0.565,6.657,-2527000000.0,387000000.0,387000000.0,6028000000.0,581000000.0,3.766,0.32,1264000000.0,42000000.0,1222000000.0,1264000000.0,0.0,1492000000.0,0.0,0.003,0.085,713000000.0,2205000000.0,0.233,2205000000.0,713000000.0,713000000.0,0.33,0.32,0.33,11548000000.0,12451250000.0,11548000000.0,44033589999.0,62.0,19.97,-886000000.0,-0.511,1.0,3418000000.0,0.362,792000000.0,0.0,13708000000.0,14661500000.0,900000000.0,3997000000.0,2605000000.0,1392000000.0,3696000000.0,1621000000.0,2075000000.0,43330589999.0,-551000000.0,107000000.0,-170000000.0,-163000000.0,-148000000.0,-742000000.0,-1511000000.0,909000000.0,1641000000.0,61000000.0,581000000.0,581000000.0,581000000.0,0.0,0.0,0.062,3118000000.0,300000000.0,1367000000.0,0.258,3.752,74.579,75.697,5830000000.0,0.0,24.98,4.587,4.587,1449000000.0,9128000000.0,9446000000.0,9446000000.0,1657000000.0,0.035,0.047,0.049,0.075,0.0,1461000000.0,1.0,1734611289.0,1734611289.0,,5.446,14452000000.0,845000000.0,132000000.0,362000000.0,8.332,4483000000.0
80,TXN,MRT,2001-06-30,2001-06-30,2001-06-30,2021-07-22,684000000.0,16702000000.0,17500750000.0,6278000000.0,10424000000.0,0.614,7.297,-2800000000.0,542000000.0,542000000.0,6241000000.0,1374000000.0,3.786,0.319,1245000000.0,43000000.0,1202000000.0,1245000000.0,0.0,1397000000.0,0.0,0.003,0.085,2010000000.0,3407000000.0,0.317,3407000000.0,2010000000.0,2010000000.0,0.79,0.77,0.79,12667000000.0,12674500000.0,12667000000.0,56347903221.0,28.0,16.539,-1148000000.0,-0.661,1.0,4505000000.0,0.419,829000000.0,0.0,14918000000.0,14967500000.0,1082000000.0,5222000000.0,2472000000.0,2750000000.0,4035000000.0,1658000000.0,2377000000.0,55377903221.0,-1051000000.0,104000000.0,-57000000.0,-372000000.0,-146000000.0,-836000000.0,-1843000000.0,853000000.0,1652000000.0,-24000000.0,1374000000.0,1374000000.0,1374000000.0,0.0,0.0,0.128,3434000000.0,1071000000.0,1385000000.0,0.108,4.372,40.304,40.38,5943000000.0,0.0,31.9,5.153,5.153,1666000000.0,9282000000.0,10746000000.0,10746000000.0,1832000000.0,0.079,0.108,0.134,0.187,0.0,1602000000.0,1.0,1735984427.0,1735984427.0,,6.19,15873000000.0,645000000.0,636000000.0,637000000.0,9.144,4620000000.0
81,TXN,MRT,2001-03-31,2001-03-31,2001-03-31,2021-07-22,718000000.0,17242000000.0,18214750000.0,6904000000.0,10338000000.0,0.639,7.497,-3015000000.0,304000000.0,304000000.0,6204000000.0,2867000000.0,3.666,0.326,1274000000.0,46000000.0,1228000000.0,1274000000.0,0.0,1298000000.0,0.0,0.003,0.085,4237000000.0,5535000000.0,0.475,5535000000.0,4237000000.0,4237000000.0,1.66,1.6,1.66,13002000000.0,12675250000.0,13002000000.0,54345030330.0,13.0,9.818,-1212000000.0,-0.699,1.0,5437000000.0,0.467,874000000.0,0.0,15455000000.0,15240500000.0,1180000000.0,5446000000.0,2785000000.0,2661000000.0,4240000000.0,1883000000.0,2357000000.0,53726030330.0,-770000000.0,104000000.0,94000000.0,-370000000.0,-143000000.0,-680000000.0,-1869000000.0,1042000000.0,1803000000.0,-24000000.0,2867000000.0,2867000000.0,2867000000.0,0.0,0.0,0.246,3423000000.0,2014000000.0,795000000.0,0.051,4.132,18.739,18.663,5993000000.0,0.0,30.98,4.615,4.615,1948000000.0,9517000000.0,11641000000.0,11641000000.0,1807000000.0,0.157,0.226,0.278,0.364,0.0,1616000000.0,1.0,1734216602.0,1734216602.0,,6.713,16368000000.0,663000000.0,1370000000.0,495000000.0,9.438,5021000000.0
82,TXN,MRT,2000-12-31,2000-12-31,2000-12-31,2021-07-22,574000000.0,17720000000.0,18279250000.0,8115000000.0,9605000000.0,0.65,7.277,-2762000000.0,745000000.0,745000000.0,6120000000.0,3058000000.0,2.885,0.408,1364000000.0,148000000.0,1216000000.0,1364000000.0,0.0,1216000000.0,0.0,0.002,0.085,4549000000.0,5765000000.0,0.485,5765000000.0,4549000000.0,4549000000.0,1.78,1.71,1.78,12588000000.0,12224500000.0,12588000000.0,82443906580.0,18.0,14.301,-577000000.0,-0.334,1.0,5755000000.0,0.485,961000000.0,0.0,14565000000.0,15172500000.0,1233000000.0,5658000000.0,3258000000.0,2400000000.0,5132000000.0,2813000000.0,2319000000.0,81964906580.0,-36000000.0,104000000.0,87000000.0,-53000000.0,-141000000.0,-368000000.0,-1824000000.0,834000000.0,2185000000.0,-29000000.0,3058000000.0,3058000000.0,3058000000.0,0.0,0.0,0.258,3416000000.0,2339000000.0,1921000000.0,0.048,6.511,26.803,26.618,5447000000.0,0.0,47.38,6.902,6.902,2204000000.0,9323000000.0,11875000000.0,11875000000.0,1747000000.0,0.167,0.25,0.3,0.383,0.0,1669000000.0,1.0,1729947374.0,1729947374.0,,6.864,16759000000.0,701000000.0,1491000000.0,792000000.0,9.688,5302000000.0
83,TXN,MRT,2000-09-30,2000-09-30,2000-09-30,2021-07-22,1151000000.0,18339000000.0,17706000000.0,8708000000.0,9631000000.0,0.648,7.584,-2300000000.0,938000000.0,938000000.0,5886000000.0,2838000000.0,3.035,0.474,1417000000.0,204000000.0,1213000000.0,1417000000.0,0.0,1874000000.0,0.0,0.002,0.086,4248000000.0,6122000000.0,0.533,6122000000.0,4248000000.0,4248000000.0,1.66,1.59,1.66,12441000000.0,11472000000.0,12441000000.0,77944117728.0,18.0,12.732,336000000.0,0.205,1.0,5594000000.0,0.487,1017000000.0,0.0,14932000000.0,14750500000.0,1122000000.0,6914000000.0,3617000000.0,3297000000.0,5898000000.0,2869000000.0,3029000000.0,77923117728.0,527000000.0,-3000000.0,45000000.0,-26000000.0,-138000000.0,-119000000.0,-1943000000.0,360000000.0,2636000000.0,-47000000.0,2838000000.0,2838000000.0,2838000000.0,0.0,0.0,0.247,3367000000.0,2227000000.0,828000000.0,0.052,6.263,27.457,28.614,4855000000.0,0.0,47.5,6.788,6.788,2362000000.0,8727000000.0,11480000000.0,11480000000.0,1639000000.0,0.16,0.247,0.288,0.37,0.0,1728000000.0,1.0,1640486689.0,1640486689.0,,6.998,17322000000.0,622000000.0,1410000000.0,822000000.0,10.559,5839000000.0
84,TXN,MRT,2000-06-30,2000-06-30,2000-06-30,2021-07-22,3093000000.0,19558000000.0,16420750000.0,7887000000.0,11671000000.0,0.661,7.743,-2085000000.0,1330000000.0,1330000000.0,5556000000.0,2564000000.0,2.542,0.544,1351000000.0,385000000.0,966000000.0,1351000000.0,0.0,1555000000.0,0.0,0.001,0.086,3772000000.0,5327000000.0,0.491,5327000000.0,3772000000.0,3772000000.0,1.51,1.44,1.51,12670000000.0,10342500000.0,12670000000.0,113104786675.0,30.0,21.232,950000000.0,0.581,1.0,5290000000.0,0.488,466000000.0,0.0,16010000000.0,13990500000.0,1019000000.0,9049000000.0,2768000000.0,6281000000.0,6888000000.0,3103000000.0,3785000000.0,112403786675.0,1177000000.0,-87000000.0,-24000000.0,381000000.0,-136000000.0,221000000.0,-2025000000.0,147000000.0,3035000000.0,-54000000.0,2564000000.0,2564000000.0,2564000000.0,0.0,0.0,0.236,3129000000.0,2161000000.0,757000000.0,0.057,8.872,43.839,45.49,4488000000.0,0.0,68.69,10.364,10.364,2098000000.0,7813000000.0,10846000000.0,10846000000.0,1456000000.0,0.156,0.248,0.27,0.348,0.0,1673000000.0,1.0,1636392294.0,1636392294.0,,6.628,19092000000.0,605000000.0,1208000000.0,1762000000.0,11.667,4784000000.0
85,TXN,MRT,2000-03-31,2000-03-31,2000-03-31,2021-07-22,2977000000.0,17500000000.0,14293000000.0,5974000000.0,11526000000.0,0.721,6.875,-1839000000.0,675000000.0,675000000.0,5292000000.0,1598000000.0,2.373,0.563,1376000000.0,385000000.0,991000000.0,1376000000.0,0.0,1267000000.0,0.0,0.001,0.086,2312000000.0,3579000000.0,0.347,3579000000.0,2312000000.0,2312000000.0,0.96,0.92,0.96,11199000000.0,8855250000.0,11199000000.0,131072491520.0,57.0,36.623,785000000.0,0.482,1.0,5017000000.0,0.487,500000000.0,0.0,15183000000.0,12452500000.0,937000000.0,8119000000.0,1755000000.0,6364000000.0,6301000000.0,2518000000.0,3783000000.0,130324491520.0,92000000.0,-419000000.0,-121000000.0,382000000.0,-136000000.0,125000000.0,-2586000000.0,-328000000.0,2624000000.0,-71000000.0,1598000000.0,1598000000.0,1598000000.0,0.0,0.0,0.155,3038000000.0,1979000000.0,853000000.0,0.09,11.637,81.555,83.333,4216000000.0,0.0,80.0,12.642,12.642,1911000000.0,6569000000.0,10309000000.0,10309000000.0,1434000000.0,0.112,0.18,0.186,0.224,0.0,1604000000.0,1.0,1629056144.0,1629056144.0,,6.328,17000000000.0,622000000.0,714000000.0,1724000000.0,10.435,3456000000.0
86,TXN,MRT,1999-12-31,1999-12-31,1999-12-31,2021-07-22,1553000000.0,15427000000.0,12700750000.0,6353000000.0,9074000000.0,0.768,6.044,-1398000000.0,781000000.0,781000000.0,5069000000.0,1451000000.0,2.356,0.611,1430000000.0,331000000.0,1099000000.0,1430000000.0,0.0,1005000000.0,0.0,0.002,0.085,2082000000.0,3087000000.0,0.316,3087000000.0,2082000000.0,2082000000.0,0.86,0.83,0.86,9578000000.0,7728000000.0,9578000000.0,77702721216.0,37.0,25.171,959000000.0,0.605,1.0,4690000000.0,0.481,502000000.0,0.0,12877000000.0,11016500000.0,894000000.0,6250000000.0,2045000000.0,4205000000.0,5849000000.0,2697000000.0,3152000000.0,76570721216.0,76000000.0,-469000000.0,-248000000.0,136000000.0,-134000000.0,-246000000.0,-1974000000.0,-107000000.0,2357000000.0,-61000000.0,1451000000.0,1451000000.0,1451000000.0,0.0,0.0,0.149,2935000000.0,1755000000.0,1722000000.0,0.099,7.994,52.771,56.18,3933000000.0,0.0,48.315,7.846,7.846,1909000000.0,6406000000.0,9759000000.0,9759000000.0,1379000000.0,0.114,0.188,0.189,0.213,0.0,1556000000.0,1.0,1584822958.0,1584822958.0,,6.158,14925000000.0,656000000.0,631000000.0,1268000000.0,9.417,3656000000.0
87,TXN,MRT,1999-09-30,1999-09-30,1999-09-30,2021-07-22,958000000.0,13198000000.0,11716500000.0,5488000000.0,7710000000.0,0.802,5.042,-1056000000.0,291000000.0,291000000.0,4986000000.0,1221000000.0,2.251,0.666,1423000000.0,264000000.0,1159000000.0,1423000000.0,0.0,1201000000.0,0.0,0.002,0.085,1835000000.0,3036000000.0,0.323,3036000000.0,1835000000.0,1835000000.0,0.74,0.71,0.74,7923000000.0,7017500000.0,7923000000.0,65509983756.0,36.0,21.578,807000000.0,0.514,1.0,4413000000.0,0.47,0.0,0.0,11892000000.0,10236750000.0,753000000.0,5009000000.0,1724000000.0,3285000000.0,5275000000.0,2438000000.0,2837000000.0,64620983756.0,-791000000.0,-619000000.0,-269000000.0,136000000.0,-133000000.0,-266000000.0,-2323000000.0,-648000000.0,1863000000.0,-65000000.0,1221000000.0,1221000000.0,1221000000.0,0.0,0.0,0.13,2856000000.0,1557000000.0,624000000.0,0.115,8.156,52.925,55.574,3519000000.0,0.0,41.125,6.875,6.875,2030000000.0,5633000000.0,9399000000.0,9399000000.0,1366000000.0,0.104,0.174,0.179,0.195,0.0,1490000000.0,1.0,1571330912.0,1571330912.0,,5.982,13198000000.0,624000000.0,614000000.0,665000000.0,8.399,3050000000.0
88,TXN,MRT,1999-06-30,1999-06-30,1999-06-30,2021-07-22,130000000.0,11047000000.0,11046500000.0,4821000000.0,6226000000.0,0.814,4.287,-886000000.0,334000000.0,334000000.0,5001000000.0,974000000.0,2.32,0.644,1223000000.0,263000000.0,960000000.0,1223000000.0,0.0,1201000000.0,0.0,0.002,0.085,1472000000.0,2673000000.0,0.297,2673000000.0,1472000000.0,1472000000.0,0.6,0.575,0.6,6721000000.0,6543750000.0,6721000000.0,56800844384.0,39.0,21.25,796000000.0,0.508,1.0,3996000000.0,0.444,0.0,0.0,9858000000.0,9399250000.0,689000000.0,3396000000.0,1409000000.0,1987000000.0,4326000000.0,2078000000.0,2248000000.0,56444844384.0,-979000000.0,-1082000000.0,-219000000.0,-76000000.0,-134000000.0,-429000000.0,-2197000000.0,-229000000.0,1682000000.0,-35000000.0,974000000.0,974000000.0,974000000.0,0.0,0.0,0.108,2710000000.0,1286000000.0,554000000.0,0.142,8.398,57.952,60.0,3407000000.0,0.0,36.0,6.274,6.274,1749000000.0,5295000000.0,8997000000.0,8997000000.0,1307000000.0,0.088,0.149,0.157,0.164,0.0,1403000000.0,1.0,1567912344.0,1567912344.0,,5.738,11047000000.0,591000000.0,498000000.0,264000000.0,7.046,2743000000.0
89,TXN,MRT,1999-03-31,1999-03-31,1999-03-31,2021-07-22,306000000.0,11131000000.0,10847250000.0,4968000000.0,6163000000.0,0.808,4.281,-889000000.0,893000000.0,893000000.0,5221000000.0,696000000.0,2.426,0.664,1249000000.0,260000000.0,989000000.0,1249000000.0,0.0,1201000000.0,0.0,0.003,0.085,1040000000.0,2241000000.0,0.256,2241000000.0,1040000000.0,1040000000.0,0.422,0.407,0.422,6690000000.0,6353250000.0,6690000000.0,39528985931.0,38.0,17.639,776000000.0,0.497,1.0,3548000000.0,0.405,0.0,0.0,9439000000.0,9019000000.0,641000000.0,3617000000.0,1316000000.0,2301000000.0,4441000000.0,2048000000.0,2393000000.0,38774985931.0,30000000.0,-630000000.0,-210000000.0,-66000000.0,-133000000.0,-406000000.0,-1230000000.0,289000000.0,1665000000.0,1000000.0,696000000.0,696000000.0,696000000.0,0.0,0.0,0.079,2763000000.0,785000000.0,535000000.0,0.201,5.796,55.711,58.797,3342000000.0,0.0,24.812,4.422,4.422,1471000000.0,5006000000.0,8769000000.0,8769000000.0,1248000000.0,0.064,0.11,0.115,0.119,0.0,1515000000.0,1.0,1562719836.0,1562719836.0,,5.611,11131000000.0,595000000.0,344000000.0,354000000.0,7.123,2920000000.0
90,TXN,MRT,1998-12-31,1998-12-31,1998-12-31,2021-07-22,295000000.0,11490000000.0,10657000000.0,4999000000.0,6491000000.0,0.833,4.319,-1067000000.0,632000000.0,632000000.0,5605000000.0,452000000.0,2.249,0.706,1294000000.0,267000000.0,1027000000.0,1294000000.0,0.0,1201000000.0,0.0,0.003,0.064,681000000.0,1882000000.0,0.212,1882000000.0,681000000.0,681000000.0,0.27,0.26,0.27,6736000000.0,6175000000.0,6736000000.0,33588363093.0,49.0,17.847,319000000.0,0.205,1.0,3270000000.0,0.368,171000000.0,0.0,9758000000.0,8876250000.0,618000000.0,4273000000.0,1709000000.0,2564000000.0,4754000000.0,2223000000.0,2531000000.0,33360363093.0,-432000000.0,-732000000.0,-102000000.0,-67000000.0,-133000000.0,-302000000.0,-1521000000.0,278000000.0,1386000000.0,5000000.0,452000000.0,452000000.0,452000000.0,0.0,0.0,0.051,2814000000.0,456000000.0,1606000000.0,0.237,4.953,73.806,79.222,3451000000.0,0.0,21.39,3.759,3.759,1373000000.0,4927000000.0,8875000000.0,8875000000.0,1265000000.0,0.042,0.073,0.077,0.077,0.0,1549000000.0,1.0,1559624268.0,1559624268.0,,5.69,11319000000.0,611000000.0,229000000.0,581000000.0,7.258,2776000000.0
91,TXN,MRT,1998-09-30,1998-09-30,1998-09-30,2021-07-22,0.0,10518000000.0,10496750000.0,4724000000.0,5794000000.0,0.869,3.863,-1269000000.0,1080000000.0,1080000000.0,5873000000.0,-30000000.0,2.143,0.745,1308000000.0,268000000.0,1040000000.0,1308000000.0,0.0,1122000000.0,0.0,0.005,0.064,211000000.0,1333000000.0,0.146,1333000000.0,211000000.0,211000000.0,-0.04,,-0.04,6028000000.0,5969500000.0,6028000000.0,20713876167.0,98.0,15.539,60000000.0,0.038,1.0,3244000000.0,0.356,0.0,0.0,8542000000.0,8610500000.0,570000000.0,2853000000.0,1062000000.0,1791000000.0,4490000000.0,2204000000.0,2286000000.0,20676876167.0,-1634000000.0,-1584000000.0,-105000000.0,-347000000.0,-134000000.0,-588000000.0,-2388000000.0,465000000.0,1329000000.0,13000000.0,-30000000.0,-30000000.0,-30000000.0,0.0,0.0,-0.003,3264000000.0,-20000000.0,456000000.0,-1.6,3.43,-689.229,-331.25,3506000000.0,0.0,13.25,2.268,2.268,1406000000.0,4640000000.0,9117000000.0,9117000000.0,1686000000.0,-0.003,-0.005,0.025,0.023,0.0,1578000000.0,1.0,1560518956.0,1560518956.0,,5.842,10518000000.0,648000000.0,241000000.0,0.0,6.74,2520000000.0
92,TXN,MRT,1998-06-30,1998-06-30,1998-06-30,2021-07-22,0.0,10250000000.0,,5300000000.0,4950000000.0,,3.815,-1421000000.0,1273000000.0,1273000000.0,6069000000.0,1527000000.0,2.718,0.72,1310000000.0,80000000.0,1230000000.0,1310000000.0,0.0,1122000000.0,0.0,0.004,0.064,1817000000.0,2939000000.0,0.309,2939000000.0,1817000000.0,1817000000.0,0.93,,0.93,5959000000.0,,5959000000.0,23253729530.0,13.0,7.912,-108000000.0,-0.069,1.0,3435000000.0,0.361,0.0,0.0,8337000000.0,,706000000.0,1131000000.0,1131000000.0,0.0,4291000000.0,1950000000.0,2341000000.0,22770729530.0,629000000.0,1802000000.0,-37000000.0,-311000000.0,-132000000.0,-482000000.0,-194000000.0,-575000000.0,1313000000.0,-8000000.0,1527000000.0,1527000000.0,1527000000.0,0.0,0.0,0.161,3286000000.0,149000000.0,568000000.0,0.069,3.821,14.912,15.675,4267000000.0,0.0,14.578,2.396,2.396,1581000000.0,4508000000.0,9504000000.0,9504000000.0,1670000000.0,,,,0.191,0.0,1616000000.0,1.0,1562046272.0,1562046272.0,,6.084,10250000000.0,650000000.0,290000000.0,0.0,6.562,3350000000.0
93,TXN,MRT,1998-03-31,1998-03-31,1998-03-31,2021-07-22,0.0,10370000000.0,,5450000000.0,4920000000.0,,3.836,-1444000000.0,830000000.0,830000000.0,6224000000.0,1724000000.0,2.746,0.735,1313000000.0,67000000.0,1246000000.0,1313000000.0,0.0,1122000000.0,0.0,0.005,0.064,2107000000.0,3229000000.0,0.326,3229000000.0,2107000000.0,2107000000.0,1.06,,1.06,5977000000.0,,5977000000.0,21425556620.0,10.0,6.635,104000000.0,0.067,1.0,3672000000.0,0.371,0.0,0.0,8868000000.0,,776000000.0,1536000000.0,1536000000.0,0.0,4393000000.0,1985000000.0,2408000000.0,21083556620.0,-146000000.0,1859000000.0,33000000.0,-577000000.0,-132000000.0,-701000000.0,-1030000000.0,-1445000000.0,1548000000.0,-17000000.0,1724000000.0,1724000000.0,1724000000.0,-25000000.0,0.0,0.174,3198000000.0,474000000.0,670000000.0,0.06,3.527,12.229,12.767,4283000000.0,0.0,13.533,2.131,2.131,1666000000.0,4499000000.0,9896000000.0,9896000000.0,1644000000.0,,,,0.213,0.0,1554000000.0,1.0,1557994208.0,1557994208.0,,6.352,10370000000.0,710000000.0,383000000.0,0.0,6.656,3465000000.0
94,TXN,MRT,1997-12-31,1997-12-31,1997-12-31,2021-07-22,-53000000.0,10849000000.0,10104500000.0,6103000000.0,4746000000.0,0.987,3.796,-1285000000.0,1015000000.0,1015000000.0,6179000000.0,1842000000.0,2.445,0.834,1357000000.0,71000000.0,1286000000.0,1357000000.0,0.0,1122000000.0,0.0,0.008,0.085,2274000000.0,3396000000.0,0.341,3396000000.0,2274000000.0,2274000000.0,1.135,,1.135,5914000000.0,5005500000.0,5914000000.0,,,,586000000.0,0.376,1.0,3793000000.0,0.38,0.0,0.0,8695000000.0,8308000000.0,742000000.0,2074000000.0,2005000000.0,69000000.0,4935000000.0,2496000000.0,2439000000.0,17527434840.0,64000000.0,2011000000.0,65000000.0,-542000000.0,-131000000.0,-610000000.0,-1230000000.0,-1956000000.0,1871000000.0,-24000000.0,1842000000.0,1842000000.0,1842000000.0,0.0,0.0,0.185,3127000000.0,666000000.0,2082000000.0,0.075,2.964,9.515,9.912,4180000000.0,0.0,11.25,1.758,1.758,1705000000.0,4488000000.0,9972000000.0,9972000000.0,1556000000.0,0.182,0.368,0.274,0.228,0.0,1571000000.0,1.0,1557994208.0,1557994208.0,,6.401,10849000000.0,711000000.0,432000000.0,442000000.0,6.963,3607000000.0
95,TXN,MRT,1997-09-30,1997-09-30,1997-09-30,2021-07-22,,,,,,,,,,,,,,,,,,,,,,0.005,0.085,,,,,,,,,,,,,,,,,,1.0,,,,,,,,,,,,,,,,,,,,,,,,,,,,,,,,,,,,,,,,16.75,,,,,,,,,,,,,,1.0,,,,,,,,,,
96,TXN,MRT,1997-06-30,1997-06-30,1997-06-30,2021-07-22,,,,,,,,,,,,,,,,,,,,,,0.01,0.106,,,,,,,,,,,,,,,,,,1.0,,,,,,,,,,,,,,,,,,,,,,,,,,,,,,,,,,,,,,,,10.516,,,,,,,,,,,,,,1.0,,,,,,,,,,
97,TXN,MRT,1997-03-31,1997-03-31,1997-03-31,2021-07-22,,,,,,,,,,,,,,,,,,,,,,0.011,0.106,,,,,,,,,,,,,,,,,,1.0,,,,,,,,,,,,,,,,,,,,,,,,,,,,,,,,,,,,,,,,9.36,,,,,,,,,,,,,,1.0,,,,,,,,,,
98,TXN,MRT,1996-12-31,1996-12-31,1996-12-31,2021-07-22,0.0,9360000000.0,,4454000000.0,4906000000.0,,,-2063000000.0,964000000.0,964000000.0,7146000000.0,63000000.0,1.792,1.285,2011000000.0,314000000.0,1697000000.0,2011000000.0,0.0,904000000.0,0.0,0.011,0.085,86000000.0,990000000.0,0.1,990000000.0,86000000.0,86000000.0,0.043,,0.043,4097000000.0,,4097000000.0,,,,-1265000000.0,,1.0,2794000000.0,0.281,0.0,0.0,7921000000.0,,703000000.0,14000000.0,14000000.0,0.0,5263000000.0,2486000000.0,2777000000.0,,-400000000.0,-163000000.0,35000000.0,958000000.0,-129000000.0,863000000.0,-2051000000.0,175000000.0,798000000.0,-16000000.0,63000000.0,63000000.0,63000000.0,0.0,0.0,0.006,2820000000.0,-26000000.0,1940000000.0,1.977,,,185.32,4162000000.0,0.0,7.969,,,1799000000.0,2814000000.0,9940000000.0,9940000000.0,1181000000.0,,,,0.009,0.0,1639000000.0,1.0,,,,,9360000000.0,587000000.0,23000000.0,163000000.0,,1968000000.0
99,TXN,MRT,1995-12-31,1995-12-31,1995-12-31,2021-07-22,,,,,,,,-1351000000.0,,,7401000000.0,1088000000.0,,,,,,,,681000000.0,,0.012,0.079,1562000000.0,2243000000.0,0.197,2243000000.0,1562000000.0,1562000000.0,0.703,,0.703,,,,,,,342000000.0,,1.0,4008000000.0,0.351,,0.0,,,,,,,,,,,604000000.0,0.0,111000000.0,24000000.0,-111000000.0,23000000.0,-1008000000.0,343000000.0,1693000000.0,10000000.0,1088000000.0,1088000000.0,1088000000.0,0.0,0.0,0.095,2569000000.0,1439000000.0,,0.112,,,9.157,,0.0,6.438,,,,,11409000000.0,11409000000.0,842000000.0,,,,0.137,0.0,1727000000.0,1.0,,,,,,,474000000.0,,,
