None,ticker,dimension,calendardate,datekey,reportperiod,lastupdated,accoci,assets,assetsavg,assetsc,assetsnc,assetturnover,bvps,capex,cashneq,cashnequsd,cor,consolinc,currentratio,de,debt,debtc,debtnc,debtusd,deferredrev,depamor,deposits,divyield,dps,ebit,ebitda,ebitdamargin,ebitdausd,ebitusd,ebt,eps,epsdil,epsusd,equity,equityavg,equityusd,ev,evebit,evebitda,fcf,fcfps,fxusd,gp,grossmargin,intangibles,intexp,invcap,invcapavg,inventory,investments,investmentsc,investmentsnc,liabilities,liabilitiesc,liabilitiesnc,marketcap,ncf,ncfbus,ncfcommon,ncfdebt,ncfdiv,ncff,ncfi,ncfinv,ncfo,ncfx,netinc,netinccmn,netinccmnusd,netincdis,netincnci,netmargin,opex,opinc,payables,payoutratio,pb,pe,pe1,ppnenet,prefdivis,price,ps,ps1,receivables,retearn,revenue,revenueusd,rnd,roa,roe,roic,ros,sbcomp,sgna,sharefactor,sharesbas,shareswa,shareswadil,sps,tangibles,taxassets,taxexp,taxliabilities,tbvps,workingcapital
0,ABT,MRY,2020-12-31,2020-12-31,2020-12-31,2021-09-07,-8946000000.0,72548000000.0,69286000000.0,20441000000.0,52107000000.0,0.499,18.614,-2177000000.0,6838000000.0,6838000000.0,15003000000.0,4495000000.0,1.717,1.198,18747000000.0,220000000.0,18527000000.0,18747000000.0,0.0,3327000000.0,0.0,0.013,1.44,5538000000.0,8865000000.0,0.256,8865000000.0,5538000000.0,4992000000.0,2.52,2.5,2.52,33003000000.0,31455750000.0,33003000000.0,208138869504.0,38.0,23.479,5724000000.0,3.228,1.0,19605000000.0,0.566,38528000000.0,546000000.0,34022000000.0,33471250000.0,5012000000.0,1131000000.0,310000000.0,821000000.0,39545000000.0,11907000000.0,27638000000.0,194055869504.0,2978000000.0,16000000.0,-158000000.0,-50000000.0,-2560000000.0,-2779000000.0,-2215000000.0,-73000000.0,7901000000.0,71000000.0,4495000000.0,4495000000.0,4495000000.0,-24000000.0,0.0,0.13,14248000000.0,5357000000.0,3946000000.0,0.571,5.88,43.171,43.448,9029000000.0,0.0,109.49,5.607,5.609,6414000000.0,27627000000.0,34608000000.0,34608000000.0,2420000000.0,0.065,0.143,0.165,0.16,546000000.0,9696000000.0,1.0,1772361581.0,1773000000.0,1786000000.0,19.519,34020000000.0,3729000000.0,497000000.0,362000000.0,19.188,8534000000.0
1,ABT,MRY,2019-12-31,2019-12-31,2019-12-31,2021-09-07,-8465000000.0,67887000000.0,68115750000.0,15667000000.0,52220000000.0,0.468,17.704,-1638000000.0,4140000000.0,4140000000.0,13231000000.0,3687000000.0,1.442,1.169,18139000000.0,1478000000.0,16661000000.0,18139000000.0,0.0,3014000000.0,0.0,0.015,1.28,4747000000.0,7761000000.0,0.243,7761000000.0,4747000000.0,4077000000.0,2.07,2.06,2.07,31301000000.0,31585750000.0,31301000000.0,168614062536.0,36.0,21.726,4498000000.0,2.544,1.0,18673000000.0,0.585,40220000000.0,670000000.0,30803000000.0,32549000000.0,4316000000.0,883000000.0,0.0,883000000.0,36586000000.0,10863000000.0,25723000000.0,153608062536.0,16000000.0,-122000000.0,-420000000.0,-1599000000.0,-2270000000.0,-4289000000.0,-1815000000.0,-82000000.0,6136000000.0,-16000000.0,3687000000.0,3687000000.0,3687000000.0,0.0,0.0,0.116,14141000000.0,4532000000.0,3252000000.0,0.618,4.907,41.662,41.961,8038000000.0,0.0,86.86,4.815,4.813,5425000000.0,25847000000.0,31904000000.0,31904000000.0,2440000000.0,0.054,0.117,0.146,0.149,519000000.0,9765000000.0,1.0,1768455705.0,1768000000.0,1781000000.0,18.045,27667000000.0,3079000000.0,390000000.0,226000000.0,15.649,4804000000.0
2,ABT,MRY,2018-12-31,2018-12-31,2018-12-31,2021-09-07,-7586000000.0,67173000000.0,69533250000.0,14632000000.0,52541000000.0,0.44,17.476,-1394000000.0,4086000000.0,4086000000.0,12706000000.0,2368000000.0,1.624,1.186,19566000000.0,207000000.0,19359000000.0,19566000000.0,0.0,3278000000.0,0.0,0.015,1.12,3733000000.0,7011000000.0,0.229,7011000000.0,3733000000.0,2907000000.0,1.34,1.33,1.34,30722000000.0,30998750000.0,30722000000.0,143224568205.0,38.0,20.429,4906000000.0,2.791,1.0,17872000000.0,0.584,42196000000.0,826000000.0,31445000000.0,32909500000.0,3796000000.0,897000000.0,0.0,897000000.0,36451000000.0,9012000000.0,27439000000.0,127035568205.0,-5563000000.0,-6000000.0,33000000.0,-8450000000.0,-1974000000.0,-10391000000.0,-1356000000.0,-58000000.0,6300000000.0,-116000000.0,2368000000.0,2368000000.0,2368000000.0,-34000000.0,0.0,0.077,14222000000.0,3650000000.0,2975000000.0,0.836,4.135,53.647,53.978,7563000000.0,0.0,72.33,4.154,4.158,5182000000.0,24560000000.0,30578000000.0,30578000000.0,2300000000.0,0.034,0.076,0.113,0.122,477000000.0,9744000000.0,1.0,1756333032.0,1758000000.0,1770000000.0,17.394,24977000000.0,1885000000.0,539000000.0,305000000.0,14.208,5620000000.0
3,ABT,MRY,2017-12-31,2017-12-31,2017-12-31,2021-09-07,-6062000000.0,76250000000.0,72634000000.0,20147000000.0,56103000000.0,0.377,17.872,-1135000000.0,9610000000.0,9610000000.0,12409000000.0,477000000.0,2.261,1.452,27924000000.0,714000000.0,27210000000.0,27924000000.0,0.0,3021000000.0,0.0,0.019,1.06,3259000000.0,6280000000.0,0.229,6280000000.0,3259000000.0,2355000000.0,0.27,0.27,0.27,31098000000.0,31662750000.0,31098000000.0,112349081207.0,34.0,17.89,4435000000.0,2.549,1.0,14981000000.0,0.547,45493000000.0,904000000.0,40159000000.0,38377750000.0,3601000000.0,883000000.0,0.0,883000000.0,45152000000.0,8912000000.0,36240000000.0,99336081207.0,-9213000000.0,-8437000000.0,233000000.0,-2942000000.0,-1849000000.0,-5281000000.0,-9618000000.0,-81000000.0,5570000000.0,116000000.0,477000000.0,477000000.0,477000000.0,-124000000.0,0.0,0.017,13417000000.0,1564000000.0,2402000000.0,3.926,3.194,208.252,211.37,7607000000.0,0.0,57.07,3.627,3.625,5249000000.0,23978000000.0,27390000000.0,27390000000.0,2260000000.0,0.007,0.015,0.085,0.119,406000000.0,9182000000.0,1.0,1740600687.0,1740000000.0,1749000000.0,15.741,30757000000.0,1944000000.0,1878000000.0,309000000.0,17.676,11235000000.0
4,ABT,MRY,2016-12-31,2016-12-31,2016-12-31,2021-09-07,-7263000000.0,52666000000.0,42907750000.0,26776000000.0,25890000000.0,0.486,14.026,-1121000000.0,18775000000.0,18775000000.0,9094000000.0,1400000000.0,4.02,1.542,22006000000.0,1325000000.0,20681000000.0,22006000000.0,0.0,1353000000.0,0.0,0.027,1.04,2181000000.0,3534000000.0,0.169,3534000000.0,2181000000.0,1750000000.0,0.94,0.94,0.94,20717000000.0,20812500000.0,20717000000.0,62561408778.0,29.0,17.703,2082000000.0,1.41,1.0,11759000000.0,0.564,12222000000.0,431000000.0,37015000000.0,26352750000.0,2434000000.0,2947000000.0,0.0,2947000000.0,31949000000.0,6660000000.0,25289000000.0,56551408778.0,13619000000.0,-55000000.0,-274000000.0,13155000000.0,-1539000000.0,11147000000.0,-248000000.0,886000000.0,3203000000.0,-483000000.0,1400000000.0,1400000000.0,1400000000.0,-337000000.0,0.0,0.067,8733000000.0,3026000000.0,1178000000.0,1.106,2.73,40.394,40.862,5705000000.0,0.0,38.41,2.712,2.721,3248000000.0,25565000000.0,20853000000.0,20853000000.0,1447000000.0,0.033,0.067,0.083,0.105,310000000.0,6736000000.0,1.0,1472309523.0,1477000000.0,1483000000.0,14.118,40444000000.0,2263000000.0,350000000.0,188000000.0,27.383,20116000000.0
5,ABT,MRY,2015-12-31,2015-12-31,2015-12-31,2021-09-07,-6658000000.0,41247000000.0,42548000000.0,14155000000.0,27092000000.0,0.48,14.255,-1110000000.0,6125000000.0,6125000000.0,8747000000.0,4423000000.0,1.541,0.934,9001000000.0,3130000000.0,5871000000.0,9001000000.0,0.0,1472000000.0,0.0,0.021,0.96,5163000000.0,6635000000.0,0.325,6635000000.0,5163000000.0,5000000000.0,2.94,2.92,2.94,21326000000.0,21914750000.0,21326000000.0,72216140305.0,14.0,10.884,1856000000.0,1.241,1.0,11658000000.0,0.571,15200000000.0,163000000.0,19737000000.0,22510000000.0,2599000000.0,4041000000.0,0.0,4041000000.0,19921000000.0,9186000000.0,10735000000.0,66993140305.0,938000000.0,2285000000.0,-1923000000.0,1147000000.0,-1443000000.0,-2236000000.0,406000000.0,-821000000.0,2966000000.0,-198000000.0,4423000000.0,4423000000.0,4423000000.0,-1817000000.0,0.0,0.217,8791000000.0,2867000000.0,1081000000.0,0.327,3.141,15.147,15.276,5730000000.0,0.0,44.91,3.283,3.293,3418000000.0,25757000000.0,20405000000.0,20405000000.0,1405000000.0,0.104,0.202,0.229,0.253,292000000.0,6785000000.0,1.0,1491719891.0,1496000000.0,1506000000.0,13.64,26047000000.0,2119000000.0,577000000.0,430000000.0,17.411,4969000000.0
6,ABT,MRY,2014-12-31,2014-12-31,2014-12-31,2021-09-07,-5053000000.0,41207000000.0,41714500000.0,13556000000.0,27651000000.0,0.485,14.274,-1077000000.0,4460000000.0,4460000000.0,9218000000.0,2284000000.0,1.295,0.904,7830000000.0,4437000000.0,3393000000.0,7830000000.0,0.0,1548000000.0,0.0,0.02,0.88,3231000000.0,4779000000.0,0.236,4779000000.0,3231000000.0,3081000000.0,1.5,1.49,1.5,21639000000.0,22956250000.0,21639000000.0,71214692182.0,22.0,14.902,2598000000.0,1.714,1.0,11029000000.0,0.545,16265000000.0,150000000.0,17845000000.0,17591000000.0,2643000000.0,229000000.0,0.0,229000000.0,19568000000.0,10467000000.0,9101000000.0,67790692182.0,588000000.0,-3312000000.0,-1766000000.0,766000000.0,-1342000000.0,-2742000000.0,-202000000.0,4117000000.0,3675000000.0,-143000000.0,2284000000.0,2284000000.0,2284000000.0,-563000000.0,0.0,0.113,8430000000.0,2599000000.0,1064000000.0,0.587,3.133,29.681,30.013,5935000000.0,0.0,45.02,3.348,3.371,3586000000.0,22874000000.0,20247000000.0,20247000000.0,1345000000.0,0.055,0.099,0.184,0.16,246000000.0,6530000000.0,1.0,1505790586.0,1516000000.0,1527000000.0,13.356,24942000000.0,3288000000.0,797000000.0,270000000.0,16.453,3089000000.0
7,ABT,MRY,2013-12-31,2013-12-31,2013-12-31,2021-09-07,-2012000000.0,42953000000.0,43168859000.0,19247000000.0,23706000000.0,0.455,16.218,-1145000000.0,8098000000.0,8098000000.0,9193000000.0,2576000000.0,2.025,0.7,6561000000.0,3173000000.0,3388000000.0,6561000000.0,0.0,1719000000.0,0.0,0.015,0.56,2774000000.0,4493000000.0,0.229,4493000000.0,2774000000.0,2629000000.0,1.64,1.62,1.64,25267000000.0,23541463000.0,25267000000.0,58922756811.0,21.0,13.114,2179000000.0,1.399,1.0,10464000000.0,0.532,15507000000.0,145000000.0,16402000000.0,16029190000.0,2693000000.0,119000000.0,0.0,119000000.0,17686000000.0,9507000000.0,8179000000.0,59265295811.0,-7327000000.0,-580000000.0,-1210000000.0,1792000000.0,-882000000.0,-6696000000.0,-3929000000.0,-2225000000.0,3324000000.0,-26000000.0,2576000000.0,2576000000.0,2576000000.0,-588000000.0,0.0,0.131,8331000000.0,2133000000.0,1026000000.0,0.341,2.346,23.007,23.372,5905000000.0,0.0,38.33,3.015,3.038,3986000000.0,21979000000.0,19657000000.0,19657000000.0,1371000000.0,0.06,0.109,0.173,0.141,262000000.0,6372000000.0,1.0,1546185646.0,1558000000.0,1574000000.0,12.617,27446000000.0,4637000000.0,53000000.0,175000000.0,17.616,9740000000.0
8,ABT,MRY,2012-12-31,2012-12-31,2012-12-31,2021-09-07,-3594000000.0,67235000000.0,63692082250.0,31323000000.0,35912000000.0,0.299,17.024,-1795000000.0,15174000000.0,15174000000.0,8899000000.0,5963000000.0,2.359,1.508,20476000000.0,2391000000.0,18085000000.0,20476000000.0,0.0,2782000000.0,0.0,0.031,2.01,5826000000.0,8608000000.0,0.452,8608000000.0,5826000000.0,5506000000.0,3.76,3.72,3.76,26813000000.0,26008315000.0,26813000000.0,108308845774.0,19.0,12.582,7519000000.0,4.774,1.0,10151000000.0,0.533,24362000000.0,320000000.0,34895000000.0,29127881500.0,3793000000.0,274000000.0,0.0,274000000.0,40422000000.0,13280000000.0,27142000000.0,103533736774.0,3989000000.0,-706000000.0,-514000000.0,4413000000.0,-3183000000.0,195000000.0,-5560000000.0,-3062000000.0,9314000000.0,40000000.0,5963000000.0,5963000000.0,5963000000.0,-5726000000.0,0.0,0.313,8791000000.0,1360000000.0,1797000000.0,0.535,3.861,17.363,17.42,8063000000.0,0.0,65.5,5.435,5.415,7613000000.0,24151000000.0,19050000000.0,19050000000.0,1461000000.0,0.094,0.229,0.2,0.306,433000000.0,6735000000.0,1.0,1580667737.0,1575000000.0,1592000000.0,12.095,42873000000.0,6199000000.0,-457000000.0,655000000.0,27.221,18043000000.0
9,ABT,MRY,2011-12-31,2011-12-31,2011-12-31,2021-09-07,-2597185000.0,60276893000.0,60890168250.0,23768774000.0,36508119000.0,0.352,15.752,-1491000000.0,8097359000.0,8097359000.0,10017000000.0,4728000000.0,1.535,1.458,15414577000.0,3374755000.0,12039822000.0,15414577000.0,0.0,3044000000.0,0.0,0.033,1.88,5197000000.0,8241000000.0,0.385,8241000000.0,5197000000.0,4838000000.0,3.03,3.01,3.03,24526145000.0,25101288000.0,24526145000.0,96339671351.0,19.0,11.69,7479000000.0,4.803,1.0,11390000000.0,0.532,25695016000.0,359000000.0,26418867000.0,26804076500.0,3284249000.0,378225000.0,0.0,378225000.0,35750748000.0,15480228000.0,20270520000.0,87594845351.0,3165000000.0,-273000000.0,892000000.0,-3977000000.0,-2938000000.0,-6423000000.0,661000000.0,539000000.0,8970000000.0,-43000000.0,4728000000.0,4728000000.0,4728000000.0,-3602000000.0,0.0,0.221,9761000000.0,1629000000.0,1721127000.0,0.62,3.571,18.527,18.558,7873955000.0,0.0,56.23,4.092,4.09,7683920000.0,20907362000.0,21407000000.0,21407000000.0,1512000000.0,0.078,0.188,0.194,0.243,383000000.0,7365000000.0,1.0,1557795578.0,1557000000.0,1567000000.0,13.749,34581877000.0,5261463000.0,110000000.0,514947000.0,22.211,8288546000.0
10,ABT,MRY,2010-12-31,2010-12-31,2010-12-31,2021-09-07,-1366846000.0,60573852000.0,56171874000.0,22317529000.0,38256323000.0,0.626,14.721,-1015075000.0,5451450000.0,5451450000.0,14665192000.0,4626172000.0,1.293,1.661,18918283000.0,6394766000.0,12523517000.0,18918283000.0,0.0,2624305000.0,0.0,0.036,1.72,6265969000.0,8890274000.0,0.253,8890274000.0,6265969000.0,5712834000.0,2.98,2.96,2.98,22765131000.0,21235217750.0,22765131000.0,88927144883.0,14.0,10.003,7720906000.0,4.993,1.0,20501529000.0,0.583,28081705000.0,553135000.0,28696546000.0,28306069500.0,3188734000.0,2174539000.0,1872490000.0,302049000.0,37808721000.0,17262434000.0,20546287000.0,74060042883.0,-5160968000.0,-9433243000.0,-538414000.0,2122148000.0,-2671475000.0,-1087741000.0,-12188315000.0,148429000.0,8735981000.0,-620893000.0,4626172000.0,4626172000.0,4626172000.0,0.0,0.0,0.132,14413948000.0,6087581000.0,1535759000.0,0.577,3.253,16.009,16.077,7970956000.0,0.0,47.91,2.106,2.107,7184034000.0,19215768000.0,35166721000.0,35166721000.0,3724424000.0,0.082,0.218,0.221,0.178,387183000.0,10376324000.0,1.0,1545815965.0,1546400000.0,1556022000.0,22.741,32492147000.0,4977664000.0,1086662000.0,1307723000.0,21.011,5055095000.0
11,ABT,MRY,2009-12-31,2009-12-31,2009-12-31,2021-09-07,854074000.0,52581623000.0,48874014250.0,23313891000.0,29267732000.0,0.629,14.989,-1089048000.0,9932048000.0,9932048000.0,13209329000.0,5745838000.0,1.787,1.268,16455914000.0,5189620000.0,11266294000.0,16455914000.0,0.0,2089510000.0,0.0,0.029,1.56,7713430000.0,9802940000.0,0.319,9802940000.0,7713430000.0,7193774000.0,3.71,3.69,3.71,23187396000.0,20586215500.0,23187396000.0,90467541620.0,12.0,9.229,6186112000.0,3.999,1.0,17555378000.0,0.571,19492163000.0,519656000.0,26563837000.0,26136463000.0,3264877000.0,1132866000.0,0.0,1132866000.0,29394227000.0,13049489000.0,16344738000.0,83508407620.0,4697317000.0,-2370630000.0,-317676000.0,3734155000.0,-2414460000.0,1002019000.0,-3698710000.0,-232664000.0,7275160000.0,118848000.0,5745838000.0,5745838000.0,5745838000.0,0.0,0.0,0.187,11319637000.0,6235741000.0,1280542000.0,0.42,3.601,14.534,14.553,7619489000.0,0.0,53.99,2.714,2.715,6541941000.0,17342694000.0,30764707000.0,30764707000.0,2743733000.0,0.118,0.279,0.295,0.251,366357000.0,8405904000.0,1.0,1546738426.0,1546983000.0,1555126000.0,19.887,33089460000.0,3387356000.0,1447936000.0,442140000.0,21.39,10264402000.0
12,ABT,MRY,2008-12-31,2008-12-31,2008-12-31,2021-09-07,-1163839000.0,42419204000.0,42355876750.0,17042559000.0,25376645000.0,0.697,11.336,-1287724000.0,5079625000.0,5079625000.0,12612022000.0,4880719000.0,1.47,1.421,11445302000.0,2731975000.0,8713327000.0,11445302000.0,0.0,1838829000.0,0.0,0.026,1.405,6531263000.0,8370092000.0,0.283,8370092000.0,6531263000.0,6002789000.0,3.16,3.12,3.16,17518691000.0,18450718000.0,17518691000.0,90562092733.0,14.0,10.82,5706896000.0,3.693,1.0,16915530000.0,0.573,15138467000.0,528474000.0,22054506000.0,24008556250.0,2775849000.0,1073736000.0,0.0,1073736000.0,24900513000.0,11591908000.0,13308605000.0,82807940733.0,1655638000.0,418216000.0,-72963000.0,-1238687000.0,-2174252000.0,-3485902000.0,-2087491000.0,-793351000.0,6994620000.0,-115160000.0,4880719000.0,4880719000.0,4880719000.0,-146503000.0,0.0,0.165,11221691000.0,5693839000.0,1351436000.0,0.445,4.727,16.966,16.889,7219166000.0,0.0,53.37,2.804,2.793,5465660000.0,13825383000.0,29527552000.0,29527552000.0,2688811000.0,0.115,0.265,0.272,0.221,347015000.0,8435624000.0,1.0,1551582176.0,1545355000.0,1560753000.0,19.107,27280737000.0,4408147000.0,1122070000.0,805397000.0,17.653,5450651000.0
13,ABT,MRY,2007-12-31,2007-12-31,2007-12-31,2021-09-07,2081763000.0,39713924000.0,37693793000.0,14042733000.0,25671191000.0,0.687,11.551,-1656207000.0,2456384000.0,2456384000.0,11422046000.0,3606314000.0,1.543,1.228,12213704000.0,2725915000.0,9487789000.0,12213704000.0,0.0,1854886000.0,0.0,0.023,1.27,5062790000.0,6917676000.0,0.267,6917676000.0,5062790000.0,4469648000.0,2.34,2.31,2.34,17823945000.0,15771349750.0,17823945000.0,97098530830.0,19.0,14.036,3527636000.0,2.286,1.0,14492192000.0,0.559,15849319000.0,593142000.0,24518647000.0,21493946500.0,2951442000.0,1489705000.0,364443000.0,1125262000.0,21889979000.0,9103278000.0,12786701000.0,86767051830.0,1935192000.0,568437000.0,191011000.0,-544493000.0,-1959150000.0,-2312632000.0,-1136277000.0,-15022000.0,5183843000.0,200258000.0,3606314000.0,3606314000.0,3606314000.0,0.0,0.0,0.139,9913647000.0,4578545000.0,1219529000.0,0.543,4.868,24.06,23.996,7518149000.0,0.0,56.15,3.348,3.343,4946876000.0,10805809000.0,25914238000.0,25914238000.0,2505649000.0,0.096,0.229,0.236,0.195,429677000.0,7407998000.0,1.0,1545272517.0,1543082000.0,1560057000.0,16.794,23864605000.0,3288333000.0,863334000.0,80406000.0,15.466,4939455000.0
14,ABT,MRY,2006-12-31,2006-12-31,2006-12-31,2021-09-07,389766000.0,36178172000.0,33017702750.0,11281883000.0,24896289000.0,0.681,9.187,-1337818000.0,521192000.0,521192000.0,9815147000.0,1716755000.0,0.944,1.574,12410925000.0,5401261000.0,7009664000.0,12410925000.0,0.0,1558750000.0,0.0,0.024,1.16,2692542000.0,4251292000.0,0.189,4251292000.0,2692542000.0,2276370000.0,1.12,1.12,1.12,14054186000.0,14828809500.0,14054186000.0,83682178770.0,31.0,19.684,3924271000.0,2.565,1.0,12661175000.0,0.563,15852900000.0,416172000.0,20263810000.0,19952037500.0,2806421000.0,2082116000.0,852243000.0,1229873000.0,22123986000.0,11951195000.0,10172791000.0,74763216770.0,-2372495000.0,-7856011000.0,-251720000.0,5650817000.0,-1777170000.0,3621927000.0,-11397629000.0,-2110936000.0,5262089000.0,73966000.0,1716755000.0,1716755000.0,1716755000.0,0.0,0.0,0.076,10618956000.0,2042219000.0,1175590000.0,1.036,5.32,43.549,43.491,6946435000.0,0.0,48.71,3.326,3.315,4231142000.0,9568728000.0,22476322000.0,22476322000.0,2255271000.0,0.052,0.116,0.135,0.12,329957000.0,6349685000.0,1.0,1534863822.0,1529848000.0,1536724000.0,14.692,20325272000.0,2583997000.0,559615000.0,262344000.0,13.286,-669312000.0
15,ABT,MRY,2005-12-31,2005-12-31,2005-12-31,2021-09-07,745498000.0,29141203000.0,28661647250.0,11386028000.0,17755175000.0,0.779,9.285,-1207493000.0,2893687000.0,2893687000.0,10641111000.0,3372065000.0,1.535,1.022,6633514000.0,2062010000.0,4571504000.0,6633514000.0,0.0,1358939000.0,0.0,0.028,1.085,4861275000.0,6220214000.0,0.278,6220214000.0,4861275000.0,4619920000.0,2.17,2.16,2.17,14415271000.0,14309440250.0,14415271000.0,64902325328.0,13.0,10.434,3839911000.0,2.473,1.0,11696697000.0,0.524,9960894000.0,241355000.0,15504622000.0,15300286000.0,2541979000.0,196419000.0,62406000.0,134013000.0,14725932000.0,7415514000.0,7310418000.0,61164933328.0,1668059000.0,-295123000.0,-1078677000.0,172833000.0,-1686472000.0,-2592316000.0,-720087000.0,767929000.0,5047404000.0,-193954000.0,3372065000.0,3372065000.0,3372065000.0,0.0,0.0,0.151,7334429000.0,4362268000.0,1032516000.0,0.5,4.243,18.139,18.171,6003141000.0,0.0,39.43,2.738,2.74,3576794000.0,10404568000.0,22337808000.0,22337808000.0,1821175000.0,0.118,0.236,0.318,0.218,30140000.0,5496123000.0,1.0,1551228337.0,1552457000.0,1564103000.0,14.389,19180309000.0,2905696000.0,1247855000.0,1072003000.0,12.355,3970514000.0
16,ABT,MRY,2004-12-31,2004-12-31,2004-12-31,2021-09-07,1323732000.0,28767494000.0,28017808500.0,10734485000.0,18033009000.0,0.702,9.18,-1291633000.0,1225628000.0,1225628000.0,8884157000.0,3235851000.0,1.573,1.008,6780617000.0,1992683000.0,4787934000.0,6780617000.0,0.0,1288700000.0,0.0,0.022,1.025,4334702000.0,5623402000.0,0.286,5623402000.0,4334702000.0,4185615000.0,2.07,2.06,2.07,14325783000.0,13404758750.0,14325783000.0,78423128935.0,18.0,13.946,3816310000.0,2.445,1.0,10795859000.0,0.549,10856718000.0,149087000.0,16640121000.0,16354520000.0,2620463000.0,979183000.0,833334000.0,145849000.0,14441711000.0,6825644000.0,7616067000.0,72652350935.0,230504000.0,-2327821000.0,-344548000.0,805998000.0,-1599770000.0,-1138320000.0,-3923390000.0,-318369000.0,5107943000.0,184271000.0,3235851000.0,3235851000.0,3235851000.0,-60015000.0,0.0,0.164,6897539000.0,3898320000.0,1054464000.0,0.495,5.071,22.452,22.536,6007874000.0,0.0,46.65,3.692,3.699,3696115000.0,10033440000.0,19680016000.0,19680016000.0,1696753000.0,0.115,0.241,0.265,0.22,28989000.0,4921780000.0,1.0,1557392303.0,1560557000.0,1570611000.0,12.611,17910776000.0,1984675000.0,949764000.0,376496000.0,11.477,3908841000.0
17,ABT,MRY,2003-12-31,2003-12-31,2003-12-31,2021-09-07,632752000.0,26039308000.0,25741877750.0,9614381000.0,16424927000.0,0.671,8.365,-1050058000.0,995124000.0,995124000.0,7774239000.0,2753233000.0,1.381,0.992,5989686000.0,2537357000.0,3452329000.0,5989686000.0,0.0,1127439000.0,0.0,0.021,0.97,3782024000.0,4909463000.0,0.284,4909463000.0,3782024000.0,3635659000.0,1.76,1.75,1.76,13072258000.0,12050322000.0,13072258000.0,77797782988.0,21.0,15.846,2696462000.0,1.725,1.0,9506094000.0,0.55,8539290000.0,146365000.0,15531079000.0,15329524250.0,2738439000.0,697654000.0,291297000.0,406357000.0,12967050000.0,6963501000.0,6003549000.0,72852262988.0,290674000.0,-497914000.0,-22582000.0,-467927000.0,-1515703000.0,-2006212000.0,-1630605000.0,44325000.0,3746520000.0,180971000.0,2753233000.0,2753233000.0,2753233000.0,-248508000.0,0.0,0.159,6532082000.0,2974012000.0,1078333000.0,0.551,5.573,26.461,26.477,6281806000.0,0.0,46.6,4.216,4.214,3313377000.0,9691484000.0,17280333000.0,17280333000.0,1623752000.0,0.107,0.228,0.247,0.219,0.0,4808090000.0,1.0,1563353283.0,1562815000.0,1571869000.0,11.057,17500018000.0,1165259000.0,882426000.0,158836000.0,11.198,2650880000.0
18,ABT,MRY,2002-12-31,2002-12-31,2002-12-31,2021-09-07,-519782000.0,23592680000.0,23267978000.0,8455350000.0,15137330000.0,0.657,6.832,-1105445000.0,704450000.0,704450000.0,6820501000.0,2793703000.0,1.335,1.212,6422627000.0,2148654000.0,4273973000.0,6422627000.0,0.0,1043623000.0,0.0,0.023,0.915,3773164000.0,4816787000.0,0.315,4816787000.0,3773164000.0,3567685000.0,1.79,1.78,1.79,10664553000.0,10136581250.0,10664553000.0,68695871000.0,18.0,14.262,2548071000.0,1.632,1.0,8459036000.0,0.554,7651781000.0,205479000.0,15323296000.0,15017834750.0,2441302000.0,1919104000.0,261677000.0,1657427000.0,12928127000.0,6335780000.0,6592347000.0,62501625000.0,47072000.0,-585999000.0,137004000.0,-1019128000.0,-1427850000.0,-2309974000.0,-1690668000.0,-15794000.0,3653516000.0,55627000.0,2793703000.0,2793703000.0,2793703000.0,-246698000.0,0.0,0.183,5307092000.0,3151944000.0,995228000.0,0.511,5.861,22.372,22.346,5828122000.0,0.0,40.0,4.091,4.086,2927370000.0,8601386000.0,15279537000.0,15279537000.0,1474537000.0,0.12,0.276,0.251,0.247,0.0,3724855000.0,1.0,1562540625.0,1560956000.0,1573293000.0,9.789,15940899000.0,1022861000.0,773982000.0,42387000.0,10.212,2119570000.0
19,ABT,MRY,2001-12-31,2001-12-31,2001-12-31,2021-09-07,-594710000.0,23296423000.0,22529232250.0,8419189000.0,14877234000.0,0.723,5.843,-1163707000.0,657378000.0,657378000.0,7748382000.0,1550390000.0,1.062,1.572,7288828000.0,2953335000.0,4335493000.0,7288828000.0,0.0,1168018000.0,0.0,0.015,0.82,2117907000.0,3285925000.0,0.202,3285925000.0,2117907000.0,1883148000.0,1.0,0.99,1.0,9059432000.0,8597098250.0,9059432000.0,93210732484.0,44.0,28.367,2403141000.0,1.55,1.0,8536864000.0,0.524,7294320000.0,234759000.0,14706736000.0,14895498500.0,2212035000.0,703376000.0,56162000.0,647214000.0,14236991000.0,7926817000.0,6310174000.0,86550516484.0,-256840000.0,-7424356000.0,152058000.0,5742540000.0,-1270782000.0,4623816000.0,-8384874000.0,129543000.0,3566848000.0,-62630000.0,1550390000.0,1550390000.0,1550390000.0,0.0,0.0,0.095,6642832000.0,1894032000.0,1525215000.0,0.82,9.554,55.825,55.75,5551547000.0,0.0,55.75,5.315,5.308,2812727000.0,7281395000.0,16285246000.0,16285246000.0,1577552000.0,0.069,0.18,0.142,0.13,0.0,3734880000.0,1.0,1552475632.0,1550408000.0,1565963000.0,10.504,16002103000.0,1112247000.0,332758000.0,278399000.0,10.321,492372000.0
20,ABT,MRY,2000-12-31,2000-12-31,2000-12-31,2021-09-07,-603212000.0,15283254000.0,15047104750.0,7376241000.0,7907013000.0,0.914,5.537,-1035873000.0,914218000.0,914218000.0,6238646000.0,2785977000.0,1.716,0.783,1555822000.0,479454000.0,1076368000.0,1555822000.0,0.0,827431000.0,0.0,0.015,0.74,3839628000.0,4667059000.0,0.34,4667059000.0,3839628000.0,3816407000.0,1.8,1.78,1.8,8570906000.0,8235632000.0,8570906000.0,75670422768.0,20.0,16.214,2063745000.0,1.333,1.0,7507270000.0,0.546,1555260000.0,23221000.0,10072058000.0,11286565000.0,1741331000.0,880479000.0,242500000.0,637979000.0,6712348000.0,4297540000.0,2414808000.0,74925199768.0,306121000.0,205000000.0,-329286000.0,-672769000.0,-1145894000.0,-2147949000.0,-617664000.0,167754000.0,3099618000.0,-27884000.0,2785977000.0,2785977000.0,2785977000.0,0.0,0.0,0.203,4245202000.0,3262068000.0,1355985000.0,0.411,8.742,26.894,26.911,4816911000.0,0.0,48.44,5.451,5.455,2179451000.0,7229586000.0,13745916000.0,13745916000.0,1351024000.0,0.185,0.338,0.34,0.279,0.0,2894178000.0,1.0,1546763001.0,1548015000.0,1565579000.0,8.88,13727994000.0,896083000.0,1030430000.0,217690000.0,8.868,3078701000.0
21,ABT,MRY,1999-12-31,1999-12-31,1999-12-31,2021-09-07,-405301000.0,14471044000.0,13626831000.0,6419754000.0,8051290000.0,0.967,4.833,-987098000.0,608097000.0,608097000.0,5977183000.0,2445759000.0,1.421,0.948,2233060000.0,896271000.0,1336789000.0,2233060000.0,0.0,828006000.0,0.0,0.018,0.66,3478653000.0,4306659000.0,0.327,4306659000.0,3478653000.0,3396888000.0,1.59,1.57,1.59,7427595000.0,6649689250.0,7427595000.0,56948111758.0,16.0,13.223,2047984000.0,1.333,1.0,7200442000.0,0.546,1574851000.0,81765000.0,10004445000.0,10689763250.0,1495444000.0,1069977000.0,115199000.0,954778000.0,7043449000.0,4516711000.0,2526738000.0,55269965758.0,292859000.0,-217000000.0,371725000.0,-857714000.0,-1003295000.0,-1489284000.0,-1233352000.0,-41441000.0,3035082000.0,-19587000.0,2445759000.0,2445759000.0,2445759000.0,0.0,0.0,0.186,4051067000.0,3149375000.0,1226854000.0,0.415,7.441,22.598,22.836,4770059000.0,0.0,36.31,4.194,4.234,2055839000.0,6174007000.0,13177625000.0,13177625000.0,1193963000.0,0.179,0.368,0.325,0.264,0.0,2857104000.0,1.0,1522169258.0,1536762000.0,1557655000.0,8.575,12896193000.0,918617000.0,951129000.0,313610000.0,8.392,1903043000.0
22,ABT,MRY,1998-12-31,1998-12-31,1998-12-31,2021-09-07,-227693000.0,13259919000.0,12665648750.0,5589761000.0,7670158000.0,0.988,3.743,-993555000.0,315238000.0,315238000.0,5406635000.0,2334353000.0,1.126,1.305,3098839000.0,1759145000.0,1339694000.0,3098839000.0,0.0,786380000.0,0.0,0.012,0.585,3344405000.0,4130785000.0,0.33,4130785000.0,3344405000.0,3241865000.0,1.52,1.5,1.52,5753591000.0,5394791000.0,5753591000.0,76900790905.0,23.0,18.617,1881723000.0,1.224,1.0,7106099000.0,0.568,1349822000.0,102540000.0,9727796000.0,9986554500.0,1412740000.0,1063646000.0,95827000.0,967819000.0,7506328000.0,4965902000.0,2540426000.0,74363445905.0,75496000.0,-249177000.0,-808935000.0,382360000.0,-891661000.0,-1318236000.0,-1481403000.0,-256705000.0,2875278000.0,-143000.0,2334353000.0,2334353000.0,2334353000.0,0.0,0.0,0.187,3988534000.0,3117565000.0,1057417000.0,0.385,12.925,31.856,32.237,4742938000.0,0.0,49.0,5.943,6.02,1955866000.0,4743315000.0,12512734000.0,12512734000.0,1228777000.0,0.184,0.433,0.335,0.267,0.0,2759757000.0,1.0,1517621345.0,1537242000.0,1560958000.0,8.14,11910097000.0,847154000.0,907512000.0,275147000.0,7.748,623859000.0
23,ABT,MRY,1997-12-31,1997-12-31,1997-12-31,2021-09-07,-230242000.0,12101825000.0,11577935500.0,5075947000.0,7025878000.0,1.027,3.243,-1009096000.0,239742000.0,239742000.0,5052313000.0,2079101000.0,1.008,1.403,2719546000.0,1781563000.0,937983000.0,2719546000.0,0.0,729143000.0,0.0,0.016,0.525,3020128000.0,3749271000.0,0.315,3749271000.0,3020128000.0,2934585000.0,1.34,1.32,1.34,5036334000.0,4917991000.0,5036334000.0,52547680780.0,17.0,14.015,1650992000.0,1.063,1.0,6836970000.0,0.575,1112126000.0,85543000.0,8431935000.0,8935887750.0,1280988000.0,817069000.0,52816000.0,764253000.0,7065491000.0,5037568000.0,2027923000.0,50099805780.0,127016000.0,-200475000.0,-896703000.0,417294000.0,-809554000.0,-1288963000.0,-1241327000.0,-23547000.0,2660088000.0,-2782000.0,2079101000.0,2079101000.0,2079101000.0,0.0,0.0,0.175,4003120000.0,2833850000.0,1001572000.0,0.392,9.948,24.097,24.44,4571959000.0,0.0,32.75,4.214,4.277,1784115000.0,4355426000.0,11889283000.0,11889283000.0,1307362000.0,0.18,0.423,0.338,0.254,0.0,2695758000.0,1.0,1529765062.0,1552811000.0,1575072000.0,7.657,10989699000.0,800591000.0,855484000.0,448076000.0,7.077,38379000.0
24,ABT,MRY,1996-12-31,1996-12-31,1996-12-31,2021-09-07,0.0,11125600000.0,10269090000.0,4480902000.0,6644698000.0,1.072,3.085,-949028000.0,110209000.0,110209000.0,4731998000.0,1882033000.0,1.032,1.308,2316625000.0,1383727000.0,932898000.0,2316625000.0,0.0,686085000.0,0.0,0.018,0.465,2720474000.0,3406559000.0,0.309,3406559000.0,2720474000.0,2669550000.0,1.2,1.19,1.2,4820182000.0,4608514500.0,4820182000.0,,,,1433034000.0,0.917,1.0,6281462000.0,0.57,979793000.0,50924000.0,8008506000.0,7339528000.0,1238205000.0,678428000.0,12875000.0,665553000.0,6305418000.0,4343717000.0,1961701000.0,39302722613.0,-170988000.0,-830559000.0,-699178000.0,835037000.0,-728147000.0,-592288000.0,-1955241000.0,-194752000.0,2382062000.0,-5521000.0,1882033000.0,1882033000.0,1882033000.0,0.0,0.0,0.171,3664401000.0,2617061000.0,923018000.0,0.388,8.154,20.883,21.146,4461543000.0,0.0,25.375,3.569,3.6,1708807000.0,4184034000.0,11013460000.0,11013460000.0,1204841000.0,0.183,0.408,0.371,0.247,0.0,2459560000.0,1.0,1548875768.0,1562494000.0,1580592000.0,7.049,10145807000.0,708402000.0,787517000.0,475541000.0,6.493,137185000.0
25,ABT,MRY,1995-12-31,1995-12-31,1995-12-31,2021-09-07,-55646000.0,9412580000.0,8968152000.0,4226711000.0,5185869000.0,1.116,2.764,-947021000.0,281197000.0,281197000.0,4325805000.0,1688700000.0,1.115,1.141,1485061000.0,1049863000.0,435198000.0,1485061000.0,0.0,566423000.0,0.0,0.02,0.41,2464851000.0,3031274000.0,0.303,3031274000.0,2464851000.0,2395319000.0,1.06,1.05,1.06,4396847000.0,4223123500.0,4396847000.0,,,,1018560000.0,0.64,1.0,5686389000.0,0.568,155580000.0,69532000.0,6670550000.0,6168244500.0,1110941000.0,457047000.0,34500000.0,422547000.0,5015733000.0,3790314000.0,1225419000.0,,-9075000.0,0.0,-694871000.0,414565000.0,-653567000.0,-933873000.0,-1037723000.0,-116313000.0,1965581000.0,-3060000.0,1688700000.0,1688700000.0,1688700000.0,0.0,0.0,0.169,3303485000.0,2382904000.0,755921000.0,0.387,,,19.637,4249538000.0,0.0,20.815,,3.307,1563038000.0,3926917000.0,10012194000.0,10012194000.0,1072745000.0,0.188,0.4,0.4,0.246,0.0,2230740000.0,1.0,,1590724000.0,1607324000.0,6.294,9257000000.0,651436000.0,706619000.0,383967000.0,5.819,436397000.0
26,ABT,MRY,1994-12-31,1994-12-31,1994-12-31,2021-09-07,-51124000.0,8523724000.0,,3876328000.0,4647396000.0,,2.493,-929488000.0,290272000.0,290272000.0,3993831000.0,1516683000.0,1.115,1.105,1059594000.0,772503000.0,287091000.0,1059594000.0,0.0,510504000.0,0.0,0.023,0.37,2216412000.0,2726916000.0,0.298,2726916000.0,2216412000.0,2166690000.0,0.935,,0.935,4049400000.0,,4049400000.0,,,,1282649000.0,0.79,1.0,5162178000.0,0.564,151241000.0,49722000.0,5665939000.0,,1018191000.0,341251000.0,25056000.0,316195000.0,4474324000.0,3475866000.0,998458000.0,,-10404000.0,0.0,-579732000.0,-97834000.0,-602356000.0,-1279922000.0,-944085000.0,-41460000.0,2212137000.0,1466000.0,1516683000.0,1516683000.0,1516683000.0,0.0,0.0,0.166,3017971000.0,2144207000.0,671100000.0,0.396,,,17.449,3920850000.0,0.0,16.315,,2.895,1468519000.0,3652434000.0,9156009000.0,9156009000.0,963516000.0,,,,0.242,0.0,2054455000.0,1.0,,1624472000.0,,5.636,8372483000.0,549091000.0,650007000.0,524652000.0,5.154,400462000.0
0,ABT,MRQ,2021-06-30,2021-06-30,2021-06-30,2021-09-07,-9066000000.0,73269000000.0,,22627000000.0,50642000000.0,,19.126,-413000000.0,8658000000.0,8658000000.0,4947000000.0,1189000000.0,1.794,1.153,18501000000.0,954000000.0,17547000000.0,18501000000.0,0.0,874000000.0,0.0,0.014,0.45,1482000000.0,2356000000.0,0.23,2356000000.0,1482000000.0,1348000000.0,0.67,0.66,0.67,34029000000.0,,34029000000.0,216376759758.0,28.0,19.271,1715000000.0,0.964,1.0,5276000000.0,0.516,37166000000.0,134000000.0,33332000000.0,,5439000000.0,1091000000.0,286000000.0,805000000.0,39240000000.0,12614000000.0,26626000000.0,205986759758.0,604000000.0,48000000.0,-454000000.0,-7000000.0,-803000000.0,-1264000000.0,-264000000.0,95000000.0,2128000000.0,4000000.0,1189000000.0,1189000000.0,1189000000.0,0.0,0.0,0.116,3884000000.0,1392000000.0,4017000000.0,0.672,6.053,32.307,32.473,8816000000.0,0.0,115.93,5.12,5.127,6113000000.0,29053000000.0,10223000000.0,10223000000.0,654000000.0,,,,,132000000.0,2726000000.0,1.0,1776820148.0,1779203000.0,1793279000.0,5.746,36103000000.0,3855000000.0,159000000.0,242000000.0,20.292,10013000000.0
1,ABT,MRQ,2021-03-31,2021-03-31,2021-03-31,2021-09-07,-9285000000.0,72785000000.0,,21817000000.0,50968000000.0,,19.016,-397000000.0,8054000000.0,8054000000.0,4401000000.0,1793000000.0,1.751,1.154,18444000000.0,955000000.0,17489000000.0,18444000000.0,0.0,934000000.0,0.0,0.013,0.45,2178000000.0,3112000000.0,0.298,3112000000.0,2178000000.0,2043000000.0,1.0,1.0,1.0,33788000000.0,,33788000000.0,223899078263.0,32.0,21.618,2240000000.0,1.261,1.0,6055000000.0,0.579,37565000000.0,135000000.0,33148000000.0,,5387000000.0,1150000000.0,318000000.0,832000000.0,38997000000.0,12462000000.0,26535000000.0,212300078263.0,1216000000.0,-15000000.0,-189000000.0,22000000.0,-800000000.0,-967000000.0,-422000000.0,-14000000.0,2637000000.0,-32000000.0,1793000000.0,1793000000.0,1793000000.0,0.0,0.0,0.171,3946000000.0,2109000000.0,4066000000.0,0.45,6.283,37.089,37.45,8832000000.0,0.0,119.84,5.686,5.703,6096000000.0,28669000000.0,10456000000.0,10456000000.0,654000000.0,,,,,288000000.0,2783000000.0,1.0,1771529358.0,1776842000.0,1791503000.0,5.885,35220000000.0,3739000000.0,250000000.0,276000000.0,19.822,9355000000.0
2,ABT,MRQ,2020-12-31,2020-12-31,2020-12-31,2021-09-07,-8946000000.0,72548000000.0,,20441000000.0,52107000000.0,,18.588,-679000000.0,6838000000.0,6838000000.0,4493000000.0,2162000000.0,1.717,1.198,18747000000.0,220000000.0,18527000000.0,18747000000.0,0.0,866000000.0,0.0,0.013,0.36,2528000000.0,3394000000.0,0.317,3394000000.0,2528000000.0,2392000000.0,1.21,1.2,1.21,33003000000.0,,33003000000.0,208138869504.0,38.0,23.479,3119000000.0,1.757,1.0,6208000000.0,0.58,38528000000.0,136000000.0,34022000000.0,,5012000000.0,1131000000.0,310000000.0,821000000.0,39545000000.0,11907000000.0,27638000000.0,194055869504.0,2358000000.0,0.0,-145000000.0,-1000000.0,-641000000.0,-787000000.0,-731000000.0,-58000000.0,3798000000.0,78000000.0,2162000000.0,2162000000.0,2162000000.0,-4000000.0,0.0,0.202,3776000000.0,2432000000.0,3946000000.0,0.298,5.88,43.171,43.448,9029000000.0,0.0,109.49,5.607,5.609,6414000000.0,27627000000.0,10701000000.0,10701000000.0,698000000.0,,,,,98000000.0,2570000000.0,1.0,1772361581.0,1775502000.0,1790359000.0,6.027,34020000000.0,3729000000.0,230000000.0,362000000.0,19.161,8534000000.0
3,ABT,MRQ,2020-09-30,2020-09-30,2020-09-30,2021-09-07,-9044000000.0,69043000000.0,,17390000000.0,51653000000.0,,17.805,-496000000.0,4480000000.0,4480000000.0,3966000000.0,1232000000.0,1.695,1.185,18563000000.0,214000000.0,18349000000.0,18563000000.0,0.0,808000000.0,0.0,0.013,0.36,1558000000.0,2366000000.0,0.267,2366000000.0,1558000000.0,1421000000.0,0.69,0.69,0.69,31595000000.0,,31595000000.0,207602779791.0,47.0,27.205,1570000000.0,0.885,1.0,4887000000.0,0.552,38546000000.0,137000000.0,34323000000.0,,5152000000.0,1054000000.0,251000000.0,803000000.0,37448000000.0,10257000000.0,27191000000.0,192686779791.0,-283000000.0,0.0,81000000.0,-1357000000.0,-639000000.0,-1915000000.0,-472000000.0,17000000.0,2066000000.0,38000000.0,1232000000.0,1232000000.0,1232000000.0,0.0,0.0,0.139,3392000000.0,1495000000.0,3189000000.0,0.522,6.099,56.974,57.279,8620000000.0,0.0,108.83,5.98,5.993,5649000000.0,26266000000.0,8853000000.0,8853000000.0,580000000.0,,,,,100000000.0,2302000000.0,1.0,1770529999.0,1774475000.0,1787853000.0,4.989,30497000000.0,3684000000.0,189000000.0,117000000.0,17.186,7133000000.0
4,ABT,MRQ,2020-06-30,2020-06-30,2020-06-30,2021-09-07,-9080000000.0,68776000000.0,,17221000000.0,51555000000.0,,17.371,-642000000.0,4763000000.0,4763000000.0,3263000000.0,537000000.0,1.571,1.233,19679000000.0,1495000000.0,18184000000.0,19679000000.0,0.0,825000000.0,0.0,0.015,0.36,660000000.0,1485000000.0,0.203,1485000000.0,660000000.0,526000000.0,0.3,0.3,0.3,30798000000.0,,30798000000.0,176620528156.0,43.0,24.231,680000000.0,0.384,1.0,4065000000.0,0.555,38865000000.0,134000000.0,33868000000.0,,5202000000.0,1050000000.0,274000000.0,776000000.0,37978000000.0,10959000000.0,27019000000.0,161725528156.0,1386000000.0,16000000.0,53000000.0,1258000000.0,-642000000.0,658000000.0,-619000000.0,4000000.0,1322000000.0,25000000.0,537000000.0,537000000.0,537000000.0,0.0,0.0,0.073,3393000000.0,672000000.0,3335000000.0,1.2,5.251,52.002,52.246,8343000000.0,0.0,91.43,5.143,5.155,5140000000.0,25669000000.0,7328000000.0,7328000000.0,564000000.0,,,,,115000000.0,2276000000.0,1.0,1768845326.0,1772953000.0,1785040000.0,4.133,29911000000.0,3571000000.0,-11000000.0,165000000.0,16.871,6262000000.0
5,ABT,MRQ,2020-03-31,2020-03-31,2020-03-31,2021-09-07,-9386000000.0,66777000000.0,,15498000000.0,51279000000.0,,17.201,-360000000.0,3377000000.0,3377000000.0,3281000000.0,564000000.0,1.434,1.195,18272000000.0,1468000000.0,16804000000.0,18272000000.0,0.0,828000000.0,0.0,0.017,0.36,792000000.0,1620000000.0,0.21,1620000000.0,792000000.0,653000000.0,0.32,0.31,0.32,30427000000.0,,30427000000.0,153151517205.0,32.0,19.572,355000000.0,0.201,1.0,4445000000.0,0.575,39192000000.0,139000000.0,31672000000.0,,4568000000.0,1081000000.0,291000000.0,790000000.0,36350000000.0,10808000000.0,25542000000.0,139152517205.0,-483000000.0,0.0,-147000000.0,50000000.0,-638000000.0,-735000000.0,-393000000.0,-36000000.0,715000000.0,-70000000.0,564000000.0,564000000.0,564000000.0,-20000000.0,0.0,0.073,3687000000.0,758000000.0,3181000000.0,1.125,4.573,38.88,39.064,7907000000.0,0.0,78.91,4.336,4.349,5292000000.0,25786000000.0,7726000000.0,7726000000.0,578000000.0,,,,,233000000.0,2548000000.0,1.0,1763433243.0,1768901000.0,1780578000.0,4.368,27585000000.0,3390000000.0,89000000.0,165000000.0,15.594,4690000000.0
6,ABT,MRQ,2019-12-31,2019-12-31,2019-12-31,2021-09-07,-8465000000.0,67887000000.0,,15667000000.0,52220000000.0,,17.704,-434000000.0,4140000000.0,4140000000.0,3434000000.0,1049000000.0,1.442,1.169,18139000000.0,1478000000.0,16661000000.0,18139000000.0,0.0,756000000.0,0.0,0.015,0.32,1404000000.0,2160000000.0,0.26,2160000000.0,1404000000.0,1240000000.0,0.59,0.59,0.59,31301000000.0,,31301000000.0,168614062536.0,36.0,21.726,1982000000.0,1.121,1.0,4880000000.0,0.587,40220000000.0,164000000.0,30803000000.0,,4316000000.0,883000000.0,0.0,883000000.0,36586000000.0,10863000000.0,25723000000.0,153608062536.0,-231000000.0,1000000.0,-489000000.0,-1128000000.0,-568000000.0,-2185000000.0,-489000000.0,-60000000.0,2416000000.0,27000000.0,1049000000.0,1049000000.0,1049000000.0,0.0,0.0,0.126,3491000000.0,1389000000.0,3252000000.0,0.542,4.907,41.662,41.961,8038000000.0,0.0,86.86,4.815,4.813,5425000000.0,25847000000.0,8314000000.0,8314000000.0,595000000.0,,,,,85000000.0,2413000000.0,1.0,1768455705.0,1768045000.0,1781591000.0,4.702,27667000000.0,3079000000.0,191000000.0,226000000.0,15.648,4804000000.0
7,ABT,MRQ,2019-09-30,2019-09-30,2019-09-30,2021-09-07,-7763000000.0,68539000000.0,,16119000000.0,52420000000.0,,18.074,-401000000.0,4091000000.0,4091000000.0,3358000000.0,960000000.0,1.536,1.141,19097000000.0,1458000000.0,17639000000.0,19097000000.0,0.0,754000000.0,0.0,0.015,0.32,1270000000.0,2024000000.0,0.251,2024000000.0,1270000000.0,1103000000.0,0.54,0.53,0.54,32019000000.0,,32019000000.0,163935158447.0,37.0,21.87,1547000000.0,0.873,1.0,4718000000.0,0.584,40511000000.0,167000000.0,32543000000.0,,4392000000.0,1118000000.0,244000000.0,874000000.0,36520000000.0,10491000000.0,26029000000.0,147878158447.0,954000000.0,-11000000.0,46000000.0,10000000.0,-569000000.0,-513000000.0,-432000000.0,-24000000.0,1948000000.0,-49000000.0,960000000.0,960000000.0,960000000.0,0.0,0.0,0.119,3520000000.0,1198000000.0,3029000000.0,0.593,4.618,44.92,44.984,7825000000.0,0.0,83.67,4.716,4.727,5450000000.0,25440000000.0,8076000000.0,8076000000.0,596000000.0,,,,,94000000.0,2440000000.0,1.0,1767397615.0,1771521000.0,1784167000.0,4.559,28028000000.0,3210000000.0,143000000.0,67000000.0,15.821,5628000000.0
8,ABT,MRQ,2019-06-30,2019-06-30,2019-06-30,2021-09-07,-7365000000.0,68427000000.0,,15195000000.0,53232000000.0,,18.03,-468000000.0,3137000000.0,3137000000.0,3279000000.0,1006000000.0,1.677,1.145,19194000000.0,212000000.0,18982000000.0,19194000000.0,0.0,751000000.0,0.0,0.014,0.32,1270000000.0,2021000000.0,0.253,2021000000.0,1270000000.0,1102000000.0,0.57,0.56,0.57,31894000000.0,,31894000000.0,164399644134.0,40.0,22.779,592000000.0,0.335,1.0,4700000000.0,0.589,41420000000.0,168000000.0,34002000000.0,,4352000000.0,1090000000.0,239000000.0,851000000.0,36533000000.0,9062000000.0,27471000000.0,148367644134.0,115000000.0,-34000000.0,113000000.0,6000000.0,-568000000.0,-449000000.0,-498000000.0,0.0,1060000000.0,2000000.0,1006000000.0,1006000000.0,1006000000.0,0.0,0.0,0.126,3494000000.0,1206000000.0,3222000000.0,0.561,4.652,51.25,51.28,7825000000.0,0.0,84.1,4.796,4.809,5548000000.0,25045000000.0,7979000000.0,7979000000.0,577000000.0,,,,,114000000.0,2434000000.0,1.0,1764181262.0,1768904000.0,1781417000.0,4.511,27007000000.0,3136000000.0,96000000.0,83000000.0,15.268,6133000000.0
9,ABT,MRQ,2019-03-31,2019-03-31,2019-03-31,2021-09-07,-7470000000.0,67610000000.0,,14409000000.0,53201000000.0,,17.654,-335000000.0,3022000000.0,3022000000.0,3160000000.0,672000000.0,1.581,1.172,19054000000.0,209000000.0,18845000000.0,19054000000.0,0.0,753000000.0,0.0,0.015,0.32,803000000.0,1556000000.0,0.207,1556000000.0,803000000.0,632000000.0,0.38,0.38,0.38,31129000000.0,,31129000000.0,155892233304.0,40.0,22.119,377000000.0,0.214,1.0,4375000000.0,0.581,41681000000.0,171000000.0,32848000000.0,,4085000000.0,1106000000.0,239000000.0,867000000.0,36481000000.0,9113000000.0,27368000000.0,140412233304.0,-822000000.0,-78000000.0,-90000000.0,-487000000.0,-565000000.0,-1142000000.0,-396000000.0,2000000.0,712000000.0,4000000.0,672000000.0,672000000.0,672000000.0,0.0,0.0,0.089,3636000000.0,739000000.0,3045000000.0,0.842,4.511,53.552,53.651,7626000000.0,0.0,79.94,4.57,4.588,5345000000.0,24613000000.0,7535000000.0,7535000000.0,672000000.0,,,,,226000000.0,2478000000.0,1.0,1756470269.0,1763278000.0,1776573000.0,4.273,25929000000.0,3027000000.0,-40000000.0,277000000.0,14.705,5296000000.0
10,ABT,MRQ,2018-12-31,2018-12-31,2018-12-31,2021-09-07,-7586000000.0,67173000000.0,,14632000000.0,52541000000.0,,17.446,-467000000.0,4086000000.0,4086000000.0,3191000000.0,654000000.0,1.624,1.186,19566000000.0,207000000.0,19359000000.0,19566000000.0,0.0,763000000.0,0.0,0.015,0.28,1132000000.0,1895000000.0,0.244,1895000000.0,1132000000.0,946000000.0,0.37,0.37,0.37,30722000000.0,,30722000000.0,143224568205.0,38.0,20.429,1298000000.0,0.737,1.0,4574000000.0,0.589,42196000000.0,186000000.0,31445000000.0,,3796000000.0,897000000.0,0.0,897000000.0,36451000000.0,9012000000.0,27439000000.0,127035568205.0,-3525000000.0,-11000000.0,-77000000.0,-4204000000.0,-495000000.0,-4776000000.0,-496000000.0,-35000000.0,1765000000.0,-18000000.0,654000000.0,654000000.0,654000000.0,1000000.0,0.0,0.084,3409000000.0,1165000000.0,2975000000.0,0.757,4.135,53.647,53.978,7563000000.0,0.0,72.33,4.154,4.158,5182000000.0,24560000000.0,7765000000.0,7765000000.0,562000000.0,,,,,81000000.0,2359000000.0,1.0,1756333032.0,1760946000.0,1773870000.0,4.41,24977000000.0,1885000000.0,292000000.0,305000000.0,14.184,5620000000.0
11,ABT,MRQ,2018-09-30,2018-09-30,2018-09-30,2021-09-07,-7009000000.0,71637000000.0,,18196000000.0,53441000000.0,,17.56,-354000000.0,7369000000.0,7369000000.0,3166000000.0,563000000.0,1.424,1.318,23558000000.0,4274000000.0,19284000000.0,23558000000.0,0.0,813000000.0,0.0,0.015,0.28,932000000.0,1745000000.0,0.228,1745000000.0,932000000.0,729000000.0,0.32,0.32,0.32,30898000000.0,,30898000000.0,146301862674.0,42.0,21.468,1829000000.0,1.039,1.0,4490000000.0,0.586,42893000000.0,203000000.0,32157000000.0,,3781000000.0,1152000000.0,181000000.0,971000000.0,40739000000.0,12776000000.0,27963000000.0,128696862674.0,4304000000.0,0.0,71000000.0,2894000000.0,-494000000.0,2471000000.0,-323000000.0,19000000.0,2183000000.0,-27000000.0,563000000.0,563000000.0,563000000.0,-11000000.0,0.0,0.074,3495000000.0,995000000.0,2730000000.0,0.875,4.165,145.256,146.72,7448000000.0,0.0,73.36,4.233,4.246,5271000000.0,24144000000.0,7656000000.0,7656000000.0,574000000.0,,,,,83000000.0,2377000000.0,1.0,1754319284.0,1759585000.0,1771680000.0,4.351,28744000000.0,2110000000.0,166000000.0,231000000.0,16.336,5420000000.0
12,ABT,MRQ,2018-06-30,2018-06-30,2018-06-30,2021-09-07,-6913000000.0,68415000000.0,,14122000000.0,54293000000.0,,17.507,-298000000.0,3065000000.0,3065000000.0,3282000000.0,733000000.0,1.578,1.223,20670000000.0,847000000.0,19823000000.0,20670000000.0,0.0,850000000.0,0.0,0.018,0.28,1002000000.0,1852000000.0,0.238,1852000000.0,1002000000.0,792000000.0,0.42,0.41,0.42,30774000000.0,,30774000000.0,124960921848.0,37.0,18.618,946000000.0,0.538,1.0,4485000000.0,0.577,43795000000.0,210000000.0,33274000000.0,,3714000000.0,1139000000.0,199000000.0,940000000.0,37641000000.0,8951000000.0,28690000000.0,106926921848.0,-792000000.0,30000000.0,30000000.0,-1167000000.0,-494000000.0,-1631000000.0,-299000000.0,-37000000.0,1244000000.0,-106000000.0,733000000.0,733000000.0,733000000.0,-15000000.0,0.0,0.094,3603000000.0,882000000.0,2503000000.0,0.667,3.475,115.472,117.288,7432000000.0,0.0,60.99,3.615,3.625,5192000000.0,24080000000.0,7767000000.0,7767000000.0,575000000.0,,,,,101000000.0,2466000000.0,1.0,1753187766.0,1757836000.0,1768950000.0,4.419,24620000000.0,2005000000.0,59000000.0,188000000.0,14.006,5171000000.0
13,ABT,MRQ,2018-03-31,2018-03-31,2018-03-31,2021-09-07,-5733000000.0,70908000000.0,,14964000000.0,55944000000.0,,18.023,-275000000.0,3857000000.0,3857000000.0,3067000000.0,418000000.0,1.661,1.244,21891000000.0,737000000.0,21154000000.0,21891000000.0,0.0,852000000.0,0.0,0.018,0.28,667000000.0,1519000000.0,0.206,1519000000.0,667000000.0,440000000.0,0.24,0.23,0.24,31601000000.0,,31601000000.0,122954326809.0,42.0,20.39,833000000.0,0.475,1.0,4323000000.0,0.585,45170000000.0,227000000.0,34762000000.0,,3826000000.0,1098000000.0,185000000.0,913000000.0,39307000000.0,9010000000.0,30297000000.0,104640326809.0,-5550000000.0,-25000000.0,9000000.0,-5973000000.0,-491000000.0,-6455000000.0,-238000000.0,-5000000.0,1108000000.0,35000000.0,418000000.0,418000000.0,418000000.0,-9000000.0,0.0,0.057,3715000000.0,608000000.0,2476000000.0,1.167,3.311,219.833,230.462,7659000000.0,0.0,59.92,3.679,3.694,5356000000.0,23856000000.0,7390000000.0,7390000000.0,589000000.0,,,,,212000000.0,2542000000.0,1.0,1746333892.0,1753412000.0,1765278000.0,4.215,25738000000.0,2082000000.0,22000000.0,212000000.0,14.679,5954000000.0
14,ABT,MRQ,2017-12-31,2017-12-31,2017-12-31,2021-09-07,-6062000000.0,76250000000.0,,20147000000.0,56103000000.0,,17.79,-345000000.0,9610000000.0,9610000000.0,3282000000.0,-828000000.0,2.261,1.452,27924000000.0,714000000.0,27210000000.0,27924000000.0,0.0,843000000.0,0.0,0.019,0.265,856000000.0,1699000000.0,0.224,1699000000.0,856000000.0,610000000.0,-0.48,-0.47,-0.48,31098000000.0,,31098000000.0,112349081207.0,34.0,17.89,1295000000.0,0.741,1.0,4307000000.0,0.568,45493000000.0,246000000.0,40159000000.0,,3601000000.0,883000000.0,0.0,883000000.0,45152000000.0,8912000000.0,36240000000.0,99336081207.0,-1605000000.0,-2829000000.0,64000000.0,998000000.0,-464000000.0,-112000000.0,-3152000000.0,17000000.0,1640000000.0,19000000.0,-828000000.0,-828000000.0,-828000000.0,-36000000.0,0.0,-0.109,3656000000.0,651000000.0,2402000000.0,-0.552,3.194,208.252,211.37,7607000000.0,0.0,57.07,3.627,3.625,5249000000.0,23978000000.0,7589000000.0,7589000000.0,619000000.0,,,,,68000000.0,2477000000.0,1.0,1740600687.0,1748070000.0,1757472000.0,4.341,30757000000.0,1944000000.0,1438000000.0,309000000.0,17.595,11235000000.0
15,ABT,MRQ,2017-09-30,2017-09-30,2017-09-30,2021-09-07,-6116000000.0,72248000000.0,,21377000000.0,50871000000.0,,18.476,-263000000.0,11012000000.0,11012000000.0,2876000000.0,603000000.0,2.694,1.242,24025000000.0,715000000.0,23310000000.0,24025000000.0,0.0,756000000.0,0.0,0.02,0.265,886000000.0,1642000000.0,0.24,1642000000.0,886000000.0,668000000.0,0.34,0.34,0.34,32218000000.0,,32218000000.0,107065972567.0,31.0,17.961,1742000000.0,0.999,1.0,3953000000.0,0.579,40644000000.0,218000000.0,36682000000.0,,3483000000.0,1573000000.0,187000000.0,1386000000.0,40030000000.0,7935000000.0,32095000000.0,92709972567.0,1337000000.0,24000000.0,81000000.0,-4000000.0,-463000000.0,-386000000.0,-306000000.0,-70000000.0,2005000000.0,24000000.0,603000000.0,603000000.0,603000000.0,-42000000.0,0.0,0.088,3184000000.0,769000000.0,1858000000.0,0.779,2.878,44.085,42.016,7219000000.0,0.0,53.36,3.689,3.702,4800000000.0,25320000000.0,6829000000.0,6829000000.0,568000000.0,,,,,75000000.0,2115000000.0,1.0,1737443264.0,1743757000.0,1754156000.0,3.916,31604000000.0,1565000000.0,65000000.0,180000000.0,18.124,13442000000.0
16,ABT,MRQ,2017-06-30,2017-06-30,2017-06-30,2021-09-07,-6250000000.0,71151000000.0,,19983000000.0,51168000000.0,,18.263,-255000000.0,9675000000.0,9675000000.0,3189000000.0,283000000.0,2.937,1.238,24031000000.0,221000000.0,23810000000.0,24031000000.0,0.0,648000000.0,0.0,0.022,0.265,522000000.0,1170000000.0,0.176,1170000000.0,522000000.0,308000000.0,0.16,0.16,0.16,31788000000.0,,31788000000.0,99619574545.0,39.0,21.539,1096000000.0,0.63,1.0,3448000000.0,0.52,40785000000.0,214000000.0,37919000000.0,,3603000000.0,1705000000.0,160000000.0,1545000000.0,39363000000.0,6803000000.0,32560000000.0,84351574545.0,969000000.0,238000000.0,54000000.0,24000000.0,-462000000.0,-384000000.0,-6000000.0,-13000000.0,1351000000.0,8000000.0,283000000.0,283000000.0,283000000.0,-13000000.0,0.0,0.043,3062000000.0,386000000.0,1667000000.0,1.656,2.654,72.034,68.465,7286000000.0,0.0,48.61,3.573,3.584,4633000000.0,25202000000.0,6637000000.0,6637000000.0,520000000.0,,,,,92000000.0,2150000000.0,1.0,1735272054.0,1740524000.0,1748883000.0,3.813,30366000000.0,1552000000.0,25000000.0,192000000.0,17.446,13180000000.0
17,ABT,MRQ,2017-03-31,2017-03-31,2017-03-31,2021-09-07,-6532000000.0,70887000000.0,,19329000000.0,51558000000.0,,18.263,-272000000.0,8706000000.0,8706000000.0,3062000000.0,419000000.0,2.908,1.247,23974000000.0,210000000.0,23764000000.0,23974000000.0,0.0,774000000.0,0.0,0.024,0.265,995000000.0,1769000000.0,0.279,1769000000.0,995000000.0,769000000.0,0.24,0.24,0.24,31547000000.0,,31547000000.0,79971373238.0,28.0,17.25,302000000.0,0.175,1.0,3273000000.0,0.517,40758000000.0,226000000.0,38751000000.0,,3995000000.0,1910000000.0,154000000.0,1756000000.0,39340000000.0,6646000000.0,32694000000.0,76740373238.0,-9914000000.0,-5870000000.0,34000000.0,-3960000000.0,-460000000.0,-4399000000.0,-6154000000.0,-15000000.0,574000000.0,65000000.0,419000000.0,419000000.0,419000000.0,-33000000.0,0.0,0.066,3515000000.0,-242000000.0,1481000000.0,1.104,2.433,51.058,46.26,7265000000.0,0.0,44.41,3.441,3.44,4510000000.0,25387000000.0,6335000000.0,6335000000.0,553000000.0,,,,,171000000.0,2440000000.0,1.0,1727997596.0,1727356000.0,1735195000.0,3.667,30129000000.0,1779000000.0,350000000.0,186000000.0,17.442,12683000000.0
18,ABT,MRQ,2016-12-31,2016-12-31,2016-12-31,2021-09-07,-7263000000.0,52666000000.0,,26776000000.0,25890000000.0,,14.008,-319000000.0,18775000000.0,18775000000.0,2382000000.0,798000000.0,4.02,1.542,22006000000.0,1325000000.0,20681000000.0,22006000000.0,0.0,319000000.0,0.0,0.027,0.26,1061000000.0,1380000000.0,0.259,1380000000.0,1061000000.0,908000000.0,0.53,0.54,0.53,20717000000.0,,20717000000.0,62561408778.0,29.0,17.703,851000000.0,0.575,1.0,2951000000.0,0.553,12222000000.0,153000000.0,37015000000.0,,2434000000.0,2947000000.0,0.0,2947000000.0,31949000000.0,6660000000.0,25289000000.0,56551408778.0,16120000000.0,-7000000.0,42000000.0,14018000000.0,-386000000.0,13504000000.0,1550000000.0,1868000000.0,1170000000.0,-104000000.0,798000000.0,798000000.0,798000000.0,-33000000.0,0.0,0.15,2162000000.0,789000000.0,1178000000.0,0.491,2.73,40.394,40.862,5705000000.0,0.0,38.41,2.712,2.721,3248000000.0,25565000000.0,5333000000.0,5333000000.0,368000000.0,,,,,47000000.0,1673000000.0,1.0,1472309523.0,1478947000.0,1483960000.0,3.606,40444000000.0,2263000000.0,110000000.0,188000000.0,27.346,20116000000.0
19,ABT,MRQ,2016-09-30,2016-09-30,2016-09-30,2021-09-07,-6533000000.0,39497000000.0,,12978000000.0,26519000000.0,,14.154,-312000000.0,2500000000.0,2500000000.0,2285000000.0,-329000000.0,1.56,0.89,8510000000.0,2535000000.0,5975000000.0,8510000000.0,0.0,340000000.0,0.0,0.024,0.26,-34000000.0,306000000.0,0.058,306000000.0,-34000000.0,-151000000.0,-0.22,-0.22,-0.22,20896000000.0,,20896000000.0,68500106100.0,33.0,19.781,905000000.0,0.613,1.0,3017000000.0,0.569,12486000000.0,117000000.0,24700000000.0,,2613000000.0,5004000000.0,2007000000.0,2997000000.0,18601000000.0,8321000000.0,10280000000.0,62166106100.0,-78000000.0,-66000000.0,74000000.0,-436000000.0,-384000000.0,-746000000.0,-554000000.0,-182000000.0,1217000000.0,5000000.0,-329000000.0,-329000000.0,-329000000.0,-28000000.0,0.0,-0.062,2120000000.0,897000000.0,1051000000.0,-1.182,2.975,45.41,46.473,5734000000.0,0.0,42.29,3.002,3.015,3320000000.0,25162000000.0,5302000000.0,5302000000.0,352000000.0,,,,,49000000.0,1628000000.0,1.0,1469995415.0,1476366000.0,1476366000.0,3.591,27011000000.0,2523000000.0,178000000.0,240000000.0,18.296,4657000000.0
20,ABT,MRQ,2016-06-30,2016-06-30,2016-06-30,2021-09-07,-7223000000.0,39831000000.0,,12988000000.0,26843000000.0,,14.103,-247000000.0,2578000000.0,2578000000.0,2287000000.0,615000000.0,1.498,0.915,8912000000.0,2896000000.0,6016000000.0,8912000000.0,0.0,347000000.0,0.0,0.025,0.26,834000000.0,1181000000.0,0.221,1181000000.0,834000000.0,731000000.0,0.41,0.41,0.41,20795000000.0,,20795000000.0,63008366417.0,22.0,14.725,662000000.0,0.449,1.0,3046000000.0,0.571,15063000000.0,103000000.0,22429000000.0,,2813000000.0,5199000000.0,1860000000.0,3339000000.0,19036000000.0,8673000000.0,10363000000.0,57752366417.0,-756000000.0,-7000000.0,42000000.0,163000000.0,-384000000.0,-179000000.0,-1470000000.0,-1246000000.0,909000000.0,-16000000.0,615000000.0,615000000.0,615000000.0,-16000000.0,0.0,0.115,2230000000.0,816000000.0,1153000000.0,0.634,2.777,25.352,25.862,5826000000.0,0.0,39.31,2.81,2.82,3567000000.0,25884000000.0,5333000000.0,5333000000.0,348000000.0,,,,,62000000.0,1737000000.0,1.0,1469152033.0,1474504000.0,1480492000.0,3.617,24768000000.0,2613000000.0,116000000.0,232000000.0,16.798,4315000000.0
21,ABT,MRQ,2016-03-31,2016-03-31,2016-03-31,2021-09-07,-6851000000.0,39637000000.0,,12406000000.0,27231000000.0,,14.108,-243000000.0,3334000000.0,3334000000.0,2140000000.0,316000000.0,1.478,0.902,8590000000.0,2613000000.0,5977000000.0,8590000000.0,0.0,347000000.0,0.0,0.023,0.26,320000000.0,667000000.0,0.137,667000000.0,320000000.0,262000000.0,0.21,0.21,0.21,20842000000.0,,20842000000.0,64501707046.0,21.0,14.404,-336000000.0,-0.227,1.0,2745000000.0,0.562,15233000000.0,58000000.0,21267000000.0,,2786000000.0,4175000000.0,623000000.0,3552000000.0,18795000000.0,8393000000.0,10402000000.0,61625707046.0,-1667000000.0,25000000.0,-432000000.0,-590000000.0,-385000000.0,-1432000000.0,226000000.0,446000000.0,-93000000.0,-368000000.0,316000000.0,316000000.0,316000000.0,-260000000.0,0.0,0.065,2221000000.0,524000000.0,1053000000.0,1.238,2.957,25.184,25.663,5836000000.0,0.0,41.83,3.022,3.03,3430000000.0,25654000000.0,4885000000.0,4885000000.0,379000000.0,,,,,152000000.0,1698000000.0,1.0,1473241861.0,1477332000.0,1483673000.0,3.307,24404000000.0,2608000000.0,-54000000.0,261000000.0,16.519,4013000000.0
22,ABT,MRQ,2015-12-31,2015-12-31,2015-12-31,2021-09-07,-6658000000.0,41247000000.0,,14155000000.0,27092000000.0,,14.339,-248000000.0,6125000000.0,6125000000.0,2206000000.0,767000000.0,1.541,0.934,9001000000.0,3130000000.0,5871000000.0,9001000000.0,0.0,366000000.0,0.0,0.021,0.24,943000000.0,1309000000.0,0.252,1309000000.0,943000000.0,902000000.0,0.51,0.51,0.51,21326000000.0,,21326000000.0,72216140305.0,14.0,10.884,580000000.0,0.39,1.0,2982000000.0,0.575,15200000000.0,41000000.0,19737000000.0,,2599000000.0,4041000000.0,0.0,4041000000.0,19921000000.0,9186000000.0,10735000000.0,66993140305.0,1869000000.0,0.0,-837000000.0,717000000.0,-360000000.0,-497000000.0,1566000000.0,1805000000.0,828000000.0,-28000000.0,767000000.0,767000000.0,767000000.0,-72000000.0,0.0,0.148,2167000000.0,815000000.0,1081000000.0,0.471,3.141,15.147,15.276,5730000000.0,0.0,44.91,3.283,3.293,3418000000.0,25757000000.0,5188000000.0,5188000000.0,369000000.0,,,,,43000000.0,1655000000.0,1.0,1491719891.0,1487258000.0,1496568000.0,3.488,26047000000.0,2119000000.0,135000000.0,430000000.0,17.513,4969000000.0
23,ABT,MRQ,2015-09-30,2015-09-30,2015-09-30,2021-09-07,-7211000000.0,41725000000.0,,15894000000.0,25831000000.0,,14.189,-411000000.0,3132000000.0,3132000000.0,2242000000.0,580000000.0,1.815,0.966,8355000000.0,2402000000.0,5953000000.0,8355000000.0,0.0,383000000.0,0.0,0.023,0.24,739000000.0,1122000000.0,0.218,1122000000.0,739000000.0,698000000.0,0.39,0.38,0.39,21219000000.0,,21219000000.0,64658555722.0,12.0,9.456,784000000.0,0.524,1.0,2908000000.0,0.565,15594000000.0,41000000.0,22599000000.0,,2633000000.0,6062000000.0,3007000000.0,3055000000.0,20506000000.0,8755000000.0,11751000000.0,59945555722.0,-916000000.0,-231000000.0,48000000.0,-504000000.0,-359000000.0,-815000000.0,-1197000000.0,-570000000.0,1195000000.0,-99000000.0,580000000.0,580000000.0,580000000.0,16000000.0,0.0,0.113,2195000000.0,713000000.0,1007000000.0,0.615,2.825,13.146,13.274,5797000000.0,0.0,40.22,2.914,2.924,3460000000.0,25375000000.0,5150000000.0,5150000000.0,378000000.0,,,,,44000000.0,1666000000.0,1.0,1490441465.0,1495465000.0,1505167000.0,3.444,26131000000.0,1383000000.0,118000000.0,483000000.0,17.473,7139000000.0
24,ABT,MRQ,2015-06-30,2015-06-30,2015-06-30,2021-09-07,-5004000000.0,44125000000.0,,21131000000.0,22994000000.0,,15.482,-216000000.0,4048000000.0,4048000000.0,2218000000.0,784000000.0,2.301,0.908,8761000000.0,2899000000.0,5862000000.0,8761000000.0,0.0,352000000.0,0.0,0.019,0.24,1028000000.0,1380000000.0,0.267,1380000000.0,1028000000.0,984000000.0,0.52,0.52,0.52,23126000000.0,,23126000000.0,78745209167.0,14.0,11.378,725000000.0,0.485,1.0,2952000000.0,0.571,15681000000.0,44000000.0,23972000000.0,,2735000000.0,7372000000.0,7129000000.0,243000000.0,20999000000.0,9185000000.0,11814000000.0,73068209167.0,822000000.0,2286000000.0,56000000.0,-70000000.0,-360000000.0,-374000000.0,242000000.0,-1843000000.0,941000000.0,13000000.0,784000000.0,784000000.0,784000000.0,2000000.0,0.0,0.152,2223000000.0,729000000.0,1000000000.0,0.462,3.16,16.173,16.36,5738000000.0,0.0,49.08,3.564,3.576,3553000000.0,25162000000.0,5170000000.0,5170000000.0,345000000.0,,,,,57000000.0,1727000000.0,1.0,1488757318.0,1493771000.0,1504215000.0,3.461,28444000000.0,1330000000.0,200000000.0,589000000.0,19.042,11946000000.0
25,ABT,MRQ,2015-03-31,2015-03-31,2015-03-31,2021-09-07,-5607000000.0,43095000000.0,,19985000000.0,23110000000.0,,14.61,-235000000.0,3226000000.0,3226000000.0,2081000000.0,2292000000.0,2.171,0.96,8903000000.0,2972000000.0,5931000000.0,8903000000.0,0.0,371000000.0,0.0,0.019,0.24,2453000000.0,2824000000.0,0.577,2824000000.0,2453000000.0,2416000000.0,1.52,1.51,1.52,21988000000.0,,21988000000.0,73295942771.0,14.0,10.979,-233000000.0,-0.155,1.0,2816000000.0,0.575,15834000000.0,37000000.0,23732000000.0,,2623000000.0,6867000000.0,6623000000.0,244000000.0,21107000000.0,9206000000.0,11901000000.0,69910942771.0,-837000000.0,230000000.0,-1190000000.0,1004000000.0,-364000000.0,-550000000.0,-205000000.0,-213000000.0,2000000.0,-84000000.0,2292000000.0,2292000000.0,2292000000.0,-1763000000.0,0.0,0.468,2206000000.0,610000000.0,1012000000.0,0.158,3.18,16.645,16.606,5699000000.0,0.0,46.33,3.429,3.42,3481000000.0,24740000000.0,4897000000.0,4897000000.0,313000000.0,,,,,148000000.0,1737000000.0,1.0,1508977828.0,1504995000.0,1515537000.0,3.254,27261000000.0,1330000000.0,124000000.0,534000000.0,18.114,10779000000.0
26,ABT,MRQ,2014-12-31,2014-12-31,2014-12-31,2021-09-07,-5053000000.0,41207000000.0,,13556000000.0,27651000000.0,,14.326,-287000000.0,4460000000.0,4460000000.0,2337000000.0,904000000.0,1.295,0.904,7830000000.0,4437000000.0,3393000000.0,7830000000.0,0.0,395000000.0,0.0,0.02,0.22,1117000000.0,1512000000.0,0.282,1512000000.0,1117000000.0,1074000000.0,0.6,0.59,0.6,21639000000.0,,21639000000.0,71214692182.0,22.0,14.902,951000000.0,0.63,1.0,3019000000.0,0.564,16265000000.0,43000000.0,17845000000.0,,2643000000.0,229000000.0,0.0,229000000.0,19568000000.0,10467000000.0,9101000000.0,67790692182.0,450000000.0,-490000000.0,138000000.0,-503000000.0,-335000000.0,-700000000.0,-10000000.0,759000000.0,1238000000.0,-78000000.0,904000000.0,904000000.0,904000000.0,-270000000.0,0.0,0.169,2190000000.0,829000000.0,1064000000.0,0.367,3.133,29.681,30.013,5935000000.0,0.0,45.02,3.348,3.371,3586000000.0,22874000000.0,5356000000.0,5356000000.0,361000000.0,,,,,38000000.0,1666000000.0,1.0,1505790586.0,1510498000.0,1522104000.0,3.546,24942000000.0,3288000000.0,170000000.0,270000000.0,16.512,3089000000.0
27,ABT,MRQ,2014-09-30,2014-09-30,2014-09-30,2021-09-07,-2975000000.0,42514000000.0,,16464000000.0,26050000000.0,,15.241,-277000000.0,4877000000.0,4877000000.0,2319000000.0,538000000.0,1.521,0.849,8301000000.0,4582000000.0,3719000000.0,8301000000.0,0.0,355000000.0,0.0,0.019,0.22,850000000.0,1205000000.0,0.237,1205000000.0,850000000.0,815000000.0,0.36,0.36,0.36,22993000000.0,,22993000000.0,62841842782.0,22.0,14.16,924000000.0,0.612,1.0,2760000000.0,0.543,16142000000.0,35000000.0,18973000000.0,,2696000000.0,221000000.0,0.0,221000000.0,19521000000.0,10823000000.0,8698000000.0,62538842782.0,43000000.0,-2822000000.0,63000000.0,397000000.0,-331000000.0,-271000000.0,-825000000.0,2239000000.0,1201000000.0,-62000000.0,538000000.0,538000000.0,538000000.0,-100000000.0,0.0,0.106,2032000000.0,728000000.0,965000000.0,0.611,2.72,31.778,32.24,5872000000.0,0.0,41.59,3.142,3.152,3618000000.0,22335000000.0,5079000000.0,5079000000.0,305000000.0,,,,,40000000.0,1595000000.0,1.0,1503699033.0,1508596000.0,1519780000.0,3.367,26372000000.0,1772000000.0,277000000.0,481000000.0,17.481,5641000000.0
28,ABT,MRQ,2014-06-30,2014-06-30,2014-06-30,2021-09-07,-1952000000.0,41475000000.0,,18258000000.0,23217000000.0,,15.733,-258000000.0,7062000000.0,7062000000.0,2288000000.0,466000000.0,1.853,0.75,7365000000.0,3962000000.0,3403000000.0,7365000000.0,0.0,400000000.0,0.0,0.018,0.22,735000000.0,1135000000.0,0.224,1135000000.0,735000000.0,699000000.0,0.31,0.3,0.31,23704000000.0,,23704000000.0,62147286204.0,22.0,13.783,642000000.0,0.426,1.0,2769000000.0,0.548,15179000000.0,36000000.0,16746000000.0,,2823000000.0,130000000.0,0.0,130000000.0,17771000000.0,9853000000.0,7918000000.0,61429286204.0,1510000000.0,0.0,55000000.0,-341000000.0,-333000000.0,-619000000.0,1228000000.0,1486000000.0,900000000.0,1000000.0,466000000.0,466000000.0,466000000.0,-41000000.0,0.0,0.092,2092000000.0,677000000.0,1062000000.0,0.71,2.592,25.638,26.387,5935000000.0,0.0,40.9,3.126,3.136,4056000000.0,22137000000.0,5057000000.0,5057000000.0,310000000.0,,,,,49000000.0,1649000000.0,1.0,1501938538.0,1506595000.0,1517046000.0,3.357,26296000000.0,1921000000.0,233000000.0,181000000.0,17.454,8405000000.0
29,ABT,MRQ,2014-03-31,2014-03-31,2014-03-31,2021-09-07,-1934000000.0,41662000000.0,,17931000000.0,23731000000.0,,15.324,-255000000.0,7047000000.0,7047000000.0,2274000000.0,375000000.0,1.76,0.774,7765000000.0,4378000000.0,3387000000.0,7765000000.0,0.0,398000000.0,0.0,0.017,0.22,528000000.0,926000000.0,0.195,926000000.0,528000000.0,492000000.0,0.24,0.24,0.24,23489000000.0,,23489000000.0,57886637253.0,21.0,13.005,81000000.0,0.053,1.0,2481000000.0,0.522,15394000000.0,36000000.0,16800000000.0,,2775000000.0,122000000.0,0.0,122000000.0,18173000000.0,10186000000.0,7987000000.0,59423637253.0,-1415000000.0,0.0,-2022000000.0,1213000000.0,-343000000.0,-1152000000.0,-595000000.0,-367000000.0,336000000.0,-4000000.0,375000000.0,375000000.0,375000000.0,-151000000.0,0.0,0.079,2116000000.0,365000000.0,1074000000.0,0.917,2.53,24.698,25.006,5948000000.0,0.0,38.51,2.965,2.946,3883000000.0,22005000000.0,4755000000.0,4755000000.0,369000000.0,,,,,119000000.0,1620000000.0,1.0,1543070300.0,1532810000.0,1547691000.0,3.102,26268000000.0,2214000000.0,117000000.0,152000000.0,17.137,7745000000.0
30,ABT,MRQ,2013-12-31,2013-12-31,2013-12-31,2021-09-07,-2012000000.0,42953000000.0,,19247000000.0,23706000000.0,,16.292,-303000000.0,8098000000.0,8098000000.0,2339000000.0,589000000.0,2.025,0.7,6561000000.0,3173000000.0,3388000000.0,6561000000.0,0.0,426000000.0,0.0,0.015,0.14,746000000.0,1172000000.0,0.234,1172000000.0,746000000.0,713000000.0,0.38,0.37,0.38,25267000000.0,,25267000000.0,58922756811.0,21.0,13.114,1322000000.0,0.852,1.0,2675000000.0,0.534,15507000000.0,33000000.0,16402000000.0,,2693000000.0,119000000.0,0.0,119000000.0,17686000000.0,9507000000.0,8179000000.0,59265295811.0,593000000.0,-14000000.0,176000000.0,-1732000000.0,-218000000.0,-1869000000.0,840000000.0,1155000000.0,1625000000.0,-3000000.0,589000000.0,589000000.0,589000000.0,-105000000.0,0.0,0.117,2047000000.0,628000000.0,1026000000.0,0.368,2.346,23.007,23.372,5905000000.0,0.0,38.33,3.015,3.038,3986000000.0,21979000000.0,5014000000.0,5014000000.0,359000000.0,,,,,40000000.0,1541000000.0,1.0,1546185646.0,1550893000.0,1566551000.0,3.233,27446000000.0,4637000000.0,124000000.0,175000000.0,17.697,9740000000.0
31,ABT,MRQ,2013-09-30,2013-09-30,2013-09-30,2021-09-07,-2956510000.0,44132477000.0,,19748949000.0,24383528000.0,,15.329,-277000000.0,8605484000.0,8605484000.0,2255000000.0,966000000.0,1.743,0.855,8262945000.0,4859876000.0,3403069000.0,8262945000.0,0.0,436000000.0,0.0,0.028,0.14,840000000.0,1276000000.0,0.264,1276000000.0,840000000.0,803000000.0,0.62,0.61,0.62,23787931000.0,,23787931000.0,50122365532.0,20.0,11.539,245000000.0,0.158,1.0,2570000000.0,0.533,15651001000.0,37000000.0,16807272000.0,,2804070000.0,142527000.0,0.0,142527000.0,20344546000.0,11331665000.0,9012881000.0,51581420532.0,-2690000000.0,-566000000.0,-313000000.0,374000000.0,-220000000.0,-559000000.0,-2697000000.0,-1873000000.0,522000000.0,44000000.0,966000000.0,966000000.0,966000000.0,-322000000.0,0.0,0.2,2097000000.0,473000000.0,1008912000.0,0.226,2.168,16.971,17.108,5842369000.0,0.0,33.19,2.738,2.734,3882803000.0,21668078000.0,4825000000.0,4825000000.0,339000000.0,,,,,45000000.0,1612000000.0,1.0,1554125355.0,1551803000.0,1566691000.0,3.109,28481476000.0,2670728000.0,-163000000.0,228175000.0,18.354,8417284000.0
32,ABT,MRQ,2013-06-30,2013-06-30,2013-06-30,2021-09-07,-3226425000.0,42903346000.0,,19831124000.0,23072222000.0,,14.372,-291000000.0,9393592000.0,9393592000.0,2545000000.0,476000000.0,1.816,0.913,7934537000.0,4523778000.0,3410759000.0,7934537000.0,0.0,436000000.0,0.0,0.037,0.14,641000000.0,1077000000.0,0.198,1077000000.0,641000000.0,601000000.0,0.3,0.3,0.3,22427646000.0,,22427646000.0,52958312271.0,15.0,9.108,426000000.0,0.273,1.0,2901000000.0,0.533,15000331000.0,40000000.0,15524346000.0,,2725179000.0,154268000.0,0.0,154268000.0,20475700000.0,10919614000.0,9556086000.0,54373199271.0,1199000000.0,0.0,-217000000.0,902000000.0,-220000000.0,465000000.0,36000000.0,327000000.0,717000000.0,-19000000.0,476000000.0,476000000.0,476000000.0,0.0,0.0,0.087,2274000000.0,627000000.0,1042248000.0,0.467,2.424,13.538,13.732,5768649000.0,0.0,34.88,2.821,2.824,3938998000.0,20318892000.0,5446000000.0,5446000000.0,363000000.0,,,,,51000000.0,1714000000.0,1.0,1558864658.0,1560519000.0,1576684000.0,3.49,27903015000.0,2077860000.0,125000000.0,138772000.0,17.881,8911510000.0
33,ABT,MRQ,2013-03-31,2013-03-31,2013-03-31,2021-09-07,-2894673000.0,42686613000.0,,19096868000.0,23589745000.0,,14.46,-274000000.0,8517313000.0,8517313000.0,2432000000.0,544000000.0,1.835,0.882,7102426000.0,3635850000.0,3466576000.0,7102426000.0,0.0,421000000.0,0.0,0.047,0.14,595000000.0,1016000000.0,0.189,1016000000.0,595000000.0,554000000.0,0.35,0.34,0.35,22683275000.0,,22683275000.0,60778292664.0,12.0,8.263,186000000.0,0.119,1.0,2946000000.0,0.548,15482258000.0,41000000.0,15383142000.0,,2710250000.0,146076000.0,0.0,146076000.0,20003338000.0,10406326000.0,9597012000.0,55476312664.0,-6429000000.0,0.0,-856000000.0,2248000000.0,-224000000.0,-4733000000.0,-2108000000.0,-1834000000.0,460000000.0,-48000000.0,544000000.0,544000000.0,544000000.0,0.0,0.0,0.101,2331000000.0,615000000.0,1087979000.0,0.4,2.446,10.537,10.607,5791492000.0,0.0,35.32,2.898,2.894,3917865000.0,20062483000.0,5378000000.0,5378000000.0,346000000.0,,,,,126000000.0,1786000000.0,1.0,1570677029.0,1568730000.0,1586018000.0,3.428,27204355000.0,2097969000.0,10000000.0,141978000.0,17.342,8690542000.0
34,ABT,MRQ,2012-12-31,2012-12-31,2012-12-31,2021-09-07,-3594000000.0,67235000000.0,,31323000000.0,35912000000.0,,17.007,-385807000.0,15174000000.0,15174000000.0,1680867000.0,1053461000.0,2.359,1.508,20476000000.0,2391000000.0,18085000000.0,20476000000.0,0.0,587570000.0,0.0,0.031,0.51,387155000.0,974725000.0,0.306,974725000.0,387155000.0,473247000.0,0.67,0.66,0.67,26813000000.0,,26813000000.0,108308845774.0,19.0,12.582,1116932000.0,0.708,1.0,1507364000.0,0.473,24362000000.0,-86092000.0,34895000000.0,,3793000000.0,274000000.0,0.0,274000000.0,40422000000.0,13280000000.0,27142000000.0,103533736774.0,2804872000.0,-24376000.0,-361063000.0,3678642000.0,-812063000.0,2505365000.0,-1224998000.0,-815817000.0,1502739000.0,21766000.0,1053461000.0,1053461000.0,1053461000.0,-1917438000.0,0.0,0.33,1530756000.0,-23392000.0,1797000000.0,0.761,3.861,17.363,17.42,8063000000.0,0.0,65.5,5.435,5.415,7613000000.0,24151000000.0,3188231000.0,3188231000.0,377028000.0,,,,,74265000.0,1158230000.0,1.0,1580667737.0,1576602000.0,1595102000.0,2.022,42873000000.0,6199000000.0,-580214000.0,655000000.0,27.193,18043000000.0
35,ABT,MRQ,2012-09-30,2012-09-30,2012-09-30,2021-09-07,-2755915000.0,63257738000.0,,27264244000.0,35993494000.0,,17.19,-530747000.0,11504522000.0,11504522000.0,2488913000.0,1942806000.0,1.674,1.334,16279631000.0,4224991000.0,12054640000.0,16279631000.0,0.0,759728000.0,0.0,0.029,0.51,1987230000.0,2746958000.0,0.522,2746958000.0,1987230000.0,1835196000.0,1.22,1.21,1.22,27104341000.0,,27104341000.0,114678397460.0,17.0,11.773,2988755000.0,1.895,1.0,2775874000.0,0.527,24668675000.0,152034000.0,27078194000.0,,3814256000.0,380383000.0,0.0,380383000.0,36153397000.0,16285978000.0,19867419000.0,107593520460.0,944172000.0,-21624000.0,522859000.0,-1908411000.0,-805405000.0,-2590957000.0,-131607000.0,431074000.0,3519502000.0,147234000.0,1942806000.0,1942806000.0,1942806000.0,-1603885000.0,0.0,0.369,2465857000.0,310017000.0,1605202000.0,0.418,3.97,16.482,16.56,7960648000.0,0.0,68.56,12.234,12.292,6948714000.0,23326756000.0,5264787000.0,5264787000.0,350653000.0,,,,,75608000.0,1920115000.0,1.0,1569333729.0,1576771000.0,1594279000.0,3.339,38589063000.0,2983788000.0,-107610000.0,709364000.0,24.473,10978266000.0
36,ABT,MRQ,2012-06-30,2012-06-30,2012-06-30,2021-09-07,-3543531000.0,61859790000.0,,26257492000.0,35602298000.0,,15.63,-425116000.0,11002138000.0,11002138000.0,2370056000.0,1724612000.0,1.534,1.517,18087015000.0,6082923000.0,12004092000.0,18087015000.0,0.0,691435000.0,0.0,0.03,0.51,1926563000.0,2617998000.0,0.493,2617998000.0,1926563000.0,1843275000.0,1.09,1.08,1.09,24572485000.0,,24572485000.0,108556926877.0,20.0,12.834,1641713000.0,1.044,1.0,2943241000.0,0.554,24340473000.0,83288000.0,27483727000.0,,3518452000.0,389901000.0,0.0,389901000.0,37287305000.0,17120467000.0,20166838000.0,101436547877.0,2706866000.0,-110000000.0,-375389000.0,1297740000.0,-806984000.0,115367000.0,688370000.0,1222327000.0,2066829000.0,-163700000.0,1724612000.0,1724612000.0,1724612000.0,-1313771000.0,0.0,0.325,2379051000.0,564190000.0,1519460000.0,0.468,4.128,20.752,20.73,7831272000.0,0.0,64.47,7.6,7.594,6767952000.0,22227912000.0,5313297000.0,5313297000.0,370605000.0,,,,,85785000.0,1813623000.0,1.0,1573391467.0,1572099000.0,1588502000.0,3.38,37519317000.0,3040652000.0,118663000.0,477459000.0,23.866,9137025000.0
37,ABT,MRQ,2012-03-31,2012-03-31,2012-03-31,2021-09-07,-1941119000.0,62415801000.0,,25602131000.0,36813670000.0,,16.229,-453330000.0,9526561000.0,9526561000.0,2359164000.0,1242124000.0,1.525,1.444,16646940000.0,4785435000.0,11861505000.0,16646940000.0,0.0,743267000.0,0.0,0.031,0.48,1436365000.0,2179632000.0,0.413,2179632000.0,1436365000.0,1354285000.0,0.79,0.78,0.79,25543434000.0,,25543434000.0,103686969888.0,19.0,12.255,1771600000.0,1.126,1.0,2924521000.0,0.554,25695652000.0,82080000.0,27054605000.0,,3549348000.0,374746000.0,0.0,374746000.0,36872367000.0,16785923000.0,20086444000.0,96369751888.0,-2466910000.0,-550000000.0,-300407000.0,1345029000.0,-758548000.0,165225000.0,-4891765000.0,-3899584000.0,2224930000.0,34700000.0,1242124000.0,1242124000.0,1242124000.0,-890909000.0,0.0,0.235,2415336000.0,509185000.0,1726962000.0,0.608,3.773,18.873,18.801,7955257000.0,0.0,61.29,5.46,5.466,7659882000.0,21314465000.0,5283685000.0,5283685000.0,363714000.0,,,,,197342000.0,1842032000.0,1.0,1572356859.0,1573921000.0,1589510000.0,3.357,36720149000.0,2788015000.0,112161000.0,759361000.0,23.33,8816208000.0
38,ABT,MRQ,2011-12-31,2011-12-31,2011-12-31,2021-09-07,-2597185000.0,60276893000.0,,23768774000.0,36508119000.0,,15.706,-274235000.0,8097359000.0,8097359000.0,-1685705000.0,1618219000.0,1.535,1.458,15414577000.0,3374755000.0,12039822000.0,15414577000.0,0.0,648535000.0,0.0,0.033,0.48,1548008000.0,2196543000.0,-0.311,2196543000.0,1548008000.0,1593063000.0,1.04,1.03,1.04,24526145000.0,,24526145000.0,96339671351.0,19.0,11.69,1127037000.0,0.722,1.0,-5381101000.0,0.761,25695016000.0,-45055000.0,26418867000.0,,3284249000.0,378225000.0,0.0,378225000.0,35750748000.0,15480228000.0,20270520000.0,87594845351.0,1764072000.0,399500000.0,648965000.0,-1181334000.0,-751994000.0,-1684363000.0,1764642000.0,1632548000.0,1401272000.0,282521000.0,1618219000.0,1618219000.0,1618219000.0,-3602000000.0,0.0,-0.229,-3340621000.0,-2040480000.0,1721127000.0,0.462,3.571,18.527,18.558,7873955000.0,0.0,56.23,4.092,4.09,7683920000.0,20907362000.0,-7066806000.0,-7066806000.0,-1465807000.0,,,,,62897000.0,-2486314000.0,1.0,1557795578.0,1561554000.0,1575703000.0,-4.525,34581877000.0,5261463000.0,-25156000.0,514947000.0,22.146,8288546000.0
39,ABT,MRQ,2011-09-30,2011-09-30,2011-09-30,2021-09-07,-860277000.0,59628176000.0,,23094416000.0,36533760000.0,,15.841,-451995000.0,7976502000.0,7976502000.0,3973250000.0,303181000.0,1.498,1.415,16721328000.0,3624561000.0,13096767000.0,16721328000.0,0.0,838386000.0,0.0,0.036,0.48,625934000.0,1464320000.0,0.149,1464320000.0,625934000.0,501595000.0,0.19,0.19,0.19,24688972000.0,,24688972000.0,88928935898.0,16.0,10.253,2602435000.0,1.67,1.0,5843415000.0,0.595,27024362000.0,124339000.0,25934679000.0,,3269317000.0,392788000.0,0.0,392788000.0,34939204000.0,15413961000.0,19525243000.0,79603323898.0,972281000.0,-485000000.0,47225000.0,-1963717000.0,-751630000.0,-2668122000.0,991995000.0,1932189000.0,3054430000.0,-406022000.0,303181000.0,303181000.0,303181000.0,0.0,0.0,0.031,5248537000.0,594878000.0,1601998000.0,2.526,3.224,17.493,17.574,7977460000.0,0.0,51.14,2.071,2.073,7043542000.0,20052443000.0,9816665000.0,9816665000.0,1009627000.0,,,,,67838000.0,4238910000.0,1.0,1556576533.0,1558556000.0,1568287000.0,6.299,32603814000.0,1139150000.0,198414000.0,466855000.0,20.919,7680455000.0
40,ABT,MRQ,2011-06-30,2011-06-30,2011-06-30,2021-09-07,577784000.0,62004241000.0,,24132178000.0,37872063000.0,,17.002,-372957000.0,8893499000.0,8893499000.0,3870472000.0,1942782000.0,1.524,1.342,18219111000.0,5591350000.0,12627761000.0,18219111000.0,0.0,811412000.0,0.0,0.034,0.48,1808685000.0,2620097000.0,0.272,2620097000.0,1808685000.0,1674556000.0,1.24,1.23,1.24,26469703000.0,,26469703000.0,94066299829.0,15.0,10.338,2130195000.0,1.368,1.0,5745819000.0,0.598,28496527000.0,134129000.0,26993398000.0,,3475006000.0,451928000.0,0.0,451928000.0,35534538000.0,15839928000.0,19694610000.0,81786370829.0,1336862000.0,-187500000.0,91808000.0,-727580000.0,-750409000.0,-1386181000.0,205593000.0,-1108516000.0,2503152000.0,14298000.0,1942782000.0,1942782000.0,1942782000.0,0.0,0.0,0.202,3972366000.0,1773453000.0,1448555000.0,0.387,3.09,15.918,15.945,8128450000.0,0.0,52.62,2.193,2.196,7038069000.0,20509111000.0,9616291000.0,9616291000.0,1037780000.0,,,,,76457000.0,2762086000.0,1.0,1554282988.0,1556869000.0,1566103000.0,6.177,33507714000.0,795158000.0,-268226000.0,487376000.0,21.523,8292250000.0
41,ABT,MRQ,2011-03-31,2011-03-31,2011-03-31,2021-09-07,182049000.0,61651363000.0,,23647132000.0,38004231000.0,,15.931,-391813000.0,6502280000.0,6502280000.0,3858983000.0,863818000.0,1.373,1.494,18782209000.0,6251963000.0,12530246000.0,18782209000.0,0.0,745667000.0,0.0,0.036,0.44,1214373000.0,1960040000.0,0.217,1960040000.0,1214373000.0,1068786000.0,0.56,0.55,0.56,24720332000.0,,24720332000.0,89375720535.0,15.0,10.102,1619333000.0,1.044,1.0,5181867000.0,0.573,28836827000.0,145587000.0,27869362000.0,,3400996000.0,2263681000.0,1873559000.0,390122000.0,36931031000.0,17225103000.0,19705928000.0,75908887535.0,-908215000.0,0.0,104002000.0,-104369000.0,-683967000.0,-684334000.0,-2301230000.0,-1917221000.0,2011146000.0,66203000.0,863818000.0,863818000.0,863818000.0,0.0,0.0,0.096,3880718000.0,1301149000.0,1577168000.0,0.786,3.071,16.918,16.972,8078195000.0,0.0,49.05,2.079,2.085,7160219000.0,19323753000.0,9040850000.0,9040850000.0,930400000.0,,,,,175808000.0,2850318000.0,1.0,1547581805.0,1551755000.0,1558641000.0,5.826,32814536000.0,699087000.0,204968000.0,1272280000.0,21.147,6422029000.0
42,ABT,MRQ,2010-12-31,2010-12-31,2010-12-31,2021-09-07,-1366846000.0,60573852000.0,,22317529000.0,38256323000.0,,14.714,-291333000.0,5451450000.0,5451450000.0,4045040000.0,1440847000.0,1.293,1.661,18918283000.0,6394766000.0,12523517000.0,18918283000.0,0.0,709578000.0,0.0,0.036,0.44,1919174000.0,2628752000.0,0.264,2628752000.0,1919174000.0,1767830000.0,0.92,0.92,0.92,22765131000.0,,22765131000.0,88927144883.0,14.0,10.003,2025186000.0,1.309,1.0,5922808000.0,0.594,28081705000.0,151344000.0,28696546000.0,,3188734000.0,2174539000.0,1872490000.0,302049000.0,37808721000.0,17262434000.0,20546287000.0,74060042883.0,-169774000.0,-313200000.0,55714000.0,543073000.0,-692101000.0,-93314000.0,-2440389000.0,-1825268000.0,2316519000.0,47410000.0,1440847000.0,1440847000.0,1440847000.0,0.0,0.0,0.145,4092861000.0,1829947000.0,1535759000.0,0.478,3.253,16.009,16.077,7970956000.0,0.0,47.91,2.106,2.107,7184034000.0,19215768000.0,9967848000.0,9967848000.0,1057432000.0,,,,,56947000.0,2797229000.0,1.0,1545815965.0,1547159000.0,1556133000.0,6.443,32492147000.0,4977664000.0,326983000.0,1307723000.0,21.001,5055095000.0
43,ABT,MRQ,2010-09-30,2010-09-30,2010-09-30,2021-09-07,-1483235000.0,57373620000.0,,19447420000.0,37926200000.0,,13.85,-205085000.0,3849951000.0,3849951000.0,3741116000.0,890660000.0,1.248,1.677,18717053000.0,5806372000.0,12910681000.0,18717053000.0,0.0,677024000.0,0.0,0.032,0.44,1213212000.0,1890236000.0,0.218,1890236000.0,1213212000.0,1064110000.0,0.58,0.57,0.58,21403932000.0,,21403932000.0,94768331437.0,15.0,10.824,2343328000.0,1.516,1.0,4933389000.0,0.569,28454213000.0,149102000.0,28202638000.0,,3308758000.0,2126960000.0,1871807000.0,255153000.0,35890896000.0,15583871000.0,20307025000.0,80660060437.0,-503557000.0,-2200000000.0,66131000.0,-73814000.0,-679423000.0,-687106000.0,-2392998000.0,14317000.0,2548413000.0,28134000.0,890660000.0,890660000.0,890660000.0,0.0,0.0,0.103,3752204000.0,1181185000.0,1531720000.0,0.759,3.768,17.074,17.072,7939787000.0,0.0,52.24,2.373,2.375,6248908000.0,18181133000.0,8674505000.0,8674505000.0,1078927000.0,,,,,72146000.0,2673277000.0,1.0,1544028722.0,1545413000.0,1554052000.0,5.613,28919407000.0,1277047000.0,173450000.0,874915000.0,18.713,3863549000.0
44,ABT,MRQ,2010-06-30,2010-06-30,2010-06-30,2021-09-07,-2629430000.0,53381402000.0,,19915307000.0,33466095000.0,,12.893,-273514000.0,4372778000.0,4372778000.0,3543932000.0,1291650000.0,1.356,1.677,18481049000.0,5868394000.0,12612655000.0,18481049000.0,0.0,675202000.0,0.0,0.035,0.44,1693175000.0,2368377000.0,0.268,2368377000.0,1693175000.0,1558687000.0,0.83,0.83,0.83,19911709000.0,,19911709000.0,87713069460.0,12.0,9.319,2074783000.0,1.343,1.0,5282082000.0,0.598,24484497000.0,134488000.0,28315916000.0,,3168641000.0,2122176000.0,1870936000.0,251240000.0,33386768000.0,14689260000.0,18697508000.0,72207973460.0,2754882000.0,-504395000.0,12940000.0,879137000.0,-679199000.0,212878000.0,303832000.0,1085241000.0,2348297000.0,-110125000.0,1291650000.0,1291650000.0,1291650000.0,0.0,0.0,0.146,3676116000.0,1605966000.0,1615606000.0,0.53,3.626,13.589,13.638,7875608000.0,0.0,46.78,2.183,2.184,6338350000.0,17978462000.0,8826014000.0,8826014000.0,857698000.0,,,,,84224000.0,2743418000.0,1.0,1543565059.0,1544415000.0,1551782000.0,5.715,28896905000.0,854750000.0,267037000.0,906674000.0,18.711,5226047000.0
45,ABT,MRQ,2010-03-31,2010-03-31,2010-03-31,2021-09-07,-975671000.0,53358622000.0,,17690678000.0,35667944000.0,,13.477,-245143000.0,1822073000.0,1822073000.0,3335104000.0,1003015000.0,1.165,1.551,17327169000.0,6448520000.0,10878649000.0,17327169000.0,0.0,562501000.0,0.0,0.03,0.4,1440408000.0,2002909000.0,0.26,2002909000.0,1440408000.0,1322207000.0,0.65,0.64,0.65,20860099000.0,,20860099000.0,89439828522.0,13.0,9.633,1277609000.0,0.825,1.0,4363250000.0,0.567,25671055000.0,118201000.0,28009178000.0,,3410921000.0,2990483000.0,1870000000.0,1120483000.0,32346282000.0,15183485000.0,17162797000.0,81793253522.0,-7242519000.0,-6415648000.0,-673199000.0,773752000.0,-620752000.0,-520199000.0,-7658760000.0,874139000.0,1522752000.0,-586312000.0,1003015000.0,1003015000.0,1003015000.0,0.0,0.0,0.13,2892767000.0,1470483000.0,1663523000.0,0.615,3.921,15.403,15.359,8060114000.0,0.0,52.68,2.577,2.569,6520222000.0,17367857000.0,7698354000.0,7698354000.0,730367000.0,,,,,173866000.0,2162400000.0,1.0,1552643385.0,1547815000.0,1561323000.0,4.974,27687567000.0,816292000.0,319192000.0,769488000.0,17.888,2507193000.0
46,ABT,MRQ,2009-12-31,2009-12-31,2009-12-31,2021-09-07,854074000.0,52581623000.0,,23313891000.0,29267732000.0,,14.975,-245447000.0,9932048000.0,9932048000.0,3784223000.0,1538729000.0,1.787,1.268,16455914000.0,5189620000.0,11266294000.0,16455914000.0,0.0,547353000.0,0.0,0.029,0.4,1946767000.0,2494120000.0,0.284,2494120000.0,1946767000.0,1822882000.0,1.0,0.99,1.0,23187396000.0,,23187396000.0,90467541620.0,12.0,9.229,1587170000.0,1.025,1.0,5005904000.0,0.569,19492163000.0,123885000.0,26563837000.0,,3264877000.0,1132866000.0,0.0,1132866000.0,29394227000.0,13049489000.0,16344738000.0,83508407620.0,3933424000.0,-851727000.0,185891000.0,936258000.0,-618776000.0,503373000.0,1562877000.0,2663027000.0,1832617000.0,34557000.0,1538729000.0,1538729000.0,1538729000.0,0.0,0.0,0.175,3142095000.0,1863809000.0,1280542000.0,0.4,3.601,14.534,14.553,7619489000.0,0.0,53.99,2.714,2.715,6541941000.0,17342694000.0,8790127000.0,8790127000.0,747048000.0,,,,,58859000.0,2225047000.0,1.0,1546738426.0,1548453000.0,1560157000.0,5.677,33089460000.0,3387356000.0,284153000.0,442140000.0,21.369,10264402000.0
47,ABT,MRQ,2009-09-30,2009-09-30,2009-09-30,2021-09-07,498968000.0,49846820000.0,,21415842000.0,28430978000.0,,13.798,-328710000.0,8695152000.0,8695152000.0,3360187000.0,1480367000.0,1.71,1.335,15654286000.0,4077730000.0,11576556000.0,15654286000.0,0.0,540714000.0,0.0,0.031,0.4,2005987000.0,2546701000.0,0.328,2546701000.0,2005987000.0,1871375000.0,0.95,0.95,0.95,21335055000.0,,21335055000.0,85291693555.0,11.0,8.805,2701314000.0,1.747,1.0,4401149000.0,0.567,18452007000.0,134612000.0,25829440000.0,,3421680000.0,1110767000.0,0.0,1110767000.0,28472070000.0,12524507000.0,15947563000.0,76476288555.0,671611000.0,-9512000.0,28395000.0,-266352000.0,-618376000.0,-856333000.0,-1518437000.0,-1177958000.0,3030024000.0,16357000.0,1480367000.0,1480367000.0,1480367000.0,0.0,0.0,0.191,2761396000.0,1639753000.0,1394952000.0,0.421,3.585,13.316,13.37,7522399000.0,0.0,49.47,2.556,2.556,5474987000.0,16152254000.0,7761336000.0,7761336000.0,675736000.0,,,,,62587000.0,2085660000.0,1.0,1545912443.0,1546291000.0,1552483000.0,5.019,31394813000.0,1345805000.0,391008000.0,1184353000.0,20.303,8891335000.0
48,ABT,MRQ,2009-06-30,2009-06-30,2009-06-30,2021-09-07,-6616000.0,47630017000.0,,19628376000.0,28001641000.0,,12.861,-262740000.0,6887943000.0,6887943000.0,3128998000.0,1288105000.0,1.63,1.394,15703348000.0,4331830000.0,11371518000.0,15703348000.0,0.0,537398000.0,0.0,0.031,0.4,1704007000.0,2241405000.0,0.299,2241405000.0,1704007000.0,1567038000.0,0.83,0.83,0.83,19879112000.0,,19879112000.0,82708836894.0,11.0,9.052,1451061000.0,0.939,1.0,4365878000.0,0.583,18214362000.0,136969000.0,26188679000.0,,3520839000.0,1051952000.0,0.0,1051952000.0,27709949000.0,12042381000.0,15667568000.0,72698378894.0,-670491000.0,-17332000.0,11597000.0,277007000.0,-618227000.0,-329623000.0,-2137392000.0,-1856695000.0,1713801000.0,82723000.0,1288105000.0,1288105000.0,1288105000.0,0.0,0.0,0.172,2694458000.0,1671420000.0,1185405000.0,0.482,3.657,13.595,13.635,7448303000.0,0.0,47.04,2.451,2.451,5452765000.0,15296662000.0,7494876000.0,7494876000.0,670206000.0,,,,,57964000.0,2024252000.0,1.0,1545458735.0,1545643000.0,1550564000.0,4.849,29415655000.0,1287024000.0,278933000.0,932321000.0,19.031,7585995000.0
49,ABT,MRQ,2009-03-31,2009-03-31,2009-03-31,2021-09-07,-1194941000.0,45437597000.0,,18007894000.0,27429703000.0,,11.608,-252151000.0,5703777000.0,5703777000.0,2935921000.0,1438637000.0,1.53,1.53,15714235000.0,4038282000.0,11675953000.0,15714235000.0,0.0,464045000.0,0.0,0.03,0.36,2056669000.0,2520714000.0,0.375,2520714000.0,2056669000.0,1932479000.0,0.93,0.92,0.93,17943299000.0,,17943299000.0,81048033598.0,11.0,8.872,446567000.0,0.289,1.0,3782447000.0,0.563,17713888000.0,124190000.0,25963896000.0,,3159093000.0,1053854000.0,0.0,1053854000.0,27454457000.0,11770271000.0,15684186000.0,73714753598.0,762773000.0,-1492059000.0,-543559000.0,2787242000.0,-559081000.0,1684602000.0,-1605758000.0,138962000.0,698718000.0,-14789000.0,1438637000.0,1438637000.0,1438637000.0,0.0,0.0,0.214,2721688000.0,1060759000.0,1184761000.0,0.387,4.108,13.698,13.707,7310433000.0,0.0,47.7,2.5,2.501,5227102000.0,14629154000.0,6718368000.0,6718368000.0,650743000.0,,,,,186947000.0,2070945000.0,1.0,1545382675.0,1545767000.0,1556385000.0,4.346,27723709000.0,1351528000.0,493842000.0,926513000.0,17.935,6237623000.0
50,ABT,MRQ,2008-12-31,2008-12-31,2008-12-31,2021-09-07,-1163839000.0,42419204000.0,,17042559000.0,25376645000.0,,11.298,-264592000.0,5079625000.0,5079625000.0,3178381000.0,1536226000.0,1.47,1.421,11445302000.0,2731975000.0,8713327000.0,11445302000.0,0.0,422555000.0,0.0,0.026,0.36,1955866000.0,2378421000.0,0.299,2378421000.0,1955866000.0,1832709000.0,0.99,0.98,0.99,17518691000.0,,17518691000.0,90562092733.0,14.0,10.82,967991000.0,0.624,1.0,4771887000.0,0.6,15138467000.0,123157000.0,22054506000.0,,2775849000.0,1073736000.0,0.0,1073736000.0,24900513000.0,11591908000.0,13308605000.0,82807940733.0,1301679000.0,349571000.0,65103000.0,541281000.0,-558509000.0,47875000.0,-352185000.0,-37901000.0,1232583000.0,23835000.0,1536226000.0,1536226000.0,1536226000.0,-146503000.0,0.0,0.193,3028991000.0,1742896000.0,1351436000.0,0.364,4.727,16.966,16.889,7219166000.0,0.0,53.37,2.804,2.793,5465660000.0,13825383000.0,7950268000.0,7950268000.0,731631000.0,,,,,60824000.0,2297360000.0,1.0,1551582176.0,1550605000.0,1563954000.0,5.127,27280737000.0,4408147000.0,296483000.0,805397000.0,17.594,5450651000.0
51,ABT,MRQ,2008-09-30,2008-09-30,2008-09-30,2021-09-07,1823234000.0,41753012000.0,,15226733000.0,26526279000.0,,12.516,-319805000.0,2810343000.0,2810343000.0,3352869000.0,1084612000.0,1.593,1.158,10564495000.0,2096462000.0,8468033000.0,10564495000.0,0.0,498560000.0,0.0,0.024,0.36,1498050000.0,1996610000.0,0.266,1996610000.0,1498050000.0,1373036000.0,0.7,0.69,0.7,19345835000.0,,19345835000.0,98851390638.0,16.0,12.199,2378606000.0,1.539,1.0,4144791000.0,0.553,16414003000.0,125014000.0,23533722000.0,,3100122000.0,2038126000.0,956127000.0,1081999000.0,22407177000.0,9559439000.0,12847738000.0,88762269638.0,-986243000.0,-250000000.0,470200000.0,-3279837000.0,-555557000.0,-3365194000.0,-54099000.0,453753000.0,2698411000.0,-265361000.0,1084612000.0,1084612000.0,1084612000.0,0.0,0.0,0.145,2748274000.0,1396517000.0,1223848000.0,0.514,4.588,19.519,19.519,7640721000.0,0.0,57.58,3.082,3.09,4994075000.0,12453610000.0,7497660000.0,7497660000.0,680360000.0,,,,,66398000.0,2067914000.0,1.0,1541546885.0,1545639000.0,1563730000.0,4.851,25339009000.0,1389556000.0,288424000.0,231007000.0,16.394,5667294000.0
52,ABT,MRQ,2008-06-30,2008-06-30,2008-06-30,2021-09-07,2500649000.0,44073719000.0,,16957168000.0,27116551000.0,,12.313,-370344000.0,3796586000.0,3796586000.0,3119700000.0,1322014000.0,1.411,1.325,13885707000.0,5427123000.0,8458584000.0,13885707000.0,0.0,465860000.0,0.0,0.025,0.36,1774087000.0,2239947000.0,0.306,2239947000.0,1774087000.0,1636318000.0,0.86,0.85,0.86,18958802000.0,,18958802000.0,92260466422.0,16.0,12.059,1388131000.0,0.902,1.0,4194321000.0,0.573,16800905000.0,137769000.0,25345385000.0,,3161204000.0,2472942000.0,1381688000.0,1091254000.0,25114917000.0,12016550000.0,13098367000.0,81748403422.0,1086635000.0,0.0,-96604000.0,709923000.0,-555636000.0,57683000.0,-788042000.0,-348580000.0,1758475000.0,58519000.0,1322014000.0,1322014000.0,1322014000.0,0.0,0.0,0.181,2787736000.0,1406585000.0,1180397000.0,0.419,4.312,19.557,19.546,7791884000.0,0.0,52.97,2.954,2.947,5189052000.0,11963641000.0,7314021000.0,7314021000.0,656863000.0,,,,,67871000.0,2052317000.0,1.0,1543296270.0,1539786000.0,1539786000.0,4.75,27272814000.0,1432508000.0,314304000.0,156177000.0,17.712,4940618000.0
53,ABT,MRQ,2008-03-31,2008-03-31,2008-03-31,2021-09-07,2254202000.0,41177572000.0,,15111740000.0,26065832000.0,,11.645,-332983000.0,2709951000.0,2709951000.0,2961072000.0,937867000.0,1.403,1.29,13222014000.0,4179156000.0,9042858000.0,13222014000.0,0.0,451854000.0,0.0,0.024,0.325,1303260000.0,1755114000.0,0.259,1755114000.0,1303260000.0,1160726000.0,0.61,0.6,0.61,17979544000.0,,17979544000.0,95004765350.0,18.0,13.1,972168000.0,0.63,1.0,3804531000.0,0.562,15818578000.0,142534000.0,25100612000.0,,3075636000.0,2010780000.0,926648000.0,1084132000.0,23198028000.0,10770445000.0,12427583000.0,85247445350.0,253567000.0,318645000.0,-511662000.0,789946000.0,-504550000.0,-226266000.0,-893165000.0,-860623000.0,1305151000.0,67847000.0,937867000.0,937867000.0,937867000.0,0.0,0.0,0.139,2656690000.0,1147841000.0,1228243000.0,0.533,4.741,22.162,22.149,7620704000.0,0.0,55.15,3.189,3.185,4998280000.0,11200647000.0,6765603000.0,6765603000.0,619957000.0,,,,,151922000.0,2018033000.0,1.0,1545737903.0,1544022000.0,1560567000.0,4.382,25358994000.0,1542418000.0,222859000.0,130445000.0,16.424,4341295000.0
54,ABT,MRQ,2007-12-31,2007-12-31,2007-12-31,2021-09-07,2081763000.0,39713924000.0,,14042733000.0,25671191000.0,,11.528,-428779000.0,2456384000.0,2456384000.0,3161680000.0,1203027000.0,1.543,1.228,12213704000.0,2725915000.0,9487789000.0,12213704000.0,0.0,483192000.0,0.0,0.023,0.325,1628519000.0,2111711000.0,0.292,2111711000.0,1628519000.0,1482925000.0,0.78,0.77,0.78,17823945000.0,,17823945000.0,97098530830.0,19.0,14.036,621312000.0,0.402,1.0,4059671000.0,0.562,15849319000.0,145594000.0,24518647000.0,,2951442000.0,1489705000.0,364443000.0,1125262000.0,21889979000.0,9103278000.0,12786701000.0,86767051830.0,545553000.0,220376000.0,222840000.0,-176323000.0,-502297000.0,-455780000.0,-228362000.0,-2669000.0,1050091000.0,179604000.0,1203027000.0,1203027000.0,1203027000.0,0.0,0.0,0.167,2541670000.0,1518001000.0,1219529000.0,0.417,4.868,24.06,23.996,7518149000.0,0.0,56.15,3.348,3.343,4946876000.0,10805809000.0,7221351000.0,7221351000.0,662401000.0,,,,,75521000.0,1879269000.0,1.0,1545272517.0,1546190000.0,1563006000.0,4.67,23864605000.0,3288333000.0,279898000.0,80406000.0,15.434,4939455000.0
55,ABT,MRQ,2007-09-30,2007-09-30,2007-09-30,2021-09-07,904553000.0,37621909000.0,,12838196000.0,24783713000.0,,10.112,-387578000.0,1910831000.0,1910831000.0,2864030000.0,717005000.0,1.045,1.41,12242310000.0,5764391000.0,6477919000.0,12242310000.0,0.0,503769000.0,0.0,0.023,0.325,1040076000.0,1543845000.0,0.242,1543845000.0,1040076000.0,893419000.0,0.46,0.46,0.46,15608160000.0,,15608160000.0,93655092830.0,28.0,18.394,1150432000.0,0.745,1.0,3512676000.0,0.551,15522766000.0,146657000.0,20147563000.0,,2924754000.0,1700708000.0,638119000.0,1062589000.0,22013749000.0,12283059000.0,9730690000.0,82867176830.0,371900000.0,46046000.0,-82493000.0,-233187000.0,-502294000.0,-817974000.0,-358276000.0,2024000.0,1538010000.0,10140000.0,717005000.0,717005000.0,717005000.0,0.0,0.0,0.112,2586122000.0,926554000.0,1154396000.0,0.707,5.309,43.002,43.242,7231699000.0,0.0,53.62,3.327,3.322,4211457000.0,10125216000.0,6376706000.0,6376706000.0,640718000.0,,,,,103958000.0,1945404000.0,1.0,1545452757.0,1543544000.0,1557758000.0,4.131,22099143000.0,966659000.0,176414000.0,351068000.0,14.317,555137000.0
56,ABT,MRQ,2007-06-30,2007-06-30,2007-06-30,2021-09-07,866996000.0,37153222000.0,,12338909000.0,24814313000.0,,9.946,-447174000.0,1538931000.0,1538931000.0,2804326000.0,988744000.0,1.027,1.423,12326847000.0,5720842000.0,6606005000.0,12326847000.0,0.0,435501000.0,0.0,0.023,0.325,1405987000.0,1841488000.0,0.289,1841488000.0,1405987000.0,1252638000.0,0.64,0.63,0.64,15334153000.0,,15334153000.0,94280553757.0,30.0,19.759,1092281000.0,0.708,1.0,3566294000.0,0.56,15162217000.0,153349000.0,20768704000.0,,2146060000.0,1703375000.0,698143000.0,1005232000.0,21819069000.0,12010217000.0,9808852000.0,82486260757.0,856583000.0,302015000.0,197731000.0,-229200000.0,-500752000.0,-532221000.0,-160659000.0,-17304000.0,1539455000.0,10008000.0,988744000.0,988744000.0,988744000.0,0.0,0.0,0.155,2379930000.0,1186364000.0,1061499000.0,0.508,5.379,42.83,42.84,5824607000.0,0.0,53.55,3.422,3.425,3395031000.0,9949525000.0,6370620000.0,6370620000.0,583474000.0,,,,,87028000.0,1796456000.0,1.0,1540359678.0,1541717000.0,1560667000.0,4.132,21991005000.0,967787000.0,263894000.0,276945000.0,14.264,328692000.0
57,ABT,MRQ,2007-03-31,2007-03-31,2007-03-31,2021-09-07,620725000.0,36286117000.0,,11504217000.0,24781900000.0,,9.296,-392676000.0,682348000.0,682348000.0,2592011000.0,697537000.0,0.935,1.534,12476641000.0,5935472000.0,6541169000.0,12476641000.0,0.0,432424000.0,0.0,0.021,0.295,988207000.0,1420631000.0,0.239,1420631000.0,988207000.0,840665000.0,0.45,0.45,0.45,14319141000.0,,14319141000.0,97993234356.0,40.0,23.609,663611000.0,0.431,1.0,3353550000.0,0.564,15234432000.0,147542000.0,20540872000.0,,2174025000.0,1953167000.0,959531000.0,993636000.0,21966976000.0,12305106000.0,9661870000.0,86103501356.0,161156000.0,0.0,-147067000.0,94217000.0,-453807000.0,-506657000.0,-388980000.0,2927000.0,1056287000.0,506000.0,697537000.0,697537000.0,697537000.0,0.0,0.0,0.117,2405925000.0,947625000.0,987514000.0,0.656,6.013,55.572,55.248,5696195000.0,0.0,55.8,3.705,3.699,3278283000.0,9532954000.0,5945561000.0,5945561000.0,619056000.0,,,,,163170000.0,1786869000.0,1.0,1543073501.0,1540315000.0,1558234000.0,3.86,21051685000.0,1015563000.0,143128000.0,336175000.0,13.667,-800889000.0
58,ABT,MRQ,2006-12-31,2006-12-31,2006-12-31,2021-09-07,389766000.0,36178172000.0,,11281883000.0,24896289000.0,,9.164,-314121000.0,521192000.0,521192000.0,2865612000.0,-476214000.0,0.944,1.574,12410925000.0,5401261000.0,7009664000.0,12410925000.0,0.0,411106000.0,0.0,0.024,0.295,-125546000.0,285560000.0,0.046,285560000.0,-125546000.0,-242100000.0,-0.31,-0.31,-0.31,14054186000.0,,14054186000.0,83682178770.0,31.0,19.684,974422000.0,0.635,1.0,3352357000.0,0.539,15852900000.0,116554000.0,20263810000.0,,2806421000.0,2082116000.0,852243000.0,1229873000.0,22123986000.0,11951195000.0,10172791000.0,74763216770.0,-5178000.0,-3533396000.0,93893000.0,2971998000.0,-452802000.0,2613089000.0,-3920560000.0,-15156000.0,1288543000.0,13750000.0,-476214000.0,-476214000.0,-476214000.0,0.0,0.0,-0.077,3606279000.0,-253922000.0,1175590000.0,-0.952,5.32,43.549,43.491,6946435000.0,0.0,48.71,3.326,3.315,4231142000.0,9568728000.0,6217969000.0,6217969000.0,596167000.0,,,,,59539000.0,1703112000.0,1.0,1534863822.0,1533553000.0,1533556000.0,4.055,20325272000.0,2583997000.0,234114000.0,262344000.0,13.254,-669312000.0
59,ABT,MRQ,2006-09-30,2006-09-30,2006-09-30,2021-09-07,1191305000.0,33299872000.0,,10070578000.0,23229294000.0,,10.222,-352339000.0,526370000.0,526370000.0,2391218000.0,715842000.0,1.355,1.13,9445332000.0,1937133000.0,7508199000.0,9445332000.0,0.0,381441000.0,0.0,0.023,0.295,842301000.0,1223742000.0,0.22,1223742000.0,842301000.0,726317000.0,0.47,0.46,0.47,15633401000.0,,15633401000.0,83825880620.0,19.0,14.42,932550000.0,0.61,1.0,3182552000.0,0.571,13128356000.0,115984000.0,21656477000.0,,2735709000.0,1891230000.0,524764000.0,1366466000.0,17666471000.0,7434001000.0,10232470000.0,74190309620.0,-264532000.0,-1599000.0,252943000.0,-987365000.0,-450752000.0,-1185174000.0,-364583000.0,0.0,1284889000.0,336000.0,715842000.0,715842000.0,715842000.0,0.0,0.0,0.128,2493386000.0,689166000.0,995340000.0,0.628,4.746,23.408,23.459,6865738000.0,0.0,48.56,3.418,3.422,3577729000.0,10506243000.0,5573770000.0,5573770000.0,617625000.0,,,,,59461000.0,1661761000.0,1.0,1527807035.0,1529367000.0,1541988000.0,3.644,20171516000.0,0.0,10475000.0,33718000.0,13.189,2636577000.0
60,ABT,MRQ,2006-06-30,2006-06-30,2006-06-30,2021-09-07,1318851000.0,34061267000.0,,9897785000.0,24163482000.0,,9.96,-442998000.0,790902000.0,790902000.0,2388613000.0,612244000.0,1.286,1.243,10426473000.0,2251778000.0,8174695000.0,10426473000.0,0.0,453020000.0,0.0,0.026,0.295,767799000.0,1220819000.0,0.222,1220819000.0,767799000.0,657136000.0,0.4,0.4,0.4,15185506000.0,,15185506000.0,70507864131.0,16.0,12.014,1062540000.0,0.697,1.0,3112511000.0,0.566,13520234000.0,110663000.0,22482420000.0,,2632270000.0,2080153000.0,305938000.0,1774215000.0,18875761000.0,7694184000.0,11181577000.0,66558345131.0,-1552194000.0,-4321016000.0,62467000.0,4032008000.0,-450065000.0,3644410000.0,-6820156000.0,-2098199000.0,1505538000.0,50862000.0,612244000.0,612244000.0,612244000.0,0.0,0.0,0.111,2569734000.0,542777000.0,1036931000.0,0.738,4.383,21.236,21.377,6797672000.0,0.0,43.61,3.094,3.091,3673178000.0,10270234000.0,5501124000.0,5501124000.0,556337000.0,,,,,87635000.0,1520397000.0,1.0,1526217499.0,1524589000.0,1531637000.0,3.608,20541033000.0,0.0,44892000.0,26293000.0,13.473,2203601000.0
61,ABT,MRQ,2006-03-31,2006-03-31,2006-03-31,2021-09-07,862527000.0,28531500000.0,,10608832000.0,17922668000.0,,9.44,-228360000.0,2343096000.0,2343096000.0,1759583000.0,864883000.0,1.482,0.976,6292615000.0,2140839000.0,4151776000.0,6292615000.0,0.0,313183000.0,0.0,0.026,0.275,1202481000.0,1515664000.0,0.331,1515664000.0,1202481000.0,1129692000.0,0.57,0.56,0.57,14442145000.0,,14442145000.0,69085265236.0,14.0,11.195,954759000.0,0.624,1.0,2820882000.0,0.616,9915036000.0,72789000.0,15405443000.0,,2418537000.0,199870000.0,61566000.0,138304000.0,14089355000.0,7160540000.0,6928815000.0,65345438236.0,-550591000.0,0.0,-661023000.0,-365824000.0,-423551000.0,-1450398000.0,-292330000.0,2419000.0,1183119000.0,9018000.0,864883000.0,864883000.0,864883000.0,-16323000.0,0.0,0.189,1778121000.0,1042761000.0,930821000.0,0.482,4.525,19.225,19.305,6052913000.0,0.0,42.47,3.034,3.017,3342637000.0,10109898000.0,4580465000.0,4580465000.0,438579000.0,,,,,123322000.0,1339542000.0,1.0,1538625812.0,1529862000.0,1537695000.0,2.994,18616464000.0,0.0,264809000.0,393394000.0,12.169,3448292000.0
62,ABT,MRQ,2005-12-31,2005-12-31,2005-12-31,2021-09-07,745498000.0,29141203000.0,,11386028000.0,17755175000.0,,9.315,-311649000.0,2893687000.0,2893687000.0,2809557000.0,976416000.0,1.535,1.022,6633514000.0,2062010000.0,4571504000.0,6633514000.0,0.0,337715000.0,0.0,0.028,0.275,1515405000.0,1853120000.0,0.306,1853120000.0,1515405000.0,1399924000.0,0.63,0.63,0.63,14415271000.0,,14415271000.0,64902325328.0,13.0,10.434,1048319000.0,0.677,1.0,3237777000.0,0.535,9960894000.0,115481000.0,15504622000.0,,2541979000.0,196419000.0,62406000.0,134013000.0,14725932000.0,7415514000.0,7310418000.0,61164933328.0,48680000.0,-268582000.0,-489210000.0,225569000.0,-426616000.0,-690257000.0,-561640000.0,16420000.0,1359968000.0,-50671000.0,976416000.0,976416000.0,976416000.0,0.0,0.0,0.161,1936975000.0,1300802000.0,1032516000.0,0.437,4.243,18.139,18.171,6003141000.0,0.0,39.43,2.738,2.74,3576794000.0,10404568000.0,6047334000.0,6047334000.0,490392000.0,,,,,7485000.0,1446583000.0,1.0,1551228337.0,1547615000.0,1553714000.0,3.908,19180309000.0,2905696000.0,423508000.0,1072003000.0,12.393,3970514000.0
63,ABT,MRQ,2005-09-30,2005-09-30,2005-09-30,2021-09-07,682461000.0,28830959000.0,,10988679000.0,17842280000.0,,9.188,-261992000.0,2845007000.0,2845007000.0,2677188000.0,680709000.0,1.255,1.021,6582399000.0,3533230000.0,3049169000.0,6582399000.0,0.0,343367000.0,0.0,0.025,0.275,936030000.0,1279397000.0,0.238,1279397000.0,936030000.0,895670000.0,0.44,0.44,0.44,14263031000.0,,14263031000.0,70197031910.0,15.0,11.902,1093503000.0,0.704,1.0,2706807000.0,0.503,10084522000.0,40360000.0,13725314000.0,,2686168000.0,1815704000.0,82651000.0,1733053000.0,14567928000.0,8758515000.0,5809413000.0,65907226910.0,1397793000.0,-26541000.0,-177083000.0,904407000.0,-427537000.0,299787000.0,-282764000.0,4969000.0,1355495000.0,-44141000.0,680709000.0,680709000.0,680709000.0,0.0,0.0,0.126,1876127000.0,830680000.0,1030356000.0,0.625,4.621,19.556,19.63,5985335000.0,0.0,42.4,3.003,2.999,3203038000.0,10330476000.0,5383995000.0,5383995000.0,448869000.0,,,,,7369000.0,1410127000.0,1.0,1554415729.0,1552397000.0,1563526000.0,3.468,18746437000.0,0.0,214961000.0,393266000.0,12.076,2230164000.0
64,ABT,MRQ,2005-06-30,2005-06-30,2005-06-30,2021-09-07,894183000.0,27817213000.0,,9663249000.0,18153964000.0,,9.262,-299709000.0,1447214000.0,1447214000.0,2631835000.0,877052000.0,1.589,0.934,5737019000.0,1016946000.0,4720073000.0,5737019000.0,0.0,332977000.0,0.0,0.022,0.275,1189714000.0,1522691000.0,0.276,1522691000.0,1189714000.0,1146470000.0,0.56,0.56,0.56,14381911000.0,,14381911000.0,81471338270.0,17.0,13.501,1509844000.0,0.972,1.0,2891965000.0,0.524,10321114000.0,43244000.0,15702873000.0,,2539287000.0,1839381000.0,87488000.0,1751893000.0,13435302000.0,6083031000.0,7352271000.0,75998682270.0,-256173000.0,0.0,113046000.0,-1457593000.0,-426579000.0,-1771126000.0,-266487000.0,22936000.0,1809553000.0,-83090000.0,877052000.0,877052000.0,877052000.0,0.0,0.0,0.159,1797050000.0,1094915000.0,942600000.0,0.491,5.284,21.754,21.879,6018090000.0,0.0,49.01,3.578,3.583,3345248000.0,10284544000.0,5523800000.0,5523800000.0,445258000.0,,,,,15286000.0,1351792000.0,1.0,1550677051.0,1552823000.0,1568906000.0,3.557,17496099000.0,0.0,269418000.0,438447000.0,11.267,3580218000.0
65,ABT,MRQ,2005-03-31,2005-03-31,2005-03-31,2021-09-07,1272062000.0,28857214000.0,,10351123000.0,18506091000.0,,9.11,-334143000.0,1703387000.0,1703387000.0,2522531000.0,837888000.0,1.405,1.035,7176043000.0,2478208000.0,4697835000.0,7176043000.0,0.0,344880000.0,0.0,0.022,0.26,1220126000.0,1565006000.0,0.291,1565006000.0,1220126000.0,1177856000.0,0.54,0.53,0.54,14177548000.0,,14177548000.0,78232756975.0,18.0,13.547,188245000.0,0.121,1.0,2860148000.0,0.531,10693557000.0,42270000.0,16268335000.0,,2670878000.0,1772135000.0,111132000.0,1661003000.0,14679666000.0,7367978000.0,7311688000.0,72677767975.0,477759000.0,0.0,-525430000.0,500450000.0,-405740000.0,-430720000.0,390804000.0,723604000.0,522388000.0,-16052000.0,837888000.0,837888000.0,837888000.0,0.0,0.0,0.156,1724277000.0,1135871000.0,986643000.0,0.481,5.126,22.357,22.306,6079667000.0,0.0,46.62,3.559,3.553,3537511000.0,9852654000.0,5382679000.0,5382679000.0,436656000.0,,,,,0.0,1287621000.0,1.0,1558939682.0,1556232000.0,1569505000.0,3.459,18163657000.0,0.0,339968000.0,462589000.0,11.672,2983145000.0
66,ABT,MRQ,2004-12-31,2004-12-31,2004-12-31,2021-09-07,1323732000.0,28767494000.0,,10734485000.0,18033009000.0,,9.189,-357925000.0,1225628000.0,1225628000.0,2627094000.0,974605000.0,1.573,1.008,6780617000.0,1992683000.0,4787934000.0,6780617000.0,0.0,333360000.0,0.0,0.022,0.26,1197688000.0,1531048000.0,0.271,1531048000.0,1197688000.0,1155644000.0,0.62,0.62,0.62,14325783000.0,,14325783000.0,78423128935.0,18.0,13.946,1275726000.0,0.818,1.0,3027349000.0,0.535,10856718000.0,42044000.0,16640121000.0,,2620463000.0,979183000.0,833334000.0,145849000.0,14441711000.0,6825644000.0,7616067000.0,72652350935.0,414737000.0,-362470000.0,60801000.0,131316000.0,-404950000.0,-912833000.0,-510718000.0,339677000.0,1633651000.0,204637000.0,974605000.0,974605000.0,974605000.0,0.0,0.0,0.172,1898163000.0,1129186000.0,1054464000.0,0.419,5.071,22.452,22.536,6007874000.0,0.0,46.65,3.692,3.699,3696115000.0,10033440000.0,5654443000.0,5654443000.0,463967000.0,,,,,28989000.0,1387196000.0,1.0,1557392303.0,1558988000.0,1570503000.0,3.627,17910776000.0,1984675000.0,181039000.0,376496000.0,11.489,3908841000.0
67,ABT,MRQ,2004-09-30,2004-09-30,2004-09-30,2021-09-07,584426000.0,27564226000.0,,10216003000.0,17348223000.0,,8.305,-371921000.0,810891000.0,810891000.0,2114919000.0,804079000.0,1.4,1.128,6581669000.0,1853199000.0,4728470000.0,6581669000.0,0.0,312803000.0,0.0,0.024,0.26,1102764000.0,1415567000.0,0.302,1415567000.0,1102764000.0,1066058000.0,0.52,0.51,0.52,12955344000.0,,12955344000.0,71865855534.0,16.0,12.649,524173000.0,0.336,1.0,2566750000.0,0.548,10215062000.0,36706000.0,15824485000.0,,2370191000.0,1322557000.0,1100402000.0,222155000.0,14608882000.0,7295457000.0,7313425000.0,66130593534.0,-420682000.0,0.0,-177987000.0,-411149000.0,-405911000.0,-995047000.0,-300511000.0,100072000.0,896094000.0,-21218000.0,804079000.0,804079000.0,804079000.0,0.0,0.0,0.172,1544214000.0,1022536000.0,1597801000.0,0.5,5.105,20.629,20.563,5697605000.0,0.0,42.36,3.495,3.492,2945894000.0,9483232000.0,4681669000.0,4681669000.0,391698000.0,,,,,0.0,1144416000.0,1.0,1561156599.0,1559980000.0,1569003000.0,3.001,17349164000.0,0.0,261979000.0,508367000.0,11.121,2920546000.0
68,ABT,MRQ,2004-06-30,2004-06-30,2004-06-30,2021-09-07,695605000.0,27686181000.0,,10502960000.0,17183221000.0,,8.219,-257294000.0,1231573000.0,1231573000.0,2068722000.0,634258000.0,1.378,1.159,6966835000.0,2280123000.0,4686712000.0,6966835000.0,0.0,353242000.0,0.0,0.024,0.26,909948000.0,1263190000.0,0.269,1263190000.0,909948000.0,875052000.0,0.41,0.4,0.41,12825866000.0,,12825866000.0,69133265464.0,16.0,12.496,1037840000.0,0.665,1.0,2634327000.0,0.56,10397818000.0,34896000.0,15399602000.0,,2317426000.0,1450363000.0,1191774000.0,258589000.0,14860315000.0,7624023000.0,7236292000.0,63572401464.0,107589000.0,-1593245000.0,36707000.0,393045000.0,-405531000.0,724221000.0,-1861424000.0,-182347000.0,1295134000.0,-37165000.0,634258000.0,634258000.0,634258000.0,620000.0,0.0,0.135,1837869000.0,796458000.0,1485629000.0,0.634,4.957,20.1,20.079,5613859000.0,0.0,40.76,3.438,3.44,2861185000.0,9281618000.0,4703049000.0,4703049000.0,436510000.0,,,,,0.0,1237353000.0,1.0,1559676189.0,1560479000.0,1570486000.0,3.014,17288363000.0,0.0,240794000.0,419656000.0,11.079,2878937000.0
69,ABT,MRQ,2004-03-31,2004-03-31,2004-03-31,2021-09-07,903949000.0,28053333000.0,,10942822000.0,17110511000.0,,8.648,-304493000.0,1123984000.0,1123984000.0,2073422000.0,822909000.0,1.574,1.076,6684848000.0,1727595000.0,4957253000.0,6684848000.0,0.0,289295000.0,0.0,0.024,0.245,1124301000.0,1413596000.0,0.305,1413596000.0,1124301000.0,1088860000.0,0.53,0.52,0.53,13512042000.0,,13512042000.0,69257812902.0,18.0,13.999,978571000.0,0.626,1.0,2567433000.0,0.553,9106354000.0,35441000.0,17553872000.0,,2863493000.0,1261427000.0,929883000.0,331544000.0,14541291000.0,6953971000.0,7587320000.0,64263250902.0,128860000.0,-372106000.0,-264069000.0,692786000.0,-383378000.0,45339000.0,-1250737000.0,-575771000.0,1283064000.0,38017000.0,822909000.0,822909000.0,822909000.0,-60634000.0,0.0,0.177,1617293000.0,950140000.0,1574940000.0,0.462,4.756,23.157,23.09,6459007000.0,0.0,41.1,3.588,3.585,3200593000.0,9824818000.0,4640855000.0,4640855000.0,404578000.0,,,,,0.0,1152815000.0,1.0,1563582747.0,1562450000.0,1572119000.0,2.97,18946979000.0,0.0,265951000.0,314813000.0,12.126,3988851000.0
70,ABT,MRQ,2003-12-31,2003-12-31,2003-12-31,2021-09-07,632752000.0,26039308000.0,,9614381000.0,16424927000.0,,8.359,-242528000.0,995124000.0,995124000.0,2197145000.0,944392000.0,1.381,0.992,5989686000.0,2537357000.0,3452329000.0,5989686000.0,0.0,326541000.0,0.0,0.021,0.245,1262514000.0,1589055000.0,0.324,1589055000.0,1262514000.0,1228157000.0,0.6,0.6,0.6,13072258000.0,,13072258000.0,77797782988.0,21.0,15.846,646983000.0,0.414,1.0,2700133000.0,0.551,8539290000.0,34357000.0,15531079000.0,,2738439000.0,697654000.0,291297000.0,406357000.0,12967050000.0,6963501000.0,6003549000.0,72852262988.0,-686813000.0,-34028000.0,26188000.0,-541095000.0,-383038000.0,-897945000.0,-672386000.0,-204479000.0,889511000.0,111130000.0,944392000.0,944392000.0,944392000.0,-50146000.0,0.0,0.193,1658234000.0,1041899000.0,1078333000.0,0.408,5.573,26.461,26.477,6281806000.0,0.0,46.6,4.216,4.214,3313377000.0,9691484000.0,4897278000.0,4897278000.0,449000000.0,,,,,0.0,1209234000.0,1.0,1563353283.0,1563832000.0,1574608000.0,3.132,17500018000.0,1165259000.0,283765000.0,158836000.0,11.19,2650880000.0
71,ABT,MRQ,2003-09-30,2003-09-30,2003-09-30,2021-09-07,21771000.0,26154769000.0,,10260878000.0,15893891000.0,,7.592,-284896000.0,1681937000.0,1681937000.0,1928796000.0,761217000.0,1.276,1.204,6627457000.0,2719143000.0,3908314000.0,6627457000.0,0.0,237657000.0,0.0,0.023,0.245,1028942000.0,1266599000.0,0.298,1266599000.0,1028942000.0,992676000.0,0.49,0.48,0.49,11864787000.0,,11864787000.0,71552524214.0,22.0,16.851,652312000.0,0.417,1.0,2319059000.0,0.546,8122661000.0,36266000.0,14938495000.0,,2662239000.0,404424000.0,71414000.0,333010000.0,14289982000.0,8039133000.0,6250849000.0,66486906214.0,603030000.0,-221823000.0,14139000.0,428140000.0,-382849000.0,59430000.0,-416567000.0,33527000.0,937208000.0,-75344000.0,761217000.0,761217000.0,761217000.0,-63742000.0,0.0,0.179,1498284000.0,820775000.0,1318196000.0,0.5,5.604,27.294,27.276,6100315000.0,0.0,42.55,4.321,4.321,2882025000.0,9139985000.0,4247855000.0,4247855000.0,409270000.0,,,,,0.0,1027774000.0,1.0,1562559488.0,1562898000.0,1572105000.0,2.718,18032108000.0,0.0,231459000.0,133721000.0,11.538,2221745000.0
72,ABT,MRQ,2003-06-30,2003-06-30,2003-06-30,2021-09-07,457681000.0,25890854000.0,,9714796000.0,16176058000.0,,7.615,-237720000.0,1078907000.0,1078907000.0,1848381000.0,246643000.0,1.325,1.177,6144525000.0,1828120000.0,4316405000.0,6144525000.0,0.0,250586000.0,0.0,0.022,0.245,427407000.0,677993000.0,0.164,677993000.0,427407000.0,388989000.0,0.16,0.16,0.16,11892836000.0,,11892836000.0,73756962267.0,23.0,17.243,739065000.0,0.473,1.0,2277878000.0,0.552,8295560000.0,38418000.0,15327755000.0,,2724783000.0,368882000.0,94881000.0,274001000.0,13998018000.0,7333157000.0,6664861000.0,68307929267.0,58423000.0,-242063000.0,25346000.0,-401404000.0,-382463000.0,-758521000.0,-273262000.0,202820000.0,976785000.0,94601000.0,246643000.0,246643000.0,246643000.0,-67500000.0,0.0,0.06,2049459000.0,228419000.0,1487956000.0,1.531,5.744,28.524,28.601,6124966000.0,0.0,43.76,4.412,4.414,2834176000.0,8766141000.0,4126259000.0,4126259000.0,378820000.0,,,,,0.0,1631639000.0,1.0,1560967305.0,1561681000.0,1572310000.0,2.642,17595294000.0,0.0,142346000.0,69696000.0,11.267,2381639000.0
73,ABT,MRQ,2003-03-31,2003-03-31,2003-03-31,2021-09-07,-158847000.0,24882580000.0,,9431446000.0,15451134000.0,,7.278,-284914000.0,1020484000.0,1020484000.0,2197741000.0,800981000.0,1.358,1.188,6469517000.0,2199789000.0,4269728000.0,6469517000.0,0.0,312655000.0,0.0,0.025,0.235,1091213000.0,1403868000.0,0.306,1403868000.0,1091213000.0,1053923000.0,0.51,0.51,0.51,11371407000.0,,11371407000.0,64518311921.0,18.0,13.689,658102000.0,0.421,1.0,2382722000.0,0.52,7866512000.0,37290000.0,15520768000.0,,2653640000.0,501738000.0,268538000.0,233200000.0,13511173000.0,6944333000.0,6566840000.0,58800134921.0,316034000.0,0.0,-88255000.0,46432000.0,-367353000.0,-409176000.0,-268390000.0,12457000.0,943016000.0,50584000.0,800981000.0,800981000.0,800981000.0,0.0,0.0,0.175,1402232000.0,980490000.0,1618432000.0,0.461,5.171,21.457,21.491,5925927000.0,0.0,37.61,3.752,3.75,2763198000.0,8920532000.0,4580463000.0,4580463000.0,406027000.0,,,,,0.0,996205000.0,1.0,1563417573.0,1562492000.0,1568097000.0,2.932,17016068000.0,0.0,252942000.0,147047000.0,10.89,2487113000.0
74,ABT,MRQ,2002-12-31,2002-12-31,2002-12-31,2021-09-07,-519782000.0,23592680000.0,,8455350000.0,15137330000.0,,6.824,-195342000.0,704450000.0,704450000.0,690340000.0,627107000.0,1.335,1.212,6422627000.0,2148654000.0,4273973000.0,6422627000.0,0.0,152114000.0,0.0,0.023,0.235,745636000.0,897750000.0,0.369,897750000.0,745636000.0,698021000.0,0.4,0.4,0.4,10664553000.0,,10664553000.0,68695871000.0,18.0,14.262,474759000.0,0.304,1.0,1743783000.0,0.716,7651781000.0,47615000.0,15323296000.0,,2441302000.0,1919104000.0,261677000.0,1657427000.0,12928127000.0,6335780000.0,6592347000.0,62501625000.0,-38198000.0,0.0,7700000.0,-522175000.0,-367196000.0,-881671000.0,-168328000.0,22905000.0,670101000.0,3129000.0,627107000.0,627107000.0,627107000.0,-246698000.0,0.0,0.258,1233182000.0,510601000.0,995228000.0,0.588,5.861,22.372,22.346,5828122000.0,0.0,40.0,4.091,4.086,2927370000.0,8601386000.0,2434123000.0,2434123000.0,345239000.0,,,,,0.0,887943000.0,1.0,1562540625.0,1562687000.0,1571361000.0,1.558,15940899000.0,1022861000.0,70914000.0,42387000.0,10.201,2119570000.0
75,ABT,MRQ,2002-09-30,2002-09-30,2002-09-30,2021-09-07,-351418000.0,23660355000.0,,8484149000.0,15176206000.0,,6.751,-309615000.0,742648000.0,742648000.0,2067494000.0,720051000.0,1.263,1.243,6936894000.0,2480947000.0,4455947000.0,6936894000.0,0.0,291461000.0,0.0,0.022,0.235,1006467000.0,1297928000.0,0.299,1297928000.0,1006467000.0,953710000.0,0.46,0.46,0.46,10547173000.0,,10547173000.0,69425085533.0,18.0,13.62,591318000.0,0.378,1.0,2273742000.0,0.524,7731345000.0,52757000.0,15406048000.0,,2446103000.0,590204000.0,271212000.0,318992000.0,13113182000.0,6717208000.0,6395974000.0,63115527533.0,260511000.0,0.0,7510000.0,89111000.0,-367133000.0,-270512000.0,-342145000.0,-35759000.0,900933000.0,-27765000.0,720051000.0,720051000.0,720051000.0,0.0,0.0,0.166,1360343000.0,913399000.0,887802000.0,0.511,5.984,22.702,22.57,5713597000.0,0.0,40.4,3.65,3.65,2865699000.0,8347523000.0,4341236000.0,4341236000.0,393125000.0,,,,,0.0,967218000.0,1.0,1562265533.0,1562332000.0,1568951000.0,2.779,15929010000.0,0.0,233659000.0,0.0,10.196,1766941000.0
76,ABT,MRQ,2002-06-30,2002-06-30,2002-06-30,2021-09-07,-644303000.0,23053101000.0,,8010045000.0,15043056000.0,,6.333,-275574000.0,482137000.0,482137000.0,2166590000.0,592265000.0,1.166,1.331,6791695000.0,2390909000.0,4400786000.0,6791695000.0,0.0,276927000.0,0.0,0.023,0.235,836678000.0,1113605000.0,0.258,1113605000.0,836678000.0,784457000.0,0.38,0.38,0.38,9888796000.0,,9888796000.0,64712530791.0,17.0,12.952,643295000.0,0.412,1.0,2148299000.0,0.498,7646667000.0,52221000.0,14847693000.0,,2391991000.0,619671000.0,221009000.0,398662000.0,13164305000.0,6868299000.0,6296006000.0,58757111791.0,-462846000.0,-585999000.0,13363000.0,-198996000.0,-366923000.0,-552556000.0,-884389000.0,-26283000.0,918869000.0,55230000.0,592265000.0,592265000.0,592265000.0,0.0,0.0,0.137,1465200000.0,683099000.0,1043758000.0,0.618,5.942,21.831,21.638,5611546000.0,0.0,37.65,3.43,3.432,2826996000.0,7996151000.0,4314889000.0,4314889000.0,379492000.0,,,,,0.0,978008000.0,1.0,1560613859.0,1561580000.0,1573960000.0,2.763,15406434000.0,0.0,192192000.0,0.0,9.866,1141746000.0
77,ABT,MRQ,2002-03-31,2002-03-31,2002-03-31,2021-09-07,-807769000.0,22765776000.0,,8075521000.0,14690255000.0,,6.064,-324914000.0,944983000.0,944983000.0,1896077000.0,854280000.0,1.162,1.41,6900402000.0,2576102000.0,4324300000.0,6900402000.0,0.0,323121000.0,0.0,0.016,0.21,1184383000.0,1507504000.0,0.36,1507504000.0,1184383000.0,1131497000.0,0.55,0.54,0.55,9445803000.0,,9445803000.0,88508249322.0,24.0,17.97,838699000.0,0.538,1.0,2293212000.0,0.547,7274823000.0,52886000.0,14494302000.0,,2333853000.0,683107000.0,48896000.0,634211000.0,13319973000.0,6952070000.0,6367903000.0,81876799322.0,287605000.0,0.0,108431000.0,-387068000.0,-326598000.0,-605235000.0,-295806000.0,23343000.0,1163613000.0,25033000.0,854280000.0,854280000.0,854280000.0,0.0,0.0,0.204,1248367000.0,1044845000.0,1017189000.0,0.382,8.668,31.152,30.941,5470134000.0,0.0,52.6,4.841,4.844,2644357000.0,7783047000.0,4189289000.0,4189289000.0,356681000.0,,,,,0.0,891686000.0,1.0,1556593143.0,1557723000.0,1579398000.0,2.689,15490953000.0,0.0,277217000.0,0.0,9.945,1123451000.0
78,ABT,MRQ,2001-12-31,2001-12-31,2001-12-31,2021-09-07,-594710000.0,23296423000.0,,8419189000.0,14877234000.0,,5.832,-362098000.0,657378000.0,657378000.0,2081101000.0,613555000.0,1.062,1.572,7288828000.0,2953335000.0,4335493000.0,7288828000.0,0.0,318892000.0,0.0,0.015,0.21,859358000.0,1178250000.0,0.265,1178250000.0,859358000.0,794764000.0,0.4,0.39,0.4,9059432000.0,,9059432000.0,93210732484.0,44.0,28.367,525292000.0,0.338,1.0,2363961000.0,0.532,7294320000.0,64594000.0,14706736000.0,,2212035000.0,703376000.0,56162000.0,647214000.0,14236991000.0,7926817000.0,6310174000.0,86550516484.0,63225000.0,-371730000.0,44756000.0,63066000.0,-326044000.0,-218222000.0,-595376000.0,82776000.0,887390000.0,-10567000.0,613555000.0,613555000.0,613555000.0,0.0,0.0,0.138,1649344000.0,714617000.0,1525215000.0,0.525,9.554,55.825,55.75,5551547000.0,0.0,55.75,5.315,5.308,2812727000.0,7281395000.0,4445062000.0,4445062000.0,461365000.0,,,,,0.0,1044579000.0,1.0,1552475632.0,1553336000.0,1575584000.0,2.862,16002103000.0,1112247000.0,181209000.0,278399000.0,10.302,492372000.0
79,ABT,MRQ,2001-09-30,2001-09-30,2001-09-30,2021-09-07,-645978000.0,22719399000.0,,8170901000.0,14548498000.0,,5.588,-410219000.0,594153000.0,594153000.0,2040899000.0,631400000.0,1.05,1.62,7254369000.0,2920266000.0,4334103000.0,7254369000.0,0.0,307873000.0,0.0,0.015,0.21,889126000.0,1196999000.0,0.286,1196999000.0,889126000.0,814153000.0,0.41,0.4,0.41,8671065000.0,,8671065000.0,87329581631.0,38.0,26.164,774159000.0,0.499,1.0,2140286000.0,0.512,5227908000.0,74973000.0,16369946000.0,,2260721000.0,802434000.0,196791000.0,605643000.0,14048334000.0,7781761000.0,6266573000.0,80441493631.0,-70594000.0,-226524000.0,17222000.0,-374092000.0,-325728000.0,-682598000.0,-591134000.0,44553000.0,1184378000.0,18760000.0,631400000.0,631400000.0,631400000.0,0.0,0.0,0.151,1395652000.0,744634000.0,1559357000.0,0.512,9.277,47.592,47.136,5539035000.0,0.0,51.85,5.175,5.176,2688536000.0,7047078000.0,4181185000.0,4181185000.0,400566000.0,,,,,0.0,995086000.0,1.0,1551427071.0,1551677000.0,1572054000.0,2.695,17491491000.0,0.0,182753000.0,0.0,11.273,389140000.0
80,ABT,MRQ,2001-06-30,2001-06-30,2001-06-30,2021-09-07,-737031000.0,22122582000.0,,7963572000.0,14159010000.0,,5.523,-154617000.0,664747000.0,664747000.0,1983064000.0,529048000.0,1.075,1.585,7552835000.0,3242091000.0,4310744000.0,7552835000.0,0.0,311185000.0,0.0,0.016,0.21,731386000.0,1042571000.0,0.254,1042571000.0,731386000.0,662915000.0,0.34,0.34,0.34,8558402000.0,,8558402000.0,80896154656.0,35.0,25.038,421897000.0,0.272,1.0,2116055000.0,0.516,5204647000.0,68471000.0,16397628000.0,,2192246000.0,882209000.0,220076000.0,662133000.0,13564180000.0,7408395000.0,6155785000.0,74345152656.0,172557000.0,-449663000.0,59184000.0,555713000.0,-330207000.0,284690000.0,-567076000.0,32098000.0,576514000.0,-121571000.0,529048000.0,529048000.0,529048000.0,0.0,0.0,0.129,1517543000.0,598512000.0,1517695000.0,0.618,8.687,43.394,43.243,5310531000.0,0.0,48.0,5.064,5.066,2490833000.0,7110546000.0,4099119000.0,4099119000.0,397341000.0,,,,,0.0,948202000.0,1.0,1548857347.0,1549547000.0,1569141000.0,2.645,16917935000.0,0.0,133867000.0,0.0,10.918,555177000.0
81,ABT,MRQ,2001-03-31,2001-03-31,2001-03-31,2021-09-07,-586711000.0,21978525000.0,,8191370000.0,13787155000.0,,5.235,-236773000.0,492190000.0,492190000.0,1643318000.0,-223613000.0,0.752,1.714,7043192000.0,5966820000.0,1076372000.0,7043192000.0,0.0,230068000.0,0.0,0.016,0.19,-361963000.0,-131895000.0,-0.037,-131895000.0,-361963000.0,-388684000.0,-0.14,-0.14,-0.14,8099494000.0,,8099494000.0,73625014187.0,29.0,21.981,681793000.0,0.441,1.0,1916562000.0,0.538,5533021000.0,26721000.0,12107684000.0,,2239728000.0,863543000.0,266000000.0,597543000.0,13879031000.0,10888822000.0,2990209000.0,72983410187.0,-422028000.0,-6376439000.0,30896000.0,5497853000.0,-288803000.0,5239946000.0,-6631288000.0,-29884000.0,918566000.0,50748000.0,-223613000.0,-223613000.0,-223613000.0,0.0,0.0,-0.063,2080293000.0,-163731000.0,1453288000.0,-1.357,9.011,39.041,39.0,5417172000.0,0.0,47.19,5.231,5.232,2553814000.0,6643168000.0,3559880000.0,3559880000.0,318280000.0,,,,,0.0,747013000.0,1.0,1546586357.0,1547072000.0,1547072000.0,2.301,16445504000.0,0.0,-165071000.0,0.0,10.63,-2697452000.0
82,ABT,MRQ,2000-12-31,2000-12-31,2000-12-31,2021-09-07,-603212000.0,15283254000.0,,7376241000.0,7907013000.0,,5.542,-307629000.0,914218000.0,914218000.0,1696440000.0,753399000.0,1.716,0.783,1555822000.0,479454000.0,1076368000.0,1555822000.0,0.0,198775000.0,0.0,0.015,0.19,1031271000.0,1230046000.0,0.332,1230046000.0,1031271000.0,1032053000.0,0.49,0.48,0.49,8570906000.0,,8570906000.0,75670422768.0,20.0,16.214,466554000.0,0.302,1.0,2008250000.0,0.542,1555260000.0,-782000.0,10072058000.0,,1741331000.0,880479000.0,242500000.0,637979000.0,6712348000.0,4297540000.0,2414808000.0,74925199768.0,36103000.0,0.0,-126359000.0,-66042000.0,-293945000.0,-486346000.0,-240163000.0,62330000.0,774183000.0,-11571000.0,753399000.0,753399000.0,753399000.0,0.0,0.0,0.203,1085328000.0,922922000.0,1355985000.0,0.388,8.742,26.894,26.911,4816911000.0,0.0,48.44,5.451,5.455,2179451000.0,7229586000.0,3704690000.0,3704690000.0,349682000.0,,,,,0.0,735646000.0,1.0,1546763001.0,1546398000.0,1570130000.0,2.396,13727994000.0,896083000.0,278654000.0,217690000.0,8.877,3078701000.0
83,ABT,MRQ,2000-09-30,2000-09-30,2000-09-30,2021-09-07,-537347000.0,14980161000.0,,6971289000.0,8008872000.0,,5.37,-197399000.0,878115000.0,878115000.0,1515505000.0,654419000.0,1.627,0.802,1623338000.0,547022000.0,1076316000.0,1623338000.0,0.0,192883000.0,0.0,0.015,0.19,897344000.0,1090227000.0,0.329,1090227000.0,897344000.0,896465000.0,0.42,0.42,0.42,8313661000.0,,8313661000.0,74556546353.0,20.0,16.321,480482000.0,0.31,1.0,1802390000.0,0.543,0.0,879000.0,11441279000.0,,1732461000.0,948363000.0,89526000.0,858837000.0,6666500000.0,4284105000.0,2382395000.0,73714685353.0,37966000.0,89000000.0,-252913000.0,-58137000.0,-294487000.0,-605537000.0,-31140000.0,72974000.0,677881000.0,-3238000.0,654419000.0,654419000.0,654419000.0,0.0,0.0,0.197,1017668000.0,784722000.0,1263700000.0,0.452,8.867,27.336,27.333,4740584000.0,0.0,47.56,5.457,5.451,2029970000.0,6990462000.0,3317895000.0,3317895000.0,318383000.0,,,,,0.0,699285000.0,1.0,1549930306.0,1548221000.0,1566748000.0,2.143,14980161000.0,0.0,242046000.0,0.0,9.676,2687184000.0
84,ABT,MRQ,2000-06-30,2000-06-30,2000-06-30,2021-09-07,-492330000.0,14964081000.0,,6898036000.0,8066045000.0,,5.281,-230283000.0,840149000.0,840149000.0,1530254000.0,685202000.0,1.647,0.828,1682010000.0,355594000.0,1326416000.0,1682010000.0,0.0,211343000.0,0.0,0.016,0.19,949723000.0,1161066000.0,0.345,1161066000.0,949723000.0,938633000.0,0.44,0.44,0.44,8184394000.0,,8184394000.0,70597266302.0,20.0,16.178,975473000.0,0.629,1.0,1839899000.0,0.546,0.0,11090000.0,11617676000.0,,1684307000.0,1023809000.0,144102000.0,879707000.0,6779687000.0,4188266000.0,2591421000.0,69042297302.0,159255000.0,0.0,22665000.0,-554806000.0,-294400000.0,-826541000.0,-210575000.0,47435000.0,1205756000.0,-9385000.0,685202000.0,685202000.0,685202000.0,0.0,0.0,0.203,1090535000.0,749364000.0,1480079000.0,0.432,8.436,27.504,27.506,4770770000.0,0.0,44.56,5.18,5.182,2040877000.0,6879490000.0,3370153000.0,3370153000.0,361592000.0,,,,,0.0,728943000.0,1.0,1549423189.0,1549864000.0,1566373000.0,2.174,14964081000.0,0.0,253431000.0,0.0,9.655,2709770000.0
85,ABT,MRQ,2000-03-31,2000-03-31,2000-03-31,2021-09-07,-415061000.0,14960923000.0,,6727906000.0,8233017000.0,,5.086,-300562000.0,680894000.0,680894000.0,1496447000.0,692957000.0,1.495,0.9,2235863000.0,909117000.0,1326746000.0,2235863000.0,0.0,224430000.0,0.0,0.019,0.17,961290000.0,1185720000.0,0.354,1185720000.0,961290000.0,949256000.0,0.45,0.44,0.45,7873567000.0,,7873567000.0,56088327458.0,16.0,12.967,141236000.0,0.091,1.0,1856731000.0,0.554,0.0,12034000.0,12015247000.0,,1622309000.0,1109384000.0,94453000.0,1014931000.0,7087356000.0,4500645000.0,2586711000.0,54463364458.0,72797000.0,116000000.0,27321000.0,6216000.0,-263062000.0,-229525000.0,-135786000.0,-14985000.0,441798000.0,-3690000.0,692957000.0,692957000.0,692957000.0,0.0,0.0,0.207,1051671000.0,805060000.0,1203779000.0,0.378,6.917,22.05,21.994,4781013000.0,0.0,35.19,4.121,4.122,1941480000.0,6566506000.0,3353178000.0,3353178000.0,321367000.0,,,,,0.0,730304000.0,1.0,1547694358.0,1548066000.0,1559555000.0,2.166,14960923000.0,0.0,256299000.0,0.0,9.664,2227261000.0
86,ABT,MRQ,1999-12-31,1999-12-31,1999-12-31,2021-09-07,-405301000.0,14471044000.0,,6419754000.0,8051290000.0,,4.814,-256877000.0,608097000.0,608097000.0,1518823000.0,664002000.0,1.421,0.948,2233060000.0,896271000.0,1336789000.0,2233060000.0,0.0,193974000.0,0.0,0.018,0.17,937268000.0,1131242000.0,0.326,1131242000.0,937268000.0,922225000.0,0.43,0.43,0.43,7427595000.0,,7427595000.0,56948111758.0,16.0,13.223,169162000.0,0.11,1.0,1949113000.0,0.562,1574851000.0,15043000.0,10004445000.0,,1495444000.0,1069977000.0,115199000.0,954778000.0,7043449000.0,4516711000.0,2526738000.0,55269965758.0,75033000.0,-217000000.0,341254000.0,26477000.0,-258751000.0,108980000.0,-457561000.0,11892000.0,426039000.0,-2425000.0,664002000.0,664002000.0,664002000.0,0.0,0.0,0.191,1115990000.0,833123000.0,1226854000.0,0.395,7.441,22.598,22.836,4770059000.0,0.0,36.31,4.194,4.234,2055839000.0,6174007000.0,3467936000.0,3467936000.0,327852000.0,,,,,0.0,788138000.0,1.0,1522169258.0,1542960000.0,1558294000.0,2.248,12896193000.0,918617000.0,258223000.0,313610000.0,8.358,1903043000.0
87,ABT,MRQ,1999-09-30,1999-09-30,1999-09-30,2021-09-07,-380528000.0,13574225000.0,,5878049000.0,7696176000.0,,4.34,-265112000.0,531070000.0,531070000.0,1590156000.0,468079000.0,1.358,1.035,2209216000.0,872791000.0,1336425000.0,2209216000.0,0.0,216515000.0,0.0,0.017,0.17,669264000.0,885779000.0,0.282,885779000.0,669264000.0,650110000.0,0.3,0.3,0.3,6669653000.0,,6669653000.0,57792256688.0,17.0,13.547,730871000.0,0.476,1.0,1547002000.0,0.493,0.0,19154000.0,10923364000.0,,1417305000.0,765764000.0,99310000.0,666454000.0,6904572000.0,4329007000.0,2575565000.0,55817610688.0,185492000.0,0.0,-39796000.0,-111329000.0,-258605000.0,-409730000.0,-396273000.0,-132366000.0,995983000.0,-4488000.0,468079000.0,468079000.0,468079000.0,0.0,0.0,0.149,968533000.0,578469000.0,1191383000.0,0.567,8.369,23.168,23.519,4716534000.0,0.0,36.69,4.269,4.312,1883498000.0,5815966000.0,3137158000.0,3137158000.0,278711000.0,,,,,0.0,689822000.0,1.0,1521330354.0,1536637000.0,1556463000.0,2.042,13574225000.0,0.0,182031000.0,0.0,8.834,1549042000.0
88,ABT,MRQ,1999-06-30,1999-06-30,1999-06-30,2021-09-07,-366059000.0,13145098000.0,,5547186000.0,7597912000.0,,4.194,-253201000.0,345781000.0,345781000.0,1415188000.0,644975000.0,1.33,1.041,2320427000.0,982861000.0,1337566000.0,2320427000.0,0.0,205306000.0,0.0,0.014,0.17,917515000.0,1122821000.0,0.345,1122821000.0,917515000.0,895799000.0,0.42,0.41,0.42,6439271000.0,,6439271000.0,71269995493.0,20.0,16.41,539719000.0,0.352,1.0,1844023000.0,0.566,0.0,21716000.0,10949326000.0,,1422758000.0,773212000.0,55969000.0,717243000.0,6705827000.0,4170418000.0,2535409000.0,68995839493.0,-7092000.0,0.0,34519000.0,-305042000.0,-258420000.0,-528943000.0,-265499000.0,-11417000.0,792920000.0,-5570000.0,644975000.0,644975000.0,644975000.0,0.0,0.0,0.198,1011567000.0,832456000.0,830748000.0,0.405,10.715,27.901,28.186,4699888000.0,0.0,45.38,5.318,5.371,1909378000.0,5408876000.0,3259211000.0,3259211000.0,317903000.0,,,,,0.0,693664000.0,1.0,1520401928.0,1535397000.0,1558701000.0,2.123,13145098000.0,0.0,250824000.0,0.0,8.561,1376768000.0
89,ABT,MRQ,1999-03-31,1999-03-31,1999-03-31,2021-09-07,-323888000.0,13316957000.0,,5771299000.0,7545658000.0,,3.956,-211908000.0,351762000.0,351762000.0,1453016000.0,668703000.0,1.226,1.197,2625918000.0,1286394000.0,1339524000.0,2625918000.0,0.0,212211000.0,0.0,0.013,0.15,954606000.0,1166817000.0,0.352,1166817000.0,954606000.0,928754000.0,0.44,0.43,0.44,6062238000.0,,6062238000.0,73804510447.0,21.0,17.312,608232000.0,0.397,1.0,1860304000.0,0.561,0.0,25852000.0,10881918000.0,,1375571000.0,789883000.0,45051000.0,744832000.0,7254719000.0,4709195000.0,2545524000.0,71013970447.0,39426000.0,0.0,35748000.0,-467820000.0,-227519000.0,-659591000.0,-114019000.0,90450000.0,820140000.0,-7104000.0,668703000.0,668703000.0,668703000.0,0.0,0.0,0.202,954977000.0,905327000.0,1058172000.0,0.341,11.714,29.424,29.815,4683923000.0,0.0,46.81,5.556,5.612,1983431000.0,5094196000.0,3313320000.0,3313320000.0,269497000.0,,,,,0.0,685480000.0,1.0,1517068371.0,1532325000.0,1557431000.0,2.162,13316957000.0,0.0,260051000.0,0.0,8.691,1062104000.0
90,ABT,MRQ,1998-12-31,1998-12-31,1998-12-31,2021-09-07,-227693000.0,13259919000.0,,5589761000.0,7670158000.0,,3.652,-289878000.0,315238000.0,315238000.0,1453882000.0,627473000.0,1.126,1.305,3098839000.0,1759145000.0,1339694000.0,3098839000.0,0.0,195348000.0,0.0,0.012,0.15,895393000.0,1090741000.0,0.324,1090741000.0,895393000.0,871199000.0,0.4,0.4,0.4,5753591000.0,,5753591000.0,76900790905.0,23.0,18.617,317287000.0,0.201,1.0,1911419000.0,0.568,1349822000.0,24194000.0,9727796000.0,,1412740000.0,1063646000.0,95827000.0,967819000.0,7506328000.0,4965902000.0,2540426000.0,74363445905.0,82050000.0,-6464000.0,-227516000.0,335108000.0,-227837000.0,-120245000.0,-410156000.0,-120808000.0,607165000.0,5286000.0,627473000.0,627473000.0,627473000.0,0.0,0.0,0.186,1079909000.0,831510000.0,1057417000.0,0.375,12.925,31.856,32.237,4742938000.0,0.0,49.0,5.943,6.02,1955866000.0,4743315000.0,3365301000.0,3365301000.0,349691000.0,,,,,0.0,730218000.0,1.0,1517621345.0,1575300000.0,1604008000.0,2.136,11910097000.0,847154000.0,243726000.0,275147000.0,7.561,623859000.0
91,ABT,MRQ,1998-09-30,1998-09-30,1998-09-30,2021-09-07,-307152000.0,12603034000.0,,5066210000.0,7536824000.0,,3.533,-203061000.0,223470000.0,223470000.0,1375010000.0,531722000.0,1.086,1.345,2760815000.0,1419970000.0,1340845000.0,2760815000.0,0.0,197731000.0,0.0,0.013,0.15,764875000.0,962606000.0,0.317,962606000.0,764875000.0,738502000.0,0.35,0.34,0.35,5373892000.0,,5373892000.0,69356239683.0,22.0,17.37,367409000.0,0.242,1.0,1660757000.0,0.547,0.0,26373000.0,10475867000.0,,1394114000.0,795712000.0,50563000.0,745149000.0,7229142000.0,4664512000.0,2564630000.0,66891295683.0,-28298000.0,-2936000.0,-215676000.0,46153000.0,-228445000.0,-397968000.0,-199132000.0,4031000.0,570470000.0,-1668000.0,531722000.0,531722000.0,531722000.0,0.0,0.0,0.175,957280000.0,703477000.0,922341000.0,0.429,12.447,29.622,29.551,4645767000.0,0.0,43.44,5.451,5.384,1732647000.0,4643640000.0,3035767000.0,3035767000.0,292078000.0,,,,,0.0,665202000.0,1.0,1539854873.0,1520914000.0,1544680000.0,1.996,12603034000.0,0.0,206780000.0,0.0,8.286,401698000.0
92,ABT,MRQ,1998-06-30,1998-06-30,1998-06-30,2021-09-07,-275232000.0,12684540000.0,,5175198000.0,7509342000.0,,3.482,-262169000.0,251768000.0,251768000.0,1297770000.0,585565000.0,1.035,1.389,2716712000.0,1575454000.0,1141258000.0,2716712000.0,0.0,202716000.0,0.0,0.014,0.15,840212000.0,1042928000.0,0.34,1042928000.0,840212000.0,813285000.0,0.38,0.38,0.38,5309969000.0,,5309969000.0,65491395866.0,21.0,16.725,554091000.0,0.363,1.0,1768983000.0,0.577,0.0,26927000.0,10149364000.0,,1429120000.0,799762000.0,71241000.0,728521000.0,7374571000.0,5000120000.0,2374451000.0,63286731866.0,26224000.0,-239777000.0,-194034000.0,287862000.0,-229036000.0,-135208000.0,-654834000.0,-156706000.0,816260000.0,6000.0,585565000.0,585565000.0,585565000.0,0.0,0.0,0.191,989294000.0,779689000.0,932490000.0,0.395,11.918,28.794,28.671,4666635000.0,0.0,41.0,5.23,5.166,1759497000.0,4614804000.0,3066753000.0,3066753000.0,307132000.0,,,,,0.0,682162000.0,1.0,1543578826.0,1524789000.0,1546099000.0,2.011,12684540000.0,0.0,227720000.0,0.0,8.319,175078000.0
93,ABT,MRQ,1998-03-31,1998-03-31,1998-03-31,2021-09-07,-276042000.0,12115102000.0,,5181804000.0,6933298000.0,,3.365,-238447000.0,225544000.0,225544000.0,1279973000.0,589593000.0,1.096,1.356,2430208000.0,1290488000.0,1139720000.0,2430208000.0,0.0,190585000.0,0.0,0.014,0.135,843925000.0,1034510000.0,0.34,1034510000.0,843925000.0,818879000.0,0.39,0.38,0.39,5141712000.0,,5141712000.0,60060500795.0,20.0,15.738,642936000.0,0.421,1.0,1764940000.0,0.58,0.0,25046000.0,9593191000.0,,1344191000.0,643102000.0,69401000.0,573701000.0,6973390000.0,4726575000.0,2246815000.0,57571189795.0,-4480000.0,0.0,-171709000.0,-286763000.0,-206343000.0,-664815000.0,-217281000.0,16778000.0,881383000.0,-3767000.0,589593000.0,589593000.0,589593000.0,0.0,0.0,0.194,962051000.0,802889000.0,942589000.0,0.346,11.197,26.98,27.09,4585875000.0,0.0,37.655,4.824,4.821,1701232000.0,4507409000.0,3044913000.0,3044913000.0,279876000.0,,,,,0.0,682175000.0,1.0,1528912224.0,1528009000.0,1549091000.0,1.993,12115102000.0,0.0,229286000.0,0.0,7.929,455229000.0
94,ABT,MRQ,1997-12-31,1997-12-31,1997-12-31,2021-09-07,-230242000.0,12101825000.0,,5075947000.0,7025878000.0,,3.183,-276708000.0,239742000.0,239742000.0,1266097000.0,551297000.0,1.008,1.403,2719546000.0,1781563000.0,937983000.0,2719546000.0,0.0,182099000.0,0.0,0.016,0.135,770680000.0,952779000.0,0.305,952779000.0,770680000.0,782749000.0,0.35,0.35,0.35,5036334000.0,,5036334000.0,52547680780.0,17.0,14.015,373169000.0,0.236,1.0,1857780000.0,0.595,1112126000.0,-12069000.0,8431935000.0,,1280988000.0,817069000.0,52816000.0,764253000.0,7065491000.0,5037568000.0,2027923000.0,50099805780.0,107821000.0,555000.0,-164016000.0,143166000.0,-206831000.0,-227681000.0,-319336000.0,-49062000.0,649877000.0,4961000.0,551297000.0,551297000.0,551297000.0,0.0,0.0,0.176,1093438000.0,764342000.0,1001572000.0,0.386,9.948,24.097,24.44,4571959000.0,0.0,32.75,4.214,4.277,1784115000.0,4355426000.0,3123877000.0,3123877000.0,380343000.0,,,,,0.0,713095000.0,1.0,1529765062.0,1582442000.0,1604895000.0,1.974,10989699000.0,800591000.0,231452000.0,448076000.0,6.945,38379000.0
95,ABT,MRQ,1997-09-30,1997-09-30,1997-09-30,2021-09-07,-250212000.0,11575997000.0,,4653093000.0,6922904000.0,,3.151,-296063000.0,129404000.0,129404000.0,1241842000.0,471449000.0,0.986,1.391,2577279000.0,1637794000.0,939485000.0,2577279000.0,0.0,198608000.0,0.0,0.016,0.135,686930000.0,885538000.0,0.309,885538000.0,686930000.0,653460000.0,0.31,0.3,0.31,4842292000.0,,4842292000.0,51511885712.0,17.0,13.991,350242000.0,0.228,1.0,1623342000.0,0.567,0.0,33470000.0,9302720000.0,,1252421000.0,652982000.0,36180000.0,616802000.0,6733705000.0,4721152000.0,2012553000.0,49244587712.0,2883000.0,-636000.0,-311278000.0,189242000.0,-208052000.0,-330088000.0,-316015000.0,6135000.0,646305000.0,2681000.0,471449000.0,471449000.0,471449000.0,0.0,0.0,0.165,1001859000.0,621483000.0,819885000.0,0.435,10.17,24.158,24.242,4502492000.0,0.0,32.0,4.187,4.181,1700113000.0,4365629000.0,2865184000.0,2865184000.0,326797000.0,,,,,0.0,675062000.0,1.0,1538893366.0,1536674000.0,1558780000.0,1.865,11575997000.0,0.0,182011000.0,0.0,7.533,-68059000.0
96,ABT,MRQ,1997-06-30,1997-06-30,1997-06-30,2021-09-07,-186866000.0,11433526000.0,,4587932000.0,6845594000.0,,3.197,-216256000.0,126521000.0,126521000.0,1217043000.0,521529000.0,1.016,1.316,2393819000.0,1462764000.0,931055000.0,2393819000.0,0.0,172360000.0,0.0,0.015,0.135,771146000.0,943506000.0,0.325,943506000.0,771146000.0,739758000.0,0.34,0.33,0.34,4937170000.0,,4937170000.0,53630870073.0,19.0,14.856,363024000.0,0.235,1.0,1683365000.0,0.58,0.0,31388000.0,9187066000.0,,1263986000.0,659123000.0,18669000.0,640454000.0,6496356000.0,4513758000.0,1982598000.0,51631824073.0,-7572000.0,-200394000.0,-231801000.0,260728000.0,-208766000.0,-179839000.0,-407158000.0,3986000.0,579280000.0,145000.0,521529000.0,521529000.0,521529000.0,0.0,0.0,0.18,971153000.0,712212000.0,911436000.0,0.397,10.458,25.974,26.074,4501501000.0,0.0,33.375,4.473,4.466,1728669000.0,4418199000.0,2900408000.0,2900408000.0,320148000.0,,,,,0.0,651005000.0,1.0,1547020946.0,1544458000.0,1567663000.0,1.878,11433526000.0,0.0,218229000.0,0.0,7.403,74174000.0
97,ABT,MRQ,1997-03-31,1997-03-31,1997-03-31,2021-09-07,-178349000.0,11200394000.0,,4627438000.0,6572956000.0,,3.137,-220069000.0,134093000.0,134093000.0,1327331000.0,534826000.0,1.057,1.306,2133139000.0,1201912000.0,931227000.0,2133139000.0,0.0,176076000.0,0.0,0.017,0.12,791372000.0,967448000.0,0.323,967448000.0,791372000.0,758618000.0,0.345,0.34,0.345,4856168000.0,,4856168000.0,45675614429.0,16.0,13.005,564557000.0,0.365,1.0,1672483000.0,0.558,0.0,32754000.0,8821830000.0,,1199715000.0,663032000.0,18138000.0,644894000.0,6344226000.0,4377610000.0,1966616000.0,43469198429.0,23884000.0,0.0,-189608000.0,-175842000.0,-185905000.0,-551355000.0,-198818000.0,15394000.0,784626000.0,-10569000.0,534826000.0,534826000.0,534826000.0,0.0,0.0,0.178,936670000.0,735813000.0,966853000.0,0.348,8.951,22.444,22.633,4423545000.0,0.0,28.065,3.833,3.831,1731197000.0,4372548000.0,2999814000.0,2999814000.0,280074000.0,,,,,0.0,656596000.0,1.0,1548875768.0,1547966000.0,1569246000.0,1.938,11200394000.0,0.0,223792000.0,0.0,7.236,249828000.0
98,ABT,MRQ,1996-12-31,1996-12-31,1996-12-31,2021-09-07,0.0,11125600000.0,,4480902000.0,6644698000.0,,3.085,-267455000.0,110209000.0,110209000.0,1254587000.0,510614000.0,1.032,1.308,2316625000.0,1383727000.0,932898000.0,2316625000.0,0.0,178026000.0,0.0,0.018,0.12,707169000.0,885195000.0,0.295,885195000.0,707169000.0,724275000.0,0.325,,0.325,4820182000.0,,4820182000.0,,,,303063000.0,0.194,1.0,1741262000.0,0.581,979793000.0,-17106000.0,8008506000.0,,1238205000.0,678428000.0,12875000.0,665553000.0,6305418000.0,4343717000.0,1961701000.0,39302722613.0,-29687000.0,-15269000.0,-206120000.0,185985000.0,-186708000.0,-206843000.0,-392310000.0,-109566000.0,570518000.0,-1052000.0,510614000.0,510614000.0,510614000.0,0.0,0.0,0.17,1025488000.0,715774000.0,923018000.0,0.369,8.154,20.883,21.146,4461543000.0,0.0,25.375,3.569,3.6,1708807000.0,4184034000.0,2995849000.0,2995849000.0,352409000.0,,,,,0.0,673079000.0,1.0,1548875768.0,1562494000.0,,1.917,10145807000.0,708402000.0,213661000.0,475541000.0,6.493,137185000.0
99,ABT,MRQ,1996-09-30,1996-09-30,1996-09-30,2021-09-07,,,,,,,,-220665000.0,,,1177247000.0,420887000.0,,,,,,,,188797000.0,,0.018,0.12,625198000.0,813995000.0,0.308,813995000.0,625198000.0,597003000.0,0.27,,0.27,,,,,,,411869000.0,,1.0,1468947000.0,0.555,,28195000.0,,,,,,,,,,,28414000.0,-8552000.0,-187182000.0,28535000.0,-187540000.0,-346187000.0,-258315000.0,-34429000.0,632534000.0,382000.0,420887000.0,420887000.0,420887000.0,0.0,0.0,0.159,894239000.0,574708000.0,,0.444,,,,,0.0,24.625,,,,,2646194000.0,2646194000.0,278970000.0,,,,,0.0,615269000.0,1.0,,,,,,,176116000.0,,,
100,ABT,MRQ,1996-06-30,1996-06-30,1996-06-30,2021-09-07,,,,,,,,-231085000.0,,,1143947000.0,470423000.0,,,,,,,,155954000.0,,0.02,0.12,689495000.0,845449000.0,0.313,845449000.0,689495000.0,667267000.0,0.3,,0.3,,,,,,,263759000.0,,1.0,1555293000.0,0.576,,22228000.0,,,,,,,,,,,23560000.0,-806738000.0,-179237000.0,994993000.0,-188504000.0,627252000.0,-1095281000.0,-65575000.0,494844000.0,-3255000.0,470423000.0,470423000.0,470423000.0,0.0,0.0,0.174,903712000.0,651581000.0,,0.4,,,,,0.0,21.875,,,,,2699240000.0,2699240000.0,304846000.0,,,,,0.0,598866000.0,1.0,,,,,,,196844000.0,,,
101,ABT,MRQ,1996-03-31,1996-03-31,1996-03-31,2021-09-07,,,,,,,,-229823000.0,,,1156217000.0,480109000.0,,,,,,,,163308000.0,,0.021,0.105,698612000.0,861920000.0,0.323,861920000.0,698612000.0,681005000.0,0.305,,0.305,,,,,,,454343000.0,,1.0,1515960000.0,0.567,,17607000.0,,,,,,,,,,,-193275000.0,0.0,-126639000.0,-374476000.0,-165395000.0,-666510000.0,-209335000.0,14818000.0,684166000.0,-1596000.0,480109000.0,480109000.0,480109000.0,0.0,0.0,0.18,840962000.0,674998000.0,,0.344,,,,,0.0,20.25,,,,,2672177000.0,2672177000.0,268616000.0,,,,,0.0,572346000.0,1.0,,,,,,,200896000.0,,,
102,ABT,MRQ,1995-12-31,1995-12-31,1995-12-31,2021-09-07,-55646000.0,9412580000.0,,4226711000.0,5185869000.0,,2.764,,281197000.0,281197000.0,,,1.115,1.141,1485061000.0,1049863000.0,435198000.0,1485061000.0,0.0,,0.0,0.02,0.105,,,,,,,,,,4396847000.0,,4396847000.0,,,,,,1.0,,,155580000.0,,6670550000.0,,1110941000.0,457047000.0,34500000.0,422547000.0,5015733000.0,3790314000.0,1225419000.0,,,,,,,,,,,,,,,,,,,,755921000.0,,,,19.637,4249538000.0,,20.815,,3.307,1563038000.0,3926917000.0,,,,,,,,,,1.0,,1590724000.0,,,9257000000.0,651436000.0,,383967000.0,5.819,436397000.0
103,ABT,MRQ,1994-12-31,1994-12-31,1994-12-31,2021-09-07,-51124000.0,8523724000.0,,3876328000.0,4647396000.0,,2.493,,290272000.0,290272000.0,,,1.115,1.105,1059594000.0,772503000.0,287091000.0,1059594000.0,0.0,,0.0,0.023,0.095,,,,,,,,,,4049400000.0,,4049400000.0,,,,,,1.0,,,151241000.0,,5665939000.0,,1018191000.0,341251000.0,25056000.0,316195000.0,4474324000.0,3475866000.0,998458000.0,,,,,,,,,,,,,,,,,,,,671100000.0,,,,17.449,3920850000.0,,16.315,,2.895,1468519000.0,3652434000.0,,,,,,,,,,1.0,,1624472000.0,,,8372483000.0,549091000.0,,524652000.0,5.154,400462000.0
0,ABT,MRT,2021-06-30,2021-06-30,2021-06-30,2021-09-07,-9066000000.0,73269000000.0,71911250000.0,22627000000.0,50642000000.0,0.559,19.126,-1985000000.0,8658000000.0,8658000000.0,17807000000.0,6376000000.0,1.794,1.153,18501000000.0,954000000.0,17547000000.0,18501000000.0,0.0,3482000000.0,0.0,0.014,1.62,7746000000.0,11228000000.0,0.279,11228000000.0,7746000000.0,7204000000.0,3.57,3.55,3.57,34029000000.0,33103750000.0,34029000000.0,216376759758.0,28.0,19.271,8644000000.0,4.858,1.0,22426000000.0,0.557,37166000000.0,542000000.0,33332000000.0,33706250000.0,5439000000.0,1091000000.0,286000000.0,805000000.0,39240000000.0,12614000000.0,26626000000.0,205986759758.0,3895000000.0,33000000.0,-707000000.0,-1343000000.0,-2883000000.0,-4933000000.0,-1889000000.0,40000000.0,10629000000.0,88000000.0,6376000000.0,6376000000.0,6376000000.0,-4000000.0,0.0,0.158,14998000000.0,7428000000.0,4017000000.0,0.454,6.053,32.307,32.473,8816000000.0,0.0,115.93,5.12,5.127,6113000000.0,29053000000.0,40233000000.0,40233000000.0,2586000000.0,0.089,0.193,0.23,0.193,618000000.0,10381000000.0,1.0,1776820148.0,1779203000.0,1793279000.0,22.613,36103000000.0,3855000000.0,828000000.0,242000000.0,20.292,10013000000.0
1,ABT,MRT,2021-03-31,2021-03-31,2021-03-31,2021-09-07,-9285000000.0,72785000000.0,70788000000.0,21817000000.0,50968000000.0,0.527,19.016,-2214000000.0,8054000000.0,8054000000.0,16123000000.0,5724000000.0,1.751,1.154,18444000000.0,955000000.0,17489000000.0,18444000000.0,0.0,3433000000.0,0.0,0.013,1.53,6924000000.0,10357000000.0,0.277,10357000000.0,6924000000.0,6382000000.0,3.2,3.19,3.2,33788000000.0,32296000000.0,33788000000.0,223899078263.0,32.0,21.618,7609000000.0,4.282,1.0,21215000000.0,0.568,37565000000.0,542000000.0,33148000000.0,33840250000.0,5387000000.0,1150000000.0,318000000.0,832000000.0,38997000000.0,12462000000.0,26535000000.0,212300078263.0,4677000000.0,1000000.0,-200000000.0,-78000000.0,-2722000000.0,-3011000000.0,-2244000000.0,-51000000.0,9823000000.0,109000000.0,5724000000.0,5724000000.0,5724000000.0,-4000000.0,0.0,0.153,14507000000.0,6708000000.0,4066000000.0,0.478,6.283,37.089,37.45,8832000000.0,0.0,119.84,5.686,5.703,6096000000.0,28669000000.0,37338000000.0,37338000000.0,2496000000.0,0.081,0.177,0.205,0.185,601000000.0,9931000000.0,1.0,1771529358.0,1776842000.0,1791503000.0,21.014,35220000000.0,3739000000.0,658000000.0,276000000.0,19.822,9355000000.0
2,ABT,MRT,2020-12-31,2020-12-31,2020-12-31,2021-09-07,-8946000000.0,72548000000.0,69286000000.0,20441000000.0,52107000000.0,0.499,18.614,-2177000000.0,6838000000.0,6838000000.0,15003000000.0,4495000000.0,1.717,1.198,18747000000.0,220000000.0,18527000000.0,18747000000.0,0.0,3327000000.0,0.0,0.013,1.44,5538000000.0,8865000000.0,0.256,8865000000.0,5538000000.0,4992000000.0,2.52,2.5,2.52,33003000000.0,31455750000.0,33003000000.0,208138869504.0,38.0,23.479,5724000000.0,3.228,1.0,19605000000.0,0.566,38528000000.0,546000000.0,34022000000.0,33471250000.0,5012000000.0,1131000000.0,310000000.0,821000000.0,39545000000.0,11907000000.0,27638000000.0,194055869504.0,2978000000.0,16000000.0,-158000000.0,-50000000.0,-2560000000.0,-2779000000.0,-2215000000.0,-73000000.0,7901000000.0,71000000.0,4495000000.0,4495000000.0,4495000000.0,-24000000.0,0.0,0.13,14248000000.0,5357000000.0,3946000000.0,0.571,5.88,43.171,43.448,9029000000.0,0.0,109.49,5.607,5.609,6414000000.0,27627000000.0,34608000000.0,34608000000.0,2420000000.0,0.065,0.143,0.165,0.16,546000000.0,9696000000.0,1.0,1772361581.0,1773000000.0,1786000000.0,19.519,34020000000.0,3729000000.0,497000000.0,362000000.0,19.188,8534000000.0
3,ABT,MRT,2020-09-30,2020-09-30,2020-09-30,2021-09-07,-9044000000.0,69043000000.0,68120750000.0,17390000000.0,51653000000.0,0.473,17.805,-1932000000.0,4480000000.0,4480000000.0,13944000000.0,3382000000.0,1.695,1.185,18563000000.0,214000000.0,18349000000.0,18563000000.0,0.0,3217000000.0,0.0,0.013,1.4,4414000000.0,7631000000.0,0.237,7631000000.0,4414000000.0,3840000000.0,1.9,1.89,1.9,31595000000.0,31030250000.0,31595000000.0,207602779791.0,47.0,27.205,4587000000.0,2.585,1.0,18277000000.0,0.567,38546000000.0,574000000.0,34323000000.0,32666500000.0,5152000000.0,1054000000.0,251000000.0,803000000.0,37448000000.0,10257000000.0,27191000000.0,192686779791.0,389000000.0,17000000.0,-502000000.0,-1177000000.0,-2487000000.0,-4177000000.0,-1973000000.0,-75000000.0,6519000000.0,20000000.0,3382000000.0,3382000000.0,3382000000.0,-20000000.0,0.0,0.105,13963000000.0,4314000000.0,3189000000.0,0.737,6.099,56.974,57.279,8620000000.0,0.0,108.83,5.98,5.993,5649000000.0,26266000000.0,32221000000.0,32221000000.0,2317000000.0,0.05,0.109,0.135,0.137,533000000.0,9539000000.0,1.0,1770529999.0,1774475000.0,1787853000.0,18.158,30497000000.0,3684000000.0,458000000.0,117000000.0,17.186,7133000000.0
4,ABT,MRT,2020-06-30,2020-06-30,2020-06-30,2021-09-07,-9080000000.0,68776000000.0,67994750000.0,17221000000.0,51555000000.0,0.462,17.371,-1837000000.0,4763000000.0,4763000000.0,13336000000.0,3110000000.0,1.571,1.233,19679000000.0,1495000000.0,18184000000.0,19679000000.0,0.0,3163000000.0,0.0,0.015,1.36,4126000000.0,7289000000.0,0.232,7289000000.0,4126000000.0,3522000000.0,1.75,1.73,1.75,30798000000.0,31136250000.0,30798000000.0,176620528156.0,43.0,24.231,4564000000.0,2.574,1.0,18108000000.0,0.576,38865000000.0,604000000.0,33868000000.0,32221500000.0,5202000000.0,1050000000.0,274000000.0,776000000.0,37978000000.0,10959000000.0,27019000000.0,161725528156.0,1626000000.0,6000000.0,-537000000.0,190000000.0,-2417000000.0,-2775000000.0,-1933000000.0,-116000000.0,6401000000.0,-67000000.0,3110000000.0,3110000000.0,3110000000.0,-20000000.0,0.0,0.099,14091000000.0,4017000000.0,3335000000.0,0.777,5.251,52.002,52.246,8343000000.0,0.0,91.43,5.143,5.155,5140000000.0,25669000000.0,31444000000.0,31444000000.0,2333000000.0,0.046,0.1,0.128,0.131,527000000.0,9677000000.0,1.0,1768845326.0,1772953000.0,1785040000.0,17.735,29911000000.0,3571000000.0,412000000.0,165000000.0,16.871,6262000000.0
5,ABT,MRT,2020-03-31,2020-03-31,2020-03-31,2021-09-07,-9386000000.0,66777000000.0,67907500000.0,15498000000.0,51279000000.0,0.473,17.201,-1663000000.0,3377000000.0,3377000000.0,13352000000.0,3579000000.0,1.434,1.195,18272000000.0,1468000000.0,16804000000.0,18272000000.0,0.0,3089000000.0,0.0,0.017,1.32,4736000000.0,7825000000.0,0.244,7825000000.0,4736000000.0,4098000000.0,2.02,1.99,2.02,30427000000.0,31410250000.0,30427000000.0,153151517205.0,32.0,19.572,4476000000.0,2.53,1.0,18743000000.0,0.584,39192000000.0,638000000.0,31672000000.0,32255000000.0,4568000000.0,1081000000.0,291000000.0,790000000.0,36350000000.0,10808000000.0,25542000000.0,139152517205.0,355000000.0,-44000000.0,-477000000.0,-1062000000.0,-2343000000.0,-3882000000.0,-1812000000.0,-120000000.0,6139000000.0,-90000000.0,3579000000.0,3579000000.0,3579000000.0,-20000000.0,0.0,0.112,14192000000.0,4551000000.0,3181000000.0,0.653,4.573,38.88,39.064,7907000000.0,0.0,78.91,4.336,4.349,5292000000.0,25786000000.0,32095000000.0,32095000000.0,2346000000.0,0.053,0.114,0.147,0.148,526000000.0,9835000000.0,1.0,1763433243.0,1768901000.0,1780578000.0,18.144,27585000000.0,3390000000.0,519000000.0,165000000.0,15.594,4690000000.0
6,ABT,MRT,2019-12-31,2019-12-31,2019-12-31,2021-09-07,-8465000000.0,67887000000.0,68115750000.0,15667000000.0,52220000000.0,0.468,17.704,-1638000000.0,4140000000.0,4140000000.0,13231000000.0,3687000000.0,1.442,1.169,18139000000.0,1478000000.0,16661000000.0,18139000000.0,0.0,3014000000.0,0.0,0.015,1.28,4747000000.0,7761000000.0,0.243,7761000000.0,4747000000.0,4077000000.0,2.07,2.06,2.07,31301000000.0,31585750000.0,31301000000.0,168614062536.0,36.0,21.726,4498000000.0,2.544,1.0,18673000000.0,0.585,40220000000.0,670000000.0,30803000000.0,32549000000.0,4316000000.0,883000000.0,0.0,883000000.0,36586000000.0,10863000000.0,25723000000.0,153608062536.0,16000000.0,-122000000.0,-420000000.0,-1599000000.0,-2270000000.0,-4289000000.0,-1815000000.0,-82000000.0,6136000000.0,-16000000.0,3687000000.0,3687000000.0,3687000000.0,0.0,0.0,0.116,14141000000.0,4532000000.0,3252000000.0,0.618,4.907,41.662,41.961,8038000000.0,0.0,86.86,4.815,4.813,5425000000.0,25847000000.0,31904000000.0,31904000000.0,2440000000.0,0.054,0.117,0.146,0.149,519000000.0,9765000000.0,1.0,1768455705.0,1768000000.0,1781000000.0,18.045,27667000000.0,3079000000.0,390000000.0,226000000.0,15.649,4804000000.0
7,ABT,MRT,2019-09-30,2019-09-30,2019-09-30,2021-09-07,-7763000000.0,68539000000.0,67937250000.0,16119000000.0,52420000000.0,0.462,18.074,-1671000000.0,4091000000.0,4091000000.0,12988000000.0,3292000000.0,1.536,1.141,19097000000.0,1458000000.0,17639000000.0,19097000000.0,0.0,3021000000.0,0.0,0.015,1.24,4475000000.0,7496000000.0,0.239,7496000000.0,4475000000.0,3783000000.0,1.86,1.84,1.86,32019000000.0,31441000000.0,32019000000.0,163935158447.0,37.0,21.87,3814000000.0,2.153,1.0,18367000000.0,0.586,40511000000.0,692000000.0,32543000000.0,32709500000.0,4392000000.0,1118000000.0,244000000.0,874000000.0,36520000000.0,10491000000.0,26029000000.0,147878158447.0,-3278000000.0,-134000000.0,-8000000.0,-4675000000.0,-2197000000.0,-6880000000.0,-1822000000.0,-57000000.0,5485000000.0,-61000000.0,3292000000.0,3292000000.0,3292000000.0,1000000.0,0.0,0.105,14059000000.0,4308000000.0,3029000000.0,0.667,4.618,44.92,44.984,7825000000.0,0.0,83.67,4.716,4.727,5450000000.0,25440000000.0,31355000000.0,31355000000.0,2407000000.0,0.048,0.105,0.137,0.143,515000000.0,9711000000.0,1.0,1767397615.0,1771521000.0,1784167000.0,17.699,28028000000.0,3210000000.0,491000000.0,67000000.0,15.821,5628000000.0
8,ABT,MRT,2019-06-30,2019-06-30,2019-06-30,2021-09-07,-7365000000.0,68427000000.0,68711750000.0,15195000000.0,53232000000.0,0.45,18.03,-1624000000.0,3137000000.0,3137000000.0,12796000000.0,2895000000.0,1.677,1.145,19194000000.0,212000000.0,18982000000.0,19194000000.0,0.0,3080000000.0,0.0,0.014,1.2,4137000000.0,7217000000.0,0.233,7217000000.0,4137000000.0,3409000000.0,1.64,1.63,1.64,31894000000.0,31160750000.0,31894000000.0,164399644134.0,40.0,22.779,4096000000.0,2.316,1.0,18139000000.0,0.586,41420000000.0,728000000.0,34002000000.0,32613000000.0,4352000000.0,1090000000.0,239000000.0,851000000.0,36533000000.0,9062000000.0,27471000000.0,148367644134.0,72000000.0,-123000000.0,17000000.0,-1791000000.0,-2122000000.0,-3896000000.0,-1713000000.0,-14000000.0,5720000000.0,-39000000.0,2895000000.0,2895000000.0,2895000000.0,-10000000.0,0.0,0.094,14034000000.0,4105000000.0,3222000000.0,0.732,4.652,51.25,51.28,7825000000.0,0.0,84.1,4.796,4.809,5548000000.0,25045000000.0,30935000000.0,30935000000.0,2385000000.0,0.042,0.093,0.127,0.134,504000000.0,9648000000.0,1.0,1764181262.0,1768904000.0,1781417000.0,17.488,27007000000.0,3136000000.0,514000000.0,83000000.0,15.268,6133000000.0
9,ABT,MRT,2019-03-31,2019-03-31,2019-03-31,2021-09-07,-7470000000.0,67610000000.0,68708750000.0,14409000000.0,53201000000.0,0.447,17.654,-1454000000.0,3022000000.0,3022000000.0,12799000000.0,2622000000.0,1.581,1.172,19054000000.0,209000000.0,18845000000.0,19054000000.0,0.0,3179000000.0,0.0,0.015,1.16,3869000000.0,7048000000.0,0.229,7048000000.0,3869000000.0,3099000000.0,1.49,1.48,1.49,31129000000.0,30880750000.0,31129000000.0,155892233304.0,40.0,22.119,4450000000.0,2.524,1.0,17924000000.0,0.583,41681000000.0,770000000.0,32848000000.0,32431000000.0,4085000000.0,1106000000.0,239000000.0,867000000.0,36481000000.0,9113000000.0,27368000000.0,140412233304.0,-835000000.0,-59000000.0,-66000000.0,-2964000000.0,-2048000000.0,-5078000000.0,-1514000000.0,-51000000.0,5904000000.0,-147000000.0,2622000000.0,2622000000.0,2622000000.0,-25000000.0,0.0,0.085,14143000000.0,3781000000.0,3045000000.0,0.779,4.511,53.552,53.651,7626000000.0,0.0,79.94,4.57,4.588,5345000000.0,24613000000.0,30723000000.0,30723000000.0,2383000000.0,0.038,0.085,0.119,0.126,491000000.0,9680000000.0,1.0,1756470269.0,1763278000.0,1776573000.0,17.424,25929000000.0,3027000000.0,477000000.0,277000000.0,14.705,5296000000.0
10,ABT,MRT,2018-12-31,2018-12-31,2018-12-31,2021-09-07,-7586000000.0,67173000000.0,69533250000.0,14632000000.0,52541000000.0,0.44,17.476,-1394000000.0,4086000000.0,4086000000.0,12706000000.0,2368000000.0,1.624,1.186,19566000000.0,207000000.0,19359000000.0,19566000000.0,0.0,3278000000.0,0.0,0.015,1.12,3733000000.0,7011000000.0,0.229,7011000000.0,3733000000.0,2907000000.0,1.34,1.33,1.34,30722000000.0,30998750000.0,30722000000.0,143224568205.0,38.0,20.429,4906000000.0,2.791,1.0,17872000000.0,0.584,42196000000.0,826000000.0,31445000000.0,32909500000.0,3796000000.0,897000000.0,0.0,897000000.0,36451000000.0,9012000000.0,27439000000.0,127035568205.0,-5563000000.0,-6000000.0,33000000.0,-8450000000.0,-1974000000.0,-10391000000.0,-1356000000.0,-58000000.0,6300000000.0,-116000000.0,2368000000.0,2368000000.0,2368000000.0,-34000000.0,0.0,0.077,14222000000.0,3650000000.0,2975000000.0,0.836,4.135,53.647,53.978,7563000000.0,0.0,72.33,4.154,4.158,5182000000.0,24560000000.0,30578000000.0,30578000000.0,2300000000.0,0.034,0.076,0.113,0.122,477000000.0,9744000000.0,1.0,1756333032.0,1758000000.0,1770000000.0,17.394,24977000000.0,1885000000.0,539000000.0,305000000.0,14.208,5620000000.0
11,ABT,MRT,2018-09-30,2018-09-30,2018-09-30,2021-09-07,-7009000000.0,71637000000.0,71802500000.0,18196000000.0,53441000000.0,0.423,17.56,-1272000000.0,7369000000.0,7369000000.0,12797000000.0,886000000.0,1.424,1.318,23558000000.0,4274000000.0,19284000000.0,23558000000.0,0.0,3358000000.0,0.0,0.015,1.105,3457000000.0,6815000000.0,0.224,6815000000.0,3457000000.0,2571000000.0,0.5,0.49,0.5,30898000000.0,31092750000.0,30898000000.0,146301862674.0,42.0,21.468,4903000000.0,2.786,1.0,17605000000.0,0.579,42893000000.0,886000000.0,32157000000.0,35088000000.0,3781000000.0,1152000000.0,181000000.0,971000000.0,40739000000.0,12776000000.0,27963000000.0,128696862674.0,-3643000000.0,-2824000000.0,174000000.0,-3248000000.0,-1943000000.0,-5727000000.0,-4012000000.0,-6000000.0,6175000000.0,-79000000.0,886000000.0,886000000.0,886000000.0,-71000000.0,0.0,0.029,14469000000.0,3136000000.0,2730000000.0,2.21,4.165,145.256,146.72,7448000000.0,0.0,73.36,4.233,4.246,5271000000.0,24144000000.0,30402000000.0,30402000000.0,2357000000.0,0.012,0.028,0.099,0.114,464000000.0,9862000000.0,1.0,1754319284.0,1759585000.0,1771680000.0,17.278,28744000000.0,2110000000.0,1685000000.0,231000000.0,16.336,5420000000.0
12,ABT,MRT,2018-06-30,2018-06-30,2018-06-30,2021-09-07,-6913000000.0,68415000000.0,71955250000.0,14122000000.0,54293000000.0,0.411,17.507,-1181000000.0,3065000000.0,3065000000.0,12507000000.0,926000000.0,1.578,1.223,20670000000.0,847000000.0,19823000000.0,20670000000.0,0.0,3301000000.0,0.0,0.018,1.09,3411000000.0,6712000000.0,0.227,6712000000.0,3411000000.0,2510000000.0,0.52,0.51,0.52,30774000000.0,31422750000.0,30774000000.0,124960921848.0,37.0,18.618,4816000000.0,2.74,1.0,17068000000.0,0.577,43795000000.0,901000000.0,33274000000.0,36219250000.0,3714000000.0,1139000000.0,199000000.0,940000000.0,37641000000.0,8951000000.0,28690000000.0,106926921848.0,-6610000000.0,-2800000000.0,184000000.0,-6146000000.0,-1912000000.0,-8584000000.0,-3995000000.0,-95000000.0,5997000000.0,-28000000.0,926000000.0,926000000.0,926000000.0,-102000000.0,0.0,0.031,14158000000.0,2910000000.0,2503000000.0,2.096,3.475,115.472,117.288,7432000000.0,0.0,60.99,3.615,3.625,5192000000.0,24080000000.0,29575000000.0,29575000000.0,2351000000.0,0.013,0.029,0.094,0.115,456000000.0,9600000000.0,1.0,1753187766.0,1757836000.0,1768950000.0,16.825,24620000000.0,2005000000.0,1584000000.0,188000000.0,14.006,5171000000.0
13,ABT,MRT,2018-03-31,2018-03-31,2018-03-31,2021-09-07,-5733000000.0,70908000000.0,72639250000.0,14964000000.0,55944000000.0,0.392,18.023,-1138000000.0,3857000000.0,3857000000.0,12414000000.0,476000000.0,1.661,1.244,21891000000.0,737000000.0,21154000000.0,21891000000.0,0.0,3099000000.0,0.0,0.018,1.075,2931000000.0,6030000000.0,0.212,6030000000.0,2931000000.0,2026000000.0,0.26,0.26,0.26,31601000000.0,31676250000.0,31601000000.0,122954326809.0,42.0,20.39,4966000000.0,2.832,1.0,16031000000.0,0.564,45170000000.0,905000000.0,34762000000.0,37380500000.0,3826000000.0,1098000000.0,185000000.0,913000000.0,39307000000.0,9010000000.0,30297000000.0,104640326809.0,-4849000000.0,-2592000000.0,208000000.0,-4955000000.0,-1880000000.0,-7337000000.0,-3702000000.0,-71000000.0,6104000000.0,86000000.0,476000000.0,476000000.0,476000000.0,-100000000.0,0.0,0.017,13617000000.0,2414000000.0,2476000000.0,4.135,3.311,219.833,230.462,7659000000.0,0.0,59.92,3.679,3.694,5356000000.0,23856000000.0,28445000000.0,28445000000.0,2296000000.0,0.007,0.015,0.078,0.103,447000000.0,9284000000.0,1.0,1746333892.0,1753412000.0,1765278000.0,16.223,25738000000.0,2082000000.0,1550000000.0,212000000.0,14.679,5954000000.0
14,ABT,MRT,2017-12-31,2017-12-31,2017-12-31,2021-09-07,-6062000000.0,76250000000.0,72634000000.0,20147000000.0,56103000000.0,0.377,17.872,-1135000000.0,9610000000.0,9610000000.0,12409000000.0,477000000.0,2.261,1.452,27924000000.0,714000000.0,27210000000.0,27924000000.0,0.0,3021000000.0,0.0,0.019,1.06,3259000000.0,6280000000.0,0.229,6280000000.0,3259000000.0,2355000000.0,0.27,0.27,0.27,31098000000.0,31662750000.0,31098000000.0,112349081207.0,34.0,17.89,4435000000.0,2.549,1.0,14981000000.0,0.547,45493000000.0,904000000.0,40159000000.0,38377750000.0,3601000000.0,883000000.0,0.0,883000000.0,45152000000.0,8912000000.0,36240000000.0,99336081207.0,-9213000000.0,-8437000000.0,233000000.0,-2942000000.0,-1849000000.0,-5281000000.0,-9618000000.0,-81000000.0,5570000000.0,116000000.0,477000000.0,477000000.0,477000000.0,-124000000.0,0.0,0.017,13417000000.0,1564000000.0,2402000000.0,3.926,3.194,208.252,211.37,7607000000.0,0.0,57.07,3.627,3.625,5249000000.0,23978000000.0,27390000000.0,27390000000.0,2260000000.0,0.007,0.015,0.085,0.119,406000000.0,9182000000.0,1.0,1740600687.0,1740000000.0,1749000000.0,15.741,30757000000.0,1944000000.0,1878000000.0,309000000.0,17.676,11235000000.0
15,ABT,MRT,2017-09-30,2017-09-30,2017-09-30,2021-09-07,-6116000000.0,72248000000.0,66738000000.0,21377000000.0,50871000000.0,0.377,18.476,-1109000000.0,11012000000.0,11012000000.0,11509000000.0,2103000000.0,2.694,1.242,24025000000.0,715000000.0,23310000000.0,24025000000.0,0.0,2497000000.0,0.0,0.02,1.055,3464000000.0,5961000000.0,0.237,5961000000.0,3464000000.0,2653000000.0,1.27,1.28,1.27,32218000000.0,29067500000.0,32218000000.0,107065972567.0,31.0,17.961,3991000000.0,2.289,1.0,13625000000.0,0.542,40644000000.0,811000000.0,36682000000.0,37591750000.0,3483000000.0,1573000000.0,187000000.0,1386000000.0,40030000000.0,7935000000.0,32095000000.0,92709972567.0,8512000000.0,-5615000000.0,211000000.0,10078000000.0,-1771000000.0,8335000000.0,-4916000000.0,1770000000.0,5100000000.0,-7000000.0,2103000000.0,2103000000.0,2103000000.0,-121000000.0,0.0,0.084,11923000000.0,1702000000.0,1858000000.0,0.831,2.878,44.085,42.016,7219000000.0,0.0,53.36,3.689,3.702,4800000000.0,25320000000.0,25134000000.0,25134000000.0,2009000000.0,0.032,0.072,0.092,0.138,385000000.0,8378000000.0,1.0,1737443264.0,1743757000.0,1754156000.0,14.414,31604000000.0,1565000000.0,550000000.0,180000000.0,18.124,13442000000.0
16,ABT,MRT,2017-06-30,2017-06-30,2017-06-30,2021-09-07,-6250000000.0,71151000000.0,58550250000.0,19983000000.0,51168000000.0,0.403,18.263,-1158000000.0,9675000000.0,9675000000.0,10918000000.0,1171000000.0,2.937,1.238,24031000000.0,221000000.0,23810000000.0,24031000000.0,0.0,2081000000.0,0.0,0.022,1.05,2544000000.0,4625000000.0,0.196,4625000000.0,2544000000.0,1834000000.0,0.71,0.72,0.71,31788000000.0,26237000000.0,31788000000.0,99619574545.0,39.0,21.539,3154000000.0,1.812,1.0,12689000000.0,0.538,40785000000.0,710000000.0,37919000000.0,34596250000.0,3603000000.0,1705000000.0,160000000.0,1545000000.0,39363000000.0,6803000000.0,32560000000.0,84351574545.0,7097000000.0,-5705000000.0,204000000.0,9646000000.0,-1692000000.0,7975000000.0,-5164000000.0,1658000000.0,4312000000.0,-26000000.0,1171000000.0,1171000000.0,1171000000.0,-107000000.0,0.0,0.05,10859000000.0,1830000000.0,1667000000.0,1.479,2.654,72.034,68.465,7286000000.0,0.0,48.61,3.573,3.584,4633000000.0,25202000000.0,23607000000.0,23607000000.0,1793000000.0,0.02,0.045,0.074,0.108,359000000.0,7891000000.0,1.0,1735272054.0,1740524000.0,1748883000.0,13.563,30366000000.0,1552000000.0,663000000.0,192000000.0,17.446,13180000000.0
17,ABT,MRT,2017-03-31,2017-03-31,2017-03-31,2021-09-07,-6532000000.0,70887000000.0,50720250000.0,19329000000.0,51558000000.0,0.44,18.263,-1150000000.0,8706000000.0,8706000000.0,10016000000.0,1503000000.0,2.908,1.247,23974000000.0,210000000.0,23764000000.0,23974000000.0,0.0,1780000000.0,0.0,0.024,1.045,2856000000.0,4636000000.0,0.208,4636000000.0,2856000000.0,2257000000.0,0.96,0.97,0.96,31547000000.0,23488750000.0,31547000000.0,79971373238.0,28.0,17.25,2720000000.0,1.575,1.0,12287000000.0,0.551,40758000000.0,599000000.0,38751000000.0,30723750000.0,3995000000.0,1910000000.0,154000000.0,1756000000.0,39340000000.0,6646000000.0,32694000000.0,76740373238.0,5372000000.0,-5950000000.0,192000000.0,9785000000.0,-1614000000.0,8180000000.0,-6628000000.0,425000000.0,3870000000.0,-50000000.0,1503000000.0,1503000000.0,1503000000.0,-110000000.0,0.0,0.067,10027000000.0,2260000000.0,1481000000.0,1.089,2.433,51.058,46.26,7265000000.0,0.0,44.41,3.441,3.44,4510000000.0,25387000000.0,22303000000.0,22303000000.0,1621000000.0,0.03,0.064,0.093,0.128,329000000.0,7478000000.0,1.0,1727997596.0,1727356000.0,1735195000.0,12.912,30129000000.0,1779000000.0,754000000.0,186000000.0,17.442,12683000000.0
18,ABT,MRT,2016-12-31,2016-12-31,2016-12-31,2021-09-07,-7263000000.0,52666000000.0,42907750000.0,26776000000.0,25890000000.0,0.486,14.026,-1121000000.0,18775000000.0,18775000000.0,9094000000.0,1400000000.0,4.02,1.542,22006000000.0,1325000000.0,20681000000.0,22006000000.0,0.0,1353000000.0,0.0,0.027,1.04,2181000000.0,3534000000.0,0.169,3534000000.0,2181000000.0,1750000000.0,0.94,0.94,0.94,20717000000.0,20812500000.0,20717000000.0,62561408778.0,29.0,17.703,2082000000.0,1.41,1.0,11759000000.0,0.564,12222000000.0,431000000.0,37015000000.0,26352750000.0,2434000000.0,2947000000.0,0.0,2947000000.0,31949000000.0,6660000000.0,25289000000.0,56551408778.0,13619000000.0,-55000000.0,-274000000.0,13155000000.0,-1539000000.0,11147000000.0,-248000000.0,886000000.0,3203000000.0,-483000000.0,1400000000.0,1400000000.0,1400000000.0,-337000000.0,0.0,0.067,8733000000.0,3026000000.0,1178000000.0,1.106,2.73,40.394,40.862,5705000000.0,0.0,38.41,2.712,2.721,3248000000.0,25565000000.0,20853000000.0,20853000000.0,1447000000.0,0.033,0.067,0.083,0.105,310000000.0,6736000000.0,1.0,1472309523.0,1477000000.0,1483000000.0,14.118,40444000000.0,2263000000.0,350000000.0,188000000.0,27.383,20116000000.0
19,ABT,MRT,2016-09-30,2016-09-30,2016-09-30,2021-09-07,-6533000000.0,39497000000.0,40053000000.0,12978000000.0,26519000000.0,0.517,14.154,-1050000000.0,2500000000.0,2500000000.0,8918000000.0,1369000000.0,1.56,0.89,8510000000.0,2535000000.0,5975000000.0,8510000000.0,0.0,1400000000.0,0.0,0.024,1.02,2063000000.0,3463000000.0,0.167,3463000000.0,2063000000.0,1744000000.0,0.91,0.91,0.91,20896000000.0,20964750000.0,20896000000.0,68500106100.0,33.0,19.781,1811000000.0,1.227,1.0,11790000000.0,0.569,12486000000.0,319000000.0,24700000000.0,22033250000.0,2613000000.0,5004000000.0,2007000000.0,2997000000.0,18601000000.0,8321000000.0,10280000000.0,62166106100.0,-632000000.0,-48000000.0,-1153000000.0,-146000000.0,-1513000000.0,-2854000000.0,-232000000.0,823000000.0,2861000000.0,-407000000.0,1369000000.0,1369000000.0,1369000000.0,-376000000.0,0.0,0.066,8738000000.0,3052000000.0,1051000000.0,1.121,2.975,45.41,46.473,5734000000.0,0.0,42.29,3.002,3.015,3320000000.0,25162000000.0,20708000000.0,20708000000.0,1448000000.0,0.034,0.065,0.094,0.1,306000000.0,6718000000.0,1.0,1469995415.0,1476366000.0,1476366000.0,14.026,27011000000.0,2523000000.0,375000000.0,240000000.0,18.296,4657000000.0
20,ABT,MRT,2016-06-30,2016-06-30,2016-06-30,2021-09-07,-7223000000.0,39831000000.0,40610000000.0,12988000000.0,26843000000.0,0.506,14.103,-1149000000.0,2578000000.0,2578000000.0,8875000000.0,2278000000.0,1.498,0.915,8912000000.0,2896000000.0,6016000000.0,8912000000.0,0.0,1443000000.0,0.0,0.025,1.0,2836000000.0,4279000000.0,0.208,4279000000.0,2836000000.0,2593000000.0,1.52,1.51,1.52,20795000000.0,21045500000.0,20795000000.0,63008366417.0,22.0,14.725,1690000000.0,1.146,1.0,11681000000.0,0.568,15063000000.0,243000000.0,22429000000.0,21508000000.0,2813000000.0,5199000000.0,1860000000.0,3339000000.0,19036000000.0,8673000000.0,10363000000.0,57752366417.0,-1470000000.0,-213000000.0,-1179000000.0,-214000000.0,-1488000000.0,-2923000000.0,-875000000.0,435000000.0,2839000000.0,-511000000.0,2278000000.0,2278000000.0,2278000000.0,-332000000.0,0.0,0.111,8813000000.0,2868000000.0,1153000000.0,0.658,2.777,25.352,25.862,5826000000.0,0.0,39.31,2.81,2.82,3567000000.0,25884000000.0,20556000000.0,20556000000.0,1474000000.0,0.056,0.108,0.132,0.138,301000000.0,6756000000.0,1.0,1469152033.0,1474504000.0,1480492000.0,13.941,24768000000.0,2613000000.0,315000000.0,232000000.0,16.798,4315000000.0
21,ABT,MRT,2016-03-31,2016-03-31,2016-03-31,2021-09-07,-6851000000.0,39637000000.0,41683500000.0,12406000000.0,27231000000.0,0.489,14.108,-1118000000.0,3334000000.0,3334000000.0,8806000000.0,2447000000.0,1.478,0.902,8590000000.0,2613000000.0,5977000000.0,8590000000.0,0.0,1448000000.0,0.0,0.023,0.98,3030000000.0,4478000000.0,0.22,4478000000.0,3030000000.0,2846000000.0,1.63,1.62,1.63,20842000000.0,21628250000.0,20842000000.0,64501707046.0,21.0,14.404,1753000000.0,1.187,1.0,11587000000.0,0.568,15233000000.0,184000000.0,21267000000.0,21893750000.0,2786000000.0,4175000000.0,623000000.0,3552000000.0,18795000000.0,8393000000.0,10402000000.0,61625707046.0,108000000.0,2080000000.0,-1165000000.0,-447000000.0,-1464000000.0,-3118000000.0,837000000.0,-162000000.0,2871000000.0,-482000000.0,2447000000.0,2447000000.0,2447000000.0,-314000000.0,0.0,0.12,8806000000.0,2781000000.0,1053000000.0,0.601,2.957,25.184,25.663,5836000000.0,0.0,41.83,3.022,3.03,3430000000.0,25654000000.0,20393000000.0,20393000000.0,1471000000.0,0.059,0.113,0.138,0.149,296000000.0,6746000000.0,1.0,1473241861.0,1477332000.0,1483673000.0,13.804,24404000000.0,2608000000.0,399000000.0,261000000.0,16.519,4013000000.0
22,ABT,MRT,2015-12-31,2015-12-31,2015-12-31,2021-09-07,-6658000000.0,41247000000.0,42548000000.0,14155000000.0,27092000000.0,0.48,14.255,-1110000000.0,6125000000.0,6125000000.0,8747000000.0,4423000000.0,1.541,0.934,9001000000.0,3130000000.0,5871000000.0,9001000000.0,0.0,1472000000.0,0.0,0.021,0.96,5163000000.0,6635000000.0,0.325,6635000000.0,5163000000.0,5000000000.0,2.94,2.92,2.94,21326000000.0,21914750000.0,21326000000.0,72216140305.0,14.0,10.884,1856000000.0,1.241,1.0,11658000000.0,0.571,15200000000.0,163000000.0,19737000000.0,22510000000.0,2599000000.0,4041000000.0,0.0,4041000000.0,19921000000.0,9186000000.0,10735000000.0,66993140305.0,938000000.0,2285000000.0,-1923000000.0,1147000000.0,-1443000000.0,-2236000000.0,406000000.0,-821000000.0,2966000000.0,-198000000.0,4423000000.0,4423000000.0,4423000000.0,-1817000000.0,0.0,0.217,8791000000.0,2867000000.0,1081000000.0,0.327,3.141,15.147,15.276,5730000000.0,0.0,44.91,3.283,3.293,3418000000.0,25757000000.0,20405000000.0,20405000000.0,1405000000.0,0.104,0.202,0.229,0.253,292000000.0,6785000000.0,1.0,1491719891.0,1496000000.0,1506000000.0,13.64,26047000000.0,2119000000.0,577000000.0,430000000.0,17.411,4969000000.0
23,ABT,MRT,2015-09-30,2015-09-30,2015-09-30,2021-09-07,-7211000000.0,41725000000.0,42538000000.0,15894000000.0,25831000000.0,0.484,14.189,-1149000000.0,3132000000.0,3132000000.0,8878000000.0,4560000000.0,1.815,0.966,8355000000.0,2402000000.0,5953000000.0,8355000000.0,0.0,1501000000.0,0.0,0.023,0.94,5337000000.0,6838000000.0,0.332,6838000000.0,5337000000.0,5172000000.0,3.03,3.0,3.03,21219000000.0,21993000000.0,21219000000.0,64658555722.0,12.0,9.456,2227000000.0,1.489,1.0,11695000000.0,0.568,15594000000.0,165000000.0,22599000000.0,22037000000.0,2633000000.0,6062000000.0,3007000000.0,3055000000.0,20506000000.0,8755000000.0,11751000000.0,59945555722.0,-481000000.0,1795000000.0,-948000000.0,-73000000.0,-1418000000.0,-2439000000.0,-1170000000.0,-1867000000.0,3376000000.0,-248000000.0,4560000000.0,4560000000.0,4560000000.0,-2015000000.0,0.0,0.222,8814000000.0,2881000000.0,1007000000.0,0.31,2.825,13.146,13.274,5797000000.0,0.0,40.22,2.914,2.924,3460000000.0,25375000000.0,20573000000.0,20573000000.0,1397000000.0,0.107,0.207,0.242,0.259,287000000.0,6796000000.0,1.0,1490441465.0,1495465000.0,1505167000.0,13.757,26131000000.0,1383000000.0,612000000.0,483000000.0,17.473,7139000000.0
24,ABT,MRT,2015-06-30,2015-06-30,2015-06-30,2021-09-07,-5004000000.0,44125000000.0,42735250000.0,21131000000.0,22994000000.0,0.48,15.482,-1015000000.0,4048000000.0,4048000000.0,8955000000.0,4518000000.0,2.301,0.908,8761000000.0,2899000000.0,5862000000.0,8761000000.0,0.0,1473000000.0,0.0,0.019,0.92,5448000000.0,6921000000.0,0.338,6921000000.0,5448000000.0,5289000000.0,3.0,2.98,3.0,23126000000.0,22436500000.0,23126000000.0,78745209167.0,14.0,11.378,2367000000.0,1.585,1.0,11547000000.0,0.563,15681000000.0,159000000.0,23972000000.0,21130500000.0,2735000000.0,7372000000.0,7129000000.0,243000000.0,20999000000.0,9185000000.0,11814000000.0,73068209167.0,478000000.0,-796000000.0,-933000000.0,828000000.0,-1390000000.0,-1895000000.0,-798000000.0,942000000.0,3382000000.0,-211000000.0,4518000000.0,4518000000.0,4518000000.0,-2131000000.0,0.0,0.22,8651000000.0,2896000000.0,1000000000.0,0.307,3.16,16.173,16.36,5738000000.0,0.0,49.08,3.564,3.576,3553000000.0,25162000000.0,20502000000.0,20502000000.0,1324000000.0,0.106,0.201,0.258,0.266,283000000.0,6725000000.0,1.0,1488757318.0,1493771000.0,1504215000.0,13.725,28444000000.0,1330000000.0,771000000.0,589000000.0,19.042,11946000000.0
25,ABT,MRT,2015-03-31,2015-03-31,2015-03-31,2021-09-07,-5607000000.0,43095000000.0,42072750000.0,19985000000.0,23110000000.0,0.485,14.61,-1057000000.0,3226000000.0,3226000000.0,9025000000.0,4200000000.0,2.171,0.96,8903000000.0,2972000000.0,5931000000.0,8903000000.0,0.0,1521000000.0,0.0,0.019,0.9,5155000000.0,6676000000.0,0.327,6676000000.0,5155000000.0,5004000000.0,2.79,2.76,2.79,21988000000.0,22581000000.0,21988000000.0,73295942771.0,14.0,10.979,2284000000.0,1.518,1.0,11364000000.0,0.557,15834000000.0,151000000.0,23732000000.0,19324000000.0,2623000000.0,6867000000.0,6623000000.0,244000000.0,21107000000.0,9206000000.0,11901000000.0,69910942771.0,1166000000.0,-3082000000.0,-934000000.0,557000000.0,-1363000000.0,-2140000000.0,188000000.0,4271000000.0,3341000000.0,-223000000.0,4200000000.0,4200000000.0,4200000000.0,-2174000000.0,0.0,0.206,8520000000.0,2844000000.0,1012000000.0,0.323,3.18,16.645,16.606,5699000000.0,0.0,46.33,3.429,3.42,3481000000.0,24740000000.0,20389000000.0,20389000000.0,1289000000.0,0.1,0.186,0.267,0.253,275000000.0,6647000000.0,1.0,1508977828.0,1504995000.0,1515537000.0,13.548,27261000000.0,1330000000.0,804000000.0,534000000.0,18.114,10779000000.0
26,ABT,MRT,2014-12-31,2014-12-31,2014-12-31,2021-09-07,-5053000000.0,41207000000.0,41714500000.0,13556000000.0,27651000000.0,0.485,14.274,-1077000000.0,4460000000.0,4460000000.0,9218000000.0,2284000000.0,1.295,0.904,7830000000.0,4437000000.0,3393000000.0,7830000000.0,0.0,1548000000.0,0.0,0.02,0.88,3231000000.0,4779000000.0,0.236,4779000000.0,3231000000.0,3081000000.0,1.5,1.49,1.5,21639000000.0,22956250000.0,21639000000.0,71214692182.0,22.0,14.902,2598000000.0,1.714,1.0,11029000000.0,0.545,16265000000.0,150000000.0,17845000000.0,17591000000.0,2643000000.0,229000000.0,0.0,229000000.0,19568000000.0,10467000000.0,9101000000.0,67790692182.0,588000000.0,-3312000000.0,-1766000000.0,766000000.0,-1342000000.0,-2742000000.0,-202000000.0,4117000000.0,3675000000.0,-143000000.0,2284000000.0,2284000000.0,2284000000.0,-563000000.0,0.0,0.113,8430000000.0,2599000000.0,1064000000.0,0.587,3.133,29.681,30.013,5935000000.0,0.0,45.02,3.348,3.371,3586000000.0,22874000000.0,20247000000.0,20247000000.0,1345000000.0,0.055,0.099,0.184,0.16,246000000.0,6530000000.0,1.0,1505790586.0,1516000000.0,1527000000.0,13.356,24942000000.0,3288000000.0,797000000.0,270000000.0,16.453,3089000000.0
27,ABT,MRT,2014-09-30,2014-09-30,2014-09-30,2021-09-07,-2975000000.0,42514000000.0,42151000000.0,16464000000.0,26050000000.0,0.472,15.241,-1093000000.0,4877000000.0,4877000000.0,9220000000.0,1968000000.0,1.521,0.849,8301000000.0,4582000000.0,3719000000.0,8301000000.0,0.0,1579000000.0,0.0,0.019,0.8,2859000000.0,4438000000.0,0.223,4438000000.0,2859000000.0,2719000000.0,1.29,1.27,1.29,22993000000.0,23863250000.0,22993000000.0,62841842782.0,22.0,14.16,2969000000.0,1.968,1.0,10685000000.0,0.537,16142000000.0,140000000.0,18973000000.0,17230250000.0,2696000000.0,221000000.0,0.0,221000000.0,19521000000.0,10823000000.0,8698000000.0,62538842782.0,731000000.0,-2836000000.0,-1728000000.0,-463000000.0,-1225000000.0,-3911000000.0,648000000.0,4513000000.0,4062000000.0,-68000000.0,1968000000.0,1968000000.0,1968000000.0,-397000000.0,0.0,0.099,8287000000.0,2398000000.0,965000000.0,0.62,2.72,31.778,32.24,5872000000.0,0.0,41.59,3.142,3.152,3618000000.0,22335000000.0,19905000000.0,19905000000.0,1343000000.0,0.047,0.082,0.166,0.144,248000000.0,6405000000.0,1.0,1503699033.0,1508596000.0,1519780000.0,13.194,26372000000.0,1772000000.0,751000000.0,481000000.0,17.481,5641000000.0
28,ABT,MRT,2014-06-30,2014-06-30,2014-06-30,2021-09-07,-1952000000.0,41475000000.0,42555619250.0,18258000000.0,23217000000.0,0.462,15.733,-1093000000.0,7062000000.0,7062000000.0,9156000000.0,2396000000.0,1.853,0.75,7365000000.0,3962000000.0,3403000000.0,7365000000.0,0.0,1660000000.0,0.0,0.018,0.72,2849000000.0,4509000000.0,0.229,4509000000.0,2849000000.0,2707000000.0,1.55,1.52,1.55,23704000000.0,24061982750.0,23704000000.0,62147286204.0,22.0,13.783,2290000000.0,1.52,1.0,10495000000.0,0.534,15179000000.0,142000000.0,16746000000.0,16688818000.0,2823000000.0,130000000.0,0.0,130000000.0,17771000000.0,9853000000.0,7918000000.0,61429286204.0,-2002000000.0,-580000000.0,-2104000000.0,-486000000.0,-1114000000.0,-4199000000.0,-1224000000.0,401000000.0,3383000000.0,38000000.0,2396000000.0,2396000000.0,2396000000.0,-619000000.0,0.0,0.122,8352000000.0,2143000000.0,1062000000.0,0.465,2.592,25.638,26.387,5935000000.0,0.0,40.9,3.126,3.136,4056000000.0,22137000000.0,19651000000.0,19651000000.0,1377000000.0,0.056,0.1,0.171,0.145,253000000.0,6422000000.0,1.0,1501938538.0,1506595000.0,1517046000.0,13.043,26296000000.0,1921000000.0,311000000.0,181000000.0,17.454,8405000000.0
29,ABT,MRT,2014-03-31,2014-03-31,2014-03-31,2021-09-07,-1934000000.0,41662000000.0,42912705750.0,17931000000.0,23731000000.0,0.467,15.324,-1126000000.0,7047000000.0,7047000000.0,9413000000.0,2406000000.0,1.76,0.774,7765000000.0,4378000000.0,3387000000.0,7765000000.0,0.0,1696000000.0,0.0,0.017,0.64,2755000000.0,4451000000.0,0.222,4451000000.0,2755000000.0,2609000000.0,1.54,1.52,1.54,23489000000.0,23742894250.0,23489000000.0,57886637253.0,21.0,13.005,2074000000.0,1.353,1.0,10627000000.0,0.53,15394000000.0,146000000.0,16800000000.0,16383404500.0,2775000000.0,122000000.0,0.0,122000000.0,18173000000.0,10186000000.0,7987000000.0,59423637253.0,-2313000000.0,-580000000.0,-2376000000.0,757000000.0,-1001000000.0,-3115000000.0,-2416000000.0,-758000000.0,3200000000.0,18000000.0,2406000000.0,2406000000.0,2406000000.0,-578000000.0,0.0,0.12,8534000000.0,2093000000.0,1074000000.0,0.416,2.53,24.698,25.006,5948000000.0,0.0,38.51,2.965,2.946,3883000000.0,22005000000.0,20040000000.0,20040000000.0,1430000000.0,0.056,0.101,0.168,0.137,255000000.0,6487000000.0,1.0,1543070300.0,1532810000.0,1547691000.0,13.074,26268000000.0,2214000000.0,203000000.0,152000000.0,17.137,7745000000.0
30,ABT,MRT,2013-12-31,2013-12-31,2013-12-31,2021-09-07,-2012000000.0,42953000000.0,43168859000.0,19247000000.0,23706000000.0,0.455,16.218,-1145000000.0,8098000000.0,8098000000.0,9193000000.0,2576000000.0,2.025,0.7,6561000000.0,3173000000.0,3388000000.0,6561000000.0,0.0,1719000000.0,0.0,0.015,0.56,2774000000.0,4493000000.0,0.229,4493000000.0,2774000000.0,2629000000.0,1.64,1.62,1.64,25267000000.0,23541463000.0,25267000000.0,58922756811.0,21.0,13.114,2179000000.0,1.399,1.0,10464000000.0,0.532,15507000000.0,145000000.0,16402000000.0,16029190000.0,2693000000.0,119000000.0,0.0,119000000.0,17686000000.0,9507000000.0,8179000000.0,59265295811.0,-7327000000.0,-580000000.0,-1210000000.0,1792000000.0,-882000000.0,-6696000000.0,-3929000000.0,-2225000000.0,3324000000.0,-26000000.0,2576000000.0,2576000000.0,2576000000.0,-588000000.0,0.0,0.131,8331000000.0,2133000000.0,1026000000.0,0.341,2.346,23.007,23.372,5905000000.0,0.0,38.33,3.015,3.038,3986000000.0,21979000000.0,19657000000.0,19657000000.0,1371000000.0,0.06,0.109,0.173,0.141,262000000.0,6372000000.0,1.0,1546185646.0,1558000000.0,1574000000.0,12.617,27446000000.0,4637000000.0,53000000.0,175000000.0,17.616,9740000000.0
31,ABT,MRT,2013-09-30,2013-09-30,2013-09-30,2021-09-07,-2956510000.0,44132477000.0,49239359000.0,19748949000.0,24383528000.0,0.383,15.329,-1227807000.0,8605484000.0,8605484000.0,8912867000.0,3039461000.0,1.743,0.855,8262945000.0,4859876000.0,3403069000.0,8262945000.0,0.0,1880570000.0,0.0,0.028,0.93,2463155000.0,4343725000.0,0.231,4343725000.0,2463155000.0,2431247000.0,1.94,1.91,1.94,23787931000.0,23927963000.0,23787931000.0,50122365532.0,20.0,11.539,1973932000.0,1.272,1.0,9924364000.0,0.527,15651001000.0,31908000.0,16807272000.0,20652440000.0,2804070000.0,142527000.0,0.0,142527000.0,20344546000.0,11331665000.0,9012881000.0,51581420532.0,-5115128000.0,-590376000.0,-1747063000.0,7202642000.0,-1476063000.0,-2321635000.0,-5993998000.0,-4195817000.0,3201739000.0,-1234000.0,3039461000.0,3039461000.0,3039461000.0,-2239438000.0,0.0,0.161,8232756000.0,1691608000.0,1008912000.0,0.479,2.168,16.971,17.108,5842369000.0,0.0,33.19,2.738,2.734,3882803000.0,21668078000.0,18837231000.0,18837231000.0,1425028000.0,0.062,0.127,0.119,0.131,296265000.0,6270230000.0,1.0,1554125355.0,1551803000.0,1566691000.0,12.139,28481476000.0,2670728000.0,-608214000.0,228175000.0,18.354,8417284000.0
32,ABT,MRT,2013-06-30,2013-06-30,2013-06-30,2021-09-07,-3226425000.0,42903346000.0,54020674250.0,19831124000.0,23072222000.0,0.357,14.372,-1481554000.0,9393592000.0,9393592000.0,9146780000.0,4016267000.0,1.816,0.913,7934537000.0,4523778000.0,3410759000.0,7934537000.0,0.0,2204298000.0,0.0,0.037,1.3,3610385000.0,5814683000.0,0.302,5814683000.0,3610385000.0,3463443000.0,2.54,2.51,2.54,22427646000.0,24757065500.0,22427646000.0,52958312271.0,15.0,9.108,4717687000.0,3.023,1.0,10130238000.0,0.526,15000331000.0,146942000.0,15524346000.0,23220170500.0,2725179000.0,154268000.0,0.0,154268000.0,20475700000.0,10919614000.0,9556086000.0,54373199271.0,-1480956000.0,-46000000.0,-911204000.0,4920231000.0,-2061468000.0,-4353592000.0,-3428605000.0,-1891743000.0,6199241000.0,102000000.0,4016267000.0,4016267000.0,4016267000.0,-3521323000.0,0.0,0.208,8601613000.0,1528625000.0,1042248000.0,0.512,2.424,13.538,13.732,5768649000.0,0.0,34.88,2.821,2.824,3938998000.0,20318892000.0,19277018000.0,19277018000.0,1436681000.0,0.074,0.162,0.155,0.187,326873000.0,6578345000.0,1.0,1558864658.0,1560519000.0,1576684000.0,12.353,27903015000.0,2077860000.0,-552824000.0,138772000.0,17.881,8911510000.0
33,ABT,MRT,2013-03-31,2013-03-31,2013-03-31,2021-09-07,-2894673000.0,42686613000.0,58759785250.0,19096868000.0,23589745000.0,0.326,14.46,-1615670000.0,8517313000.0,8517313000.0,8971836000.0,5264879000.0,1.835,0.882,7102426000.0,3635850000.0,3466576000.0,7102426000.0,0.0,2459733000.0,0.0,0.047,1.67,4895948000.0,7355681000.0,0.384,7355681000.0,4895948000.0,4705718000.0,3.33,3.29,3.33,22683275000.0,25293275250.0,22683275000.0,60778292664.0,12.0,8.263,5933400000.0,3.782,1.0,10172479000.0,0.531,15482258000.0,190230000.0,15383142000.0,26210015750.0,2710250000.0,146076000.0,0.0,146076000.0,20003338000.0,10406326000.0,9597012000.0,55476312664.0,26910000.0,-156000000.0,-1069593000.0,5315971000.0,-2648452000.0,-4703225000.0,-2776235000.0,-996416000.0,7549070000.0,-42700000.0,5264879000.0,5264879000.0,5264879000.0,-4835094000.0,0.0,0.275,8706664000.0,1465815000.0,1087979000.0,0.502,2.446,10.537,10.607,5791492000.0,0.0,35.32,2.898,2.894,3917865000.0,20062483000.0,19144315000.0,19144315000.0,1444286000.0,0.09,0.208,0.187,0.256,361658000.0,6677968000.0,1.0,1570677029.0,1568730000.0,1586018000.0,12.204,27204355000.0,2097969000.0,-559161000.0,141978000.0,17.342,8690542000.0
34,ABT,MRT,2012-12-31,2012-12-31,2012-12-31,2021-09-07,-3594000000.0,67235000000.0,63692082250.0,31323000000.0,35912000000.0,0.299,17.024,-1795000000.0,15174000000.0,15174000000.0,8899000000.0,5963000000.0,2.359,1.508,20476000000.0,2391000000.0,18085000000.0,20476000000.0,0.0,2782000000.0,0.0,0.031,2.01,5826000000.0,8608000000.0,0.452,8608000000.0,5826000000.0,5506000000.0,3.76,3.72,3.76,26813000000.0,26008315000.0,26813000000.0,108308845774.0,19.0,12.582,7519000000.0,4.774,1.0,10151000000.0,0.533,24362000000.0,320000000.0,34895000000.0,29127881500.0,3793000000.0,274000000.0,0.0,274000000.0,40422000000.0,13280000000.0,27142000000.0,103533736774.0,3989000000.0,-706000000.0,-514000000.0,4413000000.0,-3183000000.0,195000000.0,-5560000000.0,-3062000000.0,9314000000.0,40000000.0,5963000000.0,5963000000.0,5963000000.0,-5726000000.0,0.0,0.313,8791000000.0,1360000000.0,1797000000.0,0.535,3.861,17.363,17.42,8063000000.0,0.0,65.5,5.435,5.415,7613000000.0,24151000000.0,19050000000.0,19050000000.0,1461000000.0,0.094,0.229,0.2,0.306,433000000.0,6735000000.0,1.0,1580667737.0,1575000000.0,1592000000.0,12.095,42873000000.0,6199000000.0,-457000000.0,655000000.0,27.221,18043000000.0
35,ABT,MRT,2012-09-30,2012-09-30,2012-09-30,2021-09-07,-2755915000.0,63257738000.0,61952555500.0,27264244000.0,35993494000.0,0.142,17.19,-1683428000.0,11504522000.0,11504522000.0,5532428000.0,6527761000.0,1.674,1.334,16279631000.0,4224991000.0,12054640000.0,16279631000.0,0.0,2842965000.0,0.0,0.029,1.98,6898166000.0,9741131000.0,1.108,9741131000.0,6898166000.0,6625819000.0,4.14,4.1,4.14,27104341000.0,25436601250.0,27104341000.0,114678397460.0,17.0,11.773,7529105000.0,4.775,1.0,3262535000.0,0.371,24668675000.0,272347000.0,27078194000.0,27008848250.0,3814256000.0,380383000.0,0.0,380383000.0,36153397000.0,16285978000.0,19867419000.0,107593520460.0,2948200000.0,-282124000.0,496028000.0,-446976000.0,-3122931000.0,-3994728000.0,-2570360000.0,-613635000.0,9212533000.0,300755000.0,6527761000.0,6527761000.0,6527761000.0,-7410565000.0,0.0,0.742,3919623000.0,-657088000.0,1605202000.0,0.478,3.97,16.482,16.56,7960648000.0,0.0,68.56,12.234,12.292,6948714000.0,23326756000.0,8794963000.0,8794963000.0,-380835000.0,0.105,0.257,0.255,0.784,421632000.0,3089456000.0,1.0,1569333729.0,1576771000.0,1594279000.0,5.578,38589063000.0,2983788000.0,98058000.0,709364000.0,24.473,10978266000.0
36,ABT,MRT,2012-06-30,2012-06-30,2012-06-30,2021-09-07,-3543531000.0,61859790000.0,61045165000.0,26257492000.0,35602298000.0,0.219,15.63,-1604676000.0,11002138000.0,11002138000.0,7016765000.0,4888136000.0,1.534,1.517,18087015000.0,6082923000.0,12004092000.0,18087015000.0,0.0,2921623000.0,0.0,0.03,1.95,5536870000.0,8458493000.0,0.634,8458493000.0,5536870000.0,5292218000.0,3.11,3.08,3.11,24572485000.0,24832759000.0,24572485000.0,108556926877.0,20.0,12.834,7142785000.0,4.543,1.0,6330076000.0,0.474,24340473000.0,244652000.0,27483727000.0,26722969500.0,3518452000.0,389901000.0,0.0,389901000.0,37287305000.0,17120467000.0,20166838000.0,101436547877.0,2976309000.0,-745500000.0,20394000.0,-502282000.0,-3069156000.0,-4071893000.0,-1446758000.0,887480000.0,8747461000.0,-252501000.0,4888136000.0,4888136000.0,4888136000.0,-5806680000.0,0.0,0.366,6702303000.0,-372227000.0,1519460000.0,0.627,4.128,20.752,20.73,7831272000.0,0.0,64.47,7.6,7.594,6767952000.0,22227912000.0,13346841000.0,13346841000.0,278139000.0,0.08,0.197,0.207,0.415,413862000.0,5408251000.0,1.0,1573391467.0,1572099000.0,1588502000.0,8.49,37519317000.0,3040652000.0,404082000.0,477459000.0,23.866,9137025000.0
37,ABT,MRT,2012-03-31,2012-03-31,2012-03-31,2021-09-07,-1941119000.0,62415801000.0,61081277750.0,25602131000.0,36813670000.0,0.289,16.229,-1552517000.0,9526561000.0,9526561000.0,8517181000.0,5106306000.0,1.525,1.444,16646940000.0,4785435000.0,11861505000.0,16646940000.0,0.0,3041600000.0,0.0,0.031,1.92,5418992000.0,8460592000.0,0.479,8460592000.0,5418992000.0,5123499000.0,3.26,3.23,3.26,25543434000.0,25307063500.0,25543434000.0,103686969888.0,19.0,12.255,7631267000.0,4.849,1.0,9132654000.0,0.517,25695652000.0,295493000.0,27054605000.0,26600387250.0,3549348000.0,374746000.0,0.0,374746000.0,36872367000.0,16785923000.0,20086444000.0,96369751888.0,1606305000.0,-823000000.0,487591000.0,-2527602000.0,-3012581000.0,-5573441000.0,-1929535000.0,-1443363000.0,9183784000.0,-74503000.0,5106306000.0,5106306000.0,5106306000.0,-4492909000.0,0.0,0.289,8295618000.0,837036000.0,1726962000.0,0.589,3.773,18.873,18.801,7955257000.0,0.0,61.29,5.46,5.466,7659882000.0,21314465000.0,17649835000.0,17649835000.0,945314000.0,0.084,0.202,0.204,0.307,404534000.0,6356714000.0,1.0,1572356859.0,1573921000.0,1589510000.0,11.214,36720149000.0,2788015000.0,17193000.0,759361000.0,23.33,8816208000.0
38,ABT,MRT,2011-12-31,2011-12-31,2011-12-31,2021-09-07,-2597185000.0,60276893000.0,60890168250.0,23768774000.0,36508119000.0,0.352,15.752,-1491000000.0,8097359000.0,8097359000.0,10017000000.0,4728000000.0,1.535,1.458,15414577000.0,3374755000.0,12039822000.0,15414577000.0,0.0,3044000000.0,0.0,0.033,1.88,5197000000.0,8241000000.0,0.385,8241000000.0,5197000000.0,4838000000.0,3.03,3.01,3.03,24526145000.0,25101288000.0,24526145000.0,96339671351.0,19.0,11.69,7479000000.0,4.803,1.0,11390000000.0,0.532,25695016000.0,359000000.0,26418867000.0,26804076500.0,3284249000.0,378225000.0,0.0,378225000.0,35750748000.0,15480228000.0,20270520000.0,87594845351.0,3165000000.0,-273000000.0,892000000.0,-3977000000.0,-2938000000.0,-6423000000.0,661000000.0,539000000.0,8970000000.0,-43000000.0,4728000000.0,4728000000.0,4728000000.0,-3602000000.0,0.0,0.221,9761000000.0,1629000000.0,1721127000.0,0.62,3.571,18.527,18.558,7873955000.0,0.0,56.23,4.092,4.09,7683920000.0,20907362000.0,21407000000.0,21407000000.0,1512000000.0,0.078,0.188,0.194,0.243,383000000.0,7365000000.0,1.0,1557795578.0,1557000000.0,1567000000.0,13.749,34581877000.0,5261463000.0,110000000.0,514947000.0,22.211,8288546000.0
39,ABT,MRT,2011-09-30,2011-09-30,2011-09-30,2021-09-07,-860277000.0,59628176000.0,60964408000.0,23094416000.0,36533760000.0,0.631,15.841,-1508098000.0,7976502000.0,7976502000.0,15747745000.0,4550628000.0,1.498,1.415,16721328000.0,3624561000.0,13096767000.0,16721328000.0,0.0,3105043000.0,0.0,0.036,1.84,5568166000.0,8673209000.0,0.226,8673209000.0,5568166000.0,5012767000.0,2.91,2.89,2.91,24688972000.0,24661034500.0,24688972000.0,88928935898.0,16.0,10.253,8377149000.0,5.375,1.0,22693909000.0,0.59,27024362000.0,555399000.0,25934679000.0,27373496250.0,3269317000.0,392788000.0,0.0,392788000.0,34939204000.0,15413961000.0,19525243000.0,79603323898.0,1231154000.0,-985700000.0,298749000.0,-2252593000.0,-2878107000.0,-4831951000.0,-3544031000.0,-2918816000.0,9885247000.0,-278111000.0,4550628000.0,4550628000.0,4550628000.0,0.0,0.0,0.118,17194482000.0,5499427000.0,1601998000.0,0.632,3.224,17.493,17.574,7977460000.0,0.0,51.14,2.071,2.073,7043542000.0,20052443000.0,38441654000.0,38441654000.0,4035239000.0,0.075,0.185,0.203,0.145,377050000.0,12648543000.0,1.0,1556576533.0,1558556000.0,1568287000.0,24.665,32603814000.0,1139150000.0,462139000.0,466855000.0,20.919,7680455000.0
40,ABT,MRT,2011-06-30,2011-06-30,2011-06-30,2021-09-07,577784000.0,62004241000.0,60400769000.0,24132178000.0,37872063000.0,0.618,17.002,-1261188000.0,8893499000.0,8893499000.0,15515611000.0,5138107000.0,1.524,1.342,18219111000.0,5591350000.0,12627761000.0,18219111000.0,0.0,2943681000.0,0.0,0.034,1.8,6155444000.0,9099125000.0,0.244,9099125000.0,6155444000.0,5575282000.0,3.3,3.27,3.3,26469703000.0,23839774500.0,26469703000.0,94066299829.0,15.0,10.338,8118042000.0,5.214,1.0,21783883000.0,0.584,28496527000.0,580162000.0,26993398000.0,27940486000.0,3475006000.0,451928000.0,0.0,451928000.0,35534538000.0,15839928000.0,19694610000.0,81786370829.0,-244684000.0,-2700700000.0,317655000.0,-362690000.0,-2805900000.0,-2850935000.0,-6929024000.0,-4836688000.0,9379230000.0,156045000.0,5138107000.0,5138107000.0,5138107000.0,0.0,0.0,0.138,15698149000.0,6085734000.0,1448555000.0,0.545,3.09,15.918,15.945,8128450000.0,0.0,52.62,2.193,2.196,7038069000.0,20509111000.0,37299494000.0,37299494000.0,4104539000.0,0.085,0.216,0.22,0.165,381358000.0,11082910000.0,1.0,1554282988.0,1556869000.0,1566103000.0,23.958,33507714000.0,795158000.0,437175000.0,487376000.0,21.523,8292250000.0
41,ABT,MRT,2011-03-31,2011-03-31,2011-03-31,2021-09-07,182049000.0,61651363000.0,58245059250.0,23647132000.0,38004231000.0,0.627,15.931,-1161745000.0,6502280000.0,6502280000.0,15189071000.0,4486975000.0,1.373,1.494,18782209000.0,6251963000.0,12530246000.0,18782209000.0,0.0,2807471000.0,0.0,0.036,1.76,6039934000.0,8847405000.0,0.242,8847405000.0,6039934000.0,5459413000.0,2.89,2.87,2.89,24720332000.0,22200276000.0,24720332000.0,89375720535.0,15.0,10.102,8062630000.0,5.196,1.0,21320146000.0,0.584,28836827000.0,580521000.0,27869362000.0,28271115500.0,3400996000.0,2263681000.0,1873559000.0,390122000.0,36931031000.0,17225103000.0,19705928000.0,75908887535.0,1173336000.0,-3017595000.0,238787000.0,1244027000.0,-2734690000.0,-1251876000.0,-6830785000.0,-2642931000.0,9224375000.0,31622000.0,4486975000.0,4486975000.0,4486975000.0,0.0,0.0,0.123,15401899000.0,5918247000.0,1577168000.0,0.609,3.071,16.918,16.972,8078195000.0,0.0,49.05,2.079,2.085,7160219000.0,19323753000.0,36509217000.0,36509217000.0,3924457000.0,0.077,0.202,0.214,0.165,389125000.0,11064242000.0,1.0,1547581805.0,1551755000.0,1558641000.0,23.528,32814536000.0,699087000.0,972438000.0,1272280000.0,21.147,6422029000.0
42,ABT,MRT,2010-12-31,2010-12-31,2010-12-31,2021-09-07,-1366846000.0,60573852000.0,56171874000.0,22317529000.0,38256323000.0,0.626,14.721,-1015075000.0,5451450000.0,5451450000.0,14665192000.0,4626172000.0,1.293,1.661,18918283000.0,6394766000.0,12523517000.0,18918283000.0,0.0,2624305000.0,0.0,0.036,1.72,6265969000.0,8890274000.0,0.253,8890274000.0,6265969000.0,5712834000.0,2.98,2.96,2.98,22765131000.0,21235217750.0,22765131000.0,88927144883.0,14.0,10.003,7720906000.0,4.993,1.0,20501529000.0,0.583,28081705000.0,553135000.0,28696546000.0,28306069500.0,3188734000.0,2174539000.0,1872490000.0,302049000.0,37808721000.0,17262434000.0,20546287000.0,74060042883.0,-5160968000.0,-9433243000.0,-538414000.0,2122148000.0,-2671475000.0,-1087741000.0,-12188315000.0,148429000.0,8735981000.0,-620893000.0,4626172000.0,4626172000.0,4626172000.0,0.0,0.0,0.132,14413948000.0,6087581000.0,1535759000.0,0.577,3.253,16.009,16.077,7970956000.0,0.0,47.91,2.106,2.107,7184034000.0,19215768000.0,35166721000.0,35166721000.0,3724424000.0,0.082,0.218,0.221,0.178,387183000.0,10376324000.0,1.0,1545815965.0,1546400000.0,1556022000.0,22.741,32492147000.0,4977664000.0,1086662000.0,1307723000.0,21.011,5055095000.0
43,ABT,MRT,2010-09-30,2010-09-30,2010-09-30,2021-09-07,-1483235000.0,57373620000.0,54173816750.0,19447420000.0,37926200000.0,0.627,13.85,-969189000.0,3849951000.0,3849951000.0,14404375000.0,4724054000.0,1.248,1.677,18717053000.0,5806372000.0,12910681000.0,18717053000.0,0.0,2462080000.0,0.0,0.032,1.68,6293562000.0,8755642000.0,0.258,8755642000.0,6293562000.0,5767886000.0,3.06,3.03,3.06,21403932000.0,21340784000.0,21403932000.0,94768331437.0,15.0,10.824,7282890000.0,4.713,1.0,19584625000.0,0.576,28454213000.0,525676000.0,28202638000.0,27772892250.0,3308758000.0,2126960000.0,1871807000.0,255153000.0,35890896000.0,15583871000.0,20307025000.0,80660060437.0,-1057770000.0,-9971770000.0,-408237000.0,2515333000.0,-2598150000.0,-491054000.0,-8185049000.0,4636724000.0,8252079000.0,-633746000.0,4724054000.0,4724054000.0,4724054000.0,0.0,0.0,0.139,13463182000.0,6121443000.0,1531720000.0,0.549,3.768,17.074,17.072,7939787000.0,0.0,52.24,2.373,2.375,6248908000.0,18181133000.0,33989000000.0,33989000000.0,3414040000.0,0.087,0.221,0.227,0.185,389095000.0,9804142000.0,1.0,1544028722.0,1545413000.0,1554052000.0,21.993,28919407000.0,1277047000.0,1043832000.0,874915000.0,18.713,3863549000.0
44,ABT,MRT,2010-06-30,2010-06-30,2010-06-30,2021-09-07,-2629430000.0,53381402000.0,52292116750.0,19915307000.0,33466095000.0,0.633,12.893,-1092814000.0,4372778000.0,4372778000.0,14023446000.0,5313761000.0,1.356,1.677,18481049000.0,5868394000.0,12612655000.0,18481049000.0,0.0,2325770000.0,0.0,0.035,1.64,7086337000.0,9412107000.0,0.285,9412107000.0,7086337000.0,6575151000.0,3.43,3.41,3.43,19911709000.0,21323564750.0,19911709000.0,87713069460.0,12.0,9.319,7640876000.0,4.947,1.0,19052385000.0,0.576,24484497000.0,511186000.0,28315916000.0,27179592750.0,3168641000.0,2122176000.0,1870936000.0,251240000.0,33386768000.0,14689260000.0,18697508000.0,72207973460.0,117398000.0,-7781282000.0,-445973000.0,2322795000.0,-2537103000.0,-660281000.0,-7310488000.0,3444449000.0,8733690000.0,-645523000.0,5313761000.0,5313761000.0,5313761000.0,0.0,0.0,0.161,12472374000.0,6580011000.0,1615606000.0,0.478,3.626,13.589,13.638,7875608000.0,0.0,46.78,2.183,2.184,6338350000.0,17978462000.0,33075831000.0,33075831000.0,3010849000.0,0.102,0.249,0.261,0.214,379536000.0,9216525000.0,1.0,1543565059.0,1544415000.0,1551782000.0,21.416,28896905000.0,854750000.0,1261390000.0,906674000.0,18.711,5226047000.0
45,ABT,MRT,2010-03-31,2010-03-31,2010-03-31,2021-09-07,-975671000.0,53358622000.0,50854270500.0,17690678000.0,35667944000.0,0.624,13.477,-1082040000.0,1822073000.0,1822073000.0,13608512000.0,5310216000.0,1.165,1.551,17327169000.0,6448520000.0,10878649000.0,17327169000.0,0.0,2187966000.0,0.0,0.03,1.6,7097169000.0,9285135000.0,0.292,9285135000.0,7097169000.0,6583502000.0,3.43,3.41,3.43,20860099000.0,21315415500.0,20860099000.0,89439828522.0,13.0,9.633,7017154000.0,4.534,1.0,18136181000.0,0.571,25671055000.0,513667000.0,28009178000.0,26647783500.0,3410921000.0,2990483000.0,1870000000.0,1120483000.0,32346282000.0,15183485000.0,17162797000.0,81793253522.0,-3307975000.0,-7294219000.0,-447316000.0,1720665000.0,-2476131000.0,-1202782000.0,-9751712000.0,502513000.0,8099194000.0,-452675000.0,5310216000.0,5310216000.0,5310216000.0,0.0,0.0,0.167,11490716000.0,6645465000.0,1663523000.0,0.466,3.921,15.403,15.359,8060114000.0,0.0,52.68,2.577,2.569,6520222000.0,17367857000.0,31744693000.0,31744693000.0,2823357000.0,0.104,0.249,0.266,0.224,353276000.0,8497359000.0,1.0,1552643385.0,1547815000.0,1561323000.0,20.509,27687567000.0,816292000.0,1273286000.0,769488000.0,17.888,2507193000.0
46,ABT,MRT,2009-12-31,2009-12-31,2009-12-31,2021-09-07,854074000.0,52581623000.0,48874014250.0,23313891000.0,29267732000.0,0.629,14.989,-1089048000.0,9932048000.0,9932048000.0,13209329000.0,5745838000.0,1.787,1.268,16455914000.0,5189620000.0,11266294000.0,16455914000.0,0.0,2089510000.0,0.0,0.029,1.56,7713430000.0,9802940000.0,0.319,9802940000.0,7713430000.0,7193774000.0,3.71,3.69,3.71,23187396000.0,20586215500.0,23187396000.0,90467541620.0,12.0,9.229,6186112000.0,3.999,1.0,17555378000.0,0.571,19492163000.0,519656000.0,26563837000.0,26136463000.0,3264877000.0,1132866000.0,0.0,1132866000.0,29394227000.0,13049489000.0,16344738000.0,83508407620.0,4697317000.0,-2370630000.0,-317676000.0,3734155000.0,-2414460000.0,1002019000.0,-3698710000.0,-232664000.0,7275160000.0,118848000.0,5745838000.0,5745838000.0,5745838000.0,0.0,0.0,0.187,11319637000.0,6235741000.0,1280542000.0,0.42,3.601,14.534,14.553,7619489000.0,0.0,53.99,2.714,2.715,6541941000.0,17342694000.0,30764707000.0,30764707000.0,2743733000.0,0.118,0.279,0.295,0.251,366357000.0,8405904000.0,1.0,1546738426.0,1546983000.0,1555126000.0,19.887,33089460000.0,3387356000.0,1447936000.0,442140000.0,21.39,10264402000.0
47,ABT,MRT,2009-09-30,2009-09-30,2009-09-30,2021-09-07,498968000.0,49846820000.0,46333409500.0,21415842000.0,28430978000.0,0.646,13.798,-1108193000.0,8695152000.0,8695152000.0,12603487000.0,5743335000.0,1.71,1.335,15654286000.0,4077730000.0,11576556000.0,15654286000.0,0.0,1964712000.0,0.0,0.031,1.52,7722529000.0,9687241000.0,0.324,9687241000.0,7722529000.0,7203601000.0,3.7,3.68,3.7,21335055000.0,19169039250.0,21335055000.0,85291693555.0,11.0,8.805,5566933000.0,3.6,1.0,17321361000.0,0.579,18452007000.0,518928000.0,25829440000.0,25009130250.0,3421680000.0,1110767000.0,0.0,1110767000.0,28472070000.0,12524507000.0,15947563000.0,76476288555.0,2065572000.0,-1169332000.0,-438464000.0,3339178000.0,-2354193000.0,546521000.0,-5613772000.0,-2933592000.0,6675126000.0,108126000.0,5743335000.0,5743335000.0,5743335000.0,-146503000.0,0.0,0.192,11206533000.0,6114828000.0,1394952000.0,0.411,3.585,13.316,13.37,7522399000.0,0.0,49.47,2.556,2.556,5474987000.0,16152254000.0,29924848000.0,29924848000.0,2728316000.0,0.124,0.3,0.309,0.258,368322000.0,8478217000.0,1.0,1545912443.0,1546291000.0,1552483000.0,19.353,31394813000.0,1345805000.0,1460266000.0,1184353000.0,20.303,8891335000.0
48,ABT,MRT,2009-06-30,2009-06-30,2009-06-30,2021-09-07,-6616000.0,47630017000.0,44309957500.0,19628376000.0,28001641000.0,0.669,12.861,-1099288000.0,6887943000.0,6887943000.0,12596169000.0,5347580000.0,1.63,1.394,15703348000.0,4331830000.0,11371518000.0,15703348000.0,0.0,1922558000.0,0.0,0.031,1.48,7214592000.0,9137150000.0,0.308,9137150000.0,7214592000.0,6705262000.0,3.45,3.42,3.45,19879112000.0,18671734250.0,19879112000.0,82708836894.0,11.0,9.052,5244225000.0,3.393,1.0,17065003000.0,0.575,18214362000.0,509330000.0,26188679000.0,24435200750.0,3520839000.0,1051952000.0,0.0,1051952000.0,27709949000.0,12042381000.0,15667568000.0,72698378894.0,407718000.0,-1409820000.0,3341000.0,325693000.0,-2291374000.0,-1962340000.0,-4149434000.0,-1301881000.0,6343513000.0,-173592000.0,5347580000.0,5347580000.0,5347580000.0,-146503000.0,0.0,0.18,11193411000.0,5871592000.0,1185405000.0,0.429,3.657,13.595,13.635,7448303000.0,0.0,47.04,2.451,2.451,5452765000.0,15296662000.0,29661172000.0,29661172000.0,2732940000.0,0.121,0.286,0.295,0.243,372133000.0,8460471000.0,1.0,1545458735.0,1545643000.0,1550564000.0,19.19,29415655000.0,1287024000.0,1357682000.0,932321000.0,19.031,7585995000.0
49,ABT,MRT,2009-03-31,2009-03-31,2009-03-31,2021-09-07,-1194941000.0,45437597000.0,43420883000.0,18007894000.0,27429703000.0,0.679,11.608,-1206892000.0,5703777000.0,5703777000.0,12586871000.0,5381489000.0,1.53,1.53,15714235000.0,4038282000.0,11675953000.0,15714235000.0,0.0,1851020000.0,0.0,0.03,1.44,7284672000.0,9135692000.0,0.31,9135692000.0,7284672000.0,6774542000.0,3.48,3.44,3.48,17943299000.0,18441656750.0,17943299000.0,81048033598.0,11.0,8.872,5181295000.0,3.352,1.0,16893446000.0,0.573,17713888000.0,510130000.0,25963896000.0,24224377250.0,3159093000.0,1053854000.0,0.0,1053854000.0,27454457000.0,11770271000.0,15684186000.0,73714753598.0,2164844000.0,-1392488000.0,-104860000.0,758609000.0,-2228783000.0,-1575034000.0,-2800084000.0,206234000.0,6388187000.0,-197796000.0,5381489000.0,5381489000.0,5381489000.0,-146503000.0,0.0,0.183,11286689000.0,5606757000.0,1184761000.0,0.414,4.108,13.698,13.707,7310433000.0,0.0,47.7,2.5,2.501,5227102000.0,14629154000.0,29480317000.0,29480317000.0,2719597000.0,0.124,0.292,0.301,0.247,382040000.0,8488536000.0,1.0,1545382675.0,1545767000.0,1556385000.0,19.072,27723709000.0,1351528000.0,1393053000.0,926513000.0,17.935,6237623000.0
50,ABT,MRT,2008-12-31,2008-12-31,2008-12-31,2021-09-07,-1163839000.0,42419204000.0,42355876750.0,17042559000.0,25376645000.0,0.697,11.336,-1287724000.0,5079625000.0,5079625000.0,12612022000.0,4880719000.0,1.47,1.421,11445302000.0,2731975000.0,8713327000.0,11445302000.0,0.0,1838829000.0,0.0,0.026,1.405,6531263000.0,8370092000.0,0.283,8370092000.0,6531263000.0,6002789000.0,3.16,3.12,3.16,17518691000.0,18450718000.0,17518691000.0,90562092733.0,14.0,10.82,5706896000.0,3.693,1.0,16915530000.0,0.573,15138467000.0,528474000.0,22054506000.0,24008556250.0,2775849000.0,1073736000.0,0.0,1073736000.0,24900513000.0,11591908000.0,13308605000.0,82807940733.0,1655638000.0,418216000.0,-72963000.0,-1238687000.0,-2174252000.0,-3485902000.0,-2087491000.0,-793351000.0,6994620000.0,-115160000.0,4880719000.0,4880719000.0,4880719000.0,-146503000.0,0.0,0.165,11221691000.0,5693839000.0,1351436000.0,0.445,4.727,16.966,16.889,7219166000.0,0.0,53.37,2.804,2.793,5465660000.0,13825383000.0,29527552000.0,29527552000.0,2688811000.0,0.115,0.265,0.272,0.221,347015000.0,8435624000.0,1.0,1551582176.0,1545355000.0,1560753000.0,19.107,27280737000.0,4408147000.0,1122070000.0,805397000.0,17.653,5450651000.0
51,ABT,MRT,2008-09-30,2008-09-30,2008-09-30,2021-09-07,1823234000.0,41753012000.0,41679556750.0,15226733000.0,26526279000.0,0.691,12.516,-1451911000.0,2810343000.0,2810343000.0,12595321000.0,4547520000.0,1.593,1.158,10564495000.0,2096462000.0,8468033000.0,10564495000.0,0.0,1899466000.0,0.0,0.024,1.37,6203916000.0,8103382000.0,0.281,8103382000.0,6203916000.0,5653005000.0,2.95,2.91,2.95,19345835000.0,18527031500.0,19345835000.0,98851390638.0,16.0,12.199,5360217000.0,3.468,1.0,16203314000.0,0.563,16414003000.0,550911000.0,23533722000.0,24624591500.0,3100122000.0,2038126000.0,956127000.0,1081999000.0,22407177000.0,9559439000.0,12847738000.0,88762269638.0,899512000.0,289021000.0,84774000.0,-1956291000.0,-2118040000.0,-3989557000.0,-1963668000.0,-758119000.0,6812128000.0,40609000.0,4547520000.0,4547520000.0,4547520000.0,0.0,0.0,0.158,10734370000.0,5468944000.0,1223848000.0,0.464,4.588,19.519,19.519,7640721000.0,0.0,57.58,3.082,3.09,4994075000.0,12453610000.0,28798635000.0,28798635000.0,2619581000.0,0.109,0.245,0.252,0.215,361712000.0,8017533000.0,1.0,1541546885.0,1545639000.0,1563730000.0,18.632,25339009000.0,1389556000.0,1105485000.0,231007000.0,16.394,5667294000.0
52,ABT,MRT,2008-06-30,2008-06-30,2008-06-30,2021-09-07,2500649000.0,44073719000.0,40646781000.0,16957168000.0,27116551000.0,0.681,12.313,-1519684000.0,3796586000.0,3796586000.0,12106482000.0,4179913000.0,1.411,1.325,13885707000.0,5427123000.0,8458584000.0,13885707000.0,0.0,1904675000.0,0.0,0.025,1.335,5745942000.0,7650617000.0,0.276,7650617000.0,5745942000.0,5173388000.0,2.71,2.68,2.71,18958802000.0,17592612750.0,18958802000.0,92260466422.0,16.0,12.059,4132043000.0,2.684,1.0,15571199000.0,0.563,16800905000.0,572554000.0,25345385000.0,23778051750.0,3161204000.0,2472942000.0,1381688000.0,1091254000.0,25114917000.0,12016550000.0,13098367000.0,81748403422.0,2257655000.0,585067000.0,-467919000.0,1090359000.0,-2064777000.0,-1442337000.0,-2267845000.0,-1209848000.0,5651727000.0,316110000.0,4179913000.0,4179913000.0,4179913000.0,0.0,0.0,0.151,10572218000.0,4998981000.0,1180397000.0,0.493,4.312,19.557,19.546,7791884000.0,0.0,52.97,2.954,2.947,5189052000.0,11963641000.0,27677681000.0,27677681000.0,2579939000.0,0.103,0.238,0.242,0.208,399272000.0,7895023000.0,1.0,1543296270.0,1539786000.0,1539786000.0,17.975,27272814000.0,1432508000.0,993475000.0,156177000.0,17.712,4940618000.0
53,ABT,MRT,2008-03-31,2008-03-31,2008-03-31,2021-09-07,2254202000.0,41177572000.0,38916656750.0,15111740000.0,26065832000.0,0.687,11.645,-1596514000.0,2709951000.0,2709951000.0,11791108000.0,3846643000.0,1.403,1.29,13222014000.0,4179156000.0,9042858000.0,13222014000.0,0.0,1874316000.0,0.0,0.024,1.3,5377842000.0,7252158000.0,0.271,7252158000.0,5377842000.0,4789708000.0,2.49,2.46,2.49,17979544000.0,16686450500.0,17979544000.0,95004765350.0,18.0,13.1,3836193000.0,2.485,1.0,14943172000.0,0.559,15818578000.0,588134000.0,25100612000.0,22633881500.0,3075636000.0,2010780000.0,926648000.0,1084132000.0,23198028000.0,10770445000.0,12427583000.0,85247445350.0,2027603000.0,887082000.0,-173584000.0,151236000.0,-2009893000.0,-2032241000.0,-1640462000.0,-878572000.0,5432707000.0,267599000.0,3846643000.0,3846643000.0,3846643000.0,0.0,0.0,0.144,10164412000.0,4778760000.0,1228243000.0,0.522,4.741,22.162,22.149,7620704000.0,0.0,55.15,3.189,3.185,4998280000.0,11200647000.0,26734280000.0,26734280000.0,2506550000.0,0.099,0.231,0.238,0.201,418429000.0,7639162000.0,1.0,1545737903.0,1544022000.0,1560567000.0,17.315,25358994000.0,1542418000.0,943065000.0,130445000.0,16.424,4341295000.0
54,ABT,MRT,2007-12-31,2007-12-31,2007-12-31,2021-09-07,2081763000.0,39713924000.0,37693793000.0,14042733000.0,25671191000.0,0.687,11.551,-1656207000.0,2456384000.0,2456384000.0,11422046000.0,3606314000.0,1.543,1.228,12213704000.0,2725915000.0,9487789000.0,12213704000.0,0.0,1854886000.0,0.0,0.023,1.27,5062790000.0,6917676000.0,0.267,6917676000.0,5062790000.0,4469648000.0,2.34,2.31,2.34,17823945000.0,15771349750.0,17823945000.0,97098530830.0,19.0,14.036,3527636000.0,2.286,1.0,14492192000.0,0.559,15849319000.0,593142000.0,24518647000.0,21493946500.0,2951442000.0,1489705000.0,364443000.0,1125262000.0,21889979000.0,9103278000.0,12786701000.0,86767051830.0,1935192000.0,568437000.0,191011000.0,-544493000.0,-1959150000.0,-2312632000.0,-1136277000.0,-15022000.0,5183843000.0,200258000.0,3606314000.0,3606314000.0,3606314000.0,0.0,0.0,0.139,9913647000.0,4578545000.0,1219529000.0,0.543,4.868,24.06,23.996,7518149000.0,0.0,56.15,3.348,3.343,4946876000.0,10805809000.0,25914238000.0,25914238000.0,2505649000.0,0.096,0.229,0.236,0.195,429677000.0,7407998000.0,1.0,1545272517.0,1543082000.0,1560057000.0,16.794,23864605000.0,3288333000.0,863334000.0,80406000.0,15.466,4939455000.0
55,ABT,MRT,2007-09-30,2007-09-30,2007-09-30,2021-09-07,904553000.0,37621909000.0,36809855000.0,12838196000.0,24783713000.0,0.677,10.112,-1541549000.0,1910831000.0,1910831000.0,11125979000.0,1927072000.0,1.045,1.41,12242310000.0,5764391000.0,6477919000.0,12242310000.0,0.0,1782800000.0,0.0,0.023,1.24,3308724000.0,5091524000.0,0.204,5091524000.0,3308724000.0,2744622000.0,1.24,1.23,1.24,15608160000.0,14828910000.0,15608160000.0,93655092830.0,28.0,18.394,3880746000.0,2.514,1.0,13784877000.0,0.553,15522766000.0,564102000.0,20147563000.0,20430237250.0,2924754000.0,1700708000.0,638119000.0,1062589000.0,22013749000.0,12283059000.0,9730690000.0,82867176830.0,1384461000.0,-3185335000.0,62064000.0,2603828000.0,-1909655000.0,756237000.0,-4828475000.0,-27509000.0,5422295000.0,34404000.0,1927072000.0,1927072000.0,1927072000.0,0.0,0.0,0.077,10978256000.0,2806621000.0,1154396000.0,1.0,5.309,43.002,43.242,7231699000.0,0.0,53.62,3.327,3.322,4211457000.0,10125216000.0,24910856000.0,24910856000.0,2439415000.0,0.052,0.13,0.162,0.133,413695000.0,7231841000.0,1.0,1545452757.0,1543544000.0,1557758000.0,16.139,22099143000.0,966659000.0,817550000.0,351068000.0,14.317,555137000.0
56,ABT,MRT,2007-06-30,2007-06-30,2007-06-30,2021-09-07,866996000.0,37153222000.0,35729345750.0,12338909000.0,24814313000.0,0.675,9.946,-1506310000.0,1538931000.0,1538931000.0,10653167000.0,1925909000.0,1.027,1.423,12326847000.0,5720842000.0,6606005000.0,12326847000.0,0.0,1660472000.0,0.0,0.023,1.21,3110949000.0,4771421000.0,0.198,4771421000.0,3110949000.0,2577520000.0,1.25,1.23,1.25,15334153000.0,14835220250.0,15334153000.0,94280553757.0,30.0,19.759,3662864000.0,2.376,1.0,13454753000.0,0.558,15162217000.0,533429000.0,20768704000.0,20807465750.0,2146060000.0,1703375000.0,698143000.0,1005232000.0,21819069000.0,12010217000.0,9808852000.0,82486260757.0,748029000.0,-3232980000.0,397500000.0,1849650000.0,-1858113000.0,389037000.0,-4834782000.0,-29533000.0,5169174000.0,24600000.0,1925909000.0,1925909000.0,1925909000.0,0.0,0.0,0.08,10885520000.0,2569233000.0,1061499000.0,0.968,5.379,42.83,42.84,5824607000.0,0.0,53.55,3.422,3.425,3395031000.0,9949525000.0,24107920000.0,24107920000.0,2416322000.0,0.054,0.13,0.15,0.129,369198000.0,6948198000.0,1.0,1540359678.0,1541717000.0,1560667000.0,15.637,21991005000.0,967787000.0,651611000.0,276945000.0,14.264,328692000.0
57,ABT,MRT,2007-03-31,2007-03-31,2007-03-31,2021-09-07,620725000.0,36286117000.0,34956357000.0,11504217000.0,24781900000.0,0.665,9.296,-1502134000.0,682348000.0,682348000.0,10237454000.0,1549409000.0,0.935,1.534,12476641000.0,5935472000.0,6541169000.0,12476641000.0,0.0,1677991000.0,0.0,0.021,1.18,2472761000.0,4150752000.0,0.179,4150752000.0,2472761000.0,1982018000.0,1.01,1.0,1.01,14319141000.0,14798058500.0,14319141000.0,97993234356.0,40.0,23.609,3633123000.0,2.359,1.0,13000970000.0,0.559,15234432000.0,490743000.0,20540872000.0,21235894750.0,2174025000.0,1953167000.0,959531000.0,993636000.0,21966976000.0,12305106000.0,9661870000.0,86103501356.0,-1660748000.0,-7856011000.0,262236000.0,6110858000.0,-1807426000.0,4565668000.0,-11494279000.0,-2110428000.0,5135257000.0,65454000.0,1549409000.0,1549409000.0,1549409000.0,0.0,0.0,0.067,11075324000.0,1925646000.0,987514000.0,1.168,6.013,55.572,55.248,5696195000.0,0.0,55.8,3.705,3.699,3278283000.0,9532954000.0,23238424000.0,23238424000.0,2389185000.0,0.044,0.105,0.116,0.106,369805000.0,6672139000.0,1.0,1543073501.0,1540315000.0,1558234000.0,15.087,21051685000.0,1015563000.0,432609000.0,336175000.0,13.667,-800889000.0
58,ABT,MRT,2006-12-31,2006-12-31,2006-12-31,2021-09-07,389766000.0,36178172000.0,33017702750.0,11281883000.0,24896289000.0,0.681,9.187,-1337818000.0,521192000.0,521192000.0,9815147000.0,1716755000.0,0.944,1.574,12410925000.0,5401261000.0,7009664000.0,12410925000.0,0.0,1558750000.0,0.0,0.024,1.16,2692542000.0,4251292000.0,0.189,4251292000.0,2692542000.0,2276370000.0,1.12,1.12,1.12,14054186000.0,14828809500.0,14054186000.0,83682178770.0,31.0,19.684,3924271000.0,2.565,1.0,12661175000.0,0.563,15852900000.0,416172000.0,20263810000.0,19952037500.0,2806421000.0,2082116000.0,852243000.0,1229873000.0,22123986000.0,11951195000.0,10172791000.0,74763216770.0,-2372495000.0,-7856011000.0,-251720000.0,5650817000.0,-1777170000.0,3621927000.0,-11397629000.0,-2110936000.0,5262089000.0,73966000.0,1716755000.0,1716755000.0,1716755000.0,0.0,0.0,0.076,10618956000.0,2042219000.0,1175590000.0,1.036,5.32,43.549,43.491,6946435000.0,0.0,48.71,3.326,3.315,4231142000.0,9568728000.0,22476322000.0,22476322000.0,2255271000.0,0.052,0.116,0.135,0.12,329957000.0,6349685000.0,1.0,1534863822.0,1529848000.0,1536724000.0,14.692,20325272000.0,2583997000.0,559615000.0,262344000.0,13.286,-669312000.0
59,ABT,MRT,2006-09-30,2006-09-30,2006-09-30,2021-09-07,1191305000.0,33299872000.0,31258460500.0,10070578000.0,23229294000.0,0.694,10.222,-1335346000.0,526370000.0,526370000.0,9348971000.0,3169385000.0,1.355,1.13,9445332000.0,1937133000.0,7508199000.0,9445332000.0,0.0,1485359000.0,0.0,0.023,1.14,4327986000.0,5813345000.0,0.268,5813345000.0,4327986000.0,3913069000.0,2.07,2.05,2.07,15633401000.0,14919080750.0,15633401000.0,83825880620.0,19.0,14.42,3998168000.0,2.614,1.0,12353722000.0,0.569,13128356000.0,414917000.0,21656477000.0,18762240500.0,2735709000.0,1891230000.0,524764000.0,1366466000.0,17666471000.0,7434001000.0,10232470000.0,74190309620.0,-2318637000.0,-4591197000.0,-834823000.0,2904388000.0,-1750984000.0,318581000.0,-8038709000.0,-2079360000.0,5333514000.0,9545000.0,3169385000.0,3169385000.0,3169385000.0,-16323000.0,0.0,0.146,8778216000.0,3575506000.0,995340000.0,0.551,4.746,23.408,23.459,6865738000.0,0.0,48.56,3.418,3.422,3577729000.0,10506243000.0,21702693000.0,21702693000.0,2102933000.0,0.101,0.212,0.231,0.199,277903000.0,5968283000.0,1.0,1527807035.0,1529367000.0,1541988000.0,14.191,20171516000.0,0.0,743684000.0,33718000.0,13.189,2636577000.0
60,ABT,MRT,2006-06-30,2006-06-30,2006-06-30,2021-09-07,1318851000.0,34061267000.0,30141232250.0,9897785000.0,24163482000.0,0.714,9.96,-1244999000.0,790902000.0,790902000.0,9634941000.0,3134252000.0,1.286,1.243,10426473000.0,2251778000.0,8174695000.0,10426473000.0,0.0,1447285000.0,0.0,0.026,1.12,4421715000.0,5869000000.0,0.273,5869000000.0,4421715000.0,4082422000.0,2.04,2.03,2.04,15185506000.0,14576488250.0,15185506000.0,70507864131.0,16.0,12.014,4159121000.0,2.728,1.0,11877977000.0,0.552,13520234000.0,339293000.0,22482420000.0,16779449750.0,2632270000.0,2080153000.0,305938000.0,1774215000.0,18875761000.0,7694184000.0,11181577000.0,66558345131.0,-656312000.0,-4616139000.0,-1264849000.0,4796160000.0,-1727769000.0,1803542000.0,-7956890000.0,-2074391000.0,5404120000.0,-34932000.0,3134252000.0,3134252000.0,3134252000.0,-16323000.0,0.0,0.146,8160957000.0,3717020000.0,1036931000.0,0.549,4.383,21.236,21.377,6797672000.0,0.0,43.61,3.094,3.091,3673178000.0,10270234000.0,21512918000.0,21512918000.0,1934177000.0,0.104,0.215,0.264,0.206,225811000.0,5716649000.0,1.0,1526217499.0,1524589000.0,1531637000.0,14.111,20541033000.0,0.0,948170000.0,26293000.0,13.473,2203601000.0
61,ABT,MRT,2006-03-31,2006-03-31,2006-03-31,2021-09-07,862527000.0,28531500000.0,28580218750.0,10608832000.0,17922668000.0,0.754,9.44,-1101710000.0,2343096000.0,2343096000.0,9878163000.0,3399060000.0,1.482,0.976,6292615000.0,2140839000.0,4151776000.0,6292615000.0,0.0,1327242000.0,0.0,0.026,1.1,4843630000.0,6170872000.0,0.287,6170872000.0,4843630000.0,4571756000.0,2.2,2.19,2.2,14442145000.0,14375589500.0,14442145000.0,69085265236.0,14.0,11.195,4606425000.0,3.011,1.0,11657431000.0,0.541,9915036000.0,271874000.0,15405443000.0,15084563000.0,2418537000.0,199870000.0,61566000.0,138304000.0,14089355000.0,7160540000.0,6928815000.0,65345438236.0,639709000.0,-295123000.0,-1214270000.0,-693441000.0,-1704283000.0,-3611994000.0,-1403221000.0,46744000.0,5708135000.0,-168884000.0,3399060000.0,3399060000.0,3399060000.0,-16323000.0,0.0,0.158,7388273000.0,4269158000.0,930821000.0,0.5,4.525,19.225,19.305,6052913000.0,0.0,42.47,3.034,3.017,3342637000.0,10109898000.0,21535594000.0,21535594000.0,1823098000.0,0.119,0.236,0.321,0.225,153462000.0,5548044000.0,1.0,1538625812.0,1529862000.0,1537695000.0,14.077,18616464000.0,0.0,1172696000.0,393394000.0,12.169,3448292000.0
62,ABT,MRT,2005-12-31,2005-12-31,2005-12-31,2021-09-07,745498000.0,29141203000.0,28661647250.0,11386028000.0,17755175000.0,0.779,9.285,-1207493000.0,2893687000.0,2893687000.0,10641111000.0,3372065000.0,1.535,1.022,6633514000.0,2062010000.0,4571504000.0,6633514000.0,0.0,1358939000.0,0.0,0.028,1.085,4861275000.0,6220214000.0,0.278,6220214000.0,4861275000.0,4619920000.0,2.17,2.16,2.17,14415271000.0,14309440250.0,14415271000.0,64902325328.0,13.0,10.434,3839911000.0,2.473,1.0,11696697000.0,0.524,9960894000.0,241355000.0,15504622000.0,15300286000.0,2541979000.0,196419000.0,62406000.0,134013000.0,14725932000.0,7415514000.0,7310418000.0,61164933328.0,1668059000.0,-295123000.0,-1078677000.0,172833000.0,-1686472000.0,-2592316000.0,-720087000.0,767929000.0,5047404000.0,-193954000.0,3372065000.0,3372065000.0,3372065000.0,0.0,0.0,0.151,7334429000.0,4362268000.0,1032516000.0,0.5,4.243,18.139,18.171,6003141000.0,0.0,39.43,2.738,2.74,3576794000.0,10404568000.0,22337808000.0,22337808000.0,1821175000.0,0.118,0.236,0.318,0.218,30140000.0,5496123000.0,1.0,1551228337.0,1552457000.0,1564103000.0,14.389,19180309000.0,2905696000.0,1247855000.0,1072003000.0,12.355,3970514000.0
63,ABT,MRT,2005-09-30,2005-09-30,2005-09-30,2021-09-07,682461000.0,28830959000.0,28568220000.0,10988679000.0,17842280000.0,0.768,9.188,-1253769000.0,2845007000.0,2845007000.0,10458648000.0,3370254000.0,1.255,1.021,6582399000.0,3533230000.0,3049169000.0,6582399000.0,0.0,1354584000.0,0.0,0.025,1.07,4543558000.0,5898142000.0,0.269,5898142000.0,4543558000.0,4375640000.0,2.16,2.15,2.16,14263031000.0,14287068250.0,14263031000.0,70197031910.0,15.0,11.902,4067318000.0,2.62,1.0,11486269000.0,0.523,10084522000.0,167918000.0,13725314000.0,15584160750.0,2686168000.0,1815704000.0,82651000.0,1733053000.0,14567928000.0,8758515000.0,5809413000.0,65907226910.0,2034116000.0,-389011000.0,-528666000.0,78580000.0,-1664806000.0,-2814892000.0,-669165000.0,1091186000.0,5321087000.0,61354000.0,3370254000.0,3370254000.0,3370254000.0,0.0,0.0,0.154,7295617000.0,4190652000.0,1030356000.0,0.495,4.621,19.556,19.63,5985335000.0,0.0,42.4,3.003,2.999,3203038000.0,10330476000.0,21944917000.0,21944917000.0,1794750000.0,0.118,0.236,0.292,0.207,51644000.0,5436736000.0,1.0,1554415729.0,1552397000.0,1563526000.0,14.136,18746437000.0,0.0,1005386000.0,393266000.0,12.076,2230164000.0
64,ABT,MRT,2005-06-30,2005-06-30,2005-06-30,2021-09-07,894183000.0,27817213000.0,28251536750.0,9663249000.0,18153964000.0,0.752,9.262,-1363698000.0,1447214000.0,1447214000.0,9896379000.0,3493624000.0,1.589,0.934,5737019000.0,1016946000.0,4720073000.0,5737019000.0,0.0,1324020000.0,0.0,0.022,1.055,4710292000.0,6034312000.0,0.284,6034312000.0,4710292000.0,4546028000.0,2.24,2.22,2.24,14381911000.0,13960146500.0,14381911000.0,81471338270.0,17.0,13.501,3497988000.0,2.253,1.0,11346212000.0,0.534,10321114000.0,164264000.0,15702873000.0,16108953500.0,2539287000.0,1839381000.0,87488000.0,1751893000.0,13435302000.0,6083031000.0,7352271000.0,75998682270.0,215641000.0,-362470000.0,-529570000.0,-1236976000.0,-1643180000.0,-4109726000.0,-686912000.0,1186289000.0,4861686000.0,84277000.0,3493624000.0,3493624000.0,3493624000.0,0.0,0.0,0.164,6963704000.0,4382508000.0,942600000.0,0.471,5.284,21.754,21.879,6018090000.0,0.0,49.01,3.578,3.583,3345248000.0,10284544000.0,21242591000.0,21242591000.0,1737579000.0,0.124,0.25,0.292,0.222,44275000.0,5171025000.0,1.0,1550677051.0,1552823000.0,1568906000.0,13.68,17496099000.0,0.0,1052404000.0,438447000.0,11.267,3580218000.0
65,ABT,MRT,2005-03-31,2005-03-31,2005-03-31,2021-09-07,1272062000.0,28857214000.0,28218778750.0,10351123000.0,18506091000.0,0.724,9.11,-1321283000.0,1703387000.0,1703387000.0,9333266000.0,3250830000.0,1.405,1.035,7176043000.0,2478208000.0,4697835000.0,7176043000.0,0.0,1344285000.0,0.0,0.022,1.04,4430526000.0,5774811000.0,0.283,5774811000.0,4430526000.0,4274610000.0,2.09,2.06,2.09,14177548000.0,13571135250.0,14177548000.0,78232756975.0,18.0,13.547,3025984000.0,1.944,1.0,11088574000.0,0.543,10693557000.0,155916000.0,16268335000.0,16033135750.0,2670878000.0,1772135000.0,111132000.0,1661003000.0,14679666000.0,7367978000.0,7311688000.0,72677767975.0,579403000.0,-1955715000.0,-605909000.0,613662000.0,-1622132000.0,-1614379000.0,-2281849000.0,981006000.0,4347267000.0,130202000.0,3250830000.0,3250830000.0,3250830000.0,620000.0,0.0,0.159,7004523000.0,4084051000.0,986643000.0,0.498,5.126,22.357,22.306,6079667000.0,0.0,46.62,3.559,3.553,3537511000.0,9852654000.0,20421840000.0,20421840000.0,1728831000.0,0.115,0.24,0.276,0.217,28989000.0,5056586000.0,1.0,1558939682.0,1556232000.0,1569505000.0,13.123,18163657000.0,0.0,1023780000.0,462589000.0,11.672,2983145000.0
66,ABT,MRT,2004-12-31,2004-12-31,2004-12-31,2021-09-07,1323732000.0,28767494000.0,28017808500.0,10734485000.0,18033009000.0,0.702,9.18,-1291633000.0,1225628000.0,1225628000.0,8884157000.0,3235851000.0,1.573,1.008,6780617000.0,1992683000.0,4787934000.0,6780617000.0,0.0,1288700000.0,0.0,0.022,1.025,4334702000.0,5623402000.0,0.286,5623402000.0,4334702000.0,4185615000.0,2.07,2.06,2.07,14325783000.0,13404758750.0,14325783000.0,78423128935.0,18.0,13.946,3816310000.0,2.445,1.0,10795859000.0,0.549,10856718000.0,149087000.0,16640121000.0,16354520000.0,2620463000.0,979183000.0,833334000.0,145849000.0,14441711000.0,6825644000.0,7616067000.0,72652350935.0,230504000.0,-2327821000.0,-344548000.0,805998000.0,-1599770000.0,-1138320000.0,-3923390000.0,-318369000.0,5107943000.0,184271000.0,3235851000.0,3235851000.0,3235851000.0,-60015000.0,0.0,0.164,6897539000.0,3898320000.0,1054464000.0,0.495,5.071,22.452,22.536,6007874000.0,0.0,46.65,3.692,3.699,3696115000.0,10033440000.0,19680016000.0,19680016000.0,1696753000.0,0.115,0.241,0.265,0.22,28989000.0,4921780000.0,1.0,1557392303.0,1560557000.0,1570611000.0,12.611,17910776000.0,1984675000.0,949764000.0,376496000.0,11.477,3908841000.0
67,ABT,MRT,2004-09-30,2004-09-30,2004-09-30,2021-09-07,584426000.0,27564226000.0,27335762000.0,10216003000.0,17348223000.0,0.692,8.305,-1176236000.0,810891000.0,810891000.0,8454208000.0,3205638000.0,1.4,1.128,6581669000.0,1853199000.0,4728470000.0,6581669000.0,0.0,1281881000.0,0.0,0.024,1.01,4399527000.0,5681408000.0,0.3,5681408000.0,4399527000.0,4258127000.0,2.06,2.03,2.06,12955344000.0,13091377500.0,12955344000.0,71865855534.0,16.0,12.649,3187567000.0,2.043,1.0,10468643000.0,0.553,10215062000.0,141400000.0,15824485000.0,16077259500.0,2370191000.0,1322557000.0,1100402000.0,222155000.0,14608882000.0,7295457000.0,7313425000.0,66130593534.0,-871046000.0,-1999379000.0,-379161000.0,133587000.0,-1577858000.0,-1123432000.0,-4085058000.0,-862525000.0,4363803000.0,90764000.0,3205638000.0,3205638000.0,3205638000.0,-110160000.0,0.0,0.169,6657610000.0,3811033000.0,1597801000.0,0.49,5.105,20.629,20.563,5697605000.0,0.0,42.36,3.495,3.492,2945894000.0,9483232000.0,18922851000.0,18922851000.0,1681786000.0,0.117,0.245,0.274,0.232,0.0,4743818000.0,1.0,1561156599.0,1559980000.0,1569003000.0,12.13,17349164000.0,0.0,1052489000.0,508367000.0,11.121,2920546000.0
68,ABT,MRT,2004-06-30,2004-06-30,2004-06-30,2021-09-07,695605000.0,27686181000.0,26983397750.0,10502960000.0,17183221000.0,0.685,8.219,-1089211000.0,1231573000.0,1231573000.0,8268085000.0,3162776000.0,1.378,1.159,6966835000.0,2280123000.0,4686712000.0,6966835000.0,0.0,1206735000.0,0.0,0.024,0.995,4325705000.0,5532440000.0,0.299,5532440000.0,4325705000.0,4184745000.0,2.03,2.0,2.03,12825866000.0,12818738250.0,12825866000.0,69133265464.0,16.0,12.496,3315706000.0,2.125,1.0,10220952000.0,0.553,10397818000.0,140960000.0,15399602000.0,15855762000.0,2317426000.0,1450363000.0,1191774000.0,258589000.0,14860315000.0,7624023000.0,7236292000.0,63572401464.0,152666000.0,-2221202000.0,-187035000.0,972876000.0,-1554796000.0,-68955000.0,-4201114000.0,-929070000.0,4404917000.0,36638000.0,3162776000.0,3162776000.0,3162776000.0,-173902000.0,0.0,0.171,6611680000.0,3609272000.0,1485629000.0,0.49,4.957,20.1,20.079,5613859000.0,0.0,40.76,3.438,3.44,2861185000.0,9281618000.0,18489037000.0,18489037000.0,1699358000.0,0.117,0.247,0.273,0.234,0.0,4627176000.0,1.0,1559676189.0,1560479000.0,1570486000.0,11.848,17288363000.0,0.0,1021969000.0,419656000.0,11.079,2878937000.0
69,ABT,MRT,2004-03-31,2004-03-31,2004-03-31,2021-09-07,903949000.0,28053333000.0,26534566000.0,10942822000.0,17110511000.0,0.675,8.648,-1069637000.0,1123984000.0,1123984000.0,8047744000.0,2775161000.0,1.574,1.076,6684848000.0,1727595000.0,4957253000.0,6684848000.0,0.0,1104079000.0,0.0,0.024,0.98,3843164000.0,4947243000.0,0.276,4947243000.0,3843164000.0,3698682000.0,1.78,1.76,1.78,13512042000.0,12585480750.0,13512042000.0,69257812902.0,18.0,13.999,3016931000.0,1.931,1.0,9864503000.0,0.551,9106354000.0,144482000.0,17553872000.0,15837800250.0,2863493000.0,1261427000.0,929883000.0,331544000.0,14541291000.0,6953971000.0,7587320000.0,64263250902.0,103500000.0,-870020000.0,-198396000.0,178427000.0,-1531728000.0,-1551697000.0,-2612952000.0,-543903000.0,4086568000.0,168404000.0,2775161000.0,2775161000.0,2775161000.0,-242022000.0,0.0,0.155,6823270000.0,3041233000.0,1574940000.0,0.551,4.756,23.157,23.09,6459007000.0,0.0,41.1,3.588,3.585,3200593000.0,9824818000.0,17912247000.0,17912247000.0,1641668000.0,0.105,0.221,0.243,0.215,0.0,5021462000.0,1.0,1563582747.0,1562450000.0,1572119000.0,11.464,18946979000.0,0.0,923521000.0,314813000.0,12.126,3988851000.0
70,ABT,MRT,2003-12-31,2003-12-31,2003-12-31,2021-09-07,632752000.0,26039308000.0,25741877750.0,9614381000.0,16424927000.0,0.671,8.365,-1050058000.0,995124000.0,995124000.0,7774239000.0,2753233000.0,1.381,0.992,5989686000.0,2537357000.0,3452329000.0,5989686000.0,0.0,1127439000.0,0.0,0.021,0.97,3782024000.0,4909463000.0,0.284,4909463000.0,3782024000.0,3635659000.0,1.76,1.75,1.76,13072258000.0,12050322000.0,13072258000.0,77797782988.0,21.0,15.846,2696462000.0,1.725,1.0,9506094000.0,0.55,8539290000.0,146365000.0,15531079000.0,15329524250.0,2738439000.0,697654000.0,291297000.0,406357000.0,12967050000.0,6963501000.0,6003549000.0,72852262988.0,290674000.0,-497914000.0,-22582000.0,-467927000.0,-1515703000.0,-2006212000.0,-1630605000.0,44325000.0,3746520000.0,180971000.0,2753233000.0,2753233000.0,2753233000.0,-248508000.0,0.0,0.159,6532082000.0,2974012000.0,1078333000.0,0.551,5.573,26.461,26.477,6281806000.0,0.0,46.6,4.216,4.214,3313377000.0,9691484000.0,17280333000.0,17280333000.0,1623752000.0,0.107,0.228,0.247,0.219,0.0,4808090000.0,1.0,1563353283.0,1562815000.0,1571869000.0,11.057,17500018000.0,1165259000.0,882426000.0,158836000.0,11.198,2650880000.0
71,ABT,MRT,2003-09-30,2003-09-30,2003-09-30,2021-09-07,21771000.0,26154769000.0,25130220750.0,10260878000.0,15893891000.0,0.612,7.592,-1002872000.0,1681937000.0,1681937000.0,6665258000.0,2435948000.0,1.276,1.204,6627457000.0,2719143000.0,3908314000.0,6627457000.0,0.0,953012000.0,0.0,0.023,0.96,3293198000.0,4246210000.0,0.276,4246210000.0,3293198000.0,3133609000.0,1.56,1.55,1.56,11864787000.0,11448395750.0,11864787000.0,71552524214.0,22.0,16.851,2524238000.0,1.615,1.0,8723442000.0,0.567,8122661000.0,159589000.0,14938495000.0,15277578500.0,2662239000.0,404424000.0,71414000.0,333010000.0,14289982000.0,8039133000.0,6250849000.0,66486906214.0,939289000.0,-463886000.0,-41070000.0,-449007000.0,-1499861000.0,-1989938000.0,-1126547000.0,271709000.0,3527110000.0,72970000.0,2435948000.0,2435948000.0,2435948000.0,-377940000.0,0.0,0.158,6183157000.0,2540285000.0,1318196000.0,0.615,5.604,27.294,27.276,6100315000.0,0.0,42.55,4.321,4.321,2882025000.0,9139985000.0,15388700000.0,15388700000.0,1539356000.0,0.097,0.213,0.216,0.214,0.0,4543561000.0,1.0,1562559488.0,1562898000.0,1572105000.0,9.846,18032108000.0,0.0,697661000.0,133721000.0,11.538,2221745000.0
72,ABT,MRT,2003-06-30,2003-06-30,2003-06-30,2021-09-07,457681000.0,25890854000.0,24506617250.0,9714796000.0,16176058000.0,0.632,7.615,-1027591000.0,1078907000.0,1078907000.0,6803956000.0,2394782000.0,1.325,1.177,6144525000.0,1828120000.0,4316405000.0,6144525000.0,0.0,1006816000.0,0.0,0.022,0.95,3270723000.0,4277539000.0,0.276,4277539000.0,3270723000.0,3094643000.0,1.53,1.53,1.53,11892836000.0,11118992250.0,11892836000.0,73756962267.0,23.0,17.243,2463244000.0,1.577,1.0,8678125000.0,0.561,8295560000.0,176080000.0,15327755000.0,15394466750.0,2724783000.0,368882000.0,94881000.0,274001000.0,13998018000.0,7333157000.0,6664861000.0,68307929267.0,596770000.0,-242063000.0,-47699000.0,-788036000.0,-1484145000.0,-2319880000.0,-1052125000.0,202423000.0,3490835000.0,120549000.0,2394782000.0,2394782000.0,2394782000.0,-314198000.0,0.0,0.155,6045216000.0,2632909000.0,1487956000.0,0.621,5.744,28.524,28.601,6124966000.0,0.0,43.76,4.412,4.414,2834176000.0,8766141000.0,15482081000.0,15482081000.0,1523211000.0,0.098,0.215,0.212,0.211,0.0,4483005000.0,1.0,1560967305.0,1561681000.0,1572310000.0,9.914,17595294000.0,0.0,699861000.0,69696000.0,11.267,2381639000.0
73,ABT,MRT,2003-03-31,2003-03-31,2003-03-31,2021-09-07,-158847000.0,24882580000.0,23797179000.0,9431446000.0,15451134000.0,0.659,7.278,-1065445000.0,1020484000.0,1020484000.0,7122165000.0,2740404000.0,1.358,1.188,6469517000.0,2199789000.0,4269728000.0,6469517000.0,0.0,1033157000.0,0.0,0.025,0.94,3679994000.0,4713151000.0,0.301,4713151000.0,3679994000.0,3490111000.0,1.75,1.75,1.75,11371407000.0,10617982250.0,11371407000.0,64518311921.0,18.0,13.689,2367474000.0,1.515,1.0,8548546000.0,0.546,7866512000.0,189883000.0,15520768000.0,15274451250.0,2653640000.0,501738000.0,268538000.0,233200000.0,13511173000.0,6944333000.0,6566840000.0,58800134921.0,75501000.0,-585999000.0,-59682000.0,-585628000.0,-1468605000.0,-2113915000.0,-1663252000.0,-26680000.0,3432919000.0,81178000.0,2740404000.0,2740404000.0,2740404000.0,-246698000.0,0.0,0.175,5460957000.0,3087589000.0,1618432000.0,0.537,5.171,21.457,21.491,5925927000.0,0.0,37.61,3.752,3.75,2763198000.0,8920532000.0,15670711000.0,15670711000.0,1523883000.0,0.115,0.258,0.241,0.235,0.0,3829374000.0,1.0,1563417573.0,1562492000.0,1568097000.0,10.029,17016068000.0,0.0,749707000.0,147047000.0,10.89,2487113000.0
74,ABT,MRT,2002-12-31,2002-12-31,2002-12-31,2021-09-07,-519782000.0,23592680000.0,23267978000.0,8455350000.0,15137330000.0,0.657,6.832,-1105445000.0,704450000.0,704450000.0,6820501000.0,2793703000.0,1.335,1.212,6422627000.0,2148654000.0,4273973000.0,6422627000.0,0.0,1043623000.0,0.0,0.023,0.915,3773164000.0,4816787000.0,0.315,4816787000.0,3773164000.0,3567685000.0,1.79,1.78,1.79,10664553000.0,10136581250.0,10664553000.0,68695871000.0,18.0,14.262,2548071000.0,1.632,1.0,8459036000.0,0.554,7651781000.0,205479000.0,15323296000.0,15017834750.0,2441302000.0,1919104000.0,261677000.0,1657427000.0,12928127000.0,6335780000.0,6592347000.0,62501625000.0,47072000.0,-585999000.0,137004000.0,-1019128000.0,-1427850000.0,-2309974000.0,-1690668000.0,-15794000.0,3653516000.0,55627000.0,2793703000.0,2793703000.0,2793703000.0,-246698000.0,0.0,0.183,5307092000.0,3151944000.0,995228000.0,0.511,5.861,22.372,22.346,5828122000.0,0.0,40.0,4.091,4.086,2927370000.0,8601386000.0,15279537000.0,15279537000.0,1474537000.0,0.12,0.276,0.251,0.247,0.0,3724855000.0,1.0,1562540625.0,1560956000.0,1573293000.0,9.789,15940899000.0,1022861000.0,773982000.0,42387000.0,10.212,2119570000.0
75,ABT,MRT,2002-09-30,2002-09-30,2002-09-30,2021-09-07,-351418000.0,23660355000.0,23193913750.0,8484149000.0,15176206000.0,0.745,6.751,-1272201000.0,742648000.0,742648000.0,8211262000.0,2780151000.0,1.263,1.243,6936894000.0,2480947000.0,4455947000.0,6936894000.0,0.0,1210401000.0,0.0,0.022,0.89,3886886000.0,5097287000.0,0.295,5097287000.0,3886886000.0,3664428000.0,1.79,1.77,1.79,10547173000.0,9735301000.0,10547173000.0,69425085533.0,18.0,13.62,2598604000.0,1.663,1.0,9079214000.0,0.525,7731345000.0,222458000.0,15406048000.0,14863694750.0,2446103000.0,590204000.0,271212000.0,318992000.0,13113182000.0,6717208000.0,6395974000.0,63115527533.0,148495000.0,-957729000.0,174060000.0,-433887000.0,-1386698000.0,-1646525000.0,-2117716000.0,44077000.0,3870805000.0,41931000.0,2780151000.0,2780151000.0,2780151000.0,0.0,0.0,0.161,5723254000.0,3355960000.0,887802000.0,0.497,5.984,22.702,22.57,5713597000.0,0.0,40.4,3.65,3.65,2865699000.0,8347523000.0,17290476000.0,17290476000.0,1590663000.0,0.12,0.286,0.262,0.225,0.0,3881491000.0,1.0,1562265533.0,1562332000.0,1568951000.0,11.067,15929010000.0,0.0,884277000.0,0.0,10.196,1766941000.0
76,ABT,MRT,2002-06-30,2002-06-30,2002-06-30,2021-09-07,-644303000.0,23053101000.0,22958674750.0,8010045000.0,15043056000.0,0.746,6.333,-1372805000.0,482137000.0,482137000.0,8184667000.0,2691500000.0,1.166,1.331,6791695000.0,2390909000.0,4400786000.0,6791695000.0,0.0,1226813000.0,0.0,0.023,0.865,3769545000.0,4996358000.0,0.292,4996358000.0,3769545000.0,3524871000.0,1.74,1.71,1.74,9888796000.0,9266274000.0,9888796000.0,64712530791.0,17.0,12.952,2781445000.0,1.781,1.0,8945758000.0,0.522,7646667000.0,244674000.0,14847693000.0,15104669250.0,2391991000.0,619671000.0,221009000.0,398662000.0,13164305000.0,6868299000.0,6296006000.0,58757111791.0,-182610000.0,-1184253000.0,183772000.0,-897090000.0,-1345293000.0,-2058611000.0,-2366705000.0,124389000.0,4154250000.0,88456000.0,2691500000.0,2691500000.0,2691500000.0,0.0,0.0,0.157,5758563000.0,3187195000.0,1043758000.0,0.497,5.942,21.831,21.638,5611546000.0,0.0,37.65,3.43,3.432,2826996000.0,7996151000.0,17130425000.0,17130425000.0,1598104000.0,0.117,0.29,0.25,0.22,0.0,3909359000.0,1.0,1560613859.0,1561580000.0,1573960000.0,10.97,15406434000.0,0.0,833371000.0,0.0,9.866,1141746000.0
77,ABT,MRT,2002-03-31,2002-03-31,2002-03-31,2021-09-07,-807769000.0,22765776000.0,22726045000.0,8075521000.0,14690255000.0,0.744,6.064,-1251848000.0,944983000.0,944983000.0,8001141000.0,2628283000.0,1.162,1.41,6900402000.0,2576102000.0,4324300000.0,6900402000.0,0.0,1261071000.0,0.0,0.016,0.84,3664253000.0,4925324000.0,0.291,4925324000.0,3664253000.0,3403329000.0,1.7,1.67,1.7,9445803000.0,8933675500.0,9445803000.0,88508249322.0,24.0,17.97,2560047000.0,1.643,1.0,8913514000.0,0.527,7274823000.0,260924000.0,14494302000.0,15492153000.0,2333853000.0,683107000.0,48896000.0,634211000.0,13319973000.0,6952070000.0,6367903000.0,81876799322.0,452793000.0,-1047917000.0,229593000.0,-142381000.0,-1308577000.0,-1221365000.0,-2049392000.0,182770000.0,3811895000.0,-88345000.0,2628283000.0,2628283000.0,2628283000.0,0.0,0.0,0.155,5810906000.0,3102608000.0,1017189000.0,0.494,8.668,31.152,30.941,5470134000.0,0.0,52.6,4.841,4.844,2644357000.0,7783047000.0,16914655000.0,16914655000.0,1615953000.0,0.116,0.294,0.237,0.217,0.0,3879553000.0,1.0,1556593143.0,1557723000.0,1579398000.0,10.859,15490953000.0,0.0,775046000.0,0.0,9.945,1123451000.0
78,ABT,MRT,2001-12-31,2001-12-31,2001-12-31,2021-09-07,-594710000.0,23296423000.0,22529232250.0,8419189000.0,14877234000.0,0.723,5.843,-1163707000.0,657378000.0,657378000.0,7748382000.0,1550390000.0,1.062,1.572,7288828000.0,2953335000.0,4335493000.0,7288828000.0,0.0,1168018000.0,0.0,0.015,0.82,2117907000.0,3285925000.0,0.202,3285925000.0,2117907000.0,1883148000.0,1.0,0.99,1.0,9059432000.0,8597098250.0,9059432000.0,93210732484.0,44.0,28.367,2403141000.0,1.55,1.0,8536864000.0,0.524,7294320000.0,234759000.0,14706736000.0,14895498500.0,2212035000.0,703376000.0,56162000.0,647214000.0,14236991000.0,7926817000.0,6310174000.0,86550516484.0,-256840000.0,-7424356000.0,152058000.0,5742540000.0,-1270782000.0,4623816000.0,-8384874000.0,129543000.0,3566848000.0,-62630000.0,1550390000.0,1550390000.0,1550390000.0,0.0,0.0,0.095,6642832000.0,1894032000.0,1525215000.0,0.82,9.554,55.825,55.75,5551547000.0,0.0,55.75,5.315,5.308,2812727000.0,7281395000.0,16285246000.0,16285246000.0,1577552000.0,0.069,0.18,0.142,0.13,0.0,3734880000.0,1.0,1552475632.0,1550408000.0,1565963000.0,10.504,16002103000.0,1112247000.0,332758000.0,278399000.0,10.321,492372000.0
79,ABT,MRT,2001-09-30,2001-09-30,2001-09-30,2021-09-07,-645978000.0,22719399000.0,20525940000.0,8170901000.0,14548498000.0,0.757,5.588,-1109238000.0,594153000.0,594153000.0,7363721000.0,1690234000.0,1.05,1.62,7254369000.0,2920266000.0,4334103000.0,7254369000.0,0.0,1047901000.0,0.0,0.015,0.8,2289820000.0,3337721000.0,0.215,3337721000.0,2289820000.0,2120437000.0,1.1,1.08,1.1,8671065000.0,8474966750.0,8671065000.0,87329581631.0,38.0,26.164,2344403000.0,1.511,1.0,8181153000.0,0.526,5227908000.0,169383000.0,16369946000.0,13736829000.0,2260721000.0,802434000.0,196791000.0,605643000.0,14048334000.0,7781761000.0,6266573000.0,80441493631.0,-283962000.0,-7052626000.0,-19057000.0,5613432000.0,-1238683000.0,4355692000.0,-8029661000.0,109097000.0,3453641000.0,-63634000.0,1690234000.0,1690234000.0,1690234000.0,0.0,0.0,0.109,6078816000.0,2102337000.0,1559357000.0,0.727,9.277,47.592,47.136,5539035000.0,0.0,51.85,5.175,5.176,2688536000.0,7047078000.0,15544874000.0,15544874000.0,1465869000.0,0.082,0.199,0.167,0.147,0.0,3425947000.0,1.0,1551427071.0,1551677000.0,1572054000.0,10.018,17491491000.0,0.0,430203000.0,0.0,11.273,389140000.0
80,ABT,MRT,2001-06-30,2001-06-30,2001-06-30,2021-09-07,-737031000.0,22122582000.0,18591130500.0,7963572000.0,14159010000.0,0.79,5.523,-896418000.0,664747000.0,664747000.0,6838327000.0,1713253000.0,1.075,1.585,7552835000.0,3242091000.0,4310744000.0,7552835000.0,0.0,932911000.0,0.0,0.016,0.78,2298038000.0,3230949000.0,0.22,3230949000.0,2298038000.0,2202749000.0,1.11,1.1,1.11,8558402000.0,8385615750.0,8558402000.0,80896154656.0,35.0,25.038,2050726000.0,1.323,1.0,7843257000.0,0.534,5204647000.0,95289000.0,16397628000.0,12504662250.0,2192246000.0,882209000.0,220076000.0,662133000.0,13564180000.0,7408395000.0,6155785000.0,74345152656.0,-175402000.0,-6737102000.0,-289192000.0,5929387000.0,-1207442000.0,4432753000.0,-7469667000.0,137518000.0,2947144000.0,-85632000.0,1713253000.0,1713253000.0,1713253000.0,0.0,0.0,0.117,5700832000.0,2142425000.0,1517695000.0,0.703,8.687,43.394,43.243,5310531000.0,0.0,48.0,5.064,5.066,2490833000.0,7110546000.0,14681584000.0,14681584000.0,1383686000.0,0.092,0.204,0.184,0.157,0.0,3130146000.0,1.0,1548857347.0,1549547000.0,1569141000.0,9.475,16917935000.0,0.0,489496000.0,0.0,10.918,555177000.0
81,ABT,MRT,2001-03-31,2001-03-31,2001-03-31,2021-09-07,-586711000.0,21978525000.0,16801505250.0,8191370000.0,13787155000.0,0.83,5.235,-972084000.0,492190000.0,492190000.0,6385517000.0,1869407000.0,0.752,1.714,7043192000.0,5966820000.0,1076372000.0,7043192000.0,0.0,833069000.0,0.0,0.016,0.76,2516375000.0,3349444000.0,0.24,3349444000.0,2516375000.0,2478467000.0,1.21,1.2,1.21,8099494000.0,8292113750.0,8099494000.0,73625014187.0,29.0,21.981,2604302000.0,1.683,1.0,7567101000.0,0.542,5533021000.0,37908000.0,12107684000.0,11309674250.0,2239728000.0,863543000.0,266000000.0,597543000.0,13879031000.0,10888822000.0,2990209000.0,72983410187.0,-188704000.0,-6287439000.0,-325711000.0,4818868000.0,-1171635000.0,3321522000.0,-7113166000.0,152855000.0,3576386000.0,26554000.0,1869407000.0,1869407000.0,1869407000.0,0.0,0.0,0.134,5273824000.0,2293277000.0,1453288000.0,0.628,9.011,39.041,39.0,5417172000.0,0.0,47.19,5.231,5.232,2553814000.0,6643168000.0,13952618000.0,13952618000.0,1347937000.0,0.111,0.225,0.222,0.18,0.0,2910887000.0,1.0,1546586357.0,1547072000.0,1547072000.0,9.019,16445504000.0,0.0,609060000.0,0.0,10.63,-2697452000.0
82,ABT,MRT,2000-12-31,2000-12-31,2000-12-31,2021-09-07,-603212000.0,15283254000.0,15047104750.0,7376241000.0,7907013000.0,0.914,5.537,-1035873000.0,914218000.0,914218000.0,6238646000.0,2785977000.0,1.716,0.783,1555822000.0,479454000.0,1076368000.0,1555822000.0,0.0,827431000.0,0.0,0.015,0.74,3839628000.0,4667059000.0,0.34,4667059000.0,3839628000.0,3816407000.0,1.8,1.78,1.8,8570906000.0,8235632000.0,8570906000.0,75670422768.0,20.0,16.214,2063745000.0,1.333,1.0,7507270000.0,0.546,1555260000.0,23221000.0,10072058000.0,11286565000.0,1741331000.0,880479000.0,242500000.0,637979000.0,6712348000.0,4297540000.0,2414808000.0,74925199768.0,306121000.0,205000000.0,-329286000.0,-672769000.0,-1145894000.0,-2147949000.0,-617664000.0,167754000.0,3099618000.0,-27884000.0,2785977000.0,2785977000.0,2785977000.0,0.0,0.0,0.203,4245202000.0,3262068000.0,1355985000.0,0.411,8.742,26.894,26.911,4816911000.0,0.0,48.44,5.451,5.455,2179451000.0,7229586000.0,13745916000.0,13745916000.0,1351024000.0,0.185,0.338,0.34,0.279,0.0,2894178000.0,1.0,1546763001.0,1548015000.0,1565579000.0,8.88,13727994000.0,896083000.0,1030430000.0,217690000.0,8.868,3078701000.0
83,ABT,MRT,2000-09-30,2000-09-30,2000-09-30,2021-09-07,-537347000.0,14980161000.0,14844052250.0,6971289000.0,8008872000.0,0.91,5.37,-985121000.0,878115000.0,878115000.0,6061029000.0,2696580000.0,1.627,0.802,1623338000.0,547022000.0,1076316000.0,1623338000.0,0.0,822630000.0,0.0,0.015,0.72,3745625000.0,4568255000.0,0.338,4568255000.0,3745625000.0,3706579000.0,1.74,1.73,1.74,8313661000.0,7949804250.0,8313661000.0,74556546353.0,20.0,16.321,1766353000.0,1.141,1.0,7448133000.0,0.551,0.0,39046000.0,11441279000.0,11269661750.0,1732461000.0,948363000.0,89526000.0,858837000.0,6666500000.0,4284105000.0,2382395000.0,73714685353.0,345051000.0,-12000000.0,138327000.0,-580250000.0,-1110700000.0,-1552623000.0,-835062000.0,117316000.0,2751474000.0,-18738000.0,2696580000.0,2696580000.0,2696580000.0,0.0,0.0,0.2,4275864000.0,3172269000.0,1263700000.0,0.414,8.867,27.336,27.333,4740584000.0,0.0,47.56,5.457,5.451,2029970000.0,6990462000.0,13509162000.0,13509162000.0,1329194000.0,0.182,0.339,0.332,0.277,0.0,2946670000.0,1.0,1549930306.0,1548221000.0,1566748000.0,8.726,14980161000.0,0.0,1009999000.0,0.0,9.676,2687184000.0
84,ABT,MRT,2000-06-30,2000-06-30,2000-06-30,2021-09-07,-492330000.0,14964081000.0,14492568250.0,6898036000.0,8066045000.0,0.92,5.281,-1052834000.0,840149000.0,840149000.0,6135680000.0,2510240000.0,1.647,0.828,1682010000.0,355594000.0,1326416000.0,1682010000.0,0.0,846262000.0,0.0,0.016,0.7,3517545000.0,4363807000.0,0.327,4363807000.0,3517545000.0,3460224000.0,1.62,1.61,1.62,8184394000.0,7538802250.0,8184394000.0,70597266302.0,20.0,16.178,2016742000.0,1.301,1.0,7192745000.0,0.54,0.0,57321000.0,11617676000.0,11140183000.0,1684307000.0,1023809000.0,144102000.0,879707000.0,6779687000.0,4188266000.0,2591421000.0,69042297302.0,492577000.0,-101000000.0,351444000.0,-633442000.0,-1074818000.0,-1356816000.0,-1200195000.0,-88024000.0,3069576000.0,-19988000.0,2510240000.0,2510240000.0,2510240000.0,0.0,0.0,0.188,4226729000.0,2966016000.0,1480079000.0,0.432,8.436,27.504,27.506,4770770000.0,0.0,44.56,5.18,5.182,2040877000.0,6879490000.0,13328425000.0,13328425000.0,1289522000.0,0.173,0.333,0.316,0.264,0.0,2937207000.0,1.0,1549423189.0,1549864000.0,1566373000.0,8.6,14964081000.0,0.0,949984000.0,0.0,9.655,2709770000.0
85,ABT,MRT,2000-03-31,2000-03-31,2000-03-31,2021-09-07,-415061000.0,14960923000.0,14037822500.0,6727906000.0,8233017000.0,0.942,5.086,-1075752000.0,680894000.0,680894000.0,6020614000.0,2470013000.0,1.495,0.9,2235863000.0,909117000.0,1326746000.0,2235863000.0,0.0,840225000.0,0.0,0.019,0.68,3485337000.0,4325562000.0,0.327,4325562000.0,3485337000.0,3417390000.0,1.6,1.58,1.6,7873567000.0,7102521500.0,7873567000.0,56088327458.0,16.0,12.967,1580988000.0,1.021,1.0,7196869000.0,0.544,0.0,67947000.0,12015247000.0,10973095500.0,1622309000.0,1109384000.0,94453000.0,1014931000.0,7087356000.0,4500645000.0,2586711000.0,54463364458.0,326230000.0,-101000000.0,363298000.0,-383678000.0,-1038838000.0,-1059218000.0,-1255119000.0,-146876000.0,2656740000.0,-16173000.0,2470013000.0,2470013000.0,2470013000.0,0.0,0.0,0.187,4147761000.0,3049108000.0,1203779000.0,0.425,6.917,22.05,21.994,4781013000.0,0.0,35.19,4.121,4.122,1941480000.0,6566506000.0,13217483000.0,13217483000.0,1245833000.0,0.176,0.348,0.318,0.264,0.0,2901928000.0,1.0,1547694358.0,1548066000.0,1559555000.0,8.538,14960923000.0,0.0,947377000.0,0.0,9.664,2227261000.0
86,ABT,MRT,1999-12-31,1999-12-31,1999-12-31,2021-09-07,-405301000.0,14471044000.0,13626831000.0,6419754000.0,8051290000.0,0.967,4.833,-987098000.0,608097000.0,608097000.0,5977183000.0,2445759000.0,1.421,0.948,2233060000.0,896271000.0,1336789000.0,2233060000.0,0.0,828006000.0,0.0,0.018,0.66,3478653000.0,4306659000.0,0.327,4306659000.0,3478653000.0,3396888000.0,1.59,1.57,1.59,7427595000.0,6649689250.0,7427595000.0,56948111758.0,16.0,13.223,2047984000.0,1.333,1.0,7200442000.0,0.546,1574851000.0,81765000.0,10004445000.0,10689763250.0,1495444000.0,1069977000.0,115199000.0,954778000.0,7043449000.0,4516711000.0,2526738000.0,55269965758.0,292859000.0,-217000000.0,371725000.0,-857714000.0,-1003295000.0,-1489284000.0,-1233352000.0,-41441000.0,3035082000.0,-19587000.0,2445759000.0,2445759000.0,2445759000.0,0.0,0.0,0.186,4051067000.0,3149375000.0,1226854000.0,0.415,7.441,22.598,22.836,4770059000.0,0.0,36.31,4.194,4.234,2055839000.0,6174007000.0,13177625000.0,13177625000.0,1193963000.0,0.179,0.368,0.325,0.264,0.0,2857104000.0,1.0,1522169258.0,1536762000.0,1557655000.0,8.575,12896193000.0,918617000.0,951129000.0,313610000.0,8.392,1903043000.0
87,ABT,MRT,1999-09-30,1999-09-30,1999-09-30,2021-09-07,-380528000.0,13574225000.0,13324049750.0,5878049000.0,7696176000.0,0.981,4.34,-1020099000.0,531070000.0,531070000.0,5912242000.0,2409230000.0,1.358,1.035,2209216000.0,872791000.0,1336425000.0,2209216000.0,0.0,829380000.0,0.0,0.017,0.64,3436778000.0,4266158000.0,0.326,4266158000.0,3436778000.0,3345862000.0,1.56,1.54,1.56,6669653000.0,6231188250.0,6669653000.0,57792256688.0,17.0,13.547,2196109000.0,1.429,1.0,7162748000.0,0.548,0.0,90916000.0,10923364000.0,10620601000.0,1417305000.0,765764000.0,99310000.0,666454000.0,6904572000.0,4329007000.0,2575565000.0,55817610688.0,299876000.0,-6464000.0,-197045000.0,-549083000.0,-972381000.0,-1718509000.0,-1185947000.0,-174141000.0,3216208000.0,-11876000.0,2409230000.0,2409230000.0,2409230000.0,0.0,0.0,0.184,4014986000.0,3147762000.0,1191383000.0,0.41,8.369,23.168,23.519,4716534000.0,0.0,36.69,4.269,4.312,1883498000.0,5815966000.0,13074990000.0,13074990000.0,1215802000.0,0.181,0.387,0.324,0.263,0.0,2799184000.0,1.0,1521330354.0,1536637000.0,1556463000.0,8.509,13574225000.0,0.0,936632000.0,0.0,8.834,1549042000.0
88,ABT,MRT,1999-06-30,1999-06-30,1999-06-30,2021-09-07,-366059000.0,13145098000.0,13081252000.0,5547186000.0,7597912000.0,0.992,4.194,-958048000.0,345781000.0,345781000.0,5697096000.0,2472873000.0,1.33,1.041,2320427000.0,982861000.0,1337566000.0,2320427000.0,0.0,810596000.0,0.0,0.014,0.62,3532389000.0,4342985000.0,0.335,4342985000.0,3532389000.0,3434254000.0,1.61,1.58,1.61,6439271000.0,5907248000.0,6439271000.0,71269995493.0,20.0,16.41,1832647000.0,1.194,1.0,7276503000.0,0.561,0.0,98135000.0,10949326000.0,10508726750.0,1422758000.0,773212000.0,55969000.0,717243000.0,6705827000.0,4170418000.0,2535409000.0,68995839493.0,86086000.0,-9400000.0,-372925000.0,-391601000.0,-942221000.0,-1706747000.0,-988806000.0,-37744000.0,2790695000.0,-9056000.0,2472873000.0,2472873000.0,2472873000.0,0.0,0.0,0.191,4003733000.0,3272770000.0,830748000.0,0.385,10.715,27.901,28.186,4699888000.0,0.0,45.38,5.318,5.371,1909378000.0,5408876000.0,12973599000.0,12973599000.0,1229169000.0,0.189,0.419,0.336,0.272,0.0,2774564000.0,1.0,1520401928.0,1535397000.0,1558701000.0,8.45,13145098000.0,0.0,961381000.0,0.0,8.561,1376768000.0
89,ABT,MRT,1999-03-31,1999-03-31,1999-03-31,2021-09-07,-323888000.0,13316957000.0,12966112500.0,5771299000.0,7545658000.0,0.986,3.956,-967016000.0,351762000.0,351762000.0,5579678000.0,2413463000.0,1.226,1.197,2625918000.0,1286394000.0,1339524000.0,2625918000.0,0.0,808006000.0,0.0,0.013,0.6,3455086000.0,4263092000.0,0.334,4263092000.0,3455086000.0,3351740000.0,1.57,1.55,1.57,6062238000.0,5624922500.0,6062238000.0,73804510447.0,21.0,17.312,1847019000.0,1.205,1.0,7201463000.0,0.563,0.0,103346000.0,10881918000.0,10308736250.0,1375571000.0,789883000.0,45051000.0,744832000.0,7254719000.0,4709195000.0,2545524000.0,71013970447.0,119402000.0,-249177000.0,-601478000.0,201303000.0,-912837000.0,-1313012000.0,-1378141000.0,-183033000.0,2814035000.0,-3480000.0,2413463000.0,2413463000.0,2413463000.0,0.0,0.0,0.189,3981460000.0,3220003000.0,1058172000.0,0.382,11.714,29.424,29.815,4683923000.0,0.0,46.81,5.556,5.612,1983431000.0,5094196000.0,12781141000.0,12781141000.0,1218398000.0,0.186,0.429,0.335,0.27,0.0,2763062000.0,1.0,1517068371.0,1532325000.0,1557431000.0,8.341,13316957000.0,0.0,938277000.0,0.0,8.691,1062104000.0
90,ABT,MRT,1998-12-31,1998-12-31,1998-12-31,2021-09-07,-227693000.0,13259919000.0,12665648750.0,5589761000.0,7670158000.0,0.988,3.743,-993555000.0,315238000.0,315238000.0,5406635000.0,2334353000.0,1.126,1.305,3098839000.0,1759145000.0,1339694000.0,3098839000.0,0.0,786380000.0,0.0,0.012,0.585,3344405000.0,4130785000.0,0.33,4130785000.0,3344405000.0,3241865000.0,1.52,1.5,1.52,5753591000.0,5394791000.0,5753591000.0,76900790905.0,23.0,18.617,1881723000.0,1.224,1.0,7106099000.0,0.568,1349822000.0,102540000.0,9727796000.0,9986554500.0,1412740000.0,1063646000.0,95827000.0,967819000.0,7506328000.0,4965902000.0,2540426000.0,74363445905.0,75496000.0,-249177000.0,-808935000.0,382360000.0,-891661000.0,-1318236000.0,-1481403000.0,-256705000.0,2875278000.0,-143000.0,2334353000.0,2334353000.0,2334353000.0,0.0,0.0,0.187,3988534000.0,3117565000.0,1057417000.0,0.385,12.925,31.856,32.237,4742938000.0,0.0,49.0,5.943,6.02,1955866000.0,4743315000.0,12512734000.0,12512734000.0,1228777000.0,0.184,0.433,0.335,0.267,0.0,2759757000.0,1.0,1517621345.0,1537242000.0,1560958000.0,8.14,11910097000.0,847154000.0,907512000.0,275147000.0,7.748,623859000.0
91,ABT,MRT,1998-09-30,1998-09-30,1998-09-30,2021-09-07,-307152000.0,12603034000.0,12376125250.0,5066210000.0,7536824000.0,0.992,3.533,-980385000.0,223470000.0,223470000.0,5218850000.0,2258177000.0,1.086,1.345,2760815000.0,1419970000.0,1340845000.0,2760815000.0,0.0,773131000.0,0.0,0.013,0.57,3219692000.0,3992823000.0,0.325,3992823000.0,3219692000.0,3153415000.0,1.47,1.45,1.47,5373892000.0,5215476750.0,5373892000.0,69356239683.0,22.0,17.37,1937605000.0,1.274,1.0,7052460000.0,0.575,0.0,66277000.0,10475867000.0,9662589250.0,1394114000.0,795712000.0,50563000.0,745149000.0,7229142000.0,4664512000.0,2564630000.0,66891295683.0,101267000.0,-242158000.0,-745435000.0,190418000.0,-870655000.0,-1425672000.0,-1390583000.0,-184959000.0,2917990000.0,-468000.0,2258177000.0,2258177000.0,2258177000.0,0.0,0.0,0.184,4002063000.0,3050397000.0,922341000.0,0.388,12.447,29.622,29.551,4645767000.0,0.0,43.44,5.451,5.384,1732647000.0,4643640000.0,12271310000.0,12271310000.0,1259429000.0,0.182,0.433,0.333,0.262,0.0,2742634000.0,1.0,1539854873.0,1520914000.0,1544680000.0,8.068,12603034000.0,0.0,895238000.0,0.0,8.286,401698000.0
92,ABT,MRT,1998-06-30,1998-06-30,1998-06-30,2021-09-07,-275232000.0,12684540000.0,12119366000.0,5175198000.0,7509342000.0,0.998,3.482,-1073387000.0,251768000.0,251768000.0,5085682000.0,2197904000.0,1.035,1.389,2716712000.0,1575454000.0,1141258000.0,2716712000.0,0.0,774008000.0,0.0,0.014,0.555,3141747000.0,3915755000.0,0.324,3915755000.0,3141747000.0,3068373000.0,1.43,1.41,1.43,5309969000.0,5082576750.0,5309969000.0,65491395866.0,21.0,16.725,1920438000.0,1.259,1.0,7015045000.0,0.58,0.0,73374000.0,10149364000.0,9369302500.0,1429120000.0,799762000.0,71241000.0,728521000.0,7374571000.0,5000120000.0,2374451000.0,63286731866.0,132448000.0,-239858000.0,-841037000.0,333507000.0,-850262000.0,-1357792000.0,-1507466000.0,-182855000.0,2993825000.0,3881000.0,2197904000.0,2197904000.0,2197904000.0,0.0,0.0,0.182,4046642000.0,2968403000.0,932490000.0,0.388,11.918,28.794,28.671,4666635000.0,0.0,41.0,5.23,5.166,1759497000.0,4614804000.0,12100727000.0,12100727000.0,1294148000.0,0.181,0.432,0.335,0.26,0.0,2752494000.0,1.0,1543578826.0,1524789000.0,1546099000.0,7.936,12684540000.0,0.0,870469000.0,0.0,8.319,175078000.0
93,ABT,MRT,1998-03-31,1998-03-31,1998-03-31,2021-09-07,-276042000.0,12115102000.0,11806612500.0,5181804000.0,6933298000.0,1.011,3.365,-1027474000.0,225544000.0,225544000.0,5004955000.0,2133868000.0,1.096,1.356,2430208000.0,1290488000.0,1139720000.0,2430208000.0,0.0,743652000.0,0.0,0.014,0.54,3072681000.0,3816333000.0,0.32,3816333000.0,3072681000.0,2994846000.0,1.39,1.36,1.39,5141712000.0,4989377000.0,5141712000.0,60060500795.0,20.0,15.738,1729371000.0,1.132,1.0,6929427000.0,0.581,0.0,77835000.0,9593191000.0,9128728000.0,1344191000.0,643102000.0,69401000.0,573701000.0,6973390000.0,4726575000.0,2246815000.0,57571189795.0,98652000.0,-200475000.0,-878804000.0,306373000.0,-829992000.0,-1402423000.0,-1259790000.0,-22163000.0,2756845000.0,4020000.0,2133868000.0,2133868000.0,2133868000.0,0.0,0.0,0.179,4028501000.0,2900926000.0,942589000.0,0.388,11.197,26.98,27.09,4585875000.0,0.0,37.655,4.824,4.821,1701232000.0,4507409000.0,11934382000.0,11934382000.0,1307164000.0,0.181,0.428,0.337,0.257,0.0,2721337000.0,1.0,1528912224.0,1528009000.0,1549091000.0,7.81,12115102000.0,0.0,860978000.0,0.0,7.929,455229000.0
94,ABT,MRT,1997-12-31,1997-12-31,1997-12-31,2021-09-07,-230242000.0,12101825000.0,11577935500.0,5075947000.0,7025878000.0,1.027,3.243,-1009096000.0,239742000.0,239742000.0,5052313000.0,2079101000.0,1.008,1.403,2719546000.0,1781563000.0,937983000.0,2719546000.0,0.0,729143000.0,0.0,0.016,0.525,3020128000.0,3749271000.0,0.315,3749271000.0,3020128000.0,2934585000.0,1.34,1.32,1.34,5036334000.0,4917991000.0,5036334000.0,52547680780.0,17.0,14.015,1650992000.0,1.063,1.0,6836970000.0,0.575,1112126000.0,85543000.0,8431935000.0,8935887750.0,1280988000.0,817069000.0,52816000.0,764253000.0,7065491000.0,5037568000.0,2027923000.0,50099805780.0,127016000.0,-200475000.0,-896703000.0,417294000.0,-809554000.0,-1288963000.0,-1241327000.0,-23547000.0,2660088000.0,-2782000.0,2079101000.0,2079101000.0,2079101000.0,0.0,0.0,0.175,4003120000.0,2833850000.0,1001572000.0,0.392,9.948,24.097,24.44,4571959000.0,0.0,32.75,4.214,4.277,1784115000.0,4355426000.0,11889283000.0,11889283000.0,1307362000.0,0.18,0.423,0.338,0.254,0.0,2695758000.0,1.0,1529765062.0,1552811000.0,1575072000.0,7.657,10989699000.0,800591000.0,855484000.0,448076000.0,7.077,38379000.0
95,ABT,MRT,1997-09-30,1997-09-30,1997-09-30,2021-09-07,-250212000.0,11575997000.0,11333879250.0,4653093000.0,6922904000.0,1.038,3.151,-999843000.0,129404000.0,129404000.0,5040803000.0,2038418000.0,0.986,1.391,2577279000.0,1637794000.0,939485000.0,2577279000.0,0.0,725070000.0,0.0,0.016,0.51,2956617000.0,3681687000.0,0.313,3681687000.0,2956617000.0,2876111000.0,1.32,,1.32,4842292000.0,4863953000.0,4842292000.0,51511885712.0,17.0,13.991,1580886000.0,1.029,1.0,6720452000.0,0.571,0.0,80506000.0,9302720000.0,8830030500.0,1252421000.0,652982000.0,36180000.0,616802000.0,6733705000.0,4721152000.0,2012553000.0,49244587712.0,-10492000.0,-216299000.0,-938807000.0,460113000.0,-789431000.0,-1268125000.0,-1314301000.0,-84051000.0,2580729000.0,-8795000.0,2038418000.0,2038418000.0,2038418000.0,0.0,0.0,0.173,3935170000.0,2785282000.0,819885000.0,0.386,10.17,24.158,24.242,4502492000.0,0.0,32.0,4.187,4.181,1700113000.0,4365629000.0,11761255000.0,11761255000.0,1279428000.0,0.18,0.419,0.335,0.251,0.0,2655742000.0,1.0,1538893366.0,1536674000.0,,7.654,11575997000.0,0.0,837693000.0,0.0,7.533,-68059000.0
96,ABT,MRT,1997-06-30,1997-06-30,1997-06-30,2021-09-07,-186866000.0,11433526000.0,,4587932000.0,6845594000.0,,3.197,-924445000.0,126521000.0,126521000.0,4976208000.0,1987856000.0,1.016,1.316,2393819000.0,1462764000.0,931055000.0,2393819000.0,0.0,715259000.0,0.0,0.015,0.495,2894885000.0,3610144000.0,0.313,3610144000.0,2894885000.0,2819654000.0,1.28,,1.28,4937170000.0,,4937170000.0,53630870073.0,19.0,14.856,1642513000.0,1.063,1.0,6566057000.0,0.569,0.0,75231000.0,9187066000.0,,1263986000.0,659123000.0,18669000.0,640454000.0,6496356000.0,4513758000.0,1982598000.0,51631824073.0,15039000.0,-224215000.0,-814711000.0,299406000.0,-768919000.0,-1284224000.0,-1256601000.0,-124615000.0,2566958000.0,-11094000.0,1987856000.0,1987856000.0,1987856000.0,0.0,0.0,0.172,3827550000.0,2738507000.0,911436000.0,0.387,10.458,25.974,26.074,4501501000.0,0.0,33.375,4.473,4.466,1728669000.0,4418199000.0,11542265000.0,11542265000.0,1231601000.0,,,,0.251,0.0,2595949000.0,1.0,1547020946.0,1544458000.0,,7.473,11433526000.0,0.0,831798000.0,0.0,7.403,74174000.0
97,ABT,MRT,1997-03-31,1997-03-31,1997-03-31,2021-09-07,-178349000.0,11200394000.0,,4627438000.0,6572956000.0,,3.137,-939274000.0,134093000.0,134093000.0,4903112000.0,1936750000.0,1.057,1.306,2133139000.0,1201912000.0,931227000.0,2133139000.0,0.0,698853000.0,0.0,0.017,0.48,2813234000.0,3512087000.0,0.31,3512087000.0,2813234000.0,2747163000.0,1.24,,1.24,4856168000.0,,4856168000.0,45675614429.0,16.0,13.005,1543248000.0,0.997,1.0,6437985000.0,0.568,0.0,66071000.0,8821830000.0,,1199715000.0,663032000.0,18138000.0,644894000.0,6344226000.0,4377610000.0,1966616000.0,43469198429.0,46171000.0,-830559000.0,-762147000.0,1033671000.0,-748657000.0,-477133000.0,-1944724000.0,-194176000.0,2482522000.0,-14494000.0,1936750000.0,1936750000.0,1936750000.0,0.0,0.0,0.171,3760109000.0,2677876000.0,966853000.0,0.387,8.951,22.444,22.633,4423545000.0,0.0,28.065,3.833,3.831,1731197000.0,4372548000.0,11341097000.0,11341097000.0,1216299000.0,,,,0.248,0.0,2543810000.0,1.0,1548875768.0,1547966000.0,,7.326,11200394000.0,0.0,810413000.0,0.0,7.236,249828000.0
98,ABT,MRT,1996-12-31,1996-12-31,1996-12-31,2021-09-07,0.0,11125600000.0,10269090000.0,4480902000.0,6644698000.0,1.072,3.085,-949028000.0,110209000.0,110209000.0,4731998000.0,1882033000.0,1.032,1.308,2316625000.0,1383727000.0,932898000.0,2316625000.0,0.0,686085000.0,0.0,0.018,0.465,2720474000.0,3406559000.0,0.309,3406559000.0,2720474000.0,2669550000.0,1.2,1.19,1.2,4820182000.0,4608514500.0,4820182000.0,,,,1433034000.0,0.917,1.0,6281462000.0,0.57,979793000.0,50924000.0,8008506000.0,7339528000.0,1238205000.0,678428000.0,12875000.0,665553000.0,6305418000.0,4343717000.0,1961701000.0,39302722613.0,-170988000.0,-830559000.0,-699178000.0,835037000.0,-728147000.0,-592288000.0,-1955241000.0,-194752000.0,2382062000.0,-5521000.0,1882033000.0,1882033000.0,1882033000.0,0.0,0.0,0.171,3664401000.0,2617061000.0,923018000.0,0.388,8.154,20.883,21.146,4461543000.0,0.0,25.375,3.569,3.6,1708807000.0,4184034000.0,11013460000.0,11013460000.0,1204841000.0,0.183,0.408,0.371,0.247,0.0,2459560000.0,1.0,1548875768.0,1562494000.0,1580592000.0,7.049,10145807000.0,708402000.0,787517000.0,475541000.0,6.493,137185000.0
99,ABT,MRT,1996-09-30,1996-09-30,1996-09-30,2021-09-07,,,,,,,,,,,,,,,,,,,,,,0.018,0.45,,,,,,,,,,,,,,,,,,1.0,,,,,,,,,,,,,,,,,,,,,,,,,,,,,,,,,,,,,,,,24.625,,,,,,,,,,,,,,1.0,,,,,,,,,,
100,ABT,MRT,1996-06-30,1996-06-30,1996-06-30,2021-09-07,,,,,,,,,,,,,,,,,,,,,,0.02,0.435,,,,,,,,,,,,,,,,,,1.0,,,,,,,,,,,,,,,,,,,,,,,,,,,,,,,,,,,,,,,,21.875,,,,,,,,,,,,,,1.0,,,,,,,,,,
101,ABT,MRT,1996-03-31,1996-03-31,1996-03-31,2021-09-07,,,,,,,,,,,,,,,,,,,,,,0.021,0.42,,,,,,,,,,,,,,,,,,1.0,,,,,,,,,,,,,,,,,,,,,,,,,,,,,,,,,,,,,,,,20.25,,,,,,,,,,,,,,1.0,,,,,,,,,,
102,ABT,MRT,1995-12-31,1995-12-31,1995-12-31,2021-09-07,-55646000.0,9412580000.0,8968152000.0,4226711000.0,5185869000.0,1.116,2.764,-947021000.0,281197000.0,281197000.0,4325805000.0,1688700000.0,1.115,1.141,1485061000.0,1049863000.0,435198000.0,1485061000.0,0.0,566423000.0,0.0,0.02,0.41,2464851000.0,3031274000.0,0.303,3031274000.0,2464851000.0,2395319000.0,1.06,1.05,1.06,4396847000.0,4223123500.0,4396847000.0,,,,1018560000.0,0.64,1.0,5686389000.0,0.568,155580000.0,69532000.0,6670550000.0,6168244500.0,1110941000.0,457047000.0,34500000.0,422547000.0,5015733000.0,3790314000.0,1225419000.0,,-9075000.0,0.0,-694871000.0,414565000.0,-653567000.0,-933873000.0,-1037723000.0,-116313000.0,1965581000.0,-3060000.0,1688700000.0,1688700000.0,1688700000.0,0.0,0.0,0.169,3303485000.0,2382904000.0,755921000.0,0.387,,,19.637,4249538000.0,0.0,20.815,,3.307,1563038000.0,3926917000.0,10012194000.0,10012194000.0,1072745000.0,0.188,0.4,0.4,0.246,0.0,2230740000.0,1.0,,1590724000.0,1607324000.0,6.294,9257000000.0,651436000.0,706619000.0,383967000.0,5.819,436397000.0
103,ABT,MRT,1994-12-31,1994-12-31,1994-12-31,2021-09-07,-51124000.0,8523724000.0,,3876328000.0,4647396000.0,,2.493,-929488000.0,290272000.0,290272000.0,3993831000.0,1516683000.0,1.115,1.105,1059594000.0,772503000.0,287091000.0,1059594000.0,0.0,510504000.0,0.0,0.023,0.37,2216412000.0,2726916000.0,0.298,2726916000.0,2216412000.0,2166690000.0,0.935,,0.935,4049400000.0,,4049400000.0,,,,1282649000.0,0.79,1.0,5162178000.0,0.564,151241000.0,49722000.0,5665939000.0,,1018191000.0,341251000.0,25056000.0,316195000.0,4474324000.0,3475866000.0,998458000.0,,-10404000.0,0.0,-579732000.0,-97834000.0,-602356000.0,-1279922000.0,-944085000.0,-41460000.0,2212137000.0,1466000.0,1516683000.0,1516683000.0,1516683000.0,0.0,0.0,0.166,3017971000.0,2144207000.0,671100000.0,0.396,,,17.449,3920850000.0,0.0,16.315,,2.895,1468519000.0,3652434000.0,9156009000.0,9156009000.0,963516000.0,,,,0.242,0.0,2054455000.0,1.0,,1624472000.0,,5.636,8372483000.0,549091000.0,650007000.0,524652000.0,5.154,400462000.0
