None,ticker,dimension,calendardate,datekey,reportperiod,lastupdated,accoci,assets,assetsavg,assetsc,assetsnc,assetturnover,bvps,capex,cashneq,cashnequsd,cor,consolinc,currentratio,de,debt,debtc,debtnc,debtusd,deferredrev,depamor,deposits,divyield,dps,ebit,ebitda,ebitdamargin,ebitdausd,ebitusd,ebt,eps,epsdil,epsusd,equity,equityavg,equityusd,ev,evebit,evebitda,fcf,fcfps,fxusd,gp,grossmargin,intangibles,intexp,invcap,invcapavg,inventory,investments,investmentsc,investmentsnc,liabilities,liabilitiesc,liabilitiesnc,marketcap,ncf,ncfbus,ncfcommon,ncfdebt,ncfdiv,ncff,ncfi,ncfinv,ncfo,ncfx,netinc,netinccmn,netinccmnusd,netincdis,netincnci,netmargin,opex,opinc,payables,payoutratio,pb,pe,pe1,ppnenet,prefdivis,price,ps,ps1,receivables,retearn,revenue,revenueusd,rnd,roa,roe,roic,ros,sbcomp,sgna,sharefactor,sharesbas,shareswa,shareswadil,sps,tangibles,taxassets,taxexp,taxliabilities,tbvps,workingcapital
0,STT,MRY,2020-12-31,2020-12-31,2020-12-31,2021-10-22,187000000.0,314706000000.0,307387500000.0,,,0.038,74.249,-560000000.0,120427000000.0,120427000000.0,0.0,2420000000.0,,11.012,21205000000.0,,,21205000000.0,0.0,1276000000.0,239798000000.0,0.029,2.08,2736000000.0,4012000000.0,0.343,4012000000.0,2736000000.0,2736000000.0,6.4,6.32,6.4,26200000000.0,25123000000.0,26200000000.0,-28198383758.0,-10.0,-7.029,2972000000.0,8.422,1.0,11703000000.0,1.0,9510000000.0,0.0,205974000000.0,218669500000.0,0.0,143000000000.0,,,288506000000.0,,,25676616242.0,165000000.0,0.0,-593000000.0,6224000000.0,-889000000.0,62167000000.0,-65534000000.0,-66309000000.0,3532000000.0,0.0,2257000000.0,2257000000.0,2257000000.0,0.0,163000000.0,0.193,8716000000.0,2987000000.0,0.0,0.325,0.98,11.376,11.372,2154000000.0,0.0,72.78,2.194,2.194,3105000000.0,23442000000.0,11703000000.0,11703000000.0,0.0,0.007,0.09,0.013,0.234,0.0,4939000000.0,1.0,352797695.0,352865000,357106000.0,33.166,305196000000.0,0.0,479000000.0,0.0,864.909,
1,STT,MRY,2019-12-31,2019-12-31,2019-12-31,2021-10-22,-876000000.0,245610000000.0,240022000000.0,,,0.049,66.046,-730000000.0,72267000000.0,72267000000.0,0.0,2242000000.0,,9.053,14450000000.0,,,14450000000.0,0.0,1101000000.0,181872000000.0,0.025,1.98,2479000000.0,3580000000.0,0.305,3580000000.0,2479000000.0,2479000000.0,5.43,5.38,5.43,24431000000.0,25033000000.0,24431000000.0,-17301398156.0,-7.0,-4.833,4960000000.0,13.409,1.0,11756000000.0,1.0,9586000000.0,0.0,178207000000.0,181162250000.0,0.0,124233000000.0,,,221179000000.0,,,28762601843.0,90000000.0,-54000000.0,-1666000000.0,-1140000000.0,-930000000.0,-2974000000.0,-2626000000.0,-2562000000.0,5690000000.0,0.0,2009000000.0,2009000000.0,2009000000.0,0.0,233000000.0,0.171,9034000000.0,2722000000.0,0.0,0.365,1.177,14.317,14.567,2282000000.0,0.0,79.1,2.447,2.489,3231000000.0,21918000000.0,11756000000.0,11756000000.0,0.0,0.008,0.08,0.014,0.211,0.0,5011000000.0,1.0,363623285.0,369911000,373666000.0,31.781,236024000000.0,0.0,470000000.0,0.0,638.056,
2,STT,MRY,2018-12-31,2018-12-31,2018-12-31,2021-10-22,-1356000000.0,244596000000.0,244299250000.0,,,0.05,66.5,-609000000.0,76252000000.0,76252000000.0,0.0,2593000000.0,,8.888,15267000000.0,,,15267000000.0,0.0,977000000.0,180360000000.0,0.028,1.78,2912000000.0,3889000000.0,0.321,3889000000.0,2912000000.0,2912000000.0,6.46,6.39,6.46,24737000000.0,23565000000.0,24737000000.0,-30791684095.0,-11.0,-7.918,9566000000.0,25.716,1.0,12131000000.0,1.0,9815000000.0,0.0,173796000000.0,173866000000.0,0.0,118323000000.0,,,219859000000.0,,,23937315905.0,1208000000.0,-2595000000.0,676000000.0,-278000000.0,-828000000.0,-4471000000.0,-4496000000.0,-1368000000.0,10175000000.0,0.0,2404000000.0,2404000000.0,2404000000.0,0.0,189000000.0,0.198,9015000000.0,3116000000.0,0.0,0.276,0.968,9.957,9.763,2214000000.0,0.0,63.07,1.973,1.934,3203000000.0,20553000000.0,12131000000.0,12131000000.0,0.0,0.01,0.102,0.017,0.24,0.0,5280000000.0,1.0,379535689.0,371983000,376476000.0,32.612,234781000000.0,0.0,508000000.0,0.0,631.161,
3,STT,MRY,2017-12-31,2017-12-31,2017-12-31,2021-10-22,-1009000000.0,238425000000.0,237371750000.0,,,0.047,59.545,-637000000.0,69334000000.0,69334000000.0,0.0,2156000000.0,,9.684,15606000000.0,,,15606000000.0,0.0,871000000.0,184896000000.0,0.016,1.6,2811000000.0,3682000000.0,0.327,3682000000.0,2811000000.0,2811000000.0,5.26,5.19,5.26,22317000000.0,22044000000.0,22317000000.0,-11861631665.0,-4.0,-3.222,6303000000.0,16.817,1.0,11266000000.0,1.0,7635000000.0,0.0,177062000000.0,178592000000.0,0.0,125153000000.0,,,216108000000.0,,,36197368335.0,800000000.0,172000000.0,-1418000000.0,-1745000000.0,-768000000.0,-6188000000.0,48000000.0,411000000.0,6940000000.0,0.0,1972000000.0,1972000000.0,1972000000.0,0.0,184000000.0,0.175,8269000000.0,2997000000.0,0.0,0.304,1.622,18.356,18.557,2186000000.0,0.0,97.61,3.213,3.247,3099000000.0,18856000000.0,11266000000.0,11266000000.0,0.0,0.008,0.089,0.016,0.25,0.0,4855000000.0,1.0,370836680.0,374793000,380213000.0,30.059,230790000000.0,0.0,839000000.0,0.0,615.78,
4,STT,MRY,2016-12-31,2016-12-31,2016-12-31,2021-10-22,-2040000000.0,242698000000.0,249477250000.0,,,0.041,54.201,-613000000.0,72249000000.0,72249000000.0,0.0,2143000000.0,,10.438,17415000000.0,,,17415000000.0,0.0,722000000.0,187163000000.0,0.019,1.44,1946000000.0,2668000000.0,0.261,2668000000.0,1946000000.0,1946000000.0,5.03,4.97,5.03,21219000000.0,21734500000.0,21219000000.0,-34989704712.0,-18.0,-13.115,1677000000.0,4.284,1.0,10207000000.0,1.0,7564000000.0,0.0,180300000000.0,183394250000.0,0.0,119851000000.0,,,221479000000.0,,,29979295288.0,107000000.0,-437000000.0,-1487000000.0,-217000000.0,-723000000.0,-6413000000.0,4230000000.0,5110000000.0,2290000000.0,0.0,1968000000.0,1968000000.0,1968000000.0,0.0,175000000.0,0.193,8077000000.0,2130000000.0,0.0,0.286,1.413,15.233,15.451,2062000000.0,0.0,77.72,2.937,2.981,2644000000.0,17459000000.0,10207000000.0,10207000000.0,0.0,0.008,0.091,0.011,0.191,0.0,4793000000.0,1.0,385734628.0,391485000,396090000.0,26.073,235134000000.0,0.0,-22000000.0,0.0,600.621,
5,STT,MRY,2015-12-31,2015-12-31,2015-12-31,2021-10-22,-1442000000.0,245155000000.0,266619000000.0,,,0.039,51.741,-703000000.0,76545000000.0,76545000000.0,0.0,1980000000.0,,10.616,17750000000.0,,,17750000000.0,0.0,604000000.0,191627000000.0,0.02,1.32,2166000000.0,2770000000.0,0.267,2770000000.0,2166000000.0,2166000000.0,4.53,4.47,4.53,21103000000.0,21230500000.0,21103000000.0,-21674661608.0,-10.0,-7.825,-2106000000.0,-5.164,1.0,10360000000.0,1.0,7439000000.0,0.0,178921000000.0,192817750000.0,0.0,123028000000.0,,,224020000000.0,,,26775338392.0,-648000000.0,0.0,-1738000000.0,-5246000000.0,-655000000.0,-24240000000.0,24995000000.0,25625000000.0,-1403000000.0,0.0,1848000000.0,1848000000.0,1848000000.0,0.0,132000000.0,0.178,8050000000.0,2310000000.0,0.0,0.291,1.269,14.489,14.649,1894000000.0,0.0,66.36,2.584,2.612,2346000000.0,16049000000.0,10360000000.0,10360000000.0,0.0,0.007,0.087,0.011,0.209,0.0,4995000000.0,1.0,403486112.0,407856000,413638000.0,25.401,237716000000.0,0.0,318000000.0,0.0,582.843,
6,STT,MRY,2014-12-31,2014-12-31,2014-12-31,2021-10-22,-507000000.0,274119000000.0,271977750000.0,,,0.038,50.275,-427000000.0,95378000000.0,95378000000.0,0.0,2022000000.0,,11.853,23369000000.0,,,23369000000.0,0.0,477000000.0,209040000000.0,0.015,1.16,2373000000.0,2850000000.0,0.277,2850000000.0,2373000000.0,2373000000.0,4.62,4.53,4.62,21328000000.0,21364250000.0,21328000000.0,-35593619892.0,-15.0,-12.489,-988000000.0,-2.329,1.0,10274000000.0,1.0,7851000000.0,0.0,194259000000.0,193889000000.0,0.0,134111000000.0,,,252791000000.0,,,32773380108.0,-1365000000.0,0.0,-1868000000.0,1781000000.0,-539000000.0,27688000000.0,-28492000000.0,-28214000000.0,-561000000.0,0.0,1958000000.0,1958000000.0,1958000000.0,0.0,64000000.0,0.191,7827000000.0,2447000000.0,0.0,0.251,1.537,16.738,16.991,1937000000.0,0.0,78.5,3.19,3.241,2242000000.0,14737000000.0,10274000000.0,10274000000.0,0.0,0.007,0.092,0.012,0.231,0.0,4961000000.0,1.0,417495288.0,424223000,432007000.0,24.218,266268000000.0,0.0,415000000.0,0.0,627.66,
7,STT,MRY,2013-12-31,2013-12-31,2013-12-31,2021-10-22,-95000000.0,243291000000.0,226490000000.0,,,0.044,45.665,-388000000.0,67477000000.0,67477000000.0,0.0,2050000000.0,,10.939,21451000000.0,,,21451000000.0,0.0,461000000.0,182268000000.0,0.014,1.04,2632000000.0,3093000000.0,0.314,3093000000.0,2632000000.0,2632000000.0,4.52,4.43,4.52,20378000000.0,20439500000.0,20378000000.0,12308299609.0,5.0,3.979,-2412000000.0,-5.405,1.0,9864000000.0,1.0,8396000000.0,0.0,188869000000.0,189402500000.0,0.0,137445000000.0,,,222913000000.0,,,32218299609.0,630000000.0,0.0,-2108000000.0,1196000000.0,-486000000.0,16739000000.0,-14085000000.0,-13836000000.0,-2024000000.0,0.0,2016000000.0,2016000000.0,2016000000.0,0.0,34000000.0,0.204,7192000000.0,2672000000.0,0.0,0.23,1.581,15.981,16.237,1860000000.0,0.0,73.39,3.266,3.32,2123000000.0,13395000000.0,9864000000.0,9864000000.0,0.0,0.009,0.099,0.014,0.267,0.0,4659000000.0,1.0,439001221.0,446245000,455155000.0,22.104,234895000000.0,0.0,616000000.0,0.0,526.381,
8,STT,MRY,2012-12-31,2012-12-31,2012-12-31,2021-10-22,360000000.0,222582000000.0,203959250000.0,,,0.047,43.985,-355000000.0,53353000000.0,53353000000.0,0.0,2061000000.0,,9.666,20336000000.0,,,20336000000.0,0.0,291000000.0,164181000000.0,0.02,0.96,2724000000.0,3015000000.0,0.312,3015000000.0,2724000000.0,2724000000.0,4.25,4.2,4.25,20869000000.0,20418500000.0,20869000000.0,3536632495.0,1.0,1.173,1578000000.0,3.326,1.0,9649000000.0,1.0,8516000000.0,0.0,181049000000.0,177055000000.0,0.0,138999000000.0,,,201713000000.0,,,21850632495.0,397000000.0,-511000000.0,-1488000000.0,-2370000000.0,-463000000.0,3055000000.0,-4591000000.0,-3841000000.0,1933000000.0,0.0,2019000000.0,2019000000.0,2019000000.0,0.0,42000000.0,0.209,6886000000.0,2763000000.0,0.0,0.226,1.047,10.823,11.061,1728000000.0,0.0,47.01,2.265,2.312,1970000000.0,11751000000.0,9649000000.0,9649000000.0,0.0,0.01,0.099,0.015,0.282,0.0,4688000000.0,1.0,464808179.0,474458000,481129000.0,20.337,214066000000.0,0.0,705000000.0,0.0,451.18,
9,STT,MRY,2011-12-31,2011-12-31,2011-12-31,2021-10-22,-659000000.0,216827000000.0,196968250000.0,,,0.049,39.379,-298000000.0,61079000000.0,61079000000.0,0.0,1920000000.0,,10.178,22125000000.0,,,22125000000.0,0.0,218000000.0,157287000000.0,0.018,0.72,2498000000.0,2716000000.0,0.283,2716000000.0,2498000000.0,2498000000.0,3.82,3.79,3.82,19398000000.0,19515750000.0,19398000000.0,7618535337.0,3.0,2.805,3076000000.0,6.244,1.0,9594000000.0,1.0,8104000000.0,0.0,169769000000.0,176355000000.0,0.0,126936000000.0,,,197429000000.0,,,19830535337.0,-1118000000.0,-214000000.0,-689000000.0,-9055000000.0,-295000000.0,49403000000.0,-53895000000.0,-53670000000.0,3374000000.0,0.0,1882000000.0,1882000000.0,1882000000.0,0.0,38000000.0,0.196,7058000000.0,2536000000.0,0.0,0.188,1.022,10.537,10.552,1747000000.0,0.0,40.31,2.067,2.07,1822000000.0,10176000000.0,9594000000.0,9594000000.0,0.0,0.01,0.096,0.014,0.26,0.0,4622000000.0,1.0,491950765.0,492598000,496072000.0,19.476,208723000000.0,0.0,616000000.0,0.0,423.719,
10,STT,MRY,2010-12-31,2010-12-31,2010-12-31,2021-10-22,-689000000.0,160505000000.0,162378750000.0,,,0.055,35.905,-262000000.0,25545000000.0,25545000000.0,0.0,1556000000.0,,8.024,31099000000.0,,,31099000000.0,0.0,-409000000.0,98345000000.0,0.001,0.04,2070000000.0,1661000000.0,0.186,1661000000.0,2070000000.0,2070000000.0,3.11,3.09,3.11,17787000000.0,16706250000.0,17787000000.0,30329837527.0,15.0,18.26,561000000.0,1.132,1.0,8953000000.0,1.0,8190000000.0,0.0,157869000000.0,164162750000.0,0.0,109394000000.0,,,142718000000.0,,,23263837527.0,670000000.0,-2332000000.0,-34000000.0,-11574000000.0,-20000000.0,-3345000000.0,3192000000.0,5423000000.0,823000000.0,0.0,1540000000.0,1540000000.0,1540000000.0,0.0,16000000.0,0.172,6842000000.0,2111000000.0,0.0,0.013,1.308,15.106,14.9,1802000000.0,0.0,46.34,2.598,2.564,1733000000.0,8634000000.0,8953000000.0,8953000000.0,0.0,0.009,0.092,0.013,0.231,0.0,4257000000.0,1.0,502024979.0,495394000,497924000.0,18.072,152315000000.0,0.0,530000000.0,0.0,307.462,
11,STT,MRY,2009-12-31,2009-12-31,2009-12-31,2021-10-22,-2238000000.0,157946000000.0,154197000000.0,,,0.056,30.792,-325000000.0,29273000000.0,29273000000.0,0.0,-1881000000.0,,9.9,44112000000.0,,,44112000000.0,0.0,-457000000.0,90062000000.0,0.001,0.04,-1322000000.0,-1779000000.0,-0.206,-1779000000.0,-1322000000.0,-1322000000.0,3.5,3.46,3.5,14491000000.0,13473000000.0,14491000000.0,35439723853.0,-27.0,-19.921,-4556000000.0,-9.681,1.0,8640000000.0,1.0,6360000000.0,0.0,166425000000.0,158505750000.0,0.0,106840000000.0,,,143455000000.0,,,21537723853.0,-540000000.0,0.0,2227000000.0,-5799000000.0,-168000000.0,-27941000000.0,31632000000.0,31527000000.0,-4231000000.0,0.0,-2044000000.0,-2044000000.0,-2044000000.0,0.0,163000000.0,-0.237,5966000000.0,2674000000.0,0.0,0.011,1.486,-10.537,12.44,1953000000.0,0.0,43.54,2.493,2.372,1497000000.0,7071000000.0,8640000000.0,8640000000.0,0.0,-0.013,-0.152,-0.008,-0.153,0.0,3776000000.0,1.0,494665224.0,470602000,474003000.0,18.359,151586000000.0,0.0,722000000.0,0.0,322.111,
12,STT,MRY,2008-12-31,2008-12-31,2008-12-31,2021-10-22,-5650000000.0,173631000000.0,189941250000.0,,,0.056,30.916,-681000000.0,58914000000.0,58914000000.0,0.0,1811000000.0,,12.593,34252000000.0,,,34252000000.0,0.0,225000000.0,112225000000.0,0.024,0.95,2820000000.0,3045000000.0,0.285,3045000000.0,2820000000.0,2820000000.0,4.32,4.3,4.32,12774000000.0,12670750000.0,12774000000.0,43075712513.0,15.0,14.146,-2558000000.0,-6.191,1.0,10693000000.0,1.0,6378000000.0,0.0,142591000000.0,183177750000.0,0.0,87580000000.0,,,160857000000.0,,,16988712513.0,-860000000.0,426000000.0,2807000000.0,9751000000.0,-399000000.0,30587000000.0,-29570000000.0,-29593000000.0,-1877000000.0,0.0,1789000000.0,1789000000.0,1789000000.0,0.0,22000000.0,0.167,7851000000.0,2842000000.0,0.0,0.22,1.33,9.496,9.104,2011000000.0,0.0,39.33,1.589,1.52,1738000000.0,9135000000.0,10693000000.0,10693000000.0,0.0,0.009,0.141,0.015,0.264,0.0,4667000000.0,1.0,431953026.0,413182000,416100000.0,25.88,167253000000.0,0.0,1031000000.0,0.0,404.793,
13,STT,MRY,2007-12-31,2007-12-31,2007-12-31,2021-10-22,-575000000.0,142543000000.0,126175500000.0,,,0.066,31.327,-476000000.0,14852000000.0,14852000000.0,0.0,1261000000.0,,11.616,24264000000.0,,,24264000000.0,0.0,130000000.0,95789000000.0,0.011,0.88,1903000000.0,2033000000.0,0.244,2033000000.0,1903000000.0,1903000000.0,3.49,3.45,3.49,11299000000.0,9441000000.0,11299000000.0,40361892852.0,21.0,19.853,2463000000.0,6.829,1.0,8336000000.0,1.0,6557000000.0,0.0,145398000000.0,134907000000.0,0.0,110065000000.0,,,131244000000.0,,,31359892852.0,1903000000.0,-647000000.0,-817000000.0,-6839000000.0,-301000000.0,10818000000.0,-11854000000.0,-10826000000.0,2939000000.0,0.0,1261000000.0,1261000000.0,1261000000.0,0.0,0.0,0.151,6433000000.0,1903000000.0,0.0,0.252,2.775,24.869,23.266,1894000000.0,0.0,81.2,3.762,3.513,2096000000.0,7745000000.0,8336000000.0,8336000000.0,0.0,0.01,0.134,0.014,0.228,0.0,3900000000.0,1.0,386205577.0,360675000,365488000.0,23.112,135986000000.0,0.0,642000000.0,0.0,377.032,
14,STT,MRY,2006-12-31,2006-12-31,2006-12-31,2021-10-22,-224000000.0,107353000000.0,106588750000.0,,,0.059,21.886,-310000000.0,7604000000.0,7604000000.0,0.0,1106000000.0,,13.803,26745000000.0,,,26745000000.0,0.0,385000000.0,65646000000.0,0.012,0.8,1781000000.0,2166000000.0,0.343,2166000000.0,1781000000.0,1781000000.0,3.34,3.29,3.34,7252000000.0,6787250000.0,7252000000.0,44996146767.0,25.0,20.774,671000000.0,2.025,1.0,6311000000.0,1.0,1818000000.0,0.0,124676000000.0,122226750000.0,0.0,89383000000.0,,,100101000000.0,,,22395146767.0,-546000000.0,0.0,-175000000.0,-669000000.0,-259000000.0,4894000000.0,-6421000000.0,-6225000000.0,981000000.0,0.0,1106000000.0,1106000000.0,1106000000.0,-10000000.0,0.0,0.175,4540000000.0,1771000000.0,0.0,0.24,3.088,20.249,20.192,1560000000.0,0.0,67.44,3.549,3.541,1617000000.0,7030000000.0,6311000000.0,6311000000.0,0.0,0.01,0.163,0.015,0.282,0.0,3182000000.0,1.0,332075130.0,331350000,335732000.0,19.046,105535000000.0,0.0,675000000.0,0.0,318.5,
15,STT,MRY,2005-12-31,2005-12-31,2005-12-31,2021-10-22,-231000000.0,97968000000.0,101579750000.0,,,0.054,19.273,-314000000.0,13959000000.0,13959000000.0,0.0,838000000.0,,14.387,25977000000.0,,,25977000000.0,0.0,499000000.0,59646000000.0,0.013,0.72,1325000000.0,1824000000.0,0.333,1824000000.0,1325000000.0,1325000000.0,2.53,2.5,2.53,6367000000.0,6186000000.0,6367000000.0,28683043498.0,22.0,15.725,2169000000.0,6.566,1.0,5473000000.0,1.0,1796000000.0,0.0,108190000000.0,107982000000.0,0.0,75777000000.0,,,91601000000.0,,,18179043498.0,649000000.0,-27000000.0,-433000000.0,-116000000.0,-232000000.0,4118000000.0,-5952000000.0,-5669000000.0,2483000000.0,0.0,838000000.0,838000000.0,838000000.0,107000000.0,0.0,0.153,4041000000.0,1432000000.0,0.0,0.285,2.855,21.693,21.913,1453000000.0,0.0,55.44,3.322,3.346,1364000000.0,6189000000.0,5473000000.0,5473000000.0,0.0,0.008,0.135,0.012,0.242,0.0,2622000000.0,1.0,327904825.0,330361000,334636000.0,16.567,96172000000.0,0.0,487000000.0,0.0,291.112,
16,STT,MRY,2004-12-31,2004-12-31,2004-12-31,2021-10-22,92000000.0,94040000000.0,95400750000.0,,,0.052,18.407,-336000000.0,28119000000.0,28119000000.0,0.0,798000000.0,,14.269,26117000000.0,,,26117000000.0,0.0,639000000.0,55129000000.0,0.013,0.64,1192000000.0,1831000000.0,0.37,1831000000.0,1192000000.0,1192000000.0,2.38,2.35,2.38,6159000000.0,6040500000.0,6159000000.0,7746136973.0,6.0,4.231,80000000.0,0.239,1.0,4951000000.0,1.0,1991000000.0,0.0,90047000000.0,88271250000.0,0.0,55805000000.0,,,87881000000.0,,,16377136973.0,-1341000000.0,-100000000.0,-65000000.0,-1612000000.0,-209000000.0,5698000000.0,-7455000000.0,-7079000000.0,416000000.0,0.0,798000000.0,798000000.0,798000000.0,0.0,0.0,0.161,3759000000.0,1192000000.0,0.0,0.269,2.659,20.523,20.639,1444000000.0,0.0,49.12,3.308,3.32,1204000000.0,5590000000.0,4951000000.0,4951000000.0,0.0,0.008,0.132,0.014,0.241,0.0,2320000000.0,1.0,333410769.0,334606000,339605000.0,14.797,92049000000.0,0.0,394000000.0,0.0,275.097,
17,STT,MRY,2003-12-31,2003-12-31,2003-12-31,2021-10-22,192000000.0,87534000000.0,82880250000.0,,,0.057,17.326,-324000000.0,25218000000.0,25218000000.0,0.0,722000000.0,,14.231,27484000000.0,,,27484000000.0,0.0,613000000.0,47516000000.0,0.011,0.56,1112000000.0,1725000000.0,0.364,1725000000.0,1112000000.0,1112000000.0,2.18,2.15,2.18,5747000000.0,5281750000.0,5747000000.0,12310854912.0,11.0,7.137,1165000000.0,3.512,1.0,4734000000.0,1.0,1851000000.0,0.0,87949000000.0,75100750000.0,0.0,53027000000.0,,,81787000000.0,,,17405854912.0,2015000000.0,-903000000.0,116000000.0,-3396000000.0,-179000000.0,-2383000000.0,2909000000.0,4109000000.0,1489000000.0,0.0,722000000.0,722000000.0,722000000.0,0.0,0.0,0.153,3622000000.0,1112000000.0,0.0,0.257,3.029,24.108,23.89,1212000000.0,0.0,52.08,3.677,3.649,1015000000.0,5007000000.0,4734000000.0,4734000000.0,0.0,0.009,0.137,0.015,0.235,0.0,2031000000.0,1.0,334213804.0,331692000,335326000.0,14.272,85683000000.0,0.0,390000000.0,0.0,258.321,
18,STT,MRY,2002-12-31,2002-12-31,2002-12-31,2021-10-22,106000000.0,85794000000.0,79244000000.0,,,0.055,14.797,-272000000.0,29504000000.0,29504000000.0,0.0,1015000000.0,,16.922,30568000000.0,,,30568000000.0,0.0,590000000.0,45468000000.0,0.012,0.48,1555000000.0,2145000000.0,0.488,2145000000.0,1555000000.0,1555000000.0,3.14,3.1,3.14,4787000000.0,4329250000.0,4787000000.0,-6958610209.0,-4.0,-3.244,698000000.0,2.158,1.0,4396000000.0,1.0,589000000.0,0.0,86269000000.0,63380250000.0,0.0,50383000000.0,,,81007000000.0,,,12650389791.0,-290000000.0,562000000.0,23000000.0,5963000000.0,-149000000.0,12755000000.0,-14015000000.0,-14305000000.0,970000000.0,0.0,1015000000.0,1015000000.0,1015000000.0,0.0,0.0,0.231,2841000000.0,1555000000.0,0.0,0.153,2.643,12.463,12.42,887000000.0,0.0,39.0,2.878,2.87,823000000.0,4472000000.0,4396000000.0,4396000000.0,0.0,0.013,0.234,0.025,0.354,0.0,1900000000.0,1.0,324368969.0,323520000,327477000.0,13.588,85205000000.0,0.0,540000000.0,0.0,263.369,
19,STT,MRY,2001-12-31,2001-12-31,2001-12-31,2021-10-22,70000000.0,69850000000.0,70237250000.0,,,0.054,11.83,-276000000.0,38648000000.0,38648000000.0,0.0,628000000.0,,17.166,24550000000.0,,,24550000000.0,0.0,398000000.0,38559000000.0,0.008,0.405,930000000.0,1328000000.0,0.347,1328000000.0,930000000.0,930000000.0,1.94,1.9,1.94,3845000000.0,3703500000.0,3845000000.0,-5096607638.0,-5.0,-3.838,311000000.0,0.957,1.0,3827000000.0,1.0,612000000.0,0.0,55140000000.0,52246750000.0,0.0,27058000000.0,,,66005000000.0,,,17000392362.0,33000000.0,-176000000.0,-188000000.0,1010000000.0,-127000000.0,1317000000.0,-1871000000.0,-1419000000.0,587000000.0,0.0,628000000.0,628000000.0,628000000.0,0.0,0.0,0.164,2897000000.0,930000000.0,0.0,0.209,4.421,27.071,26.933,829000000.0,0.0,52.25,4.442,4.438,880000000.0,3612000000.0,3827000000.0,3827000000.0,0.0,0.009,0.17,0.018,0.243,0.0,1892000000.0,1.0,325366361.0,325030000,330492000.0,11.774,69238000000.0,0.0,302000000.0,0.0,213.02,
20,STT,MRY,2000-12-31,2000-12-31,2000-12-31,2021-10-22,-1000000.0,69298000000.0,64859250000.0,,,0.055,10.141,-247000000.0,23563000000.0,23563000000.0,0.0,595000000.0,,20.244,24157000000.0,,,24157000000.0,0.0,383000000.0,37937000000.0,0.006,0.345,906000000.0,1289000000.0,0.36,1289000000.0,906000000.0,906000000.0,1.85,1.81,1.85,3262000000.0,3014750000.0,3262000000.0,2222473150.0,2.0,1.724,479000000.0,1.489,1.0,3577000000.0,1.0,0.0,0.0,69892000000.0,51957750000.0,0.0,41094000000.0,,,66036000000.0,,,20054473150.0,-1312000000.0,0.0,5000000.0,3456000000.0,-106000000.0,7147000000.0,-9185000000.0,-8938000000.0,726000000.0,0.0,595000000.0,595000000.0,595000000.0,0.0,0.0,0.166,2671000000.0,906000000.0,0.0,0.186,6.148,33.705,33.568,726000000.0,0.0,62.1,5.607,5.585,845000000.0,3278000000.0,3577000000.0,3577000000.0,0.0,0.009,0.197,0.017,0.253,0.0,1725000000.0,1.0,322938376.0,321678000,328088000.0,11.12,69298000000.0,0.0,311000000.0,0.0,215.427,
21,STT,MRY,1999-12-31,1999-12-31,1999-12-31,2021-10-22,-57000000.0,60896000000.0,54737000000.0,,,0.06,8.253,-199000000.0,20242000000.0,20242000000.0,0.0,619000000.0,,21.962,21478000000.0,,,21478000000.0,0.0,341000000.0,34145000000.0,0.008,0.3,968000000.0,1309000000.0,0.396,1309000000.0,968000000.0,968000000.0,1.93,1.89,1.93,2652000000.0,2487500000.0,2652000000.0,362884113.0,0.0,0.277,-4000000.0,-0.012,1.0,3304000000.0,1.0,0.0,0.0,62132000000.0,49043000000.0,0.0,37252000000.0,,,58244000000.0,,,11687884113.0,1565000000.0,1659000000.0,-125000000.0,7027000000.0,-93000000.0,14533000000.0,-13163000000.0,-14623000000.0,195000000.0,0.0,619000000.0,619000000.0,619000000.0,0.0,0.0,0.187,2336000000.0,968000000.0,0.0,0.155,4.407,18.882,18.927,759000000.0,0.0,36.53,3.537,3.553,716000000.0,2795000000.0,3304000000.0,3304000000.0,0.0,0.011,0.249,0.02,0.293,0.0,1501000000.0,1.0,319953028.0,321320000,327503000.0,10.283,60896000000.0,0.0,349000000.0,0.0,189.518,
22,STT,MRY,1998-12-31,1998-12-31,1998-12-31,2021-10-22,22000000.0,47082000000.0,45852500000.0,,,0.059,7.18,-258000000.0,13450000000.0,13450000000.0,0.0,436000000.0,,19.373,14830000000.0,,,14830000000.0,0.0,345000000.0,27539000000.0,0.007,0.26,657000000.0,1002000000.0,0.368,1002000000.0,657000000.0,657000000.0,1.355,1.33,1.355,2311000000.0,2191000000.0,2311000000.0,-1642066904.0,-2.0,-1.639,592000000.0,1.839,1.0,2725000000.0,1.0,0.0,0.0,48462000000.0,38935750000.0,0.0,30276000000.0,,,44771000000.0,,,11255933096.0,-1046000000.0,0.0,-69000000.0,6433000000.0,-84000000.0,8941000000.0,-10837000000.0,-10579000000.0,850000000.0,0.0,436000000.0,436000000.0,436000000.0,0.0,0.0,0.16,2068000000.0,657000000.0,0.0,0.192,4.871,25.816,25.878,700000000.0,0.0,35.065,4.131,4.142,610000000.0,2272000000.0,2725000000.0,2725000000.0,0.0,0.01,0.199,0.017,0.241,0.0,1339000000.0,1.0,321001942.0,321874000,327854000.0,8.466,47082000000.0,0.0,221000000.0,0.0,146.275,
23,STT,MRY,1997-12-31,1997-12-31,1997-12-31,2021-10-22,11000000.0,37975000000.0,35924000000.0,,,0.064,6.209,-158000000.0,13112000000.0,13112000000.0,0.0,380000000.0,,18.035,9025000000.0,,,9025000000.0,0.0,271000000.0,24878000000.0,0.008,0.22,564000000.0,835000000.0,0.363,835000000.0,564000000.0,564000000.0,1.185,1.16,1.185,1995000000.0,1870250000.0,1995000000.0,1955846380.0,3.0,2.342,92000000.0,0.286,1.0,2298000000.0,1.0,0.0,0.0,33888000000.0,29265500000.0,0.0,21603000000.0,,,35980000000.0,,,9357846380.0,788000000.0,0.0,-94000000.0,1035000000.0,-69000000.0,6230000000.0,-5692000000.0,-5534000000.0,250000000.0,0.0,380000000.0,380000000.0,380000000.0,0.0,0.0,0.165,1734000000.0,564000000.0,0.0,0.186,4.691,24.626,24.553,500000000.0,0.0,29.095,4.072,4.068,566000000.0,1920000000.0,2298000000.0,2298000000.0,0.0,0.011,0.203,0.019,0.245,0.0,1105000000.0,1.0,321630740.0,321324000,327578000.0,7.152,37975000000.0,0.0,184000000.0,0.0,118.183,
24,STT,MRY,1996-12-31,1996-12-31,1996-12-31,2021-10-22,12000000.0,31524000000.0,28654500000.0,,,0.064,5.486,-114000000.0,10343000000.0,10343000000.0,0.0,293000000.0,,16.76,8750000000.0,,,8750000000.0,0.0,221000000.0,19519000000.0,0.012,0.19,447000000.0,668000000.0,0.362,668000000.0,447000000.0,447000000.0,0.905,0.89,0.905,1775000000.0,1681500000.0,1775000000.0,,,,483000000.0,1.493,1.0,1845000000.0,1.0,0.0,0.0,29931000000.0,27180500000.0,0.0,18895000000.0,,,29749000000.0,,,5186954412.0,201000000.0,0.0,-119000000.0,2730000000.0,-61000000.0,5422000000.0,-5818000000.0,-5704000000.0,597000000.0,0.0,293000000.0,293000000.0,293000000.0,0.0,0.0,0.159,1398000000.0,447000000.0,0.0,0.21,2.922,17.703,17.851,468000000.0,0.0,16.155,2.811,2.833,442000000.0,1694000000.0,1845000000.0,1845000000.0,0.0,0.01,0.174,0.016,0.242,0.0,886000000.0,1.0,321074244.0,323566000,328750000.0,5.702,31524000000.0,0.0,154000000.0,657000000.0,97.427,
25,STT,MRY,1995-12-31,1995-12-31,1995-12-31,2021-10-22,13000000.0,25785000000.0,,,,,4.809,-96000000.0,7745000000.0,7745000000.0,0.0,247000000.0,,15.237,6390000000.0,,,6390000000.0,0.0,0.0,16647000000.0,0.015,0.17,366000000.0,366000000.0,0.238,366000000.0,366000000.0,366000000.0,0.75,0.735,0.75,1588000000.0,,1588000000.0,,,,215000000.0,0.651,1.0,1540000000.0,1.0,0.0,0.0,24430000000.0,,0.0,16193000000.0,,,24197000000.0,,,,324000000.0,0.0,-12000000.0,1084000000.0,-56000000.0,3065000000.0,-3052000000.0,-2956000000.0,311000000.0,0.0,247000000.0,247000000.0,247000000.0,0.0,0.0,0.16,1174000000.0,366000000.0,0.0,0.227,,,15.0,467000000.0,0.0,11.25,,2.412,392000000.0,1465000000.0,1540000000.0,1540000000.0,0.0,,,,0.238,0.0,735000000.0,1.0,,330214000,335374000.0,4.664,25785000000.0,0.0,119000000.0,562000000.0,78.086,
26,STT,MRY,1994-12-31,1994-12-31,1994-12-31,2021-10-22,,,,,,,,-125000000.0,,,0.0,220000000.0,,,,,,,,0.0,,0.021,0.15,340000000.0,340000000.0,0.243,340000000.0,340000000.0,340000000.0,0.665,0.66,0.665,,,,,,,-69000000.0,-0.208,1.0,1398000000.0,1.0,,0.0,,,,,,,,,,,-445000000.0,0.0,6000000.0,2132000000.0,-45000000.0,3002000000.0,-3503000000.0,-3378000000.0,56000000.0,0.0,220000000.0,220000000.0,220000000.0,0.0,0.0,0.157,1058000000.0,340000000.0,,0.226,,,10.759,,0.0,7.155,,1.696,,,1398000000.0,1398000000.0,0.0,,,,0.243,0.0,661000000.0,1.0,,331292000,333816000.0,4.22,,,120000000.0,,,
0,STT,MRQ,2021-09-30,2021-09-30,2021-09-30,2021-10-22,-682000000.0,323139000000.0,,,,,78.552,-197000000.0,112159000000.0,112159000000.0,0.0,714000000.0,,10.831,14164000000.0,,,14164000000.0,0.0,315000000.0,259373000000.0,0.025,0.57,855000000.0,1170000000.0,0.391,1170000000.0,855000000.0,855000000.0,1.99,1.96,1.99,27314000000.0,,27314000000.0,-74539416182.0,-25.0,-12.339,191000000.0,0.549,1.0,2990000000.0,1.0,9537000000.0,0.0,215607000000.0,,0.0,149894000000.0,,,295825000000.0,,,29101583818.0,-13000000.0,-89000000.0,1900000000.0,-114000000.0,-199000000.0,-3011000000.0,2610000000.0,2844000000.0,388000000.0,0.0,693000000.0,693000000.0,693000000.0,0.0,21000000.0,0.232,2116000000.0,874000000.0,0.0,0.286,1.065,12.085,12.278,2191000000.0,0.0,84.72,2.447,2.477,3407000000.0,24785000000.0,2990000000.0,2990000000.0,0.0,,,,,0.0,1156000000.0,1.0,343503114.0,347718000,353494000.0,8.599,313602000000.0,0.0,162000000.0,0.0,901.886,
1,STT,MRQ,2021-06-30,2021-06-30,2021-06-30,2021-10-22,-422000000.0,326528000000.0,,,,,72.76,-197000000.0,117966000000.0,117966000000.0,0.0,763000000.0,,11.974,14325000000.0,,,14325000000.0,0.0,341000000.0,263969000000.0,0.025,0.52,903000000.0,1244000000.0,0.41,1244000000.0,903000000.0,903000000.0,2.11,2.07,2.11,25167000000.0,,25167000000.0,-68226626580.0,-25.0,-16.428,-7790000000.0,-22.522,1.0,3034000000.0,1.0,9562000000.0,0.0,213325000000.0,,0.0,148001000000.0,,,301361000000.0,,,28614373420.0,67000000.0,-30000000.0,-425000000.0,-896000000.0,-215000000.0,17552000000.0,-9892000000.0,-9768000000.0,-7593000000.0,0.0,728000000.0,728000000.0,728000000.0,0.0,35000000.0,0.24,2111000000.0,923000000.0,0.0,0.246,1.137,12.82,12.897,2169000000.0,0.0,82.28,2.449,2.436,3358000000.0,24300000000.0,3034000000.0,3034000000.0,0.0,,,,,0.0,1177000000.0,1.0,347768272.0,345889000,351582000.0,8.772,316966000000.0,0.0,175000000.0,0.0,916.381,
2,STT,MRQ,2021-03-31,2021-03-31,2021-03-31,2021-10-22,-418000000.0,316885000000.0,,,,,71.292,-162000000.0,112106000000.0,112106000000.0,0.0,519000000.0,,11.673,15265000000.0,,,15265000000.0,0.0,359000000.0,244893000000.0,0.025,0.52,597000000.0,956000000.0,0.324,956000000.0,597000000.0,597000000.0,1.39,1.37,1.39,25005000000.0,,25005000000.0,-69668428148.0,-27.0,-17.531,-3894000000.0,-11.102,1.0,2950000000.0,1.0,9636000000.0,0.0,210408000000.0,,0.0,144465000000.0,,,291880000000.0,,,29553571852.0,1085000000.0,-214000000.0,-481000000.0,-5891000000.0,-209000000.0,-1987000000.0,6804000000.0,7099000000.0,-3732000000.0,0.0,489000000.0,489000000.0,489000000.0,0.0,30000000.0,0.166,2332000000.0,618000000.0,0.0,0.374,1.182,13.644,13.66,2143000000.0,0.0,84.01,2.55,2.543,3302000000.0,23751000000.0,2950000000.0,2950000000.0,0.0,,,,,0.0,1351000000.0,1.0,351786357.0,350743000,355690000.0,8.411,307249000000.0,0.0,108000000.0,0.0,875.995,
3,STT,MRQ,2020-12-31,2020-12-31,2020-12-31,2021-10-22,187000000.0,314706000000.0,,,,,74.227,-136000000.0,120427000000.0,120427000000.0,0.0,537000000.0,,11.012,21205000000.0,,,21205000000.0,0.0,2069000000.0,239798000000.0,0.029,0.52,602000000.0,2671000000.0,0.916,2671000000.0,602000000.0,602000000.0,1.41,1.39,1.41,26200000000.0,,26200000000.0,-28198383758.0,-10.0,-7.029,3240000000.0,9.179,1.0,2917000000.0,1.0,9510000000.0,0.0,205974000000.0,,0.0,143000000000.0,,,288506000000.0,,,25676616242.0,-1381000000.0,0.0,-12000000.0,-7395000000.0,-223000000.0,34655000000.0,-39412000000.0,-39575000000.0,3376000000.0,0.0,498000000.0,498000000.0,498000000.0,0.0,39000000.0,0.171,2276000000.0,641000000.0,0.0,0.369,0.98,11.376,11.372,2154000000.0,0.0,72.78,2.194,2.194,3105000000.0,23442000000.0,2917000000.0,2917000000.0,0.0,,,,,0.0,1291000000.0,1.0,352797695.0,352973000,357511000.0,8.264,305196000000.0,0.0,104000000.0,0.0,864.644,
4,STT,MRQ,2020-09-30,2020-09-30,2020-09-30,2021-10-22,-111000000.0,272075000000.0,,,,,72.487,-153000000.0,80815000000.0,80815000000.0,0.0,555000000.0,,9.645,26940000000.0,,,26940000000.0,0.0,-1361000000.0,197513000000.0,0.035,0.52,643000000.0,-718000000.0,-0.258,-718000000.0,643000000.0,643000000.0,1.47,1.45,1.47,25558000000.0,,25558000000.0,-41704101778.0,-15.0,-18.854,-5372000000.0,-15.236,1.0,2784000000.0,1.0,9477000000.0,0.0,208723000000.0,,0.0,144238000000.0,,,246517000000.0,,,20906898222.0,1163000000.0,0.0,-14000000.0,-2607000000.0,-221000000.0,-5791000000.0,12173000000.0,12112000000.0,-5219000000.0,0.0,517000000.0,517000000.0,517000000.0,0.0,38000000.0,0.186,2103000000.0,681000000.0,0.0,0.354,0.818,9.288,9.343,2193000000.0,0.0,59.33,1.767,1.768,3291000000.0,23128000000.0,2784000000.0,2784000000.0,0.0,,,,,0.0,1171000000.0,1.0,352383250.0,352586000,357168000.0,7.896,262598000000.0,0.0,126000000.0,0.0,744.777,
5,STT,MRQ,2020-06-30,2020-06-30,2020-06-30,2021-10-22,-430000000.0,280242000000.0,,,,,70.63,-157000000.0,93884000000.0,93884000000.0,0.0,694000000.0,,10.267,31273000000.0,,,31273000000.0,0.0,294000000.0,200462000000.0,0.033,0.52,771000000.0,1065000000.0,0.363,1065000000.0,771000000.0,771000000.0,1.88,1.86,1.88,24873000000.0,,24873000000.0,-78889171416.0,-29.0,-20.348,1179000000.0,3.348,1.0,2937000000.0,1.0,9452000000.0,0.0,208179000000.0,,0.0,140964000000.0,,,255369000000.0,,,22366828584.0,-1247000000.0,0.0,-9000000.0,-20195000000.0,-215000000.0,-77061000000.0,74478000000.0,74454000000.0,1336000000.0,0.0,662000000.0,662000000.0,662000000.0,0.0,32000000.0,0.225,2082000000.0,855000000.0,0.0,0.277,0.899,9.888,10.055,2212000000.0,0.0,63.55,1.871,1.872,3235000000.0,22794000000.0,2937000000.0,2937000000.0,0.0,,,,,0.0,1160000000.0,1.0,351956390.0,352157000,356413000.0,8.34,270790000000.0,0.0,109000000.0,0.0,768.947,
6,STT,MRQ,2020-03-31,2020-03-31,2020-03-31,2021-10-22,-920000000.0,362527000000.0,,,,,67.452,-114000000.0,152667000000.0,152667000000.0,0.0,634000000.0,,14.193,51411000000.0,,,51411000000.0,0.0,274000000.0,257104000000.0,0.038,0.52,720000000.0,994000000.0,0.324,994000000.0,720000000.0,720000000.0,1.64,1.62,1.64,23861000000.0,,23861000000.0,-38941179926.0,-15.0,-10.382,3925000000.0,11.096,1.0,3065000000.0,1.0,9469000000.0,0.0,251802000000.0,,0.0,157992000000.0,,,338666000000.0,,,18875820074.0,1630000000.0,0.0,-558000000.0,36421000000.0,-230000000.0,110364000000.0,-112773000000.0,-113300000000.0,4039000000.0,0.0,580000000.0,580000000.0,580000000.0,0.0,54000000.0,0.189,2255000000.0,810000000.0,0.0,0.317,0.791,8.833,9.06,2225000000.0,0.0,53.27,1.588,1.585,3274000000.0,22315000000.0,3065000000.0,3065000000.0,0.0,,,,,0.0,1317000000.0,1.0,354342408.0,353746000,357993000.0,8.664,353058000000.0,0.0,140000000.0,0.0,998.055,
7,STT,MRQ,2019-12-31,2019-12-31,2019-12-31,2021-10-22,-876000000.0,245610000000.0,,,,,67.611,-161000000.0,72267000000.0,72267000000.0,0.0,564000000.0,,9.053,14450000000.0,,,14450000000.0,0.0,305000000.0,181872000000.0,0.025,0.52,566000000.0,871000000.0,0.286,871000000.0,566000000.0,566000000.0,1.36,1.35,1.36,24431000000.0,,24431000000.0,-17301398156.0,-7.0,-4.833,892000000.0,2.469,1.0,3048000000.0,1.0,9586000000.0,0.0,178207000000.0,,0.0,124233000000.0,,,221179000000.0,,,28762601843.0,-296000000.0,0.0,-500000000.0,-5322000000.0,-239000000.0,4174000000.0,-5523000000.0,-5616000000.0,1053000000.0,0.0,492000000.0,492000000.0,492000000.0,0.0,72000000.0,0.161,2407000000.0,641000000.0,0.0,0.382,1.177,14.317,14.567,2282000000.0,0.0,79.1,2.447,2.489,3231000000.0,21918000000.0,3048000000.0,3048000000.0,0.0,,,,,0.0,1271000000.0,1.0,363623285.0,361346000,365581000.0,8.435,236024000000.0,0.0,74000000.0,0.0,653.18,
8,STT,MRQ,2019-09-30,2019-09-30,2019-09-30,2021-10-22,-985000000.0,244606000000.0,,,,,68.74,-227000000.0,65922000000.0,65922000000.0,0.0,583000000.0,,8.703,19858000000.0,,,19858000000.0,0.0,281000000.0,170886000000.0,0.033,0.52,666000000.0,947000000.0,0.326,947000000.0,666000000.0,666000000.0,1.44,1.42,1.44,25209000000.0,,25209000000.0,-26081019217.0,-11.0,-7.571,4737000000.0,12.917,1.0,2903000000.0,1.0,9577000000.0,0.0,188965000000.0,,0.0,124694000000.0,,,219397000000.0,,,22052980783.0,488000000.0,0.0,-510000000.0,1627000000.0,-230000000.0,1180000000.0,-5656000000.0,-5601000000.0,4964000000.0,0.0,528000000.0,528000000.0,528000000.0,0.0,55000000.0,0.182,2180000000.0,723000000.0,0.0,0.361,0.875,11.528,11.606,2306000000.0,0.0,59.19,1.88,1.85,3258000000.0,21612000000.0,2903000000.0,2903000000.0,0.0,,,,,0.0,1196000000.0,1.0,372579503.0,366732000,370595000.0,7.916,235029000000.0,0.0,138000000.0,0.0,640.874,
9,STT,MRQ,2019-06-30,2019-06-30,2019-06-30,2021-10-22,-874000000.0,241540000000.0,,,,,68.1,-171000000.0,66276000000.0,66276000000.0,0.0,587000000.0,,8.489,18142000000.0,,,18142000000.0,0.0,271000000.0,170594000000.0,0.034,0.47,668000000.0,939000000.0,0.327,939000000.0,668000000.0,668000000.0,1.44,1.42,1.44,25454000000.0,,25454000000.0,-23864430533.0,-9.0,-6.675,81000000.0,0.217,1.0,2873000000.0,1.0,9720000000.0,0.0,183686000000.0,,0.0,120453000000.0,,,216086000000.0,,,20919569467.0,-890000000.0,0.0,-313000000.0,4393000000.0,-227000000.0,11976000000.0,-13118000000.0,-12977000000.0,252000000.0,0.0,537000000.0,537000000.0,537000000.0,0.0,50000000.0,0.187,2154000000.0,719000000.0,0.0,0.326,0.822,9.995,10.101,2244000000.0,0.0,56.06,1.77,1.773,3202000000.0,21274000000.0,2873000000.0,2873000000.0,0.0,,,,,0.0,1199000000.0,1.0,373163922.0,373773000,377577000.0,7.686,231820000000.0,0.0,131000000.0,0.0,620.216,
10,STT,MRQ,2019-03-31,2019-03-31,2019-03-31,2021-10-22,-1180000000.0,228332000000.0,,,,,66.253,-171000000.0,58333000000.0,58333000000.0,0.0,508000000.0,,8.119,13549000000.0,,,13549000000.0,0.0,244000000.0,162471000000.0,0.028,0.47,579000000.0,823000000.0,0.281,823000000.0,579000000.0,579000000.0,1.2,1.18,1.2,25038000000.0,,25038000000.0,-36450400997.0,-13.0,-9.767,-750000000.0,-1.985,1.0,2932000000.0,1.0,9757000000.0,0.0,173791000000.0,,0.0,115836000000.0,,,203294000000.0,,,24919599003.0,788000000.0,-54000000.0,-343000000.0,-1838000000.0,-234000000.0,-20304000000.0,21671000000.0,21632000000.0,-579000000.0,0.0,452000000.0,452000000.0,452000000.0,0.0,56000000.0,0.154,2293000000.0,639000000.0,0.0,0.392,0.995,11.061,10.932,2230000000.0,0.0,65.81,2.075,2.071,3277000000.0,20911000000.0,2932000000.0,2932000000.0,0.0,,,,,0.0,1345000000.0,1.0,378659763.0,377915000,381703000.0,7.758,218575000000.0,0.0,127000000.0,0.0,578.371,
11,STT,MRQ,2018-12-31,2018-12-31,2018-12-31,2021-10-22,-1356000000.0,244596000000.0,,,,,65.127,-173000000.0,76252000000.0,76252000000.0,0.0,437000000.0,,8.888,15267000000.0,,,15267000000.0,0.0,248000000.0,180360000000.0,0.028,0.47,488000000.0,736000000.0,0.243,736000000.0,488000000.0,488000000.0,1.02,1.02,1.02,24737000000.0,,24737000000.0,-30791684095.0,-11.0,-7.918,941000000.0,2.477,1.0,3023000000.0,1.0,9815000000.0,0.0,173796000000.0,,0.0,118323000000.0,,,219859000000.0,,,23937315905.0,-1067000000.0,-2532000000.0,-237000000.0,2041000000.0,-220000000.0,13746000000.0,-15927000000.0,-13259000000.0,1114000000.0,0.0,396000000.0,396000000.0,396000000.0,0.0,41000000.0,0.131,2486000000.0,537000000.0,0.0,0.461,0.968,9.957,9.763,2214000000.0,0.0,63.07,1.973,1.934,3203000000.0,20553000000.0,3023000000.0,3023000000.0,0.0,,,,,0.0,1449000000.0,1.0,379535689.0,379828000,383712000.0,7.959,234781000000.0,0.0,92000000.0,0.0,618.125,
12,STT,MRQ,2018-09-30,2018-09-30,2018-09-30,2021-10-22,-1711000000.0,234007000000.0,,,,,65.481,-151000000.0,67763000000.0,67763000000.0,0.0,764000000.0,,8.531,13034000000.0,,,13034000000.0,0.0,240000000.0,168198000000.0,0.021,0.47,837000000.0,1077000000.0,0.36,1077000000.0,837000000.0,837000000.0,1.89,1.87,1.89,24553000000.0,,24553000000.0,-35024963337.0,-11.0,-8.409,5508000000.0,14.689,1.0,2989000000.0,1.0,7477000000.0,0.0,171801000000.0,,0.0,115177000000.0,,,209454000000.0,,,30649036663.0,496000000.0,-63000000.0,1353000000.0,-1500000000.0,-209000000.0,-18326000000.0,13163000000.0,13366000000.0,5659000000.0,0.0,708000000.0,708000000.0,708000000.0,0.0,56000000.0,0.237,2091000000.0,898000000.0,0.0,0.249,1.248,13.205,13.32,2193000000.0,0.0,83.78,2.543,2.607,3196000000.0,20387000000.0,2989000000.0,2989000000.0,0.0,,,,,0.0,1213000000.0,1.0,365827604.0,374963000,379383000.0,7.971,226530000000.0,0.0,129000000.0,0.0,604.14,
13,STT,MRQ,2018-06-30,2018-06-30,2018-06-30,2021-10-22,-1488000000.0,248308000000.0,,,,,61.734,-138000000.0,80252000000.0,80252000000.0,0.0,733000000.0,,10.001,14578000000.0,,,14578000000.0,0.0,241000000.0,186663000000.0,0.018,0.42,855000000.0,1096000000.0,0.358,1096000000.0,855000000.0,855000000.0,1.91,1.88,1.91,22571000000.0,,22571000000.0,-33918164067.0,-11.0,-8.323,-1572000000.0,-4.3,1.0,3063000000.0,1.0,7473000000.0,0.0,175161000000.0,,0.0,115754000000.0,,,225737000000.0,,,34015835933.0,1340000000.0,0.0,-20000000.0,596000000.0,-189000000.0,-4467000000.0,7241000000.0,7368000000.0,-1434000000.0,0.0,697000000.0,697000000.0,697000000.0,0.0,36000000.0,0.228,2170000000.0,893000000.0,0.0,0.22,1.507,15.172,15.286,2189000000.0,0.0,93.09,2.857,2.858,3086000000.0,19856000000.0,3063000000.0,3063000000.0,0.0,,,,,0.0,1249000000.0,1.0,365408056.0,365619000,370410000.0,8.378,240835000000.0,0.0,158000000.0,0.0,658.705,
14,STT,MRQ,2018-03-31,2018-03-31,2018-03-31,2021-10-22,-1074000000.0,250286000000.0,,,,,60.96,-147000000.0,81964000000.0,81964000000.0,0.0,659000000.0,,10.174,14030000000.0,,,14030000000.0,0.0,248000000.0,191517000000.0,0.016,0.42,732000000.0,980000000.0,0.321,980000000.0,732000000.0,732000000.0,1.64,1.62,1.64,22399000000.0,,22399000000.0,-17061946464.0,-6.0,-4.35,4689000000.0,12.761,1.0,3056000000.0,1.0,7646000000.0,0.0,174706000000.0,,0.0,121304000000.0,,,227887000000.0,,,36666053536.0,439000000.0,0.0,-420000000.0,-1415000000.0,-210000000.0,4576000000.0,-8973000000.0,-8843000000.0,4836000000.0,0.0,603000000.0,603000000.0,603000000.0,0.0,56000000.0,0.197,2268000000.0,788000000.0,0.0,0.256,1.637,17.222,17.375,2194000000.0,0.0,99.73,3.146,3.144,3183000000.0,19311000000.0,3056000000.0,3056000000.0,0.0,,,,,0.0,1369000000.0,1.0,367653199.0,367439000,372619000.0,8.317,242640000000.0,0.0,129000000.0,0.0,660.355,
15,STT,MRQ,2017-12-31,2017-12-31,2017-12-31,2021-10-22,-1009000000.0,238425000000.0,,,,,60.335,-152000000.0,69334000000.0,69334000000.0,0.0,349000000.0,,9.684,15606000000.0,,,15606000000.0,0.0,235000000.0,184896000000.0,0.016,0.42,777000000.0,1012000000.0,0.344,1012000000.0,777000000.0,777000000.0,0.85,0.84,0.85,22317000000.0,,22317000000.0,-11861631665.0,-4.0,-3.222,4931000000.0,13.331,1.0,2942000000.0,1.0,7635000000.0,0.0,177062000000.0,,0.0,125153000000.0,,,216108000000.0,,,36197368335.0,-1825000000.0,0.0,-375000000.0,-1145000000.0,-191000000.0,3923000000.0,-10831000000.0,-10704000000.0,5083000000.0,0.0,313000000.0,313000000.0,313000000.0,0.0,36000000.0,0.106,2131000000.0,811000000.0,0.0,0.494,1.622,18.356,18.557,2186000000.0,0.0,97.61,3.213,3.247,3099000000.0,18856000000.0,2942000000.0,2942000000.0,0.0,,,,,0.0,922000000.0,1.0,370836680.0,369882000,375515000.0,7.954,230790000000.0,0.0,464000000.0,0.0,623.956,
16,STT,MRQ,2017-09-30,2017-09-30,2017-09-30,2021-10-22,-984000000.0,235986000000.0,,,,,60.352,-160000000.0,64895000000.0,64895000000.0,0.0,685000000.0,,9.49,16836000000.0,,,16836000000.0,0.0,221000000.0,179263000000.0,0.016,0.42,766000000.0,987000000.0,0.347,987000000.0,766000000.0,766000000.0,1.69,1.66,1.69,22497000000.0,,22497000000.0,-13987299651.0,-6.0,-4.393,-2302000000.0,-6.175,1.0,2846000000.0,1.0,7655000000.0,0.0,180272000000.0,,0.0,121269000000.0,,,213489000000.0,,,35727700349.0,783000000.0,0.0,-375000000.0,-212000000.0,-198000000.0,-2938000000.0,5863000000.0,5982000000.0,-2142000000.0,0.0,629000000.0,629000000.0,629000000.0,0.0,56000000.0,0.221,2021000000.0,825000000.0,0.0,0.249,1.588,16.123,16.276,2167000000.0,0.0,95.54,3.292,3.281,3043000000.0,18675000000.0,2846000000.0,2846000000.0,0.0,,,,,0.0,1279000000.0,1.0,373955415.0,372765000,378518000.0,7.635,228331000000.0,0.0,137000000.0,0.0,612.533,
17,STT,MRQ,2017-06-30,2017-06-30,2017-06-30,2021-10-22,-1270000000.0,238274000000.0,,,,,58.786,-161000000.0,66773000000.0,66773000000.0,0.0,620000000.0,,9.797,17058000000.0,,,17058000000.0,0.0,203000000.0,181416000000.0,0.017,0.38,740000000.0,943000000.0,0.336,943000000.0,740000000.0,740000000.0,1.56,1.53,1.56,22068000000.0,,22068000000.0,-19364367857.0,-9.0,-6.607,329000000.0,0.876,1.0,2810000000.0,1.0,7638000000.0,0.0,180921000000.0,,0.0,123630000000.0,,,216206000000.0,,,33759632143.0,247000000.0,0.0,-259000000.0,428000000.0,-178000000.0,-2049000000.0,1806000000.0,1926000000.0,490000000.0,0.0,584000000.0,584000000.0,584000000.0,0.0,36000000.0,0.208,2031000000.0,779000000.0,0.0,0.244,1.53,16.122,16.344,2137000000.0,0.0,89.73,3.176,3.169,2805000000.0,18202000000.0,2810000000.0,2810000000.0,0.0,,,,,0.0,1284000000.0,1.0,376235731.0,375395000,380915000.0,7.485,230636000000.0,0.0,156000000.0,0.0,614.382,
18,STT,MRQ,2017-03-31,2017-03-31,2017-03-31,2021-10-22,-1805000000.0,236802000000.0,,,,,55.857,-164000000.0,69698000000.0,69698000000.0,0.0,502000000.0,,10.121,16574000000.0,,,16574000000.0,0.0,212000000.0,183465000000.0,0.019,0.38,528000000.0,740000000.0,0.277,740000000.0,528000000.0,528000000.0,1.17,1.15,1.17,21294000000.0,,21294000000.0,-24427764879.0,-12.0,-8.589,3345000000.0,8.774,1.0,2668000000.0,1.0,7565000000.0,0.0,176113000000.0,,0.0,120251000000.0,,,215508000000.0,,,30406235121.0,1595000000.0,172000000.0,-409000000.0,-816000000.0,-201000000.0,-5124000000.0,3210000000.0,3207000000.0,3509000000.0,0.0,446000000.0,446000000.0,446000000.0,0.0,56000000.0,0.167,2086000000.0,582000000.0,0.0,0.325,1.428,14.514,14.715,2101000000.0,0.0,79.61,2.926,2.921,2690000000.0,17762000000.0,2668000000.0,2668000000.0,0.0,,,,,0.0,1370000000.0,1.0,381939896.0,381224000,386417000.0,6.999,229237000000.0,0.0,82000000.0,0.0,601.318,
19,STT,MRQ,2016-12-31,2016-12-31,2016-12-31,2021-10-22,-2040000000.0,242698000000.0,,,,,55.249,-136000000.0,72249000000.0,72249000000.0,0.0,593000000.0,,10.438,17415000000.0,,,17415000000.0,0.0,205000000.0,187163000000.0,0.019,0.38,309000000.0,514000000.0,0.203,514000000.0,309000000.0,309000000.0,1.45,1.43,1.45,21219000000.0,,21219000000.0,-34989704712.0,-18.0,-13.115,-122000000.0,-0.318,1.0,2530000000.0,1.0,7564000000.0,0.0,180300000000.0,,0.0,119851000000.0,,,221479000000.0,,,29979295288.0,-2176000000.0,0.0,-363000000.0,197000000.0,-182000000.0,-11972000000.0,9782000000.0,9877000000.0,14000000.0,0.0,557000000.0,557000000.0,557000000.0,0.0,36000000.0,0.22,2183000000.0,347000000.0,0.0,0.262,1.413,15.233,15.451,2062000000.0,0.0,77.72,2.937,2.981,2644000000.0,17459000000.0,2530000000.0,2530000000.0,0.0,,,,,0.0,1083000000.0,1.0,385734628.0,384063000,389121000.0,6.587,235134000000.0,0.0,-248000000.0,0.0,612.228,
20,STT,MRQ,2016-09-30,2016-09-30,2016-09-30,2021-10-22,-993000000.0,256140000000.0,,,,,57.035,-149000000.0,82580000000.0,82580000000.0,0.0,563000000.0,,10.562,17611000000.0,,,17611000000.0,0.0,155000000.0,198766000000.0,0.02,0.38,579000000.0,734000000.0,0.28,734000000.0,579000000.0,579000000.0,1.31,1.29,1.31,22150000000.0,,22150000000.0,-34699240510.0,-15.0,-11.707,-2885000000.0,-7.429,1.0,2620000000.0,1.0,7760000000.0,0.0,183411000000.0,,0.0,124844000000.0,,,233959000000.0,,,27156759490.0,-1183000000.0,-437000000.0,-337000000.0,-295000000.0,-188000000.0,4819000000.0,-3266000000.0,-2733000000.0,-2736000000.0,0.0,507000000.0,507000000.0,507000000.0,0.0,56000000.0,0.194,1984000000.0,636000000.0,0.0,0.29,1.226,13.87,14.095,2042000000.0,0.0,69.63,2.659,2.647,2594000000.0,17047000000.0,2620000000.0,2620000000.0,0.0,,,,,0.0,1215000000.0,1.0,390015216.0,388358000,393212000.0,6.746,248380000000.0,0.0,72000000.0,0.0,639.565,
21,STT,MRQ,2016-06-30,2016-06-30,2016-06-30,2021-10-22,-997000000.0,255386000000.0,,,,,56.0,-160000000.0,79842000000.0,79842000000.0,0.0,619000000.0,,10.569,17986000000.0,,,17986000000.0,0.0,179000000.0,193130000000.0,0.025,0.34,677000000.0,856000000.0,0.333,856000000.0,677000000.0,677000000.0,1.48,1.47,1.48,22073000000.0,,22073000000.0,-31164898970.0,-13.0,-10.406,2000000000.0,5.074,1.0,2573000000.0,1.0,7353000000.0,0.0,186177000000.0,,0.0,125809000000.0,,,233282000000.0,,,21349101030.0,938000000.0,0.0,-465000000.0,1614000000.0,-169000000.0,9091000000.0,-10313000000.0,-10223000000.0,2160000000.0,0.0,585000000.0,585000000.0,585000000.0,0.0,34000000.0,0.227,1860000000.0,713000000.0,0.0,0.23,0.967,10.728,10.871,1994000000.0,0.0,53.92,2.091,2.082,2399000000.0,16686000000.0,2573000000.0,2573000000.0,0.0,,,,,0.0,1182000000.0,1.0,395940301.0,394160000,398847000.0,6.528,248033000000.0,0.0,92000000.0,0.0,629.27,
22,STT,MRQ,2016-03-31,2016-03-31,2016-03-31,2021-10-22,-964000000.0,243685000000.0,,,,,53.818,-168000000.0,68767000000.0,68767000000.0,0.0,368000000.0,,10.335,16253000000.0,,,16253000000.0,0.0,183000000.0,185516000000.0,0.023,0.34,381000000.0,564000000.0,0.227,564000000.0,381000000.0,381000000.0,0.8,0.79,0.8,21496000000.0,,21496000000.0,-35348994275.0,-17.0,-12.944,2684000000.0,6.72,1.0,2484000000.0,1.0,7482000000.0,0.0,183689000000.0,,0.0,126033000000.0,,,222157000000.0,,,23409005725.0,2528000000.0,0.0,-322000000.0,-1733000000.0,-184000000.0,-8351000000.0,8027000000.0,8189000000.0,2852000000.0,0.0,319000000.0,319000000.0,319000000.0,0.0,49000000.0,0.128,2050000000.0,434000000.0,0.0,0.425,1.089,13.048,13.21,1949000000.0,0.0,58.52,2.285,2.282,2371000000.0,16233000000.0,2484000000.0,2484000000.0,0.0,,,,,0.0,1313000000.0,1.0,400017186.0,399421000,403615000.0,6.219,236203000000.0,0.0,62000000.0,0.0,591.363,
23,STT,MRQ,2015-12-31,2015-12-31,2015-12-31,2021-10-22,-1442000000.0,245155000000.0,,,,,52.498,-160000000.0,76545000000.0,76545000000.0,0.0,576000000.0,,10.616,17750000000.0,,,17750000000.0,0.0,160000000.0,191627000000.0,0.02,0.34,650000000.0,810000000.0,0.319,810000000.0,650000000.0,650000000.0,1.35,1.34,1.35,21103000000.0,,21103000000.0,-21674661608.0,-10.0,-7.825,3219000000.0,8.008,1.0,2538000000.0,1.0,7439000000.0,0.0,178921000000.0,,0.0,123028000000.0,,,224020000000.0,,,26775338392.0,-2453000000.0,0.0,-592000000.0,-5546000000.0,-166000000.0,-1034000000.0,-4798000000.0,-4636000000.0,3379000000.0,0.0,547000000.0,547000000.0,547000000.0,0.0,29000000.0,0.216,1857000000.0,681000000.0,0.0,0.252,1.269,14.489,14.649,1894000000.0,0.0,66.36,2.584,2.612,2346000000.0,16049000000.0,2538000000.0,2538000000.0,0.0,,,,,0.0,1173000000.0,1.0,403486112.0,401976000,407236000.0,6.314,237716000000.0,0.0,103000000.0,0.0,591.369,
24,STT,MRQ,2015-09-30,2015-09-30,2015-09-30,2021-10-22,-1101000000.0,247274000000.0,,,,,52.876,-242000000.0,72021000000.0,72021000000.0,0.0,581000000.0,,10.5,23571000000.0,,,23571000000.0,0.0,159000000.0,186367000000.0,0.019,0.34,606000000.0,765000000.0,0.293,765000000.0,606000000.0,606000000.0,1.33,1.31,1.33,21500000000.0,,21500000000.0,-67548721103.0,-33.0,-25.831,-497000000.0,-1.222,1.0,2614000000.0,1.0,7536000000.0,0.0,191288000000.0,,0.0,126957000000.0,,,225742000000.0,,,27429278897.0,576000000.0,0.0,-216000000.0,-1192000000.0,-181000000.0,-45799000000.0,46630000000.0,46841000000.0,-255000000.0,0.0,539000000.0,539000000.0,539000000.0,0.0,42000000.0,0.206,1962000000.0,652000000.0,0.0,0.256,1.276,15.594,15.703,1984000000.0,0.0,67.21,2.63,2.62,2271000000.0,15795000000.0,2614000000.0,2614000000.0,0.0,,,,,0.0,1297000000.0,1.0,408113062.0,406612000,412167000.0,6.429,239738000000.0,0.0,67000000.0,0.0,589.599,
25,STT,MRQ,2015-06-30,2015-06-30,2015-06-30,2021-10-22,-1011000000.0,294571000000.0,,,,,52.353,-205000000.0,119812000000.0,119812000000.0,0.0,418000000.0,,12.701,24834000000.0,,,24834000000.0,0.0,149000000.0,230591000000.0,0.016,0.34,443000000.0,592000000.0,0.227,592000000.0,443000000.0,443000000.0,0.95,0.93,0.95,21500000000.0,,21500000000.0,-31152675574.0,-15.0,-11.787,-5129000000.0,-12.489,1.0,2608000000.0,1.0,7600000000.0,0.0,191993000000.0,,0.0,125830000000.0,,,273071000000.0,,,31699324426.0,-65000000.0,0.0,-349000000.0,1213000000.0,-152000000.0,20705000000.0,-15846000000.0,-15674000000.0,-4924000000.0,0.0,389000000.0,389000000.0,389000000.0,0.0,29000000.0,0.149,2134000000.0,474000000.0,0.0,0.358,1.474,17.991,18.203,2035000000.0,0.0,77.0,3.048,3.041,2385000000.0,15390000000.0,2608000000.0,2608000000.0,0.0,,,,,0.0,1229000000.0,1.0,411679538.0,410674000,416712000.0,6.351,286971000000.0,0.0,54000000.0,0.0,698.781,
26,STT,MRQ,2015-03-31,2015-03-31,2015-03-31,2021-10-22,-1006000000.0,279476000000.0,,,,,50.504,-96000000.0,86547000000.0,86547000000.0,0.0,405000000.0,,12.424,23695000000.0,,,23695000000.0,0.0,136000000.0,211352000000.0,0.016,0.3,467000000.0,603000000.0,0.232,603000000.0,467000000.0,467000000.0,0.9,0.89,0.9,20819000000.0,,20819000000.0,-41694005864.0,-17.0,-14.348,301000000.0,0.73,1.0,2600000000.0,1.0,7555000000.0,0.0,209069000000.0,,0.0,143611000000.0,,,258657000000.0,,,30314994136.0,1294000000.0,0.0,-581000000.0,279000000.0,-156000000.0,1888000000.0,-991000000.0,-906000000.0,397000000.0,0.0,373000000.0,373000000.0,373000000.0,0.0,32000000.0,0.143,2097000000.0,503000000.0,0.0,0.333,1.456,15.349,15.678,1933000000.0,0.0,73.53,2.918,2.918,2281000000.0,15135000000.0,2600000000.0,2600000000.0,0.0,,,,,0.0,1296000000.0,1.0,412280622.0,412225000,418750000.0,6.307,271921000000.0,0.0,94000000.0,0.0,659.642,
27,STT,MRQ,2014-12-31,2014-12-31,2014-12-31,2021-10-22,-507000000.0,274119000000.0,,,,,51.199,-129000000.0,95378000000.0,95378000000.0,0.0,477000000.0,,11.853,23369000000.0,,,23369000000.0,0.0,126000000.0,209040000000.0,0.015,0.3,529000000.0,655000000.0,0.251,655000000.0,529000000.0,529000000.0,1.1,1.08,1.1,21328000000.0,,21328000000.0,-35593619892.0,-15.0,-12.489,274000000.0,0.658,1.0,2609000000.0,1.0,7851000000.0,0.0,194259000000.0,,0.0,134111000000.0,,,252791000000.0,,,32773380108.0,-2291000000.0,0.0,-441000000.0,603000000.0,-143000000.0,1891000000.0,-4585000000.0,-4542000000.0,403000000.0,0.0,458000000.0,458000000.0,458000000.0,0.0,19000000.0,0.176,2057000000.0,552000000.0,0.0,0.273,1.537,16.738,16.991,1937000000.0,0.0,78.5,3.19,3.241,2242000000.0,14737000000.0,2609000000.0,2609000000.0,0.0,,,,,0.0,1207000000.0,1.0,417495288.0,416567000,424498000.0,6.263,266268000000.0,0.0,71000000.0,0.0,639.196,
28,STT,MRQ,2014-09-30,2014-09-30,2014-09-30,2021-10-22,-107000000.0,274805000000.0,,,,,50.136,-64000000.0,91092000000.0,91092000000.0,0.0,560000000.0,,11.989,22725000000.0,,,22725000000.0,0.0,123000000.0,207968000000.0,0.015,0.3,670000000.0,793000000.0,0.307,793000000.0,670000000.0,670000000.0,1.28,1.26,1.28,21156000000.0,,21156000000.0,-50916738217.0,-21.0,-17.461,-1428000000.0,-3.384,1.0,2582000000.0,1.0,8020000000.0,0.0,198418000000.0,,0.0,137319000000.0,,,253649000000.0,,,31175261783.0,-2101000000.0,0.0,-440000000.0,189000000.0,-145000000.0,-11308000000.0,10571000000.0,10618000000.0,-1364000000.0,0.0,542000000.0,542000000.0,542000000.0,0.0,18000000.0,0.21,1892000000.0,690000000.0,0.0,0.234,1.474,15.914,16.072,1911000000.0,0.0,73.61,3.084,3.073,2318000000.0,14531000000.0,2582000000.0,2582000000.0,0.0,,,,,0.0,1169000000.0,1.0,423519383.0,421974000,429736000.0,6.119,266785000000.0,0.0,128000000.0,0.0,632.231,
29,STT,MRQ,2014-06-30,2014-06-30,2014-06-30,2021-10-22,489000000.0,282324000000.0,,,,,50.722,-124000000.0,104633000000.0,104633000000.0,0.0,622000000.0,,12.01,22541000000.0,,,22541000000.0,0.0,129000000.0,218834000000.0,0.016,0.3,726000000.0,855000000.0,0.329,855000000.0,726000000.0,726000000.0,1.41,1.38,1.41,21700000000.0,,21700000000.0,-28437845202.0,-12.0,-9.646,-1630000000.0,-3.81,1.0,2598000000.0,1.0,8284000000.0,0.0,191948000000.0,,0.0,138692000000.0,,,260624000000.0,,,28950154798.0,2370000000.0,0.0,-436000000.0,216000000.0,-131000000.0,23840000000.0,-19964000000.0,-19868000000.0,-1506000000.0,0.0,602000000.0,602000000.0,602000000.0,0.0,20000000.0,0.232,1850000000.0,748000000.0,0.0,0.213,1.334,14.861,14.947,1920000000.0,0.0,67.26,2.909,2.891,2221000000.0,14114000000.0,2598000000.0,2598000000.0,0.0,,,,,0.0,1209000000.0,1.0,430421570.0,427824000,435320000.0,6.073,274040000000.0,0.0,124000000.0,0.0,640.544,
30,STT,MRQ,2014-03-31,2014-03-31,2014-03-31,2021-10-22,188000000.0,256663000000.0,,,,,49.401,-110000000.0,79673000000.0,79673000000.0,0.0,363000000.0,,11.065,22285000000.0,,,22285000000.0,0.0,99000000.0,194648000000.0,0.015,0.26,448000000.0,547000000.0,0.22,547000000.0,448000000.0,448000000.0,0.83,0.81,0.83,21273000000.0,,21273000000.0,-16005814752.0,-6.0,-5.457,1796000000.0,4.171,1.0,2485000000.0,1.0,8344000000.0,0.0,190931000000.0,,0.0,140564000000.0,,,235390000000.0,,,30020185248.0,657000000.0,0.0,-551000000.0,773000000.0,-120000000.0,13265000000.0,-14514000000.0,-14422000000.0,1906000000.0,0.0,356000000.0,356000000.0,356000000.0,0.0,7000000.0,0.143,2028000000.0,457000000.0,0.0,0.313,1.411,15.66,15.989,1896000000.0,0.0,69.55,3.028,3.021,2197000000.0,13639000000.0,2485000000.0,2485000000.0,0.0,,,,,0.0,1376000000.0,1.0,431634583.0,430621000,438815000.0,5.771,248319000000.0,0.0,92000000.0,0.0,576.653,
31,STT,MRQ,2013-12-31,2013-12-31,2013-12-31,2021-10-22,-95000000.0,243291000000.0,,,,,46.765,-129000000.0,67477000000.0,67477000000.0,0.0,467000000.0,,10.939,21451000000.0,,,21451000000.0,0.0,137000000.0,182268000000.0,0.014,0.26,584000000.0,721000000.0,0.295,721000000.0,584000000.0,584000000.0,1.06,1.03,1.06,20378000000.0,,20378000000.0,12308299609.0,5.0,3.979,-1578000000.0,-3.621,1.0,2444000000.0,1.0,8396000000.0,0.0,188869000000.0,,0.0,137445000000.0,,,222913000000.0,,,32218299609.0,-676000000.0,-18000000.0,-574000000.0,-1136000000.0,-121000000.0,26288000000.0,-25515000000.0,-25423000000.0,-1449000000.0,0.0,459000000.0,459000000.0,459000000.0,0.0,8000000.0,0.188,1846000000.0,598000000.0,0.0,0.245,1.581,15.981,16.237,1860000000.0,0.0,73.39,3.266,3.32,2123000000.0,13395000000.0,2444000000.0,2444000000.0,0.0,,,,,0.0,1181000000.0,1.0,439001221.0,435754000,445444000.0,5.609,234895000000.0,0.0,125000000.0,0.0,539.054,
32,STT,MRQ,2013-09-30,2013-09-30,2013-09-30,2021-10-22,-114000000.0,217180000000.0,,,,,46.132,-31000000.0,42532000000.0,42532000000.0,0.0,540000000.0,,9.63,22622000000.0,,,22622000000.0,0.0,131000000.0,154199000000.0,0.016,0.26,694000000.0,825000000.0,0.34,825000000.0,694000000.0,694000000.0,1.2,1.17,1.2,20430000000.0,,20430000000.0,430674188.0,0.0,0.14,1155000000.0,2.608,1.0,2425000000.0,1.0,8402000000.0,0.0,188868000000.0,,0.0,138979000000.0,,,196750000000.0,,,29322674188.0,-1583000000.0,18000000.0,-571000000.0,1231000000.0,-123000000.0,-11784000000.0,9015000000.0,9010000000.0,1186000000.0,0.0,531000000.0,531000000.0,531000000.0,0.0,9000000.0,0.219,1722000000.0,703000000.0,0.0,0.217,1.435,14.48,14.676,1816000000.0,0.0,65.75,2.971,2.95,2094000000.0,12963000000.0,2425000000.0,2425000000.0,0.0,,,,,0.0,1114000000.0,1.0,445972231.0,442860000,452154000.0,5.476,208778000000.0,0.0,163000000.0,0.0,471.431,
33,STT,MRQ,2013-06-30,2013-06-30,2013-06-30,2021-10-22,-523000000.0,227300000000.0,,,,,44.41,-109000000.0,50262000000.0,50262000000.0,0.0,579000000.0,,10.319,21370000000.0,,,21370000000.0,0.0,86000000.0,166520000000.0,0.015,0.26,754000000.0,840000000.0,0.328,840000000.0,754000000.0,754000000.0,1.26,1.24,1.26,20081000000.0,,20081000000.0,9710486356.0,3.0,2.992,-2252000000.0,-4.98,1.0,2560000000.0,1.0,8330000000.0,0.0,190078000000.0,,0.0,138279000000.0,,,207219000000.0,,,29740486356.0,771000000.0,0.0,-551000000.0,-2447000000.0,-132000000.0,8615000000.0,-5701000000.0,-5622000000.0,-2143000000.0,0.0,571000000.0,571000000.0,571000000.0,0.0,8000000.0,0.223,1798000000.0,762000000.0,0.0,0.206,1.481,13.846,13.964,1772000000.0,0.0,65.21,3.035,3.009,2055000000.0,12545000000.0,2560000000.0,2560000000.0,0.0,,,,,0.0,1134000000.0,1.0,456072479.0,452176000,461040000.0,5.662,218970000000.0,0.0,183000000.0,0.0,484.258,
34,STT,MRQ,2013-03-31,2013-03-31,2013-03-31,2021-10-22,251000000.0,218189000000.0,,,,,45.935,-119000000.0,43932000000.0,43932000000.0,0.0,464000000.0,,9.455,23902000000.0,,,23902000000.0,0.0,107000000.0,154775000000.0,0.017,0.26,600000000.0,707000000.0,0.29,707000000.0,600000000.0,600000000.0,1.0,0.98,1.0,20869000000.0,,20869000000.0,-6019900410.0,-2.0,-1.948,263000000.0,0.579,1.0,2435000000.0,1.0,8364000000.0,0.0,189795000000.0,,0.0,140749000000.0,,,197320000000.0,,,26997099590.0,2118000000.0,0.0,-412000000.0,3548000000.0,-110000000.0,-6380000000.0,8116000000.0,8199000000.0,382000000.0,0.0,455000000.0,455000000.0,455000000.0,0.0,9000000.0,0.187,1826000000.0,609000000.0,0.0,0.26,1.294,13.125,13.399,1756000000.0,0.0,59.09,2.794,2.778,2103000000.0,12090000000.0,2435000000.0,2435000000.0,0.0,,,,,0.0,1230000000.0,1.0,456881022.0,454315000,462751000.0,5.36,209825000000.0,0.0,145000000.0,0.0,461.849,
35,STT,MRQ,2012-12-31,2012-12-31,2012-12-31,2021-10-22,360000000.0,222582000000.0,,,,,45.444,-101000000.0,53353000000.0,53353000000.0,0.0,470000000.0,,9.666,20336000000.0,,,20336000000.0,0.0,119000000.0,164181000000.0,0.02,0.24,585000000.0,704000000.0,0.287,704000000.0,585000000.0,585000000.0,1.02,1.01,1.02,20869000000.0,,20869000000.0,3536632495.0,1.0,1.173,432000000.0,0.941,1.0,2449000000.0,1.0,8516000000.0,0.0,181049000000.0,,0.0,138999000000.0,,,201713000000.0,,,21850632495.0,-3842000000.0,-511000000.0,-878000000.0,609000000.0,-122000000.0,17495000000.0,-21870000000.0,-21269000000.0,533000000.0,0.0,468000000.0,468000000.0,468000000.0,0.0,2000000.0,0.191,1864000000.0,585000000.0,0.0,0.235,1.047,10.823,11.061,1728000000.0,0.0,47.01,2.265,2.312,1970000000.0,11751000000.0,2449000000.0,2449000000.0,0.0,,,,,0.0,1151000000.0,1.0,464808179.0,459224000,467077000.0,5.333,214066000000.0,0.0,117000000.0,0.0,466.147,
36,STT,MRQ,2012-09-30,2012-09-30,2012-09-30,2021-10-22,186000000.0,204522000000.0,,,,,43.927,-111000000.0,38015000000.0,38015000000.0,0.0,674000000.0,,8.857,19701000000.0,,,19701000000.0,0.0,74000000.0,146289000000.0,0.021,0.24,921000000.0,995000000.0,0.422,995000000.0,921000000.0,921000000.0,1.39,1.36,1.39,20749000000.0,,20749000000.0,3540259185.0,1.0,1.206,2352000000.0,4.979,1.0,2356000000.0,1.0,7961000000.0,0.0,178247000000.0,,0.0,138388000000.0,,,183773000000.0,,,20103259185.0,344000000.0,0.0,-390000000.0,-1501000000.0,-122000000.0,993000000.0,-3112000000.0,-3037000000.0,2463000000.0,0.0,654000000.0,654000000.0,654000000.0,0.0,20000000.0,0.278,1415000000.0,941000000.0,0.0,0.173,0.969,10.46,10.438,1720000000.0,0.0,41.96,2.113,2.083,1933000000.0,11392000000.0,2356000000.0,2356000000.0,0.0,,,,,0.0,1120000000.0,1.0,479105319.0,472355000,480010000.0,4.988,196561000000.0,0.0,267000000.0,0.0,416.13,
37,STT,MRQ,2012-06-30,2012-06-30,2012-06-30,2021-10-22,-537000000.0,200777000000.0,,,,,41.331,-58000000.0,37233000000.0,37233000000.0,0.0,490000000.0,,9.091,20670000000.0,,,20670000000.0,0.0,43000000.0,143771000000.0,0.019,0.24,642000000.0,685000000.0,0.283,685000000.0,642000000.0,642000000.0,1.0,0.98,1.0,19897000000.0,,19897000000.0,14652820000.0,6.0,5.629,-1744000000.0,-3.623,1.0,2423000000.0,1.0,7945000000.0,0.0,176269000000.0,,0.0,135273000000.0,,,180880000000.0,,,21810820000.0,4705000000.0,0.0,-389000000.0,-295000000.0,-124000000.0,12783000000.0,-6392000000.0,-6377000000.0,-1686000000.0,0.0,480000000.0,480000000.0,480000000.0,0.0,10000000.0,0.198,1772000000.0,651000000.0,0.0,0.24,1.096,12.044,11.936,1702000000.0,0.0,44.64,2.275,2.242,1914000000.0,10846000000.0,2423000000.0,2423000000.0,0.0,,,,,0.0,1153000000.0,1.0,488593638.0,481404000,488518000.0,5.033,192832000000.0,0.0,162000000.0,0.0,400.562,
38,STT,MRQ,2012-03-31,2012-03-31,2012-03-31,2021-10-22,-299000000.0,187956000000.0,,,,,41.57,-85000000.0,28092000000.0,28092000000.0,0.0,427000000.0,,8.324,20934000000.0,,,20934000000.0,0.0,55000000.0,130180000000.0,0.017,0.24,576000000.0,631000000.0,0.261,631000000.0,576000000.0,576000000.0,0.86,0.85,0.86,20159000000.0,,20159000000.0,-16756862538.0,-7.0,-6.248,538000000.0,1.109,1.0,2421000000.0,1.0,8143000000.0,0.0,172655000000.0,,0.0,134293000000.0,,,167797000000.0,,,22197137462.0,-810000000.0,0.0,169000000.0,-1183000000.0,-95000000.0,-28216000000.0,26783000000.0,26842000000.0,623000000.0,0.0,417000000.0,417000000.0,417000000.0,0.0,10000000.0,0.172,1835000000.0,586000000.0,0.0,0.279,1.101,12.11,12.133,1736000000.0,0.0,45.5,2.299,2.286,1966000000.0,10478000000.0,2421000000.0,2421000000.0,0.0,,,,,0.0,1264000000.0,1.0,487849175.0,484942000,490454000.0,4.992,179813000000.0,0.0,159000000.0,0.0,370.793,
39,STT,MRQ,2011-12-31,2011-12-31,2011-12-31,2021-10-22,-659000000.0,216827000000.0,,,,,39.967,-89000000.0,61079000000.0,61079000000.0,0.0,381000000.0,,10.178,22125000000.0,,,22125000000.0,0.0,102000000.0,157287000000.0,0.018,0.18,522000000.0,624000000.0,0.27,624000000.0,522000000.0,522000000.0,0.77,0.76,0.77,19398000000.0,,19398000000.0,7618535337.0,3.0,2.805,3060000000.0,6.305,1.0,2315000000.0,1.0,8104000000.0,0.0,169769000000.0,,0.0,126936000000.0,,,197429000000.0,,,19830535337.0,-7294000000.0,-137000000.0,-219000000.0,-7845000000.0,-96000000.0,14129000000.0,-24572000000.0,-24353000000.0,3149000000.0,0.0,371000000.0,371000000.0,371000000.0,0.0,10000000.0,0.16,1784000000.0,531000000.0,0.0,0.234,1.022,10.537,10.552,1747000000.0,0.0,40.31,2.067,2.07,1822000000.0,10176000000.0,2315000000.0,2315000000.0,0.0,,,,,0.0,1086000000.0,1.0,491950765.0,485347000,489037000.0,4.77,208723000000.0,0.0,151000000.0,0.0,430.049,
40,STT,MRQ,2011-09-30,2011-09-30,2011-09-30,2021-10-22,-315000000.0,208795000000.0,,,,,40.035,-17000000.0,45971000000.0,45971000000.0,0.0,555000000.0,,9.625,33759000000.0,,,33759000000.0,0.0,46000000.0,134998000000.0,0.017,0.18,617000000.0,663000000.0,0.273,663000000.0,617000000.0,617000000.0,1.11,1.1,1.11,19651000000.0,,19651000000.0,11171660372.0,5.0,4.872,2269000000.0,4.623,1.0,2427000000.0,1.0,8125000000.0,0.0,188458000000.0,,0.0,126325000000.0,,,189144000000.0,,,16209660372.0,4915000000.0,0.0,-224000000.0,3281000000.0,-96000000.0,12550000000.0,-9921000000.0,-9990000000.0,2286000000.0,0.0,543000000.0,543000000.0,543000000.0,0.0,12000000.0,0.224,1798000000.0,629000000.0,0.0,0.162,0.825,10.182,9.957,1738000000.0,0.0,32.16,1.739,1.693,1932000000.0,9889000000.0,2427000000.0,2427000000.0,0.0,,,,,0.0,1167000000.0,1.0,504031728.0,490840000,494780000.0,4.945,200670000000.0,0.0,74000000.0,0.0,408.83,
41,STT,MRQ,2011-06-30,2011-06-30,2011-06-30,2021-10-22,160000000.0,190455000000.0,,,,,39.923,-103000000.0,35471000000.0,35471000000.0,0.0,513000000.0,,8.602,30433000000.0,,,30433000000.0,0.0,60000000.0,125409000000.0,0.008,0.18,704000000.0,764000000.0,0.307,764000000.0,704000000.0,704000000.0,1.01,1.0,1.01,19834000000.0,,19834000000.0,29435103901.0,12.0,12.826,-2317000000.0,-4.664,1.0,2491000000.0,1.0,8364000000.0,0.0,177053000000.0,,0.0,123142000000.0,,,170621000000.0,,,22727103901.0,1935000000.0,0.0,-219000000.0,279000000.0,-98000000.0,17957000000.0,-13808000000.0,-13885000000.0,-2214000000.0,0.0,502000000.0,502000000.0,502000000.0,0.0,11000000.0,0.202,1774000000.0,717000000.0,0.0,0.178,1.146,14.303,14.047,1853000000.0,0.0,45.09,2.469,2.434,1871000000.0,9430000000.0,2491000000.0,2491000000.0,0.0,,,,,0.0,1206000000.0,1.0,504038676.0,496806000,501044000.0,5.014,182091000000.0,0.0,202000000.0,0.0,366.523,
42,STT,MRQ,2011-03-31,2011-03-31,2011-03-31,2021-10-22,-238000000.0,171796000000.0,,,,,38.555,-89000000.0,22621000000.0,22621000000.0,0.0,471000000.0,,7.957,29329000000.0,,,29329000000.0,0.0,10000000.0,107414000000.0,0.005,0.18,655000000.0,665000000.0,0.282,665000000.0,655000000.0,655000000.0,0.94,0.93,0.94,19180000000.0,,19180000000.0,29614401433.0,15.0,16.684,64000000.0,0.129,1.0,2361000000.0,1.0,8364000000.0,0.0,170140000000.0,,0.0,119675000000.0,,,152616000000.0,,,22568401433.0,-674000000.0,-77000000.0,-27000000.0,-4770000000.0,-5000000.0,4767000000.0,-5594000000.0,-5442000000.0,153000000.0,0.0,466000000.0,466000000.0,466000000.0,0.0,5000000.0,0.197,1702000000.0,659000000.0,0.0,0.191,1.177,14.906,14.638,1845000000.0,0.0,44.94,2.503,2.479,1850000000.0,9013000000.0,2361000000.0,2361000000.0,0.0,,,,,0.0,1163000000.0,1.0,502189618.0,497471000,500980000.0,4.746,163432000000.0,0.0,189000000.0,0.0,328.526,
43,STT,MRQ,2010-12-31,2010-12-31,2010-12-31,2021-10-22,-689000000.0,160505000000.0,,,,,35.887,-105000000.0,25545000000.0,25545000000.0,0.0,83000000.0,,8.024,31099000000.0,,,31099000000.0,0.0,-49000000.0,98345000000.0,0.001,0.01,250000000.0,201000000.0,0.098,201000000.0,250000000.0,250000000.0,0.17,0.16,0.17,17787000000.0,,17787000000.0,30329837527.0,15.0,18.26,-274000000.0,-0.553,1.0,2043000000.0,1.0,8190000000.0,0.0,157869000000.0,,0.0,109394000000.0,,,142718000000.0,,,23263837527.0,-1272000000.0,-86000000.0,-2000000.0,-3601000000.0,-5000000.0,-10297000000.0,9194000000.0,9348000000.0,-169000000.0,0.0,81000000.0,81000000.0,81000000.0,0.0,2000000.0,0.04,1792000000.0,251000000.0,0.0,0.059,1.308,15.106,14.9,1802000000.0,0.0,46.34,2.598,2.564,1733000000.0,8634000000.0,2043000000.0,2043000000.0,0.0,,,,,0.0,1098000000.0,1.0,502024979.0,495640000,498551000.0,4.122,152315000000.0,0.0,169000000.0,0.0,307.31,
44,STT,MRQ,2010-09-30,2010-09-30,2010-09-30,2021-10-22,-782000000.0,172964000000.0,,,,,35.441,-78000000.0,29143000000.0,29143000000.0,0.0,546000000.0,,8.845,36209000000.0,,,36209000000.0,0.0,-111000000.0,105034000000.0,0.001,0.01,776000000.0,665000000.0,0.288,665000000.0,776000000.0,776000000.0,1.09,1.08,1.09,17569000000.0,,17569000000.0,32090142767.0,13.0,7.439,-2488000000.0,-5.019,1.0,2310000000.0,1.0,8333000000.0,0.0,171697000000.0,,0.0,117387000000.0,,,155395000000.0,,,18900142767.0,-729000000.0,-6000000.0,-1000000.0,-2620000000.0,-5000000.0,6665000000.0,-4984000000.0,-4925000000.0,-2410000000.0,0.0,540000000.0,540000000.0,540000000.0,0.0,6000000.0,0.234,1527000000.0,783000000.0,0.0,0.009,1.076,9.658,9.486,1835000000.0,0.0,37.66,2.057,2.031,1767000000.0,8556000000.0,2310000000.0,2310000000.0,0.0,,,,,0.0,1027000000.0,1.0,501862527.0,495729000,498159000.0,4.66,164631000000.0,0.0,236000000.0,0.0,332.099,
45,STT,MRQ,2010-06-30,2010-06-30,2010-06-30,2021-10-22,-1707000000.0,162075000000.0,,,,,32.403,-54000000.0,25610000000.0,25610000000.0,0.0,432000000.0,,9.092,38800000000.0,,,38800000000.0,0.0,-101000000.0,95743000000.0,0.001,0.01,345000000.0,244000000.0,0.106,244000000.0,345000000.0,345000000.0,0.87,0.87,0.87,16059000000.0,,16059000000.0,29210991797.0,13.0,7.534,1545000000.0,3.117,1.0,2304000000.0,1.0,8111000000.0,0.0,167154000000.0,,0.0,112742000000.0,,,146016000000.0,,,16967991797.0,3215000000.0,-2240000000.0,3000000.0,150000000.0,-5000000.0,5555000000.0,-3939000000.0,-1809000000.0,1599000000.0,0.0,427000000.0,427000000.0,427000000.0,0.0,5000000.0,0.185,1944000000.0,360000000.0,0.0,0.011,1.057,9.729,9.554,1839000000.0,0.0,33.82,1.861,1.839,1727000000.0,8015000000.0,2304000000.0,2304000000.0,0.0,,,,,0.0,1050000000.0,1.0,501714719.0,495606000,498886000.0,4.649,153964000000.0,0.0,-82000000.0,0.0,310.658,
46,STT,MRQ,2010-03-31,2010-03-31,2010-03-31,2021-10-22,-1885000000.0,153971000000.0,,,,,31.157,-25000000.0,26366000000.0,26366000000.0,0.0,495000000.0,,8.992,38609000000.0,,,38609000000.0,0.0,-148000000.0,90336000000.0,0.001,0.01,699000000.0,551000000.0,0.24,551000000.0,699000000.0,699000000.0,0.99,0.99,0.99,15410000000.0,,15410000000.0,37200491072.0,-31.0,-20.806,1778000000.0,3.595,1.0,2296000000.0,1.0,6283000000.0,0.0,159931000000.0,,0.0,107093000000.0,,,138561000000.0,,,22361491072.0,-544000000.0,0.0,-34000000.0,-5503000000.0,-5000000.0,-5268000000.0,2921000000.0,2809000000.0,1803000000.0,0.0,492000000.0,492000000.0,492000000.0,0.0,3000000.0,0.214,1579000000.0,717000000.0,0.0,0.01,1.451,-11.198,13.009,1880000000.0,0.0,45.14,2.503,2.499,1563000000.0,7588000000.0,2296000000.0,2296000000.0,0.0,,,,,0.0,1082000000.0,1.0,495380839.0,494588000,498056000.0,4.642,147688000000.0,0.0,207000000.0,0.0,298.608,
47,STT,MRQ,2009-12-31,2009-12-31,2009-12-31,2021-10-22,-2238000000.0,157946000000.0,,,,,29.351,-154000000.0,29273000000.0,29273000000.0,0.0,498000000.0,,9.9,44112000000.0,,,44112000000.0,0.0,2174000000.0,90062000000.0,0.001,0.01,680000000.0,2854000000.0,1.252,2854000000.0,680000000.0,680000000.0,1.02,1.01,1.02,14491000000.0,,14491000000.0,35439723853.0,-27.0,-19.921,232000000.0,0.47,1.0,2280000000.0,1.0,6360000000.0,0.0,166425000000.0,,0.0,106840000000.0,,,143455000000.0,,,21537723853.0,-2386000000.0,0.0,4000000.0,-2291000000.0,-4000000.0,-3975000000.0,1203000000.0,1294000000.0,386000000.0,0.0,498000000.0,498000000.0,498000000.0,0.0,0.0,0.218,1565000000.0,715000000.0,0.0,0.01,1.486,-10.537,12.44,1953000000.0,0.0,43.54,2.493,2.372,1497000000.0,7071000000.0,2280000000.0,2280000000.0,0.0,,,,,0.0,986000000.0,1.0,494665224.0,493708000,497310000.0,4.618,151586000000.0,0.0,182000000.0,0.0,307.036,
48,STT,MRQ,2009-09-30,2009-09-30,2009-09-30,2021-10-22,-2776000000.0,163277000000.0,,,,,27.237,178000000.0,32506000000.0,32506000000.0,0.0,327000000.0,,11.149,46408000000.0,,,46408000000.0,0.0,-259000000.0,91768000000.0,0.005,0.01,487000000.0,228000000.0,0.102,228000000.0,487000000.0,487000000.0,0.66,0.66,0.66,13440000000.0,,13440000000.0,41766143124.0,-25.0,-9.218,567000000.0,1.149,1.0,2236000000.0,1.0,6399000000.0,0.0,170780000000.0,,0.0,106077000000.0,,,149837000000.0,,,26010143124.0,983000000.0,0.0,-34000000.0,388000000.0,-5000000.0,6480000000.0,-5886000000.0,-6127000000.0,389000000.0,0.0,327000000.0,327000000.0,327000000.0,0.0,0.0,0.146,1733000000.0,503000000.0,0.0,0.015,1.935,-11.27,17.533,1947000000.0,0.0,52.6,2.879,2.873,1618000000.0,6579000000.0,2236000000.0,2236000000.0,0.0,,,,,0.0,1013000000.0,1.0,494489413.0,493453000,498290000.0,4.531,156878000000.0,0.0,160000000.0,0.0,317.919,
49,STT,MRQ,2009-06-30,2009-06-30,2009-06-30,2021-10-22,-3828000000.0,153421000000.0,,,,,26.129,-209000000.0,30390000000.0,30390000000.0,0.0,-3182000000.0,,11.676,46146000000.0,,,46146000000.0,0.0,-2349000000.0,85577000000.0,0.011,0.01,-3072000000.0,-5421000000.0,-2.555,-5421000000.0,-3072000000.0,-3072000000.0,0.8,0.79,0.8,12103000000.0,,12103000000.0,18657242506.0,-14.0,-4.934,-2480000000.0,-5.354,1.0,2122000000.0,1.0,6337000000.0,0.0,162840000000.0,,0.0,98659000000.0,,,141318000000.0,,,20521242506.0,505000000.0,0.0,2254000000.0,-6162000000.0,-35000000.0,-4282000000.0,7058000000.0,7013000000.0,-2271000000.0,0.0,-3314000000.0,-3314000000.0,-3314000000.0,0.0,132000000.0,-1.562,1364000000.0,758000000.0,0.0,0.013,1.696,-9.509,13.721,2114000000.0,0.0,47.2,2.145,2.285,1549000000.0,6255000000.0,2122000000.0,2122000000.0,0.0,,,,,0.0,890000000.0,1.0,434772087.0,463196000,465814000.0,4.581,147084000000.0,0.0,242000000.0,0.0,317.542,
50,STT,MRQ,2009-03-31,2009-03-31,2009-03-31,2021-10-22,-4987000000.0,142144000000.0,,,,,32.065,-140000000.0,38445000000.0,38445000000.0,0.0,476000000.0,,9.257,36581000000.0,,,36581000000.0,0.0,-23000000.0,83916000000.0,0.024,0.01,583000000.0,560000000.0,0.28,560000000.0,583000000.0,583000000.0,1.03,1.02,1.03,13858000000.0,,13858000000.0,-11366096524.0,-4.0,-4.322,-2875000000.0,-6.652,1.0,2002000000.0,1.0,6302000000.0,0.0,133978000000.0,,0.0,84281000000.0,,,128286000000.0,,,13295903476.0,358000000.0,0.0,3000000.0,2266000000.0,-124000000.0,-26164000000.0,29257000000.0,29347000000.0,-2735000000.0,0.0,445000000.0,445000000.0,445000000.0,0.0,31000000.0,0.222,1304000000.0,698000000.0,0.0,0.01,0.959,7.803,7.695,2029000000.0,0.0,30.78,1.314,1.315,1498000000.0,9575000000.0,2002000000.0,2002000000.0,0.0,,,,,0.0,887000000.0,1.0,431965675.0,432179000,435299000.0,4.632,135842000000.0,0.0,138000000.0,0.0,314.319,
51,STT,MRQ,2008-12-31,2008-12-31,2008-12-31,2021-10-22,-5650000000.0,173631000000.0,,,,,29.626,-283000000.0,58914000000.0,58914000000.0,0.0,256000000.0,,12.593,34252000000.0,,,34252000000.0,0.0,-238000000.0,112225000000.0,0.024,0.24,340000000.0,102000000.0,0.038,102000000.0,340000000.0,340000000.0,0.51,0.52,0.51,12774000000.0,,12774000000.0,43075712513.0,15.0,14.146,1287000000.0,2.985,1.0,2673000000.0,1.0,6378000000.0,0.0,142591000000.0,,0.0,87580000000.0,,,160857000000.0,,,16988712513.0,-54390000000.0,388000000.0,-78000000.0,-70341000000.0,-117000000.0,-107183000000.0,51223000000.0,51094000000.0,1570000000.0,0.0,234000000.0,234000000.0,234000000.0,0.0,22000000.0,0.088,2311000000.0,362000000.0,0.0,0.471,1.33,9.496,9.104,2011000000.0,0.0,39.33,1.589,1.52,1738000000.0,9135000000.0,2673000000.0,2673000000.0,0.0,,,,,0.0,909000000.0,1.0,431953026.0,431170000,430788000.0,6.199,167253000000.0,0.0,106000000.0,0.0,387.905,
52,STT,MRQ,2008-09-30,2008-09-30,2008-09-30,2021-10-22,-3146000000.0,285564000000.0,,,,,30.32,-114000000.0,78193000000.0,78193000000.0,0.0,477000000.0,,20.859,104280000000.0,,,104280000000.0,0.0,132000000.0,150869000000.0,0.017,0.24,846000000.0,978000000.0,0.353,978000000.0,846000000.0,846000000.0,1.1,1.09,1.1,13064000000.0,,13064000000.0,19818813613.0,7.0,6.565,-2951000000.0,-6.849,1.0,2771000000.0,1.0,6406000000.0,0.0,305245000000.0,,0.0,182846000000.0,,,272500000000.0,,,24557813613.0,53676000000.0,0.0,12000000.0,78856000000.0,-103000000.0,132386000000.0,-75873000000.0,-75798000000.0,-2837000000.0,0.0,477000000.0,477000000.0,477000000.0,0.0,0.0,0.172,1925000000.0,846000000.0,0.0,0.218,1.88,13.812,13.046,1987000000.0,0.0,56.88,2.339,2.334,1915000000.0,9002000000.0,2771000000.0,2771000000.0,0.0,,,,,0.0,1223000000.0,1.0,431747778.0,430872000,435030000.0,6.431,279158000000.0,0.0,369000000.0,0.0,647.891,
53,STT,MRQ,2008-06-30,2008-06-30,2008-06-30,2021-10-22,-1716000000.0,146221000000.0,,,,,34.881,-126000000.0,30247000000.0,30247000000.0,0.0,548000000.0,,9.415,25508000000.0,,,25508000000.0,0.0,159000000.0,97247000000.0,0.014,0.24,831000000.0,990000000.0,0.371,990000000.0,831000000.0,831000000.0,1.36,1.35,1.36,14039000000.0,,14039000000.0,27033257788.0,11.0,9.837,1140000000.0,2.832,1.0,2672000000.0,1.0,6490000000.0,0.0,134992000000.0,,0.0,97384000000.0,,,132182000000.0,,,25013257788.0,-1762000000.0,38000000.0,2770000000.0,339000000.0,-90000000.0,-4440000000.0,1412000000.0,1361000000.0,1266000000.0,0.0,548000000.0,548000000.0,548000000.0,0.0,0.0,0.205,1841000000.0,831000000.0,0.0,0.176,1.782,15.077,15.309,1992000000.0,0.0,63.99,2.509,2.584,2076000000.0,8629000000.0,2672000000.0,2672000000.0,0.0,,,,,0.0,1281000000.0,1.0,390893230.0,402482000,406964000.0,6.639,139731000000.0,0.0,283000000.0,0.0,347.173,
54,STT,MRQ,2008-03-31,2008-03-31,2008-03-31,2021-10-22,-1658000000.0,154349000000.0,,,,,27.855,-158000000.0,23179000000.0,23179000000.0,0.0,530000000.0,,13.284,25199000000.0,,,25199000000.0,0.0,172000000.0,104707000000.0,0.011,0.23,803000000.0,975000000.0,0.378,975000000.0,803000000.0,803000000.0,1.36,1.35,1.36,10806000000.0,,10806000000.0,40020202637.0,18.0,17.139,-2034000000.0,-5.243,1.0,2577000000.0,1.0,6486000000.0,0.0,149883000000.0,,0.0,108192000000.0,,,143543000000.0,,,30608202637.0,1616000000.0,0.0,103000000.0,897000000.0,-89000000.0,9824000000.0,-6332000000.0,-6250000000.0,-1876000000.0,0.0,530000000.0,530000000.0,530000000.0,0.0,0.0,0.206,1774000000.0,803000000.0,0.0,0.169,2.833,20.723,20.205,1965000000.0,0.0,79.0,3.321,3.325,2090000000.0,8185000000.0,2577000000.0,2577000000.0,0.0,,,,,0.0,1254000000.0,1.0,387445603.0,387942000,393647000.0,6.643,147863000000.0,0.0,273000000.0,0.0,381.147,
55,STT,MRQ,2007-12-31,2007-12-31,2007-12-31,2021-10-22,-575000000.0,142543000000.0,,,,,29.312,-129000000.0,14852000000.0,14852000000.0,0.0,223000000.0,,11.616,24264000000.0,,,24264000000.0,0.0,-230000000.0,95789000000.0,0.011,0.23,306000000.0,76000000.0,0.031,76000000.0,306000000.0,306000000.0,0.54,0.54,0.54,11299000000.0,,11299000000.0,40361892852.0,21.0,19.853,2033000000.0,5.274,1.0,2479000000.0,1.0,6557000000.0,0.0,145398000000.0,,0.0,110065000000.0,,,131244000000.0,,,31359892852.0,-339000000.0,-4000000.0,61000000.0,1492000000.0,-85000000.0,4254000000.0,-6755000000.0,-6648000000.0,2162000000.0,0.0,223000000.0,223000000.0,223000000.0,0.0,0.0,0.09,2173000000.0,306000000.0,0.0,0.426,2.775,24.869,23.266,1894000000.0,0.0,81.2,3.762,3.513,2096000000.0,7745000000.0,2479000000.0,2479000000.0,0.0,,,,,0.0,983000000.0,1.0,386205577.0,385470000,391867000.0,6.431,135986000000.0,0.0,83000000.0,0.0,352.78,
56,STT,MRQ,2007-09-30,2007-09-30,2007-09-30,2021-10-22,-369000000.0,139888000000.0,,,,,29.082,-116000000.0,13744000000.0,13744000000.0,0.0,358000000.0,,11.434,22746000000.0,,,22746000000.0,0.0,156000000.0,93001000000.0,0.013,0.22,551000000.0,707000000.0,0.316,707000000.0,551000000.0,551000000.0,0.92,0.91,0.92,11250000000.0,,11250000000.0,40502381319.0,20.0,16.424,564000000.0,1.458,1.0,2240000000.0,1.0,6595000000.0,0.0,142295000000.0,,0.0,105831000000.0,,,128638000000.0,,,26549381319.0,-241000000.0,-73000000.0,-984000000.0,-5012000000.0,-76000000.0,2529000000.0,-3450000000.0,-3323000000.0,680000000.0,0.0,358000000.0,358000000.0,358000000.0,0.0,0.0,0.16,1689000000.0,551000000.0,0.0,0.239,2.36,19.71,17.567,1824000000.0,0.0,68.16,3.55,3.526,1883000000.0,7610000000.0,2240000000.0,2240000000.0,0.0,,,,,0.0,1091000000.0,1.0,389515571.0,386843000,392150000.0,5.79,133293000000.0,0.0,193000000.0,0.0,344.566,
57,STT,MRQ,2007-06-30,2007-06-30,2007-06-30,2021-10-22,-276000000.0,112268000000.0,,,,,23.075,-84000000.0,9467000000.0,9467000000.0,0.0,366000000.0,,13.49,23420000000.0,,,23420000000.0,0.0,14000000.0,73036000000.0,0.012,0.22,563000000.0,577000000.0,0.3,577000000.0,563000000.0,563000000.0,1.09,1.07,1.09,7748000000.0,,7748000000.0,43576072777.0,23.0,19.222,196000000.0,0.584,1.0,1921000000.0,1.0,2446000000.0,0.0,123775000000.0,,0.0,90727000000.0,,,104520000000.0,,,23008072777.0,1553000000.0,-23000000.0,38000000.0,-5190000000.0,-70000000.0,1214000000.0,59000000.0,162000000.0,280000000.0,0.0,366000000.0,366000000.0,366000000.0,0.0,0.0,0.191,1358000000.0,563000000.0,0.0,0.202,2.97,18.159,18.0,1725000000.0,0.0,68.4,3.407,3.4,1671000000.0,7339000000.0,1921000000.0,1921000000.0,0.0,,,,,0.0,958000000.0,1.0,336375333.0,335769000,341101000.0,5.721,109822000000.0,0.0,197000000.0,0.0,327.076,
58,STT,MRQ,2007-03-31,2007-03-31,2007-03-31,2021-10-22,-147000000.0,110003000000.0,,,,,22.354,-147000000.0,8049000000.0,8049000000.0,0.0,314000000.0,,13.732,28617000000.0,,,28617000000.0,0.0,190000000.0,66600000000.0,0.013,0.21,483000000.0,673000000.0,0.397,673000000.0,483000000.0,483000000.0,0.94,0.93,0.94,7467000000.0,,7467000000.0,40757464592.0,22.0,17.767,-330000000.0,-0.988,1.0,1696000000.0,1.0,2411000000.0,0.0,128160000000.0,,0.0,91227000000.0,,,102536000000.0,,,21616464592.0,930000000.0,-547000000.0,68000000.0,1871000000.0,-70000000.0,2821000000.0,-1708000000.0,-1017000000.0,-183000000.0,0.0,314000000.0,314000000.0,314000000.0,0.0,0.0,0.185,1213000000.0,483000000.0,0.0,0.223,2.895,19.164,19.044,1680000000.0,0.0,64.75,3.334,3.336,1627000000.0,7046000000.0,1696000000.0,1696000000.0,0.0,,,,,0.0,868000000.0,1.0,333845013.0,334036000,338727000.0,5.077,107592000000.0,0.0,169000000.0,0.0,322.097,
59,STT,MRQ,2006-12-31,2006-12-31,2006-12-31,2021-10-22,-224000000.0,107353000000.0,,,,,21.881,-47000000.0,7604000000.0,7604000000.0,0.0,309000000.0,,13.803,26745000000.0,,,26745000000.0,0.0,65000000.0,65646000000.0,0.012,0.21,444000000.0,509000000.0,0.314,509000000.0,444000000.0,444000000.0,0.93,0.91,0.93,7252000000.0,,7252000000.0,44996146767.0,25.0,20.774,767000000.0,2.314,1.0,1622000000.0,1.0,1818000000.0,0.0,124676000000.0,,0.0,89383000000.0,,,100101000000.0,,,22395146767.0,-1344000000.0,0.0,49000000.0,-8104000000.0,-66000000.0,-5929000000.0,3771000000.0,3760000000.0,814000000.0,0.0,309000000.0,309000000.0,309000000.0,2000000.0,0.0,0.191,1178000000.0,444000000.0,0.0,0.226,3.088,20.249,20.192,1560000000.0,0.0,67.44,3.549,3.541,1617000000.0,7030000000.0,1622000000.0,1622000000.0,0.0,,,,,0.0,945000000.0,1.0,332075130.0,331422000,336230000.0,4.894,105535000000.0,0.0,135000000.0,0.0,318.431,
60,STT,MRQ,2006-09-30,2006-09-30,2006-09-30,2021-10-22,-113000000.0,112310000000.0,,,,,21.229,-86000000.0,12249000000.0,12249000000.0,0.0,278000000.0,,15.01,34850000000.0,,,34850000000.0,0.0,83000000.0,63452000000.0,0.013,0.2,425000000.0,508000000.0,0.335,508000000.0,425000000.0,425000000.0,0.84,0.83,0.84,7015000000.0,,7015000000.0,33603327630.0,20.0,15.358,-148000000.0,-0.448,1.0,1515000000.0,1.0,1828000000.0,0.0,133083000000.0,,0.0,89986000000.0,,,105295000000.0,,,20663327630.0,-1098000000.0,0.0,19000000.0,8206000000.0,-66000000.0,8053000000.0,-9089000000.0,-9026000000.0,-62000000.0,0.0,278000000.0,278000000.0,278000000.0,0.0,0.0,0.183,1090000000.0,425000000.0,0.0,0.238,2.946,19.755,19.747,1551000000.0,0.0,62.4,3.385,3.377,1544000000.0,6791000000.0,1515000000.0,1515000000.0,0.0,,,,,0.0,730000000.0,1.0,331143071.0,330440000,335513000.0,4.585,110482000000.0,0.0,147000000.0,0.0,334.348,
61,STT,MRQ,2006-06-30,2006-06-30,2006-06-30,2021-10-22,-377000000.0,102536000000.0,,,,,19.555,-67000000.0,12214000000.0,12214000000.0,0.0,227000000.0,,14.85,25154000000.0,,,25154000000.0,0.0,129000000.0,63555000000.0,0.013,0.2,475000000.0,604000000.0,0.366,604000000.0,475000000.0,475000000.0,0.69,0.68,0.69,6469000000.0,,6469000000.0,34431054018.0,22.0,16.944,-80000000.0,-0.242,1.0,1651000000.0,1.0,1822000000.0,0.0,113654000000.0,,0.0,80073000000.0,,,96067000000.0,,,19306054018.0,1175000000.0,0.0,-160000000.0,-3835000000.0,-64000000.0,-2302000000.0,3490000000.0,3534000000.0,-13000000.0,0.0,227000000.0,227000000.0,227000000.0,0.0,0.0,0.137,1176000000.0,475000000.0,0.0,0.29,2.984,21.192,21.124,1541000000.0,0.0,58.09,3.23,3.215,1468000000.0,6579000000.0,1651000000.0,1651000000.0,0.0,,,,,0.0,779000000.0,1.0,332347289.0,330804000,335879000.0,4.991,100714000000.0,0.0,248000000.0,0.0,304.452,
62,STT,MRQ,2006-03-31,2006-03-31,2006-03-31,2021-10-22,-350000000.0,104156000000.0,,,,,19.272,-110000000.0,13878000000.0,13878000000.0,0.0,292000000.0,,15.241,29003000000.0,,,29003000000.0,0.0,108000000.0,61799000000.0,0.012,0.19,437000000.0,545000000.0,0.358,545000000.0,437000000.0,437000000.0,0.88,0.87,0.88,6413000000.0,,6413000000.0,32273687851.0,23.0,17.185,132000000.0,0.397,1.0,1523000000.0,1.0,1787000000.0,0.0,117494000000.0,,0.0,81089000000.0,,,97743000000.0,,,20255687851.0,721000000.0,0.0,-83000000.0,3064000000.0,-63000000.0,5072000000.0,-4593000000.0,-4493000000.0,242000000.0,0.0,292000000.0,292000000.0,292000000.0,-10000000.0,0.0,0.192,1096000000.0,427000000.0,0.0,0.216,3.159,22.407,22.136,1553000000.0,0.0,60.43,3.561,3.535,1323000000.0,6418000000.0,1523000000.0,1523000000.0,0.0,,,,,0.0,728000000.0,1.0,335192584.0,332761000,337117000.0,4.577,102369000000.0,0.0,145000000.0,0.0,307.635,
63,STT,MRQ,2005-12-31,2005-12-31,2005-12-31,2021-10-22,-231000000.0,97968000000.0,,,,,19.254,-78000000.0,13959000000.0,13959000000.0,0.0,249000000.0,,14.387,25977000000.0,,,25977000000.0,0.0,154000000.0,59646000000.0,0.013,0.19,377000000.0,531000000.0,0.375,531000000.0,377000000.0,377000000.0,0.75,0.74,0.75,6367000000.0,,6367000000.0,28683043498.0,22.0,15.725,-968000000.0,-2.927,1.0,1416000000.0,1.0,1796000000.0,0.0,108190000000.0,,0.0,75777000000.0,,,91601000000.0,,,18179043498.0,50000000.0,16000000.0,-191000000.0,-1583000000.0,-59000000.0,-5253000000.0,6193000000.0,6231000000.0,-890000000.0,0.0,249000000.0,249000000.0,249000000.0,0.0,0.0,0.176,1039000000.0,377000000.0,0.0,0.253,2.855,21.693,21.913,1453000000.0,0.0,55.44,3.322,3.346,1364000000.0,6189000000.0,1416000000.0,1416000000.0,0.0,,,,,0.0,678000000.0,1.0,327904825.0,330691000,336547000.0,4.282,96172000000.0,0.0,128000000.0,0.0,290.821,
64,STT,MRQ,2005-09-30,2005-09-30,2005-09-30,2021-10-22,-144000000.0,104003000000.0,,,,,18.548,-83000000.0,17072000000.0,17072000000.0,0.0,143000000.0,,16.038,27576000000.0,,,27576000000.0,0.0,79000000.0,63454000000.0,0.014,0.18,273000000.0,352000000.0,0.254,352000000.0,273000000.0,273000000.0,0.43,0.43,0.43,6104000000.0,,6104000000.0,23160873507.0,19.0,13.489,1747000000.0,5.308,1.0,1388000000.0,1.0,1797000000.0,0.0,112710000000.0,,0.0,78377000000.0,,,97899000000.0,,,16186873507.0,-3832000000.0,-41000000.0,-62000000.0,-572000000.0,-61000000.0,696000000.0,-6358000000.0,-6247000000.0,1830000000.0,0.0,143000000.0,143000000.0,143000000.0,107000000.0,0.0,0.103,1008000000.0,380000000.0,0.0,0.419,2.652,20.94,20.996,1455000000.0,0.0,48.92,3.038,3.022,1215000000.0,6003000000.0,1388000000.0,1388000000.0,0.0,,,,,0.0,662000000.0,1.0,330884577.0,329097000,334103000.0,4.218,102206000000.0,0.0,130000000.0,0.0,310.565,
65,STT,MRQ,2005-06-30,2005-06-30,2005-06-30,2021-10-22,-6000000.0,104254000000.0,,,,,18.927,-68000000.0,21194000000.0,21194000000.0,0.0,220000000.0,,15.686,28168000000.0,,,28168000000.0,0.0,117000000.0,62057000000.0,0.014,0.18,333000000.0,450000000.0,0.331,450000000.0,333000000.0,333000000.0,0.67,0.66,0.67,6248000000.0,,6248000000.0,19596715906.0,16.0,10.851,933000000.0,2.826,1.0,1361000000.0,1.0,1964000000.0,0.0,109264000000.0,,0.0,72710000000.0,,,98006000000.0,,,15969715906.0,3540000000.0,-2000000.0,-62000000.0,424000000.0,-55000000.0,4046000000.0,-1507000000.0,-1454000000.0,1001000000.0,0.0,220000000.0,220000000.0,220000000.0,0.0,0.0,0.162,1028000000.0,333000000.0,0.0,0.269,2.556,19.789,19.938,1449000000.0,0.0,48.25,3.123,3.115,1249000000.0,5920000000.0,1361000000.0,1361000000.0,0.0,,,,,0.0,666000000.0,1.0,330978568.0,330118000,334090000.0,4.123,102290000000.0,0.0,113000000.0,0.0,309.859,
66,STT,MRQ,2005-03-31,2005-03-31,2005-03-31,2021-10-22,-95000000.0,100094000000.0,,,,,18.172,-85000000.0,24086000000.0,24086000000.0,0.0,226000000.0,,15.613,27713000000.0,,,27713000000.0,0.0,149000000.0,58318000000.0,0.015,0.17,342000000.0,491000000.0,0.375,491000000.0,342000000.0,342000000.0,0.68,0.67,0.68,6025000000.0,,6025000000.0,12580011695.0,10.0,6.924,457000000.0,1.378,1.0,1308000000.0,1.0,1957000000.0,0.0,101764000000.0,,0.0,66263000000.0,,,94069000000.0,,,14582011695.0,891000000.0,0.0,-118000000.0,1615000000.0,-57000000.0,4629000000.0,-4280000000.0,-4199000000.0,542000000.0,0.0,226000000.0,226000000.0,226000000.0,0.0,0.0,0.173,966000000.0,342000000.0,0.0,0.25,2.42,18.069,18.141,1450000000.0,0.0,43.72,2.893,2.876,1174000000.0,5759000000.0,1308000000.0,1308000000.0,0.0,,,,,0.0,616000000.0,1.0,333531832.0,331563000,334653000.0,3.945,98137000000.0,0.0,116000000.0,0.0,295.983,
67,STT,MRQ,2004-12-31,2004-12-31,2004-12-31,2021-10-22,92000000.0,94040000000.0,,,,,18.483,-81000000.0,28119000000.0,28119000000.0,0.0,184000000.0,,14.269,26117000000.0,,,26117000000.0,0.0,145000000.0,55129000000.0,0.013,0.17,279000000.0,424000000.0,0.334,424000000.0,279000000.0,279000000.0,0.55,0.55,0.55,6159000000.0,,6159000000.0,7746136973.0,6.0,4.231,-1141000000.0,-3.424,1.0,1271000000.0,1.0,1991000000.0,0.0,90047000000.0,,0.0,55805000000.0,,,87881000000.0,,,16377136973.0,-4023000000.0,-29000000.0,-126000000.0,-4427000000.0,-55000000.0,-7422000000.0,4459000000.0,4538000000.0,-1060000000.0,0.0,184000000.0,184000000.0,184000000.0,0.0,0.0,0.145,992000000.0,279000000.0,0.0,0.309,2.659,20.523,20.639,1444000000.0,0.0,49.12,3.308,3.32,1204000000.0,5590000000.0,1271000000.0,1271000000.0,0.0,,,,,0.0,612000000.0,1.0,333410769.0,333229000,336833000.0,3.814,92049000000.0,0.0,95000000.0,0.0,276.233,
68,STT,MRQ,2004-09-30,2004-09-30,2004-09-30,2021-10-22,86000000.0,100527000000.0,,,,,18.327,-87000000.0,39150000000.0,39150000000.0,0.0,177000000.0,,15.343,30519000000.0,,,30519000000.0,0.0,173000000.0,57929000000.0,0.015,0.16,268000000.0,441000000.0,0.376,441000000.0,268000000.0,268000000.0,0.52,0.52,0.52,6151000000.0,,6151000000.0,7239604123.0,5.0,3.185,-54000000.0,-0.161,1.0,1174000000.0,1.0,1928000000.0,0.0,89968000000.0,,0.0,53381000000.0,,,94376000000.0,,,14361604123.0,2470000000.0,0.0,19000000.0,2989000000.0,-53000000.0,5525000000.0,-3088000000.0,-3011000000.0,33000000.0,0.0,177000000.0,177000000.0,177000000.0,0.0,0.0,0.151,906000000.0,268000000.0,0.0,0.308,2.335,13.536,13.431,1431000000.0,0.0,42.71,2.769,2.764,1085000000.0,5463000000.0,1174000000.0,1174000000.0,0.0,,,,,0.0,562000000.0,1.0,336258584.0,335626000,339348000.0,3.498,98599000000.0,0.0,91000000.0,0.0,293.776,
69,STT,MRQ,2004-06-30,2004-06-30,2004-06-30,2021-10-22,-5000000.0,94140000000.0,,,,,17.645,-67000000.0,34558000000.0,34558000000.0,0.0,220000000.0,,14.929,27436000000.0,,,27436000000.0,0.0,127000000.0,55347000000.0,0.012,0.16,334000000.0,461000000.0,0.358,461000000.0,334000000.0,334000000.0,0.66,0.65,0.66,5910000000.0,,5910000000.0,13438483257.0,8.0,5.768,1024000000.0,3.057,1.0,1287000000.0,1.0,1938000000.0,0.0,85080000000.0,,0.0,52120000000.0,,,88230000000.0,,,16473483257.0,1209000000.0,-61000000.0,13000000.0,-235000000.0,-51000000.0,1560000000.0,-1442000000.0,-1333000000.0,1091000000.0,0.0,220000000.0,220000000.0,220000000.0,0.0,0.0,0.171,953000000.0,334000000.0,0.0,0.242,2.787,15.169,14.997,1370000000.0,0.0,49.04,3.206,3.197,1140000000.0,5340000000.0,1287000000.0,1287000000.0,0.0,,,,,0.0,594000000.0,1.0,335919316.0,334930000,340647000.0,3.843,92202000000.0,0.0,114000000.0,0.0,275.287,
70,STT,MRQ,2004-03-31,2004-03-31,2004-03-31,2021-10-22,207000000.0,92896000000.0,,,,,17.757,-101000000.0,30607000000.0,30607000000.0,0.0,217000000.0,,14.634,27572000000.0,,,27572000000.0,0.0,194000000.0,53512000000.0,0.011,0.15,311000000.0,505000000.0,0.414,505000000.0,311000000.0,311000000.0,0.65,0.63,0.65,5942000000.0,,5942000000.0,19749856929.0,16.0,10.653,251000000.0,0.75,1.0,1219000000.0,1.0,1871000000.0,0.0,87990000000.0,,0.0,53888000000.0,,,86954000000.0,,,17483856929.0,-997000000.0,-10000000.0,29000000.0,61000000.0,-50000000.0,6035000000.0,-7384000000.0,-7273000000.0,352000000.0,0.0,217000000.0,217000000.0,217000000.0,0.0,0.0,0.178,908000000.0,311000000.0,0.0,0.231,2.942,20.74,20.524,1238000000.0,0.0,52.13,3.544,3.536,1014000000.0,5174000000.0,1219000000.0,1219000000.0,0.0,,,,,0.0,552000000.0,1.0,335389544.0,334635000,342129000.0,3.643,91025000000.0,0.0,94000000.0,0.0,272.013,
71,STT,MRQ,2003-12-31,2003-12-31,2003-12-31,2021-10-22,192000000.0,87534000000.0,,,,,17.326,-95000000.0,25218000000.0,25218000000.0,0.0,447000000.0,,14.231,27484000000.0,,,27484000000.0,0.0,188000000.0,47516000000.0,0.011,0.15,678000000.0,866000000.0,0.575,866000000.0,678000000.0,678000000.0,1.35,1.33,1.35,5747000000.0,,5747000000.0,12310854912.0,11.0,7.137,964000000.0,2.906,1.0,1506000000.0,1.0,1851000000.0,0.0,87949000000.0,,0.0,53027000000.0,,,81787000000.0,,,17405854912.0,1685000000.0,310000000.0,-225000000.0,-254000000.0,-47000000.0,2880000000.0,-2254000000.0,-2496000000.0,1059000000.0,0.0,447000000.0,447000000.0,447000000.0,0.0,0.0,0.297,828000000.0,678000000.0,0.0,0.111,3.029,24.108,23.89,1212000000.0,0.0,52.08,3.677,3.649,1015000000.0,5007000000.0,1506000000.0,1506000000.0,0.0,,,,,0.0,506000000.0,1.0,334213804.0,331692000,335326000.0,4.54,85683000000.0,0.0,231000000.0,0.0,258.321,
72,STT,MRQ,2003-09-30,2003-09-30,2003-09-30,2021-10-22,126000000.0,81776000000.0,,,,,15.783,-25000000.0,32761000000.0,32761000000.0,0.0,202000000.0,,14.594,27666000000.0,,,27666000000.0,0.0,193000000.0,43158000000.0,0.012,0.14,305000000.0,498000000.0,0.442,498000000.0,305000000.0,305000000.0,0.61,0.6,0.61,5244000000.0,,5244000000.0,249022605.0,0.0,0.146,72000000.0,0.217,1.0,1126000000.0,1.0,1809000000.0,0.0,74872000000.0,,0.0,39591000000.0,,,76532000000.0,,,14979022605.0,-3889000000.0,-109000000.0,22000000.0,2804000000.0,-46000000.0,-2438000000.0,-1548000000.0,-1414000000.0,97000000.0,0.0,202000000.0,202000000.0,202000000.0,0.0,0.0,0.179,821000000.0,305000000.0,0.0,0.23,2.856,19.919,19.565,1154000000.0,0.0,45.0,3.198,3.192,1010000000.0,4610000000.0,1126000000.0,1126000000.0,0.0,,,,,0.0,491000000.0,1.0,332867169.0,332246000,336568000.0,3.389,79967000000.0,0.0,103000000.0,0.0,240.686,
73,STT,MRQ,2003-06-30,2003-06-30,2003-06-30,2021-10-22,146000000.0,83102000000.0,,,,,15.347,-106000000.0,39485000000.0,39485000000.0,0.0,-23000000.0,,15.343,24755000000.0,,,24755000000.0,0.0,42000000.0,48356000000.0,0.013,0.14,-57000000.0,-15000000.0,-0.014,-15000000.0,-57000000.0,-57000000.0,-0.07,-0.07,-0.07,5085000000.0,,5085000000.0,6582403503.0,6.0,4.011,739000000.0,2.23,1.0,1082000000.0,1.0,1708000000.0,0.0,66664000000.0,,0.0,36105000000.0,,,78017000000.0,,,13096403503.0,3999000000.0,-26000000.0,51000000.0,-7055000000.0,-43000000.0,2904000000.0,250000000.0,382000000.0,845000000.0,0.0,-23000000.0,-23000000.0,-23000000.0,0.0,0.0,-0.021,1139000000.0,-57000000.0,0.0,-2.0,2.575,17.891,17.434,1015000000.0,0.0,39.4,2.901,2.892,942000000.0,4455000000.0,1082000000.0,1082000000.0,0.0,,,,,0.0,520000000.0,1.0,332396028.0,331325000,333971000.0,3.266,81394000000.0,0.0,-34000000.0,0.0,245.662,
74,STT,MRQ,2003-03-31,2003-03-31,2003-03-31,2021-10-22,94000000.0,79109000000.0,,,,,15.326,-98000000.0,38259000000.0,38259000000.0,0.0,96000000.0,,14.662,31745000000.0,,,31745000000.0,0.0,190000000.0,38405000000.0,0.016,0.13,186000000.0,376000000.0,0.369,376000000.0,186000000.0,186000000.0,0.29,0.29,0.29,5051000000.0,,5051000000.0,-5644683551.0,-4.0,-2.796,-610000000.0,-1.851,1.0,1020000000.0,1.0,1677000000.0,0.0,70918000000.0,,0.0,34555000000.0,,,74058000000.0,,,10506316449.0,220000000.0,-1078000000.0,268000000.0,1109000000.0,-43000000.0,-5729000000.0,6461000000.0,7637000000.0,-512000000.0,0.0,96000000.0,96000000.0,96000000.0,0.0,0.0,0.094,834000000.0,186000000.0,0.0,0.448,2.08,11.261,10.983,948000000.0,0.0,31.63,2.369,2.35,829000000.0,4525000000.0,1020000000.0,1020000000.0,0.0,,,,,0.0,514000000.0,1.0,332163024.0,329569000,332054000.0,3.095,77432000000.0,0.0,90000000.0,0.0,234.949,
75,STT,MRQ,2002-12-31,2002-12-31,2002-12-31,2021-10-22,106000000.0,85794000000.0,,,,,14.797,-59000000.0,29504000000.0,29504000000.0,0.0,477000000.0,,16.922,30568000000.0,,,30568000000.0,0.0,91000000.0,45468000000.0,0.012,0.13,752000000.0,843000000.0,0.579,843000000.0,752000000.0,752000000.0,1.47,1.46,1.47,4787000000.0,,4787000000.0,-6958610209.0,-4.0,-3.244,341000000.0,1.054,1.0,1456000000.0,1.0,589000000.0,0.0,86269000000.0,,0.0,50383000000.0,,,81007000000.0,,,12650389791.0,-267000000.0,641000000.0,19000000.0,3957000000.0,-39000000.0,6220000000.0,-6887000000.0,-7469000000.0,400000000.0,0.0,477000000.0,477000000.0,477000000.0,0.0,0.0,0.328,704000000.0,752000000.0,0.0,0.088,2.643,12.463,12.42,887000000.0,0.0,39.0,2.878,2.87,823000000.0,4472000000.0,1456000000.0,1456000000.0,0.0,,,,,0.0,475000000.0,1.0,324368969.0,323520000,327477000.0,4.5,85205000000.0,0.0,275000000.0,0.0,263.369,
76,STT,MRQ,2002-09-30,2002-09-30,2002-09-30,2021-10-22,125000000.0,77556000000.0,,,,,13.463,-63000000.0,46248000000.0,46248000000.0,0.0,182000000.0,,16.833,26639000000.0,,,26639000000.0,0.0,165000000.0,43184000000.0,0.012,0.12,272000000.0,437000000.0,0.457,437000000.0,272000000.0,272000000.0,0.57,0.56,0.57,4349000000.0,,4349000000.0,-10864924152.0,-10.0,-6.376,126000000.0,0.39,1.0,956000000.0,1.0,674000000.0,0.0,57273000000.0,,0.0,26540000000.0,,,73207000000.0,,,12521075848.0,-332000000.0,-79000000.0,9000000.0,2156000000.0,-39000000.0,-1661000000.0,1140000000.0,1282000000.0,189000000.0,0.0,182000000.0,182000000.0,182000000.0,0.0,0.0,0.19,684000000.0,272000000.0,0.0,0.211,2.879,17.685,17.564,890000000.0,0.0,38.64,3.18,3.17,792000000.0,4037000000.0,956000000.0,956000000.0,0.0,,,,,0.0,460000000.0,1.0,324044406.0,323023000,328163000.0,2.96,76882000000.0,0.0,90000000.0,0.0,238.008,
77,STT,MRQ,2002-06-30,2002-06-30,2002-06-30,2021-10-22,117000000.0,80328000000.0,,,,,12.929,-77000000.0,47883000000.0,47883000000.0,0.0,178000000.0,,18.185,24497000000.0,,,24497000000.0,0.0,98000000.0,46972000000.0,0.01,0.12,265000000.0,363000000.0,0.362,363000000.0,265000000.0,265000000.0,0.55,0.54,0.55,4187000000.0,,4187000000.0,-4494461022.0,-4.0,-2.766,101000000.0,0.312,1.0,1003000000.0,1.0,616000000.0,0.0,56326000000.0,,0.0,26256000000.0,,,76141000000.0,,,14538538978.0,1163000000.0,0.0,-54000000.0,646000000.0,-35000000.0,4671000000.0,-3686000000.0,-3609000000.0,178000000.0,0.0,178000000.0,178000000.0,178000000.0,0.0,0.0,0.177,738000000.0,265000000.0,0.0,0.218,3.472,20.889,20.791,863000000.0,0.0,44.7,3.682,3.666,853000000.0,3893000000.0,1003000000.0,1003000000.0,0.0,,,,,0.0,484000000.0,1.0,325246957.0,323858000,328262000.0,3.097,79712000000.0,0.0,87000000.0,0.0,246.133,
78,STT,MRQ,2002-03-31,2002-03-31,2002-03-31,2021-10-22,13000000.0,73298000000.0,,,,,12.339,-73000000.0,42843000000.0,42843000000.0,0.0,178000000.0,,17.352,23810000000.0,,,23810000000.0,0.0,236000000.0,42867000000.0,0.008,0.11,266000000.0,502000000.0,0.512,502000000.0,266000000.0,266000000.0,0.55,0.54,0.55,3994000000.0,,3994000000.0,20562840647.0,20.0,13.207,130000000.0,0.402,1.0,981000000.0,1.0,612000000.0,0.0,53653000000.0,,0.0,26428000000.0,,,69304000000.0,,,17980840647.0,-854000000.0,0.0,49000000.0,-796000000.0,-36000000.0,3525000000.0,-4582000000.0,-4509000000.0,203000000.0,0.0,178000000.0,178000000.0,178000000.0,0.0,0.0,0.181,715000000.0,266000000.0,0.0,0.2,4.502,26.249,26.246,846000000.0,0.0,55.38,4.588,4.574,924000000.0,3755000000.0,981000000.0,981000000.0,0.0,,,,,0.0,481000000.0,1.0,324681124.0,323689000,328999000.0,3.031,72686000000.0,0.0,88000000.0,0.0,224.555,
79,STT,MRQ,2001-12-31,2001-12-31,2001-12-31,2021-10-22,70000000.0,69850000000.0,,,,,11.83,-69000000.0,38648000000.0,38648000000.0,0.0,170000000.0,,17.166,24550000000.0,,,24550000000.0,0.0,150000000.0,38559000000.0,0.008,0.11,252000000.0,402000000.0,0.403,402000000.0,252000000.0,252000000.0,0.53,0.52,0.53,3845000000.0,,3845000000.0,-5096607638.0,-5.0,-3.838,-239000000.0,-0.735,1.0,998000000.0,1.0,612000000.0,0.0,55140000000.0,,0.0,27058000000.0,,,66005000000.0,,,17000392362.0,-584000000.0,-85000000.0,-89000000.0,3115000000.0,-33000000.0,-2377000000.0,1963000000.0,2117000000.0,-170000000.0,0.0,170000000.0,170000000.0,170000000.0,0.0,0.0,0.17,746000000.0,252000000.0,0.0,0.208,4.421,27.071,26.933,829000000.0,0.0,52.25,4.442,4.438,880000000.0,3612000000.0,998000000.0,998000000.0,0.0,,,,,0.0,498000000.0,1.0,325366361.0,325030000,330492000.0,3.07,69238000000.0,0.0,82000000.0,0.0,213.02,
80,STT,MRQ,2001-09-30,2001-09-30,2001-09-30,2021-10-22,85000000.0,73176000000.0,,,,,11.655,-86000000.0,43560000000.0,43560000000.0,0.0,170000000.0,,18.216,21463000000.0,,,21463000000.0,0.0,111000000.0,43929000000.0,0.009,0.1,247000000.0,358000000.0,0.37,358000000.0,247000000.0,247000000.0,0.52,0.51,0.52,3808000000.0,,3808000000.0,-3588146410.0,-4.0,-2.915,1285000000.0,3.933,1.0,967000000.0,1.0,0.0,0.0,51079000000.0,,0.0,25060000000.0,,,69368000000.0,,,14869853590.0,694000000.0,0.0,-85000000.0,-1313000000.0,-32000000.0,2150000000.0,-2827000000.0,-2741000000.0,1371000000.0,0.0,170000000.0,170000000.0,170000000.0,0.0,0.0,0.176,720000000.0,247000000.0,0.0,0.192,3.905,24.578,24.332,817000000.0,0.0,45.5,3.981,3.98,831000000.0,3477000000.0,967000000.0,967000000.0,0.0,,,,,0.0,477000000.0,1.0,326809969.0,326731000,331764000.0,2.96,73176000000.0,0.0,77000000.0,0.0,223.964,
81,STT,MRQ,2001-06-30,2001-06-30,2001-06-30,2021-10-22,13000000.0,70318000000.0,,,,,11.306,-77000000.0,41597000000.0,41597000000.0,0.0,167000000.0,,18.124,23139000000.0,,,23139000000.0,0.0,47000000.0,40349000000.0,0.008,0.1,248000000.0,295000000.0,0.303,295000000.0,248000000.0,248000000.0,0.51,0.5,0.51,3677000000.0,,3677000000.0,-593336261.0,-1.0,-0.486,-160000000.0,-0.492,1.0,973000000.0,1.0,0.0,0.0,51860000000.0,,0.0,24153000000.0,,,66641000000.0,,,16103663739.0,438000000.0,-1000000.0,-3000000.0,1248000000.0,-31000000.0,3645000000.0,-3124000000.0,-3046000000.0,-83000000.0,0.0,167000000.0,167000000.0,167000000.0,0.0,0.0,0.172,725000000.0,248000000.0,0.0,0.196,4.38,27.528,27.343,823000000.0,0.0,49.49,4.405,4.402,924000000.0,3340000000.0,973000000.0,973000000.0,0.0,,,,,0.0,472000000.0,1.0,325392276.0,325214000,330537000.0,2.992,70318000000.0,0.0,81000000.0,0.0,216.221,
82,STT,MRQ,2001-03-31,2001-03-31,2001-03-31,2021-10-22,29000000.0,67605000000.0,,,,,10.731,-44000000.0,38793000000.0,38793000000.0,0.0,121000000.0,,18.404,22096000000.0,,,22096000000.0,0.0,90000000.0,37918000000.0,0.008,0.095,183000000.0,273000000.0,0.307,273000000.0,183000000.0,183000000.0,0.38,0.37,0.38,3484000000.0,,3484000000.0,15706413836.0,18.0,12.575,-575000000.0,-1.771,1.0,889000000.0,1.0,0.0,0.0,50908000000.0,,0.0,23434000000.0,,,64121000000.0,,,15112413836.0,-515000000.0,-90000000.0,-11000000.0,-2040000000.0,-31000000.0,-2101000000.0,2117000000.0,2251000000.0,-531000000.0,0.0,121000000.0,121000000.0,121000000.0,0.0,0.0,0.136,706000000.0,183000000.0,0.0,0.25,4.338,26.7,26.534,773000000.0,0.0,46.7,4.255,4.269,798000000.0,3368000000.0,889000000.0,889000000.0,0.0,,,,,0.0,445000000.0,1.0,323606292.0,324681000,330098000.0,2.738,67605000000.0,0.0,62000000.0,0.0,208.22,
83,STT,MRQ,2000-12-31,2000-12-31,2000-12-31,2021-10-22,-1000000.0,69298000000.0,,,,,10.103,-150000000.0,23563000000.0,23563000000.0,0.0,147000000.0,,20.244,24157000000.0,,,24157000000.0,0.0,79000000.0,37937000000.0,0.006,0.095,226000000.0,305000000.0,0.337,305000000.0,226000000.0,226000000.0,0.46,0.445,0.46,3262000000.0,,3262000000.0,2222473150.0,2.0,1.724,176000000.0,0.545,1.0,906000000.0,1.0,0.0,0.0,69892000000.0,,0.0,41094000000.0,,,66036000000.0,,,20054473150.0,352000000.0,0.0,-6000000.0,2521000000.0,-27000000.0,3486000000.0,-3460000000.0,-3310000000.0,326000000.0,0.0,147000000.0,147000000.0,147000000.0,0.0,0.0,0.162,680000000.0,226000000.0,0.0,0.207,6.148,33.705,33.568,726000000.0,0.0,62.1,5.607,5.585,845000000.0,3278000000.0,906000000.0,906000000.0,0.0,,,,,0.0,447000000.0,1.0,322938376.0,322890000,329924000.0,2.806,69298000000.0,0.0,79000000.0,0.0,214.618,
84,STT,MRQ,2000-09-30,2000-09-30,2000-09-30,2021-10-22,-51000000.0,64979000000.0,,,,,9.58,-55000000.0,39651000000.0,39651000000.0,0.0,150000000.0,,20.036,21819000000.0,,,21819000000.0,0.0,124000000.0,36939000000.0,0.005,0.085,223000000.0,347000000.0,0.391,347000000.0,223000000.0,223000000.0,0.46,0.45,0.46,3089000000.0,,3089000000.0,2137187967.0,2.0,1.446,470000000.0,1.458,1.0,888000000.0,1.0,0.0,0.0,47147000000.0,,0.0,21447000000.0,,,61890000000.0,,,20976187967.0,-1240000000.0,0.0,-2000000.0,649000000.0,-28000000.0,188000000.0,-1953000000.0,-1898000000.0,525000000.0,0.0,150000000.0,150000000.0,150000000.0,0.0,0.0,0.169,665000000.0,223000000.0,0.0,0.185,6.791,30.095,29.977,675000000.0,0.0,65.05,5.665,5.664,754000000.0,3162000000.0,888000000.0,888000000.0,0.0,,,,,0.0,428000000.0,1.0,322462536.0,322443000,328963000.0,2.754,64979000000.0,0.0,73000000.0,0.0,201.521,
85,STT,MRQ,2000-06-30,2000-06-30,2000-06-30,2021-10-22,-75000000.0,64630000000.0,,,,,9.111,-17000000.0,38828000000.0,38828000000.0,0.0,148000000.0,,21.05,19989000000.0,,,19989000000.0,0.0,97000000.0,37370000000.0,0.006,0.085,227000000.0,324000000.0,0.373,324000000.0,227000000.0,227000000.0,0.46,0.45,0.46,2931000000.0,,2931000000.0,1541007040.0,1.0,1.075,-12000000.0,-0.037,1.0,869000000.0,1.0,0.0,0.0,45791000000.0,,0.0,22161000000.0,,,61699000000.0,,,17070007040.0,396000000.0,0.0,7000000.0,2381000000.0,-25000000.0,3579000000.0,-3188000000.0,-3171000000.0,5000000.0,0.0,148000000.0,148000000.0,148000000.0,0.0,0.0,0.17,642000000.0,227000000.0,0.0,0.185,5.824,25.402,25.262,655000000.0,0.0,53.05,4.768,4.767,696000000.0,3038000000.0,869000000.0,869000000.0,0.0,,,,,0.0,414000000.0,1.0,321772046.0,321693000,328090000.0,2.701,64630000000.0,0.0,79000000.0,0.0,200.906,
86,STT,MRQ,2000-03-31,2000-03-31,2000-03-31,2021-10-22,-83000000.0,60530000000.0,,,,,8.687,-25000000.0,34648000000.0,34648000000.0,0.0,150000000.0,,20.797,19119000000.0,,,19119000000.0,0.0,83000000.0,36154000000.0,0.006,0.08,230000000.0,313000000.0,0.342,313000000.0,230000000.0,230000000.0,0.47,0.46,0.47,2777000000.0,,2777000000.0,16732165455.0,17.0,12.403,-155000000.0,-0.485,1.0,914000000.0,1.0,0.0,0.0,45001000000.0,,0.0,22336000000.0,,,57753000000.0,,,15496165455.0,-820000000.0,0.0,6000000.0,-2095000000.0,-26000000.0,-106000000.0,-584000000.0,-559000000.0,-130000000.0,0.0,150000000.0,150000000.0,150000000.0,0.0,0.0,0.164,684000000.0,230000000.0,0.0,0.17,5.58,23.914,23.921,722000000.0,0.0,48.44,4.458,4.455,721000000.0,2919000000.0,914000000.0,914000000.0,0.0,,,,,0.0,436000000.0,1.0,319904324.0,319672000,325486000.0,2.859,60530000000.0,0.0,80000000.0,0.0,189.35,
87,STT,MRQ,1999-12-31,1999-12-31,1999-12-31,2021-10-22,-57000000.0,60896000000.0,,,,,8.297,-51000000.0,20242000000.0,20242000000.0,0.0,249000000.0,,21.962,21478000000.0,,,21478000000.0,0.0,88000000.0,34145000000.0,0.008,0.08,406000000.0,494000000.0,0.479,494000000.0,406000000.0,406000000.0,0.78,0.76,0.78,2652000000.0,,2652000000.0,362884113.0,0.0,0.277,-22000000.0,-0.069,1.0,1032000000.0,1.0,0.0,0.0,62132000000.0,,0.0,37252000000.0,,,58244000000.0,,,11687884113.0,1357000000.0,1659000000.0,-20000000.0,3966000000.0,-23000000.0,7233000000.0,-5905000000.0,-7513000000.0,29000000.0,0.0,249000000.0,249000000.0,249000000.0,0.0,0.0,0.241,626000000.0,406000000.0,0.0,0.103,4.407,18.882,18.927,759000000.0,0.0,36.53,3.537,3.553,716000000.0,2795000000.0,1032000000.0,1032000000.0,0.0,,,,,0.0,408000000.0,1.0,319953028.0,319646000,327248000.0,3.229,60896000000.0,0.0,157000000.0,0.0,190.511,
88,STT,MRQ,1999-09-30,1999-09-30,1999-09-30,2021-10-22,-40000000.0,54972000000.0,,,,,7.659,-59000000.0,29191000000.0,29191000000.0,0.0,125000000.0,,21.328,17866000000.0,,,17866000000.0,0.0,114000000.0,31953000000.0,0.009,0.075,189000000.0,303000000.0,0.396,303000000.0,189000000.0,189000000.0,0.39,0.385,0.39,2462000000.0,,2462000000.0,9393759311.0,13.0,8.921,216000000.0,0.672,1.0,765000000.0,1.0,0.0,0.0,43647000000.0,,0.0,21898000000.0,,,52510000000.0,,,10419759311.0,-218000000.0,0.0,-81000000.0,2446000000.0,-22000000.0,1514000000.0,-2007000000.0,-1948000000.0,275000000.0,0.0,125000000.0,125000000.0,125000000.0,0.0,0.0,0.163,576000000.0,189000000.0,0.0,0.192,4.232,21.663,21.615,726000000.0,0.0,32.315,3.476,3.465,686000000.0,2572000000.0,765000000.0,765000000.0,0.0,,,,,0.0,369000000.0,1.0,322443426.0,321434000,326736000.0,2.38,54972000000.0,0.0,64000000.0,0.0,171.021,
89,STT,MRQ,1999-06-30,1999-06-30,1999-06-30,2021-10-22,-38000000.0,53330000000.0,,,,,7.572,-34000000.0,16565000000.0,16565000000.0,0.0,124000000.0,,20.848,15539000000.0,,,15539000000.0,0.0,51000000.0,32782000000.0,0.007,0.075,188000000.0,239000000.0,0.312,239000000.0,188000000.0,188000000.0,0.385,0.375,0.385,2441000000.0,,2441000000.0,2091787985.0,3.0,2.057,-51000000.0,-0.158,1.0,765000000.0,1.0,0.0,0.0,52304000000.0,,0.0,33173000000.0,,,50889000000.0,,,13752787985.0,413000000.0,0.0,-13000000.0,-1497000000.0,-25000000.0,3182000000.0,-2752000000.0,-2718000000.0,-17000000.0,0.0,124000000.0,124000000.0,124000000.0,0.0,0.0,0.162,577000000.0,188000000.0,0.0,0.195,5.634,29.512,29.441,710000000.0,0.0,42.69,4.699,4.702,651000000.0,2469000000.0,765000000.0,765000000.0,0.0,,,,,0.0,369000000.0,1.0,322154790.0,322376000,328140000.0,2.373,53330000000.0,0.0,64000000.0,0.0,165.428,
90,STT,MRQ,1999-03-31,1999-03-31,1999-03-31,2021-10-22,6000000.0,49750000000.0,,,,,7.442,-55000000.0,28686000000.0,28686000000.0,0.0,121000000.0,,19.772,17025000000.0,,,17025000000.0,0.0,88000000.0,28065000000.0,0.007,0.07,185000000.0,273000000.0,0.368,273000000.0,185000000.0,185000000.0,0.375,0.37,0.375,2395000000.0,,2395000000.0,14612654468.0,21.0,14.256,-147000000.0,-0.457,1.0,742000000.0,1.0,0.0,0.0,38089000000.0,,0.0,17773000000.0,,,47355000000.0,,,13232654468.0,13000000.0,0.0,-11000000.0,2112000000.0,-23000000.0,2604000000.0,-2499000000.0,-2444000000.0,-92000000.0,0.0,121000000.0,121000000.0,121000000.0,0.0,0.0,0.163,557000000.0,185000000.0,0.0,0.187,5.525,29.341,29.375,716000000.0,0.0,41.125,4.671,4.672,621000000.0,2370000000.0,742000000.0,742000000.0,0.0,,,,,0.0,355000000.0,1.0,321766674.0,321824000,327888000.0,2.306,49750000000.0,0.0,64000000.0,0.0,154.588,
91,STT,MRQ,1998-12-31,1998-12-31,1998-12-31,2021-10-22,22000000.0,47082000000.0,,,,,7.199,-58000000.0,13450000000.0,13450000000.0,0.0,111000000.0,,19.373,14830000000.0,,,14830000000.0,0.0,71000000.0,27539000000.0,0.007,0.07,167000000.0,238000000.0,0.328,238000000.0,167000000.0,167000000.0,0.345,0.34,0.345,2311000000.0,,2311000000.0,-1642066904.0,-2.0,-1.639,97000000.0,0.302,1.0,726000000.0,1.0,0.0,0.0,48462000000.0,,0.0,30276000000.0,,,44771000000.0,,,11255933096.0,-745000000.0,0.0,2000000.0,-2590000000.0,-23000000.0,-2987000000.0,2087000000.0,2145000000.0,155000000.0,0.0,111000000.0,111000000.0,111000000.0,0.0,0.0,0.153,559000000.0,167000000.0,0.0,0.203,4.871,25.816,25.878,700000000.0,0.0,35.065,4.131,4.142,610000000.0,2272000000.0,726000000.0,726000000.0,0.0,,,,,0.0,361000000.0,1.0,321001942.0,321016000,326132000.0,2.262,47082000000.0,0.0,56000000.0,0.0,146.666,
92,STT,MRQ,1998-09-30,1998-09-30,1998-09-30,2021-10-22,23000000.0,50607000000.0,,,,,6.879,33000000.0,30566000000.0,30566000000.0,0.0,110000000.0,,21.817,17668000000.0,,,17668000000.0,0.0,101000000.0,27915000000.0,0.009,0.065,166000000.0,267000000.0,0.385,267000000.0,166000000.0,166000000.0,0.345,0.34,0.345,2218000000.0,,2218000000.0,-5619331096.0,-9.0,-5.558,458000000.0,1.421,1.0,694000000.0,1.0,0.0,0.0,37709000000.0,,0.0,16237000000.0,,,48389000000.0,,,8810668904.0,459000000.0,0.0,-54000000.0,4660000000.0,-20000000.0,3080000000.0,-3046000000.0,-3079000000.0,425000000.0,0.0,110000000.0,110000000.0,110000000.0,0.0,0.0,0.159,528000000.0,166000000.0,0.0,0.188,3.972,20.731,20.589,684000000.0,0.0,27.28,3.363,3.357,597000000.0,2184000000.0,694000000.0,694000000.0,0.0,,,,,0.0,340000000.0,1.0,322971734.0,322408000,328164000.0,2.153,50607000000.0,0.0,56000000.0,0.0,156.966,
93,STT,MRQ,1998-06-30,1998-06-30,1998-06-30,2021-10-22,8000000.0,46711000000.0,,,,,6.695,-156000000.0,27671000000.0,27671000000.0,0.0,109000000.0,,20.646,13241000000.0,,,13241000000.0,0.0,83000000.0,29421000000.0,0.007,0.065,164000000.0,247000000.0,0.368,247000000.0,164000000.0,164000000.0,0.335,0.33,0.335,2158000000.0,,2158000000.0,9486199216.0,15.0,8.899,-531000000.0,-1.647,1.0,671000000.0,1.0,0.0,0.0,32281000000.0,,0.0,15629000000.0,,,44553000000.0,,,11205199216.0,397000000.0,0.0,-8000000.0,2104000000.0,-20000000.0,7903000000.0,-7131000000.0,-6975000000.0,-375000000.0,0.0,109000000.0,109000000.0,109000000.0,0.0,0.0,0.162,507000000.0,164000000.0,0.0,0.194,5.192,26.871,26.834,669000000.0,0.0,34.75,4.434,4.433,579000000.0,2094000000.0,671000000.0,671000000.0,0.0,,,,,0.0,335000000.0,1.0,322451776.0,322332000,328922000.0,2.082,46711000000.0,0.0,55000000.0,0.0,144.916,
94,STT,MRQ,1998-03-31,1998-03-31,1998-03-31,2021-10-22,13000000.0,39010000000.0,,,,,6.456,-77000000.0,13080000000.0,13080000000.0,0.0,106000000.0,,17.782,11361000000.0,,,11361000000.0,0.0,90000000.0,23593000000.0,0.007,0.06,160000000.0,250000000.0,0.394,250000000.0,160000000.0,160000000.0,0.33,0.32,0.33,2077000000.0,,2077000000.0,6915382724.0,12.0,6.315,568000000.0,1.765,1.0,634000000.0,1.0,0.0,0.0,37291000000.0,,0.0,22966000000.0,,,36933000000.0,,,10957382724.0,-1157000000.0,0.0,-9000000.0,2259000000.0,-21000000.0,945000000.0,-2747000000.0,-2670000000.0,645000000.0,0.0,106000000.0,106000000.0,106000000.0,0.0,0.0,0.167,474000000.0,160000000.0,0.0,0.182,5.276,27.393,27.333,546000000.0,0.0,34.03,4.545,4.541,636000000.0,2005000000.0,634000000.0,634000000.0,0.0,,,,,0.0,303000000.0,1.0,321991852.0,321740000,328198000.0,1.971,39010000000.0,0.0,54000000.0,0.0,121.247,
95,STT,MRQ,1997-12-31,1997-12-31,1997-12-31,2021-10-22,11000000.0,37975000000.0,,,,,6.215,-74000000.0,13112000000.0,13112000000.0,0.0,100000000.0,,18.035,9025000000.0,,,9025000000.0,0.0,100000000.0,24878000000.0,0.008,0.06,147000000.0,247000000.0,0.398,247000000.0,147000000.0,147000000.0,0.315,0.305,0.315,1995000000.0,,1995000000.0,1955846380.0,3.0,2.342,-412000000.0,-1.283,1.0,621000000.0,1.0,0.0,0.0,33888000000.0,,0.0,21603000000.0,,,35980000000.0,,,9357846380.0,901000000.0,0.0,-3000000.0,-45000000.0,-18000000.0,2700000000.0,-1461000000.0,-1387000000.0,-338000000.0,0.0,100000000.0,100000000.0,100000000.0,0.0,0.0,0.161,474000000.0,147000000.0,0.0,0.19,4.691,24.626,24.553,500000000.0,0.0,29.095,4.072,4.068,566000000.0,1920000000.0,621000000.0,621000000.0,0.0,,,,,0.0,314000000.0,1.0,321630740.0,321000000,328016000.0,1.935,37975000000.0,0.0,47000000.0,0.0,118.302,
96,STT,MRQ,1997-09-30,1997-09-30,1997-09-30,2021-10-22,18000000.0,35404000000.0,,,,,5.973,-28000000.0,16674000000.0,16674000000.0,0.0,102000000.0,,17.478,9272000000.0,,,9272000000.0,0.0,171000000.0,22111000000.0,0.007,0.055,151000000.0,322000000.0,0.536,322000000.0,151000000.0,151000000.0,0.315,0.31,0.315,1916000000.0,,1916000000.0,681836280.0,1.0,0.603,719000000.0,2.242,1.0,601000000.0,1.0,0.0,0.0,28002000000.0,,0.0,15845000000.0,,,33488000000.0,,,9795836280.0,-479000000.0,0.0,-5000000.0,856000000.0,-17000000.0,-1913000000.0,687000000.0,715000000.0,747000000.0,0.0,102000000.0,102000000.0,102000000.0,0.0,0.0,0.17,450000000.0,151000000.0,0.0,0.175,5.113,27.363,27.232,478000000.0,0.0,30.5,4.514,4.508,550000000.0,1833000000.0,601000000.0,601000000.0,0.0,,,,,0.0,280000000.0,1.0,321174960.0,320752000,327132000.0,1.874,35404000000.0,0.0,49000000.0,0.0,110.378,
97,STT,MRQ,1997-06-30,1997-06-30,1997-06-30,2021-10-22,10000000.0,36686000000.0,,,,,5.709,-56000000.0,17367000000.0,17367000000.0,0.0,92000000.0,,19.025,8253000000.0,,,8253000000.0,0.0,140000000.0,24858000000.0,0.009,0.055,136000000.0,276000000.0,0.497,276000000.0,136000000.0,136000000.0,0.285,0.28,0.285,1832000000.0,,1832000000.0,1386069395.0,3.0,1.507,-215000000.0,-0.67,1.0,555000000.0,1.0,0.0,0.0,27572000000.0,,0.0,16173000000.0,,,34854000000.0,,,7417069395.0,366000000.0,0.0,-86000000.0,224000000.0,-34000000.0,5443000000.0,-4918000000.0,-4862000000.0,-159000000.0,0.0,92000000.0,92000000.0,92000000.0,0.0,0.0,0.166,419000000.0,136000000.0,0.0,0.193,4.049,22.476,22.451,465000000.0,0.0,23.125,3.654,3.655,490000000.0,1751000000.0,555000000.0,555000000.0,0.0,,,,,0.0,264000000.0,1.0,320738136.0,320872000,326746000.0,1.73,36686000000.0,0.0,44000000.0,0.0,114.332,
98,STT,MRQ,1997-03-31,1997-03-31,1997-03-31,2021-10-22,-15000000.0,33631000000.0,,,,,5.386,-27000000.0,15863000000.0,15863000000.0,0.0,86000000.0,,18.35,9832000000.0,,,9832000000.0,0.0,64000000.0,20444000000.0,0.011,0.05,130000000.0,194000000.0,0.372,194000000.0,130000000.0,130000000.0,0.27,0.265,0.27,1738000000.0,,1738000000.0,3993185163.0,9.0,5.296,26000000.0,0.081,1.0,521000000.0,1.0,0.0,0.0,27600000000.0,,0.0,15151000000.0,,,31893000000.0,,,5586185163.0,89000000.0,0.0,-81000000.0,1241000000.0,-16000000.0,2069000000.0,-2033000000.0,-2006000000.0,53000000.0,0.0,86000000.0,86000000.0,86000000.0,0.0,0.0,0.165,391000000.0,130000000.0,0.0,0.185,3.214,18.078,18.011,466000000.0,0.0,17.345,2.894,2.9,477000000.0,1760000000.0,521000000.0,521000000.0,0.0,,,,,0.0,247000000.0,1.0,322063140.0,322672000,328418000.0,1.615,33631000000.0,0.0,44000000.0,0.0,104.227,
99,STT,MRQ,1996-12-31,1996-12-31,1996-12-31,2021-10-22,12000000.0,31524000000.0,,,,,5.634,-44000000.0,10343000000.0,10343000000.0,0.0,78000000.0,,16.76,8750000000.0,,,8750000000.0,0.0,221000000.0,19519000000.0,0.012,0.05,118000000.0,339000000.0,0.688,339000000.0,118000000.0,118000000.0,0.25,0.235,0.25,1775000000.0,,1775000000.0,,,,-33000000.0,-0.105,1.0,493000000.0,1.0,0.0,0.0,29931000000.0,,0.0,18895000000.0,,,29749000000.0,,,5186954412.0,186000000.0,0.0,-2000000.0,656000000.0,-16000000.0,2781000000.0,-2606000000.0,-2562000000.0,11000000.0,0.0,78000000.0,78000000.0,78000000.0,0.0,0.0,0.158,375000000.0,118000000.0,0.0,0.2,2.922,17.703,17.851,468000000.0,0.0,16.155,2.811,2.833,442000000.0,1694000000.0,493000000.0,493000000.0,0.0,,,,,0.0,247000000.0,1.0,321074244.0,315064000,327400000.0,1.565,31524000000.0,0.0,40000000.0,657000000.0,100.056,
100,STT,MRQ,1996-09-30,1996-09-30,1996-09-30,2021-10-22,,,,,,,,-24000000.0,,,0.0,74000000.0,,,,,,,,0.0,,0.014,0.048,111000000.0,111000000.0,0.241,111000000.0,111000000.0,111000000.0,0.225,0.225,0.225,,,,,,,240000000.0,0.741,1.0,461000000.0,1.0,,0.0,,,,,,,,,,4344535864.0,-400000000.0,0.0,-21000000.0,1588000000.0,-15000000.0,-419000000.0,-245000000.0,-221000000.0,264000000.0,0.0,74000000.0,74000000.0,74000000.0,0.0,0.0,0.161,350000000.0,111000000.0,,0.213,,,,,0.0,13.531,,,,,461000000.0,461000000.0,0.0,,,,,0.0,219000000.0,1.0,321074244.0,323908000,327452000.0,1.423,,,37000000.0,,,
101,STT,MRQ,1996-06-30,1996-06-30,1996-06-30,2021-10-22,,,,,,,,-29000000.0,,,0.0,71000000.0,,,,,,,,0.0,,0.014,0.048,110000000.0,110000000.0,0.242,110000000.0,110000000.0,110000000.0,0.217,0.22,0.217,,,,,,,-123000000.0,-0.377,1.0,455000000.0,1.0,,0.0,,,,,,,,,,,313000000.0,0.0,-29000000.0,304000000.0,-15000000.0,1870000000.0,-1463000000.0,-1434000000.0,-94000000.0,0.0,71000000.0,71000000.0,71000000.0,0.0,0.0,0.156,345000000.0,110000000.0,,0.221,,,,,0.0,13.094,,,,,455000000.0,455000000.0,0.0,,,,,0.0,214000000.0,1.0,,326248000,328564000.0,1.395,,,39000000.0,,,
102,STT,MRQ,1996-03-31,1996-03-31,1996-03-31,2021-10-22,,,,,,,,-17000000.0,,,0.0,70000000.0,,,,,,,,0.0,,0.014,0.045,108000000.0,108000000.0,0.248,108000000.0,108000000.0,108000000.0,0.212,0.21,0.212,,,,,,,399000000.0,1.213,1.0,436000000.0,1.0,,0.0,,,,,,,,,,,102000000.0,0.0,-67000000.0,182000000.0,-15000000.0,1190000000.0,-1504000000.0,-1487000000.0,416000000.0,0.0,70000000.0,70000000.0,70000000.0,0.0,0.0,0.161,328000000.0,108000000.0,,0.212,,,,,0.0,12.5,,,,,436000000.0,436000000.0,0.0,,,,,0.0,206000000.0,1.0,,329044000,331584000.0,1.325,,,38000000.0,,,
103,STT,MRQ,1995-12-31,1995-12-31,1995-12-31,2021-10-22,13000000.0,25785000000.0,,,,,4.809,,7745000000.0,7745000000.0,,,,15.237,6390000000.0,,,6390000000.0,0.0,,16647000000.0,0.015,0.045,,,,,,,,,,1588000000.0,,1588000000.0,,,,,,1.0,,,0.0,,24430000000.0,,0.0,16193000000.0,,,24197000000.0,,,,,,,,,,,,,,,,,,,,,,0.0,,,,15.0,467000000.0,,11.25,,2.412,392000000.0,1465000000.0,,,,,,,,,,1.0,,330214000,,,25785000000.0,0.0,,562000000.0,78.086,
0,STT,MRT,2021-09-30,2021-09-30,2021-09-30,2021-10-22,-682000000.0,323139000000.0,320314500000.0,,,0.037,78.552,-692000000.0,112159000000.0,112159000000.0,0.0,2533000000.0,,10.831,14164000000.0,,,14164000000.0,0.0,3084000000.0,259373000000.0,0.025,2.13,2957000000.0,6041000000.0,0.508,6041000000.0,2957000000.0,2957000000.0,6.9,6.79,6.9,27314000000.0,25921500000.0,27314000000.0,-74539416182.0,-25.0,-12.339,-8253000000.0,-23.735,1.0,11891000000.0,1.0,9537000000.0,0.0,215607000000.0,211328500000.0,0.0,149894000000.0,,,295825000000.0,,,29101583818.0,-242000000.0,-333000000.0,982000000.0,-14296000000.0,-846000000.0,47209000000.0,-39890000000.0,-39400000000.0,-7561000000.0,0.0,2408000000.0,2408000000.0,2408000000.0,0.0,125000000.0,0.203,8835000000.0,3056000000.0,0.0,0.309,1.065,12.085,12.278,2191000000.0,0.0,84.72,2.447,2.477,3407000000.0,24785000000.0,11891000000.0,11891000000.0,0.0,0.008,0.093,0.014,0.249,0.0,4975000000.0,1.0,343503114.0,347718000,353494000.0,34.197,313602000000.0,0.0,549000000.0,0.0,901.886,
1,STT,MRT,2021-06-30,2021-06-30,2021-06-30,2021-10-22,-422000000.0,326528000000.0,307548500000.0,,,0.038,72.76,-648000000.0,117966000000.0,117966000000.0,0.0,2374000000.0,,11.974,14325000000.0,,,14325000000.0,0.0,1408000000.0,263969000000.0,0.025,2.08,2745000000.0,4153000000.0,0.355,4153000000.0,2745000000.0,2745000000.0,6.38,6.28,6.38,25167000000.0,25482500000.0,25167000000.0,-68226626580.0,-25.0,-16.428,-13816000000.0,-39.943,1.0,11685000000.0,1.0,9562000000.0,0.0,213325000000.0,209607500000.0,0.0,148001000000.0,,,301361000000.0,,,28614373420.0,934000000.0,-244000000.0,-932000000.0,-16789000000.0,-868000000.0,44429000000.0,-30327000000.0,-30132000000.0,-13168000000.0,0.0,2232000000.0,2232000000.0,2232000000.0,0.0,142000000.0,0.191,8822000000.0,2863000000.0,0.0,0.326,1.137,12.82,12.897,2169000000.0,0.0,82.28,2.449,2.436,3358000000.0,24300000000.0,11685000000.0,11685000000.0,0.0,0.007,0.088,0.013,0.235,0.0,4990000000.0,1.0,347768272.0,345889000,351582000.0,33.783,316966000000.0,0.0,513000000.0,0.0,916.381,
2,STT,MRT,2021-03-31,2021-03-31,2021-03-31,2021-10-22,-418000000.0,316885000000.0,295977000000.0,,,0.039,71.292,-608000000.0,112106000000.0,112106000000.0,0.0,2305000000.0,,11.673,15265000000.0,,,15265000000.0,0.0,1361000000.0,244893000000.0,0.025,2.08,2613000000.0,3974000000.0,0.343,3974000000.0,2613000000.0,2613000000.0,6.15,6.07,6.15,25005000000.0,25409000000.0,25005000000.0,-69668428148.0,-27.0,-17.531,-4847000000.0,-13.819,1.0,11588000000.0,1.0,9636000000.0,0.0,210408000000.0,208321000000.0,0.0,144465000000.0,,,291880000000.0,,,29553571852.0,-380000000.0,-214000000.0,-516000000.0,-36088000000.0,-868000000.0,-50184000000.0,54043000000.0,54090000000.0,-4239000000.0,0.0,2166000000.0,2166000000.0,2166000000.0,0.0,139000000.0,0.187,8793000000.0,2795000000.0,0.0,0.338,1.182,13.644,13.66,2143000000.0,0.0,84.01,2.55,2.543,3302000000.0,23751000000.0,11588000000.0,11588000000.0,0.0,0.007,0.085,0.013,0.225,0.0,4973000000.0,1.0,351786357.0,350743000,355690000.0,33.038,307249000000.0,0.0,447000000.0,0.0,875.995,
3,STT,MRT,2020-12-31,2020-12-31,2020-12-31,2021-10-22,187000000.0,314706000000.0,307387500000.0,,,0.038,74.249,-560000000.0,120427000000.0,120427000000.0,0.0,2420000000.0,,11.012,21205000000.0,,,21205000000.0,0.0,1276000000.0,239798000000.0,0.029,2.08,2736000000.0,4012000000.0,0.343,4012000000.0,2736000000.0,2736000000.0,6.4,6.32,6.4,26200000000.0,25123000000.0,26200000000.0,-28198383758.0,-10.0,-7.029,2972000000.0,8.422,1.0,11703000000.0,1.0,9510000000.0,0.0,205974000000.0,218669500000.0,0.0,143000000000.0,,,288506000000.0,,,25676616242.0,165000000.0,0.0,-593000000.0,6224000000.0,-889000000.0,62167000000.0,-65534000000.0,-66309000000.0,3532000000.0,0.0,2257000000.0,2257000000.0,2257000000.0,0.0,163000000.0,0.193,8716000000.0,2987000000.0,0.0,0.325,0.98,11.376,11.372,2154000000.0,0.0,72.78,2.194,2.194,3105000000.0,23442000000.0,11703000000.0,11703000000.0,0.0,0.007,0.09,0.013,0.234,0.0,4939000000.0,1.0,352797695.0,352865000,357106000.0,33.166,305196000000.0,0.0,479000000.0,0.0,864.909,
4,STT,MRT,2020-09-30,2020-09-30,2020-09-30,2021-10-22,-111000000.0,272075000000.0,290113500000.0,,,0.041,72.487,-585000000.0,80815000000.0,80815000000.0,0.0,2447000000.0,,9.645,26940000000.0,,,26940000000.0,0.0,-488000000.0,197513000000.0,0.035,2.08,2700000000.0,2212000000.0,0.187,2212000000.0,2700000000.0,2700000000.0,6.35,6.28,6.35,25558000000.0,24680750000.0,25558000000.0,-41704101778.0,-15.0,-18.854,624000000.0,1.77,1.0,11834000000.0,1.0,9477000000.0,0.0,208723000000.0,211727750000.0,0.0,144238000000.0,,,246517000000.0,,,20906898222.0,1250000000.0,0.0,-1081000000.0,8297000000.0,-905000000.0,31686000000.0,-31645000000.0,-32350000000.0,1209000000.0,0.0,2251000000.0,2251000000.0,2251000000.0,0.0,196000000.0,0.19,8847000000.0,2987000000.0,0.0,0.328,0.818,9.288,9.343,2193000000.0,0.0,59.33,1.767,1.768,3291000000.0,23128000000.0,11834000000.0,11834000000.0,0.0,0.008,0.091,0.013,0.228,0.0,4919000000.0,1.0,352383250.0,352586000,357168000.0,33.563,262598000000.0,0.0,449000000.0,0.0,744.777,
5,STT,MRT,2020-06-30,2020-06-30,2020-06-30,2021-10-22,-430000000.0,280242000000.0,283246250000.0,,,0.042,70.63,-659000000.0,93884000000.0,93884000000.0,0.0,2475000000.0,,10.267,31273000000.0,,,31273000000.0,0.0,1154000000.0,200462000000.0,0.033,2.08,2723000000.0,3877000000.0,0.324,3877000000.0,2723000000.0,2723000000.0,6.32,6.25,6.32,24873000000.0,24593500000.0,24873000000.0,-78889171416.0,-29.0,-20.348,10733000000.0,30.478,1.0,11953000000.0,1.0,9452000000.0,0.0,208179000000.0,206788250000.0,0.0,140964000000.0,,,255369000000.0,,,22366828584.0,575000000.0,0.0,-1577000000.0,12531000000.0,-914000000.0,38657000000.0,-49474000000.0,-50063000000.0,11392000000.0,0.0,2262000000.0,2262000000.0,2262000000.0,0.0,213000000.0,0.189,8924000000.0,3029000000.0,0.0,0.329,0.899,9.888,10.055,2212000000.0,0.0,63.55,1.871,1.872,3235000000.0,22794000000.0,11953000000.0,11953000000.0,0.0,0.008,0.092,0.013,0.228,0.0,4944000000.0,1.0,351956390.0,352157000,356413000.0,33.942,270790000000.0,0.0,461000000.0,0.0,768.947,
6,STT,MRT,2020-03-31,2020-03-31,2020-03-31,2021-10-22,-920000000.0,362527000000.0,273570750000.0,,,0.043,67.452,-673000000.0,152667000000.0,152667000000.0,0.0,2368000000.0,,14.193,51411000000.0,,,51411000000.0,0.0,1131000000.0,257104000000.0,0.038,2.03,2620000000.0,3751000000.0,0.316,3751000000.0,2620000000.0,2620000000.0,5.88,5.81,5.88,23861000000.0,24738750000.0,23861000000.0,-38941179926.0,-15.0,-10.382,9635000000.0,27.237,1.0,11889000000.0,1.0,9469000000.0,0.0,251802000000.0,200665000000.0,0.0,157992000000.0,,,338666000000.0,,,18875820074.0,932000000.0,0.0,-1881000000.0,37119000000.0,-926000000.0,127694000000.0,-137070000000.0,-137494000000.0,10308000000.0,0.0,2137000000.0,2137000000.0,2137000000.0,0.0,231000000.0,0.18,8996000000.0,2893000000.0,0.0,0.345,0.791,8.833,9.06,2225000000.0,0.0,53.27,1.588,1.585,3274000000.0,22315000000.0,11889000000.0,11889000000.0,0.0,0.008,0.086,0.013,0.22,0.0,4983000000.0,1.0,354342408.0,353746000,357993000.0,33.609,353058000000.0,0.0,483000000.0,0.0,998.055,
7,STT,MRT,2019-12-31,2019-12-31,2019-12-31,2021-10-22,-876000000.0,245610000000.0,240022000000.0,,,0.049,66.046,-730000000.0,72267000000.0,72267000000.0,0.0,2242000000.0,,9.053,14450000000.0,,,14450000000.0,0.0,1101000000.0,181872000000.0,0.025,1.98,2479000000.0,3580000000.0,0.305,3580000000.0,2479000000.0,2479000000.0,5.43,5.38,5.43,24431000000.0,25033000000.0,24431000000.0,-17301398156.0,-7.0,-4.833,4960000000.0,13.409,1.0,11756000000.0,1.0,9586000000.0,0.0,178207000000.0,181162250000.0,0.0,124233000000.0,,,221179000000.0,,,28762601843.0,90000000.0,-54000000.0,-1666000000.0,-1140000000.0,-930000000.0,-2974000000.0,-2626000000.0,-2562000000.0,5690000000.0,0.0,2009000000.0,2009000000.0,2009000000.0,0.0,233000000.0,0.171,9034000000.0,2722000000.0,0.0,0.365,1.177,14.317,14.567,2282000000.0,0.0,79.1,2.447,2.489,3231000000.0,21918000000.0,11756000000.0,11756000000.0,0.0,0.008,0.08,0.014,0.211,0.0,5011000000.0,1.0,363623285.0,369911000,373666000.0,31.781,236024000000.0,0.0,470000000.0,0.0,638.056,
8,STT,MRT,2019-09-30,2019-09-30,2019-09-30,2021-10-22,-985000000.0,244606000000.0,239768500000.0,,,0.049,68.74,-742000000.0,65922000000.0,65922000000.0,0.0,2115000000.0,,8.703,19858000000.0,,,19858000000.0,0.0,1044000000.0,170886000000.0,0.033,1.93,2401000000.0,3445000000.0,0.294,3445000000.0,2401000000.0,2401000000.0,5.1,5.04,5.1,25209000000.0,25109500000.0,25209000000.0,-26081019217.0,-11.0,-7.571,5009000000.0,13.658,1.0,11731000000.0,1.0,9577000000.0,0.0,188965000000.0,180059500000.0,0.0,124694000000.0,,,219397000000.0,,,22052980783.0,-681000000.0,-2586000000.0,-1403000000.0,6223000000.0,-911000000.0,6598000000.0,-13030000000.0,-10205000000.0,5751000000.0,0.0,1913000000.0,1913000000.0,1913000000.0,0.0,202000000.0,0.163,9113000000.0,2618000000.0,0.0,0.378,0.875,11.528,11.606,2306000000.0,0.0,59.19,1.88,1.85,3258000000.0,21612000000.0,11731000000.0,11731000000.0,0.0,0.008,0.076,0.013,0.205,0.0,5189000000.0,1.0,372579503.0,366732000,370595000.0,31.988,235029000000.0,0.0,488000000.0,0.0,640.874,
9,STT,MRT,2019-06-30,2019-06-30,2019-06-30,2021-10-22,-874000000.0,241540000000.0,237118750000.0,,,0.05,68.1,-666000000.0,66276000000.0,66276000000.0,0.0,2296000000.0,,8.489,18142000000.0,,,18142000000.0,0.0,1003000000.0,170594000000.0,0.034,1.88,2572000000.0,3575000000.0,0.303,3575000000.0,2572000000.0,2572000000.0,5.55,5.49,5.55,25454000000.0,24945500000.0,25454000000.0,-23864430533.0,-9.0,-6.675,5780000000.0,15.464,1.0,11817000000.0,1.0,9720000000.0,0.0,183686000000.0,175768500000.0,0.0,120453000000.0,,,216086000000.0,,,20919569467.0,-673000000.0,-2649000000.0,460000000.0,3096000000.0,-890000000.0,-12908000000.0,5789000000.0,8762000000.0,6446000000.0,0.0,2093000000.0,2093000000.0,2093000000.0,0.0,203000000.0,0.177,9024000000.0,2793000000.0,0.0,0.339,0.822,9.995,10.101,2244000000.0,0.0,56.06,1.77,1.773,3202000000.0,21274000000.0,11817000000.0,11817000000.0,0.0,0.009,0.084,0.015,0.218,0.0,5206000000.0,1.0,373163922.0,373773000,377577000.0,31.615,231820000000.0,0.0,479000000.0,0.0,620.216,
10,STT,MRT,2019-03-31,2019-03-31,2019-03-31,2021-10-22,-1180000000.0,228332000000.0,238810750000.0,,,0.05,66.253,-633000000.0,58333000000.0,58333000000.0,0.0,2442000000.0,,8.119,13549000000.0,,,13549000000.0,0.0,973000000.0,162471000000.0,0.028,1.83,2759000000.0,3732000000.0,0.311,3732000000.0,2759000000.0,2759000000.0,6.02,5.95,6.02,25038000000.0,24224750000.0,25038000000.0,-36450400997.0,-13.0,-9.767,4127000000.0,10.92,1.0,12007000000.0,1.0,9757000000.0,0.0,173791000000.0,173637250000.0,0.0,115836000000.0,,,203294000000.0,,,24919599003.0,1557000000.0,-2649000000.0,753000000.0,-701000000.0,-852000000.0,-29351000000.0,26148000000.0,29107000000.0,4760000000.0,0.0,2253000000.0,2253000000.0,2253000000.0,0.0,189000000.0,0.188,9040000000.0,2967000000.0,0.0,0.304,0.995,11.061,10.932,2230000000.0,0.0,65.81,2.075,2.071,3277000000.0,20911000000.0,12007000000.0,12007000000.0,0.0,0.009,0.093,0.016,0.23,0.0,5256000000.0,1.0,378659763.0,377915000,381703000.0,31.772,218575000000.0,0.0,506000000.0,0.0,578.371,
11,STT,MRT,2018-12-31,2018-12-31,2018-12-31,2021-10-22,-1356000000.0,244596000000.0,244299250000.0,,,0.05,66.5,-609000000.0,76252000000.0,76252000000.0,0.0,2593000000.0,,8.888,15267000000.0,,,15267000000.0,0.0,977000000.0,180360000000.0,0.028,1.78,2912000000.0,3889000000.0,0.321,3889000000.0,2912000000.0,2912000000.0,6.46,6.39,6.46,24737000000.0,23565000000.0,24737000000.0,-30791684095.0,-11.0,-7.918,9566000000.0,25.716,1.0,12131000000.0,1.0,9815000000.0,0.0,173796000000.0,173866000000.0,0.0,118323000000.0,,,219859000000.0,,,23937315905.0,1208000000.0,-2595000000.0,676000000.0,-278000000.0,-828000000.0,-4471000000.0,-4496000000.0,-1368000000.0,10175000000.0,0.0,2404000000.0,2404000000.0,2404000000.0,0.0,189000000.0,0.198,9015000000.0,3116000000.0,0.0,0.276,0.968,9.957,9.763,2214000000.0,0.0,63.07,1.973,1.934,3203000000.0,20553000000.0,12131000000.0,12131000000.0,0.0,0.01,0.102,0.017,0.24,0.0,5280000000.0,1.0,379535689.0,371983000,376476000.0,32.612,234781000000.0,0.0,508000000.0,0.0,631.161,
12,STT,MRT,2018-09-30,2018-09-30,2018-09-30,2021-10-22,-1711000000.0,234007000000.0,242756500000.0,,,0.05,65.481,-588000000.0,67763000000.0,67763000000.0,0.0,2505000000.0,,8.531,13034000000.0,,,13034000000.0,0.0,964000000.0,168198000000.0,0.021,1.73,3201000000.0,4165000000.0,0.346,4165000000.0,3201000000.0,3201000000.0,6.29,6.21,6.29,24553000000.0,22960000000.0,24553000000.0,-35024963337.0,-11.0,-8.409,13556000000.0,36.153,1.0,12050000000.0,1.0,7477000000.0,0.0,171801000000.0,174682500000.0,0.0,115177000000.0,,,209454000000.0,,,30649036663.0,450000000.0,-63000000.0,538000000.0,-3464000000.0,-799000000.0,-14294000000.0,600000000.0,1187000000.0,14144000000.0,0.0,2321000000.0,2321000000.0,2321000000.0,0.0,184000000.0,0.193,8660000000.0,3390000000.0,0.0,0.275,1.248,13.205,13.32,2193000000.0,0.0,83.78,2.543,2.607,3196000000.0,20387000000.0,12050000000.0,12050000000.0,0.0,0.01,0.101,0.018,0.266,0.0,4753000000.0,1.0,365827604.0,374963000,379383000.0,32.137,226530000000.0,0.0,880000000.0,0.0,604.14,
13,STT,MRT,2018-06-30,2018-06-30,2018-06-30,2021-10-22,-1488000000.0,248308000000.0,243251250000.0,,,0.049,61.734,-597000000.0,80252000000.0,80252000000.0,0.0,2426000000.0,,10.001,14578000000.0,,,14578000000.0,0.0,945000000.0,186663000000.0,0.018,1.68,3130000000.0,4075000000.0,0.342,4075000000.0,3130000000.0,3130000000.0,6.09,6.0,6.09,22571000000.0,22446000000.0,22571000000.0,-33918164067.0,-11.0,-8.323,5746000000.0,15.716,1.0,11907000000.0,1.0,7473000000.0,0.0,175161000000.0,176800250000.0,0.0,115754000000.0,,,225737000000.0,,,34015835933.0,737000000.0,0.0,-1190000000.0,-2176000000.0,-788000000.0,1094000000.0,-6700000000.0,-6197000000.0,6343000000.0,0.0,2242000000.0,2242000000.0,2242000000.0,0.0,184000000.0,0.188,8590000000.0,3317000000.0,0.0,0.276,1.507,15.172,15.286,2189000000.0,0.0,93.09,2.857,2.858,3086000000.0,19856000000.0,11907000000.0,11907000000.0,0.0,0.009,0.1,0.018,0.263,0.0,4819000000.0,1.0,365408056.0,365619000,370410000.0,32.567,240835000000.0,0.0,888000000.0,0.0,658.705,
14,STT,MRT,2018-03-31,2018-03-31,2018-03-31,2021-10-22,-1074000000.0,250286000000.0,240742750000.0,,,0.048,60.96,-620000000.0,81964000000.0,81964000000.0,0.0,2313000000.0,,10.174,14030000000.0,,,14030000000.0,0.0,907000000.0,191517000000.0,0.016,1.64,3015000000.0,3922000000.0,0.337,3922000000.0,3015000000.0,3015000000.0,5.74,5.65,5.74,22399000000.0,22320250000.0,22399000000.0,-17061946464.0,-6.0,-4.35,7647000000.0,20.812,1.0,11654000000.0,1.0,7646000000.0,0.0,174706000000.0,178240250000.0,0.0,121304000000.0,,,227887000000.0,,,36666053536.0,-356000000.0,0.0,-1429000000.0,-2344000000.0,-777000000.0,3512000000.0,-12135000000.0,-11639000000.0,8267000000.0,0.0,2129000000.0,2129000000.0,2129000000.0,0.0,184000000.0,0.183,8451000000.0,3203000000.0,0.0,0.286,1.637,17.222,17.375,2194000000.0,0.0,99.73,3.146,3.144,3183000000.0,19311000000.0,11654000000.0,11654000000.0,0.0,0.009,0.095,0.017,0.259,0.0,4854000000.0,1.0,367653199.0,367439000,372619000.0,31.717,242640000000.0,0.0,886000000.0,0.0,660.355,
15,STT,MRT,2017-12-31,2017-12-31,2017-12-31,2021-10-22,-1009000000.0,238425000000.0,237371750000.0,,,0.047,59.545,-637000000.0,69334000000.0,69334000000.0,0.0,2156000000.0,,9.684,15606000000.0,,,15606000000.0,0.0,871000000.0,184896000000.0,0.016,1.6,2811000000.0,3682000000.0,0.327,3682000000.0,2811000000.0,2811000000.0,5.26,5.19,5.26,22317000000.0,22044000000.0,22317000000.0,-11861631665.0,-4.0,-3.222,6303000000.0,16.817,1.0,11266000000.0,1.0,7635000000.0,0.0,177062000000.0,178592000000.0,0.0,125153000000.0,,,216108000000.0,,,36197368335.0,800000000.0,172000000.0,-1418000000.0,-1745000000.0,-768000000.0,-6188000000.0,48000000.0,411000000.0,6940000000.0,0.0,1972000000.0,1972000000.0,1972000000.0,0.0,184000000.0,0.175,8269000000.0,2997000000.0,0.0,0.304,1.622,18.356,18.557,2186000000.0,0.0,97.61,3.213,3.247,3099000000.0,18856000000.0,11266000000.0,11266000000.0,0.0,0.008,0.089,0.016,0.25,0.0,4855000000.0,1.0,370836680.0,374793000,380213000.0,30.059,230790000000.0,0.0,839000000.0,0.0,615.78,
16,STT,MRT,2017-09-30,2017-09-30,2017-09-30,2021-10-22,-984000000.0,235986000000.0,238440000000.0,,,0.046,60.352,-621000000.0,64895000000.0,64895000000.0,0.0,2400000000.0,,9.49,16836000000.0,,,16836000000.0,0.0,841000000.0,179263000000.0,0.016,1.56,2343000000.0,3184000000.0,0.293,3184000000.0,2343000000.0,2343000000.0,5.87,5.77,5.87,22497000000.0,21769500000.0,22497000000.0,-13987299651.0,-6.0,-4.393,1250000000.0,3.353,1.0,10854000000.0,1.0,7655000000.0,0.0,180272000000.0,179401500000.0,0.0,121269000000.0,,,213489000000.0,,,35727700349.0,449000000.0,172000000.0,-1406000000.0,-403000000.0,-759000000.0,-22083000000.0,20661000000.0,20992000000.0,1871000000.0,0.0,2216000000.0,2216000000.0,2216000000.0,0.0,184000000.0,0.204,8321000000.0,2533000000.0,0.0,0.266,1.588,16.123,16.276,2167000000.0,0.0,95.54,3.292,3.281,3043000000.0,18675000000.0,10854000000.0,10854000000.0,0.0,0.009,0.102,0.013,0.216,0.0,5016000000.0,1.0,373955415.0,372765000,378518000.0,29.118,228331000000.0,0.0,127000000.0,0.0,612.533,
17,STT,MRT,2017-06-30,2017-06-30,2017-06-30,2021-10-22,-1270000000.0,238274000000.0,243478500000.0,,,0.044,58.786,-610000000.0,66773000000.0,66773000000.0,0.0,2278000000.0,,9.797,17058000000.0,,,17058000000.0,0.0,775000000.0,181416000000.0,0.017,1.52,2156000000.0,2931000000.0,0.276,2931000000.0,2156000000.0,2156000000.0,5.49,5.4,5.49,22068000000.0,21682750000.0,22068000000.0,-19364367857.0,-9.0,-6.607,667000000.0,1.777,1.0,10628000000.0,1.0,7638000000.0,0.0,180921000000.0,180186250000.0,0.0,123630000000.0,,,216206000000.0,,,33759632143.0,-1517000000.0,-265000000.0,-1368000000.0,-486000000.0,-749000000.0,-14326000000.0,11532000000.0,12277000000.0,1277000000.0,0.0,2094000000.0,2094000000.0,2094000000.0,0.0,184000000.0,0.197,8284000000.0,2344000000.0,0.0,0.277,1.53,16.122,16.344,2137000000.0,0.0,89.73,3.176,3.169,2805000000.0,18202000000.0,10628000000.0,10628000000.0,0.0,0.009,0.097,0.012,0.203,0.0,4952000000.0,1.0,376235731.0,375395000,380915000.0,28.312,230636000000.0,0.0,62000000.0,0.0,614.382,
18,STT,MRT,2017-03-31,2017-03-31,2017-03-31,2021-10-22,-1805000000.0,236802000000.0,247756500000.0,,,0.042,55.857,-609000000.0,69698000000.0,69698000000.0,0.0,2277000000.0,,10.121,16574000000.0,,,16574000000.0,0.0,751000000.0,183465000000.0,0.019,1.48,2093000000.0,2844000000.0,0.274,2844000000.0,2093000000.0,2093000000.0,5.41,5.34,5.41,21294000000.0,21684000000.0,21294000000.0,-24427764879.0,-12.0,-8.589,2338000000.0,6.133,1.0,10391000000.0,1.0,7565000000.0,0.0,176113000000.0,181500250000.0,0.0,120251000000.0,,,215508000000.0,,,30406235121.0,-826000000.0,-265000000.0,-1574000000.0,700000000.0,-740000000.0,-3186000000.0,-587000000.0,128000000.0,2947000000.0,0.0,2095000000.0,2095000000.0,2095000000.0,0.0,182000000.0,0.202,8113000000.0,2278000000.0,0.0,0.274,1.428,14.514,14.715,2101000000.0,0.0,79.61,2.926,2.921,2690000000.0,17762000000.0,10391000000.0,10391000000.0,0.0,0.008,0.097,0.012,0.201,0.0,4850000000.0,1.0,381939896.0,381224000,386417000.0,27.257,229237000000.0,0.0,-2000000.0,0.0,601.318,
19,STT,MRT,2016-12-31,2016-12-31,2016-12-31,2021-10-22,-2040000000.0,242698000000.0,249477250000.0,,,0.041,54.201,-613000000.0,72249000000.0,72249000000.0,0.0,2143000000.0,,10.438,17415000000.0,,,17415000000.0,0.0,722000000.0,187163000000.0,0.019,1.44,1946000000.0,2668000000.0,0.261,2668000000.0,1946000000.0,1946000000.0,5.03,4.97,5.03,21219000000.0,21734500000.0,21219000000.0,-34989704712.0,-18.0,-13.115,1677000000.0,4.284,1.0,10207000000.0,1.0,7564000000.0,0.0,180300000000.0,183394250000.0,0.0,119851000000.0,,,221479000000.0,,,29979295288.0,107000000.0,-437000000.0,-1487000000.0,-217000000.0,-723000000.0,-6413000000.0,4230000000.0,5110000000.0,2290000000.0,0.0,1968000000.0,1968000000.0,1968000000.0,0.0,175000000.0,0.193,8077000000.0,2130000000.0,0.0,0.286,1.413,15.233,15.451,2062000000.0,0.0,77.72,2.937,2.981,2644000000.0,17459000000.0,10207000000.0,10207000000.0,0.0,0.008,0.091,0.011,0.191,0.0,4793000000.0,1.0,385734628.0,391485000,396090000.0,26.073,235134000000.0,0.0,-22000000.0,0.0,600.621,
20,STT,MRT,2016-09-30,2016-09-30,2016-09-30,2021-10-22,-993000000.0,256140000000.0,250091500000.0,,,0.041,57.035,-637000000.0,82580000000.0,82580000000.0,0.0,2126000000.0,,10.562,17611000000.0,,,17611000000.0,0.0,677000000.0,198766000000.0,0.02,1.4,2287000000.0,2964000000.0,0.29,2964000000.0,2287000000.0,2287000000.0,4.94,4.89,4.94,22150000000.0,21705500000.0,22150000000.0,-34699240510.0,-15.0,-11.707,5018000000.0,12.921,1.0,10215000000.0,1.0,7760000000.0,0.0,183411000000.0,183049500000.0,0.0,124844000000.0,,,233959000000.0,,,27156759490.0,-170000000.0,-437000000.0,-1716000000.0,-5960000000.0,-707000000.0,4525000000.0,-10350000000.0,-9403000000.0,5655000000.0,0.0,1958000000.0,1958000000.0,1958000000.0,0.0,168000000.0,0.192,7751000000.0,2464000000.0,0.0,0.283,1.226,13.87,14.095,2042000000.0,0.0,69.63,2.659,2.647,2594000000.0,17047000000.0,10215000000.0,10215000000.0,0.0,0.008,0.09,0.012,0.224,0.0,4883000000.0,1.0,390015216.0,388358000,393212000.0,26.303,248380000000.0,0.0,329000000.0,0.0,639.565,
21,STT,MRT,2016-06-30,2016-06-30,2016-06-30,2021-10-22,-997000000.0,255386000000.0,247875000000.0,,,0.041,56.0,-730000000.0,79842000000.0,79842000000.0,0.0,2144000000.0,,10.569,17986000000.0,,,17986000000.0,0.0,681000000.0,193130000000.0,0.025,1.36,2314000000.0,2995000000.0,0.293,2995000000.0,2314000000.0,2314000000.0,4.96,4.91,4.96,22073000000.0,21543000000.0,22073000000.0,-31164898970.0,-13.0,-10.406,7406000000.0,18.789,1.0,10209000000.0,1.0,7353000000.0,0.0,186177000000.0,185018750000.0,0.0,125809000000.0,,,233282000000.0,,,21349101030.0,1589000000.0,0.0,-1595000000.0,-6857000000.0,-700000000.0,-46093000000.0,39546000000.0,40171000000.0,8136000000.0,0.0,1990000000.0,1990000000.0,1990000000.0,0.0,154000000.0,0.195,7729000000.0,2480000000.0,0.0,0.274,0.967,10.728,10.871,1994000000.0,0.0,53.92,2.091,2.082,2399000000.0,16686000000.0,10209000000.0,10209000000.0,0.0,0.008,0.092,0.013,0.227,0.0,4965000000.0,1.0,395940301.0,394160000,398847000.0,25.901,248033000000.0,0.0,324000000.0,0.0,629.27,
22,STT,MRT,2016-03-31,2016-03-31,2016-03-31,2021-10-22,-964000000.0,243685000000.0,257671250000.0,,,0.04,53.818,-775000000.0,68767000000.0,68767000000.0,0.0,1943000000.0,,10.335,16253000000.0,,,16253000000.0,0.0,651000000.0,185516000000.0,0.023,1.36,2080000000.0,2731000000.0,0.267,2731000000.0,2080000000.0,2080000000.0,4.43,4.37,4.43,21496000000.0,21399750000.0,21496000000.0,-35348994275.0,-17.0,-12.944,277000000.0,0.694,1.0,10244000000.0,1.0,7482000000.0,0.0,183689000000.0,186472750000.0,0.0,126033000000.0,,,222157000000.0,,,23409005725.0,586000000.0,0.0,-1479000000.0,-7258000000.0,-683000000.0,-34479000000.0,34013000000.0,34720000000.0,1052000000.0,0.0,1794000000.0,1794000000.0,1794000000.0,0.0,149000000.0,0.175,8003000000.0,2241000000.0,0.0,0.307,1.089,13.048,13.21,1949000000.0,0.0,58.52,2.285,2.282,2371000000.0,16233000000.0,10244000000.0,10244000000.0,0.0,0.007,0.084,0.011,0.203,0.0,5012000000.0,1.0,400017186.0,399421000,403615000.0,25.647,236203000000.0,0.0,286000000.0,0.0,591.363,
23,STT,MRT,2015-12-31,2015-12-31,2015-12-31,2021-10-22,-1442000000.0,245155000000.0,266619000000.0,,,0.039,51.741,-703000000.0,76545000000.0,76545000000.0,0.0,1980000000.0,,10.616,17750000000.0,,,17750000000.0,0.0,604000000.0,191627000000.0,0.02,1.32,2166000000.0,2770000000.0,0.267,2770000000.0,2166000000.0,2166000000.0,4.53,4.47,4.53,21103000000.0,21230500000.0,21103000000.0,-21674661608.0,-10.0,-7.825,-2106000000.0,-5.164,1.0,10360000000.0,1.0,7439000000.0,0.0,178921000000.0,192817750000.0,0.0,123028000000.0,,,224020000000.0,,,26775338392.0,-648000000.0,0.0,-1738000000.0,-5246000000.0,-655000000.0,-24240000000.0,24995000000.0,25625000000.0,-1403000000.0,0.0,1848000000.0,1848000000.0,1848000000.0,0.0,132000000.0,0.178,8050000000.0,2310000000.0,0.0,0.291,1.269,14.489,14.649,1894000000.0,0.0,66.36,2.584,2.612,2346000000.0,16049000000.0,10360000000.0,10360000000.0,0.0,0.007,0.087,0.011,0.209,0.0,4995000000.0,1.0,403486112.0,407856000,413638000.0,25.401,237716000000.0,0.0,318000000.0,0.0,582.843,
24,STT,MRT,2015-09-30,2015-09-30,2015-09-30,2021-10-22,-1101000000.0,247274000000.0,273860000000.0,,,0.038,52.876,-672000000.0,72021000000.0,72021000000.0,0.0,1881000000.0,,10.5,23571000000.0,,,23571000000.0,0.0,570000000.0,186367000000.0,0.019,1.28,2045000000.0,2615000000.0,0.251,2615000000.0,2045000000.0,2045000000.0,4.28,4.21,4.28,21500000000.0,21286750000.0,21500000000.0,-67548721103.0,-33.0,-25.831,-5051000000.0,-12.422,1.0,10431000000.0,1.0,7536000000.0,0.0,191288000000.0,196652250000.0,0.0,126957000000.0,,,225742000000.0,,,27429278897.0,-486000000.0,0.0,-1587000000.0,903000000.0,-632000000.0,-21315000000.0,25208000000.0,25719000000.0,-4379000000.0,0.0,1759000000.0,1759000000.0,1759000000.0,0.0,122000000.0,0.169,8250000000.0,2181000000.0,0.0,0.299,1.276,15.594,15.703,1984000000.0,0.0,67.21,2.63,2.62,2271000000.0,15795000000.0,10431000000.0,10431000000.0,0.0,0.006,0.083,0.01,0.196,0.0,5029000000.0,1.0,408113062.0,406612000,412167000.0,25.653,239738000000.0,0.0,286000000.0,0.0,589.599,
25,STT,MRT,2015-06-30,2015-06-30,2015-06-30,2021-10-22,-1011000000.0,294571000000.0,280742750000.0,,,0.037,52.353,-494000000.0,119812000000.0,119812000000.0,0.0,1860000000.0,,12.701,24834000000.0,,,24834000000.0,0.0,534000000.0,230591000000.0,0.016,1.24,2109000000.0,2643000000.0,0.254,2643000000.0,2109000000.0,2109000000.0,4.23,4.16,4.23,21500000000.0,21200750000.0,21500000000.0,-31152675574.0,-15.0,-11.787,-5982000000.0,-14.566,1.0,10399000000.0,1.0,7600000000.0,0.0,191993000000.0,198434750000.0,0.0,125830000000.0,,,273071000000.0,,,31699324426.0,-3163000000.0,0.0,-1811000000.0,2284000000.0,-596000000.0,13176000000.0,-10851000000.0,-10504000000.0,-5488000000.0,0.0,1762000000.0,1762000000.0,1762000000.0,0.0,98000000.0,0.169,8180000000.0,2219000000.0,0.0,0.293,1.474,17.991,18.203,2035000000.0,0.0,77.0,3.048,3.041,2385000000.0,15390000000.0,10399000000.0,10399000000.0,0.0,0.006,0.083,0.011,0.203,0.0,4901000000.0,1.0,411679538.0,410674000,416712000.0,25.322,286971000000.0,0.0,347000000.0,0.0,698.781,
26,STT,MRT,2015-03-31,2015-03-31,2015-03-31,2021-10-22,-1006000000.0,279476000000.0,277681000000.0,,,0.037,50.504,-413000000.0,86547000000.0,86547000000.0,0.0,2064000000.0,,12.424,23695000000.0,,,23695000000.0,0.0,514000000.0,211352000000.0,0.016,1.2,2392000000.0,2906000000.0,0.28,2906000000.0,2392000000.0,2392000000.0,4.69,4.61,4.69,20819000000.0,21250750000.0,20819000000.0,-41694005864.0,-17.0,-14.348,-2483000000.0,-6.023,1.0,10389000000.0,1.0,7555000000.0,0.0,209069000000.0,198423500000.0,0.0,143611000000.0,,,258657000000.0,,,30314994136.0,-728000000.0,0.0,-1898000000.0,1287000000.0,-575000000.0,16311000000.0,-14969000000.0,-14698000000.0,-2070000000.0,0.0,1975000000.0,1975000000.0,1975000000.0,0.0,89000000.0,0.19,7896000000.0,2493000000.0,0.0,0.256,1.456,15.349,15.678,1933000000.0,0.0,73.53,2.918,2.918,2281000000.0,15135000000.0,10389000000.0,10389000000.0,0.0,0.007,0.093,0.012,0.23,0.0,4881000000.0,1.0,412280622.0,412225000,418750000.0,25.202,271921000000.0,0.0,417000000.0,0.0,659.642,
27,STT,MRT,2014-12-31,2014-12-31,2014-12-31,2021-10-22,-507000000.0,274119000000.0,271977750000.0,,,0.038,50.275,-427000000.0,95378000000.0,95378000000.0,0.0,2022000000.0,,11.853,23369000000.0,,,23369000000.0,0.0,477000000.0,209040000000.0,0.015,1.16,2373000000.0,2850000000.0,0.277,2850000000.0,2373000000.0,2373000000.0,4.62,4.53,4.62,21328000000.0,21364250000.0,21328000000.0,-35593619892.0,-15.0,-12.489,-988000000.0,-2.329,1.0,10274000000.0,1.0,7851000000.0,0.0,194259000000.0,193889000000.0,0.0,134111000000.0,,,252791000000.0,,,32773380108.0,-1365000000.0,0.0,-1868000000.0,1781000000.0,-539000000.0,27688000000.0,-28492000000.0,-28214000000.0,-561000000.0,0.0,1958000000.0,1958000000.0,1958000000.0,0.0,64000000.0,0.191,7827000000.0,2447000000.0,0.0,0.251,1.537,16.738,16.991,1937000000.0,0.0,78.5,3.19,3.241,2242000000.0,14737000000.0,10274000000.0,10274000000.0,0.0,0.007,0.092,0.012,0.231,0.0,4961000000.0,1.0,417495288.0,424223000,432007000.0,24.218,266268000000.0,0.0,415000000.0,0.0,627.66,
28,STT,MRT,2014-09-30,2014-09-30,2014-09-30,2021-10-22,-107000000.0,274805000000.0,264270750000.0,,,0.038,50.136,-427000000.0,91092000000.0,91092000000.0,0.0,2012000000.0,,11.989,22725000000.0,,,22725000000.0,0.0,488000000.0,207968000000.0,0.015,1.12,2428000000.0,2916000000.0,0.288,2916000000.0,2428000000.0,2428000000.0,4.58,4.48,4.58,21156000000.0,21126750000.0,21156000000.0,-50916738217.0,-21.0,-17.461,-2840000000.0,-6.73,1.0,10109000000.0,1.0,8020000000.0,0.0,198418000000.0,192541500000.0,0.0,137319000000.0,,,253649000000.0,,,31175261783.0,250000000.0,-18000000.0,-2001000000.0,42000000.0,-517000000.0,52085000000.0,-49422000000.0,-49095000000.0,-2413000000.0,0.0,1959000000.0,1959000000.0,1959000000.0,0.0,53000000.0,0.194,7616000000.0,2493000000.0,0.0,0.245,1.474,15.914,16.072,1911000000.0,0.0,73.61,3.084,3.073,2318000000.0,14531000000.0,10109000000.0,10109000000.0,0.0,0.007,0.093,0.013,0.24,0.0,4935000000.0,1.0,423519383.0,421974000,429736000.0,23.956,266785000000.0,0.0,469000000.0,0.0,632.231,
29,STT,MRT,2014-06-30,2014-06-30,2014-06-30,2021-10-22,489000000.0,282324000000.0,249864500000.0,,,0.04,50.722,-394000000.0,104633000000.0,104633000000.0,0.0,1992000000.0,,12.01,22541000000.0,,,22541000000.0,0.0,496000000.0,218834000000.0,0.016,1.08,2452000000.0,2948000000.0,0.296,2948000000.0,2452000000.0,2452000000.0,4.5,4.39,4.5,21700000000.0,20945250000.0,21700000000.0,-28437845202.0,-12.0,-9.646,-257000000.0,-0.601,1.0,9952000000.0,1.0,8284000000.0,0.0,191948000000.0,190154000000.0,0.0,138692000000.0,,,260624000000.0,,,28950154798.0,768000000.0,0.0,-2132000000.0,1084000000.0,-495000000.0,51609000000.0,-50978000000.0,-50703000000.0,137000000.0,0.0,1948000000.0,1948000000.0,1948000000.0,0.0,44000000.0,0.196,7446000000.0,2506000000.0,0.0,0.24,1.334,14.861,14.947,1920000000.0,0.0,67.26,2.909,2.891,2221000000.0,14114000000.0,9952000000.0,9952000000.0,0.0,0.008,0.093,0.013,0.246,0.0,4880000000.0,1.0,430421570.0,427824000,435320000.0,23.262,274040000000.0,0.0,504000000.0,0.0,640.544,
30,STT,MRT,2014-03-31,2014-03-31,2014-03-31,2021-10-22,188000000.0,256663000000.0,236108500000.0,,,0.042,49.401,-379000000.0,79673000000.0,79673000000.0,0.0,1949000000.0,,11.065,22285000000.0,,,22285000000.0,0.0,453000000.0,194648000000.0,0.015,1.04,2480000000.0,2933000000.0,0.296,2933000000.0,2480000000.0,2480000000.0,4.35,4.25,4.35,21273000000.0,20540500000.0,21273000000.0,-16005814752.0,-6.0,-5.457,-879000000.0,-2.041,1.0,9914000000.0,1.0,8344000000.0,0.0,190931000000.0,189686500000.0,0.0,140564000000.0,,,235390000000.0,,,30020185248.0,-831000000.0,0.0,-2247000000.0,-1579000000.0,-496000000.0,36384000000.0,-36715000000.0,-36457000000.0,-500000000.0,0.0,1917000000.0,1917000000.0,1917000000.0,0.0,32000000.0,0.193,7394000000.0,2520000000.0,0.0,0.239,1.411,15.66,15.989,1896000000.0,0.0,69.55,3.028,3.021,2197000000.0,13639000000.0,9914000000.0,9914000000.0,0.0,0.008,0.093,0.013,0.25,0.0,4805000000.0,1.0,431634583.0,430621000,438815000.0,23.023,248319000000.0,0.0,563000000.0,0.0,576.653,
31,STT,MRT,2013-12-31,2013-12-31,2013-12-31,2021-10-22,-95000000.0,243291000000.0,226490000000.0,,,0.044,45.665,-388000000.0,67477000000.0,67477000000.0,0.0,2050000000.0,,10.939,21451000000.0,,,21451000000.0,0.0,461000000.0,182268000000.0,0.014,1.04,2632000000.0,3093000000.0,0.314,3093000000.0,2632000000.0,2632000000.0,4.52,4.43,4.52,20378000000.0,20439500000.0,20378000000.0,12308299609.0,5.0,3.979,-2412000000.0,-5.405,1.0,9864000000.0,1.0,8396000000.0,0.0,188869000000.0,189402500000.0,0.0,137445000000.0,,,222913000000.0,,,32218299609.0,630000000.0,0.0,-2108000000.0,1196000000.0,-486000000.0,16739000000.0,-14085000000.0,-13836000000.0,-2024000000.0,0.0,2016000000.0,2016000000.0,2016000000.0,0.0,34000000.0,0.204,7192000000.0,2672000000.0,0.0,0.23,1.581,15.981,16.237,1860000000.0,0.0,73.39,3.266,3.32,2123000000.0,13395000000.0,9864000000.0,9864000000.0,0.0,0.009,0.099,0.014,0.267,0.0,4659000000.0,1.0,439001221.0,446245000,455155000.0,22.104,234895000000.0,0.0,616000000.0,0.0,526.381,
32,STT,MRT,2013-09-30,2013-09-30,2013-09-30,2021-10-22,-114000000.0,217180000000.0,221312750000.0,,,0.045,46.132,-360000000.0,42532000000.0,42532000000.0,0.0,2053000000.0,,9.63,22622000000.0,,,22622000000.0,0.0,443000000.0,154199000000.0,0.016,1.02,2633000000.0,3076000000.0,0.312,3076000000.0,2633000000.0,2633000000.0,4.48,4.4,4.48,20430000000.0,20562250000.0,20430000000.0,430674188.0,0.0,0.14,-402000000.0,-0.908,1.0,9869000000.0,1.0,8402000000.0,0.0,188868000000.0,187447500000.0,0.0,138979000000.0,,,196750000000.0,,,29322674188.0,-2536000000.0,-493000000.0,-2412000000.0,2941000000.0,-487000000.0,7946000000.0,-10440000000.0,-9682000000.0,-42000000.0,0.0,2025000000.0,2025000000.0,2025000000.0,0.0,28000000.0,0.205,7210000000.0,2659000000.0,0.0,0.228,1.435,14.48,14.676,1816000000.0,0.0,65.75,2.971,2.95,2094000000.0,12963000000.0,9869000000.0,9869000000.0,0.0,0.009,0.098,0.014,0.267,0.0,4629000000.0,1.0,445972231.0,442860000,452154000.0,22.285,208778000000.0,0.0,608000000.0,0.0,471.431,
33,STT,MRT,2013-06-30,2013-06-30,2013-06-30,2021-10-22,-523000000.0,227300000000.0,218148250000.0,,,0.045,44.41,-440000000.0,50262000000.0,50262000000.0,0.0,2187000000.0,,10.319,21370000000.0,,,21370000000.0,0.0,386000000.0,166520000000.0,0.015,1.0,2860000000.0,3246000000.0,0.331,3246000000.0,2860000000.0,2860000000.0,4.67,4.59,4.67,20081000000.0,20642000000.0,20081000000.0,9710486356.0,3.0,2.992,795000000.0,1.758,1.0,9800000000.0,1.0,8330000000.0,0.0,190078000000.0,184792250000.0,0.0,138279000000.0,,,207219000000.0,,,29740486356.0,-609000000.0,-511000000.0,-2231000000.0,209000000.0,-486000000.0,20723000000.0,-22567000000.0,-21729000000.0,1235000000.0,0.0,2148000000.0,2148000000.0,2148000000.0,0.0,39000000.0,0.219,6903000000.0,2897000000.0,0.0,0.214,1.481,13.846,13.964,1772000000.0,0.0,65.21,3.035,3.009,2055000000.0,12545000000.0,9800000000.0,9800000000.0,0.0,0.01,0.104,0.015,0.292,0.0,4635000000.0,1.0,456072479.0,452176000,461040000.0,21.673,218970000000.0,0.0,712000000.0,0.0,484.258,
34,STT,MRT,2013-03-31,2013-03-31,2013-03-31,2021-10-22,251000000.0,218189000000.0,211517500000.0,,,0.046,45.935,-389000000.0,43932000000.0,43932000000.0,0.0,2098000000.0,,9.455,23902000000.0,,,23902000000.0,0.0,343000000.0,154775000000.0,0.017,0.98,2748000000.0,3091000000.0,0.32,3091000000.0,2748000000.0,2748000000.0,4.41,4.33,4.41,20869000000.0,20596000000.0,20869000000.0,-6019900410.0,-2.0,-1.948,1303000000.0,2.868,1.0,9663000000.0,1.0,8364000000.0,0.0,189795000000.0,181340000000.0,0.0,140749000000.0,,,197320000000.0,,,26997099590.0,3325000000.0,-511000000.0,-2069000000.0,2361000000.0,-478000000.0,24891000000.0,-23258000000.0,-22484000000.0,1692000000.0,0.0,2057000000.0,2057000000.0,2057000000.0,0.0,41000000.0,0.213,6877000000.0,2786000000.0,0.0,0.222,1.294,13.125,13.399,1756000000.0,0.0,59.09,2.794,2.778,2103000000.0,12090000000.0,9663000000.0,9663000000.0,0.0,0.01,0.1,0.015,0.284,0.0,4654000000.0,1.0,456881022.0,454315000,462751000.0,21.269,209825000000.0,0.0,691000000.0,0.0,461.849,
35,STT,MRT,2012-12-31,2012-12-31,2012-12-31,2021-10-22,360000000.0,222582000000.0,203959250000.0,,,0.047,43.985,-355000000.0,53353000000.0,53353000000.0,0.0,2061000000.0,,9.666,20336000000.0,,,20336000000.0,0.0,291000000.0,164181000000.0,0.02,0.96,2724000000.0,3015000000.0,0.312,3015000000.0,2724000000.0,2724000000.0,4.25,4.2,4.25,20869000000.0,20418500000.0,20869000000.0,3536632495.0,1.0,1.173,1578000000.0,3.326,1.0,9649000000.0,1.0,8516000000.0,0.0,181049000000.0,177055000000.0,0.0,138999000000.0,,,201713000000.0,,,21850632495.0,397000000.0,-511000000.0,-1488000000.0,-2370000000.0,-463000000.0,3055000000.0,-4591000000.0,-3841000000.0,1933000000.0,0.0,2019000000.0,2019000000.0,2019000000.0,0.0,42000000.0,0.209,6886000000.0,2763000000.0,0.0,0.226,1.047,10.823,11.061,1728000000.0,0.0,47.01,2.265,2.312,1970000000.0,11751000000.0,9649000000.0,9649000000.0,0.0,0.01,0.099,0.015,0.282,0.0,4688000000.0,1.0,464808179.0,474458000,481129000.0,20.337,214066000000.0,0.0,705000000.0,0.0,451.18,
36,STT,MRT,2012-09-30,2012-09-30,2012-09-30,2021-10-22,186000000.0,204522000000.0,202520500000.0,,,0.047,43.927,-343000000.0,38015000000.0,38015000000.0,0.0,1972000000.0,,8.857,19701000000.0,,,19701000000.0,0.0,274000000.0,146289000000.0,0.021,0.9,2661000000.0,2935000000.0,0.308,2935000000.0,2661000000.0,2661000000.0,4.02,3.95,4.02,20749000000.0,20050750000.0,20749000000.0,3540259185.0,1.0,1.206,4206000000.0,8.904,1.0,9515000000.0,1.0,7961000000.0,0.0,178247000000.0,174235000000.0,0.0,138388000000.0,,,183773000000.0,,,20103259185.0,-3055000000.0,-137000000.0,-829000000.0,-10824000000.0,-437000000.0,-311000000.0,-7293000000.0,-6925000000.0,4549000000.0,0.0,1922000000.0,1922000000.0,1922000000.0,0.0,50000000.0,0.202,6806000000.0,2709000000.0,0.0,0.224,0.969,10.46,10.438,1720000000.0,0.0,41.96,2.113,2.083,1933000000.0,11392000000.0,9515000000.0,9515000000.0,0.0,0.009,0.096,0.015,0.28,0.0,4623000000.0,1.0,479105319.0,472355000,480010000.0,20.144,196561000000.0,0.0,739000000.0,0.0,416.13,
37,STT,MRT,2012-06-30,2012-06-30,2012-06-30,2021-10-22,-537000000.0,200777000000.0,203588750000.0,,,0.047,41.331,-249000000.0,37233000000.0,37233000000.0,0.0,1853000000.0,,9.091,20670000000.0,,,20670000000.0,0.0,246000000.0,143771000000.0,0.019,0.84,2357000000.0,2603000000.0,0.272,2603000000.0,2357000000.0,2357000000.0,3.74,3.69,3.74,19897000000.0,19776250000.0,19897000000.0,14652820000.0,6.0,5.629,4123000000.0,8.565,1.0,9586000000.0,1.0,7945000000.0,0.0,176269000000.0,176787750000.0,0.0,135273000000.0,,,180880000000.0,,,21810820000.0,1516000000.0,-137000000.0,-663000000.0,-6042000000.0,-411000000.0,11246000000.0,-14102000000.0,-13878000000.0,4372000000.0,0.0,1811000000.0,1811000000.0,1811000000.0,0.0,42000000.0,0.189,7189000000.0,2397000000.0,0.0,0.225,1.096,12.044,11.936,1702000000.0,0.0,44.64,2.275,2.242,1914000000.0,10846000000.0,9586000000.0,9586000000.0,0.0,0.009,0.092,0.013,0.246,0.0,4670000000.0,1.0,488593638.0,481404000,488518000.0,19.913,192832000000.0,0.0,546000000.0,0.0,400.562,
38,STT,MRT,2012-03-31,2012-03-31,2012-03-31,2021-10-22,-299000000.0,187956000000.0,201008250000.0,,,0.048,41.57,-294000000.0,28092000000.0,28092000000.0,0.0,1876000000.0,,8.324,20934000000.0,,,20934000000.0,0.0,263000000.0,130180000000.0,0.017,0.78,2419000000.0,2682000000.0,0.278,2682000000.0,2419000000.0,2419000000.0,3.75,3.71,3.75,20159000000.0,19760500000.0,20159000000.0,-16756862538.0,-7.0,-6.248,3550000000.0,7.32,1.0,9654000000.0,1.0,8143000000.0,0.0,172655000000.0,176983750000.0,0.0,134293000000.0,,,167797000000.0,,,22197137462.0,-1254000000.0,-137000000.0,-493000000.0,-5468000000.0,-385000000.0,16420000000.0,-21518000000.0,-21386000000.0,3844000000.0,0.0,1833000000.0,1833000000.0,1833000000.0,0.0,43000000.0,0.19,7191000000.0,2463000000.0,0.0,0.208,1.101,12.11,12.133,1736000000.0,0.0,45.5,2.299,2.286,1966000000.0,10478000000.0,9654000000.0,9654000000.0,0.0,0.009,0.093,0.014,0.251,0.0,4723000000.0,1.0,487849175.0,484942000,490454000.0,19.908,179813000000.0,0.0,586000000.0,0.0,370.793,
39,STT,MRT,2011-12-31,2011-12-31,2011-12-31,2021-10-22,-659000000.0,216827000000.0,196968250000.0,,,0.049,39.379,-298000000.0,61079000000.0,61079000000.0,0.0,1920000000.0,,10.178,22125000000.0,,,22125000000.0,0.0,218000000.0,157287000000.0,0.018,0.72,2498000000.0,2716000000.0,0.283,2716000000.0,2498000000.0,2498000000.0,3.82,3.79,3.82,19398000000.0,19515750000.0,19398000000.0,7618535337.0,3.0,2.805,3076000000.0,6.244,1.0,9594000000.0,1.0,8104000000.0,0.0,169769000000.0,176355000000.0,0.0,126936000000.0,,,197429000000.0,,,19830535337.0,-1118000000.0,-214000000.0,-689000000.0,-9055000000.0,-295000000.0,49403000000.0,-53895000000.0,-53670000000.0,3374000000.0,0.0,1882000000.0,1882000000.0,1882000000.0,0.0,38000000.0,0.196,7058000000.0,2536000000.0,0.0,0.188,1.022,10.537,10.552,1747000000.0,0.0,40.31,2.067,2.07,1822000000.0,10176000000.0,9594000000.0,9594000000.0,0.0,0.01,0.096,0.014,0.26,0.0,4622000000.0,1.0,491950765.0,492598000,496072000.0,19.476,208723000000.0,0.0,616000000.0,0.0,423.719,
40,STT,MRT,2011-09-30,2011-09-30,2011-09-30,2021-10-22,-315000000.0,208795000000.0,182887750000.0,,,0.051,40.035,-314000000.0,45971000000.0,45971000000.0,0.0,1622000000.0,,9.625,33759000000.0,,,33759000000.0,0.0,67000000.0,134998000000.0,0.017,0.55,2226000000.0,2293000000.0,0.246,2293000000.0,2226000000.0,2226000000.0,3.23,3.19,3.23,19651000000.0,19113000000.0,19651000000.0,11171660372.0,5.0,4.872,-258000000.0,-0.526,1.0,9322000000.0,1.0,8125000000.0,0.0,188458000000.0,173380000000.0,0.0,126325000000.0,,,189144000000.0,,,16209660372.0,4904000000.0,-163000000.0,-472000000.0,-4811000000.0,-204000000.0,24977000000.0,-20129000000.0,-19969000000.0,56000000.0,0.0,1592000000.0,1592000000.0,1592000000.0,0.0,30000000.0,0.171,7066000000.0,2256000000.0,0.0,0.17,0.825,10.182,9.957,1738000000.0,0.0,32.16,1.739,1.693,1932000000.0,9889000000.0,9322000000.0,9322000000.0,0.0,0.009,0.083,0.013,0.239,0.0,4634000000.0,1.0,504031728.0,490840000,494780000.0,18.992,200670000000.0,0.0,634000000.0,0.0,408.83,
41,STT,MRT,2011-06-30,2011-06-30,2011-06-30,2021-10-22,160000000.0,190455000000.0,173930000000.0,,,0.053,39.923,-375000000.0,35471000000.0,35471000000.0,0.0,1613000000.0,,8.602,30433000000.0,,,30433000000.0,0.0,-90000000.0,125409000000.0,0.008,0.38,2385000000.0,2295000000.0,0.249,2295000000.0,2385000000.0,2385000000.0,3.21,3.17,3.21,19834000000.0,18592500000.0,19834000000.0,29435103901.0,12.0,12.826,-5015000000.0,-10.094,1.0,9205000000.0,1.0,8364000000.0,0.0,177053000000.0,169189750000.0,0.0,123142000000.0,,,170621000000.0,,,22727103901.0,-740000000.0,-169000000.0,-249000000.0,-10712000000.0,-113000000.0,19092000000.0,-15192000000.0,-14904000000.0,-4640000000.0,0.0,1589000000.0,1589000000.0,1589000000.0,0.0,24000000.0,0.173,6795000000.0,2410000000.0,0.0,0.118,1.146,14.303,14.047,1853000000.0,0.0,45.09,2.469,2.434,1871000000.0,9430000000.0,9205000000.0,9205000000.0,0.0,0.009,0.085,0.014,0.259,0.0,4494000000.0,1.0,504038676.0,496806000,501044000.0,18.528,182091000000.0,0.0,796000000.0,0.0,366.523,
42,STT,MRT,2011-03-31,2011-03-31,2011-03-31,2021-10-22,-238000000.0,171796000000.0,166835000000.0,,,0.054,38.555,-326000000.0,22621000000.0,22621000000.0,0.0,1532000000.0,,7.957,29329000000.0,,,29329000000.0,0.0,-251000000.0,107414000000.0,0.005,0.21,2026000000.0,1775000000.0,0.197,1775000000.0,2026000000.0,2026000000.0,3.07,3.04,3.07,19180000000.0,17648750000.0,19180000000.0,29614401433.0,15.0,16.684,-1153000000.0,-2.318,1.0,9018000000.0,1.0,8364000000.0,0.0,170140000000.0,166715000000.0,0.0,119675000000.0,,,152616000000.0,,,22568401433.0,540000000.0,-2409000000.0,-27000000.0,-10841000000.0,-20000000.0,6690000000.0,-5323000000.0,-2828000000.0,-827000000.0,0.0,1514000000.0,1514000000.0,1514000000.0,0.0,18000000.0,0.168,6965000000.0,2053000000.0,0.0,0.068,1.177,14.906,14.638,1845000000.0,0.0,44.94,2.503,2.479,1850000000.0,9013000000.0,9018000000.0,9018000000.0,0.0,0.009,0.086,0.012,0.225,0.0,4338000000.0,1.0,502189618.0,497471000,500980000.0,18.128,163432000000.0,0.0,512000000.0,0.0,328.526,
43,STT,MRT,2010-12-31,2010-12-31,2010-12-31,2021-10-22,-689000000.0,160505000000.0,162378750000.0,,,0.055,35.905,-262000000.0,25545000000.0,25545000000.0,0.0,1556000000.0,,8.024,31099000000.0,,,31099000000.0,0.0,-409000000.0,98345000000.0,0.001,0.04,2070000000.0,1661000000.0,0.186,1661000000.0,2070000000.0,2070000000.0,3.11,3.09,3.11,17787000000.0,16706250000.0,17787000000.0,30329837527.0,15.0,18.26,561000000.0,1.132,1.0,8953000000.0,1.0,8190000000.0,0.0,157869000000.0,164162750000.0,0.0,109394000000.0,,,142718000000.0,,,23263837527.0,670000000.0,-2332000000.0,-34000000.0,-11574000000.0,-20000000.0,-3345000000.0,3192000000.0,5423000000.0,823000000.0,0.0,1540000000.0,1540000000.0,1540000000.0,0.0,16000000.0,0.172,6842000000.0,2111000000.0,0.0,0.013,1.308,15.106,14.9,1802000000.0,0.0,46.34,2.598,2.564,1733000000.0,8634000000.0,8953000000.0,8953000000.0,0.0,0.009,0.092,0.013,0.231,0.0,4257000000.0,1.0,502024979.0,495394000,497924000.0,18.072,152315000000.0,0.0,530000000.0,0.0,307.462,
44,STT,MRT,2010-09-30,2010-09-30,2010-09-30,2021-10-22,-782000000.0,172964000000.0,161739000000.0,,,0.057,35.441,-311000000.0,29143000000.0,29143000000.0,0.0,1971000000.0,,8.845,36209000000.0,,,36209000000.0,0.0,1814000000.0,105034000000.0,0.001,0.04,2500000000.0,4314000000.0,0.469,4314000000.0,2500000000.0,2500000000.0,3.97,3.95,3.97,17569000000.0,15882250000.0,17569000000.0,32090142767.0,13.0,7.439,1067000000.0,2.152,1.0,9190000000.0,1.0,8333000000.0,0.0,171697000000.0,166301750000.0,0.0,117387000000.0,,,155395000000.0,,,18900142767.0,-444000000.0,-2246000000.0,-28000000.0,-10264000000.0,-19000000.0,2977000000.0,-4799000000.0,-2631000000.0,1378000000.0,0.0,1957000000.0,1957000000.0,1957000000.0,0.0,14000000.0,0.213,6615000000.0,2575000000.0,0.0,0.01,1.076,9.658,9.486,1835000000.0,0.0,37.66,2.057,2.031,1767000000.0,8556000000.0,9190000000.0,9190000000.0,0.0,0.012,0.123,0.015,0.272,0.0,4145000000.0,1.0,501862527.0,495729000,498159000.0,18.538,164631000000.0,0.0,543000000.0,0.0,332.099,
45,STT,MRT,2010-06-30,2010-06-30,2010-06-30,2021-10-22,-1707000000.0,162075000000.0,159317250000.0,,,0.057,32.403,-55000000.0,25610000000.0,25610000000.0,0.0,1752000000.0,,9.092,38800000000.0,,,38800000000.0,0.0,1666000000.0,95743000000.0,0.001,0.04,2211000000.0,3877000000.0,0.425,3877000000.0,2211000000.0,2211000000.0,3.54,3.53,3.54,16059000000.0,14850000000.0,16059000000.0,29210991797.0,13.0,7.534,4122000000.0,8.317,1.0,9116000000.0,1.0,8111000000.0,0.0,167154000000.0,166072500000.0,0.0,112742000000.0,,,146016000000.0,,,16967991797.0,1268000000.0,-2240000000.0,-61000000.0,-7256000000.0,-19000000.0,2792000000.0,-5701000000.0,-3833000000.0,4177000000.0,0.0,1744000000.0,1744000000.0,1744000000.0,0.0,8000000.0,0.191,6821000000.0,2295000000.0,0.0,0.011,1.057,9.729,9.554,1839000000.0,0.0,33.82,1.861,1.839,1727000000.0,8015000000.0,9116000000.0,9116000000.0,0.0,0.011,0.117,0.013,0.243,0.0,4131000000.0,1.0,501714719.0,495606000,498886000.0,18.394,153964000000.0,0.0,467000000.0,0.0,310.658,
46,STT,MRT,2010-03-31,2010-03-31,2010-03-31,2021-10-22,-1885000000.0,153971000000.0,157153750000.0,,,0.057,31.157,-210000000.0,26366000000.0,26366000000.0,0.0,-1862000000.0,,8.992,38609000000.0,,,38609000000.0,0.0,-582000000.0,90336000000.0,0.001,0.04,-1206000000.0,-1788000000.0,-0.2,-1788000000.0,-1206000000.0,-1206000000.0,3.47,3.45,3.47,15410000000.0,13861000000.0,15410000000.0,37200491072.0,-31.0,-20.806,97000000.0,0.196,1.0,8934000000.0,1.0,6283000000.0,0.0,159931000000.0,164994000000.0,0.0,107093000000.0,,,138561000000.0,,,22361491072.0,-1442000000.0,0.0,2190000000.0,-13568000000.0,-49000000.0,-7045000000.0,5296000000.0,4989000000.0,307000000.0,0.0,-1997000000.0,-1997000000.0,-1997000000.0,0.0,135000000.0,-0.224,6241000000.0,2693000000.0,0.0,0.012,1.451,-11.198,13.009,1880000000.0,0.0,45.14,2.503,2.499,1563000000.0,7588000000.0,8934000000.0,8934000000.0,0.0,-0.013,-0.144,-0.007,-0.135,0.0,3971000000.0,1.0,495380839.0,494588000,498056000.0,18.064,147688000000.0,0.0,791000000.0,0.0,298.608,
47,STT,MRT,2009-12-31,2009-12-31,2009-12-31,2021-10-22,-2238000000.0,157946000000.0,154197000000.0,,,0.056,30.792,-325000000.0,29273000000.0,29273000000.0,0.0,-1881000000.0,,9.9,44112000000.0,,,44112000000.0,0.0,-457000000.0,90062000000.0,0.001,0.04,-1322000000.0,-1779000000.0,-0.206,-1779000000.0,-1322000000.0,-1322000000.0,3.5,3.46,3.5,14491000000.0,13473000000.0,14491000000.0,35439723853.0,-27.0,-19.921,-4556000000.0,-9.681,1.0,8640000000.0,1.0,6360000000.0,0.0,166425000000.0,158505750000.0,0.0,106840000000.0,,,143455000000.0,,,21537723853.0,-540000000.0,0.0,2227000000.0,-5799000000.0,-168000000.0,-27941000000.0,31632000000.0,31527000000.0,-4231000000.0,0.0,-2044000000.0,-2044000000.0,-2044000000.0,0.0,163000000.0,-0.237,5966000000.0,2674000000.0,0.0,0.011,1.486,-10.537,12.44,1953000000.0,0.0,43.54,2.493,2.372,1497000000.0,7071000000.0,8640000000.0,8640000000.0,0.0,-0.013,-0.152,-0.008,-0.153,0.0,3776000000.0,1.0,494665224.0,470602000,474003000.0,18.359,151586000000.0,0.0,722000000.0,0.0,322.111,
48,STT,MRT,2009-09-30,2009-09-30,2009-09-30,2021-10-22,-2776000000.0,163277000000.0,158118250000.0,,,0.057,27.237,-454000000.0,32506000000.0,32506000000.0,0.0,-2123000000.0,,11.149,46408000000.0,,,46408000000.0,0.0,-2869000000.0,91768000000.0,0.005,0.27,-1662000000.0,-4531000000.0,-0.502,-4531000000.0,-1662000000.0,-1662000000.0,3.0,2.99,3.0,13440000000.0,13043750000.0,13440000000.0,41766143124.0,-25.0,-9.218,-3501000000.0,-7.095,1.0,9033000000.0,1.0,6399000000.0,0.0,170780000000.0,152547250000.0,0.0,106077000000.0,,,149837000000.0,,,26010143124.0,-52544000000.0,388000000.0,2145000000.0,-73849000000.0,-281000000.0,-131149000000.0,81652000000.0,81327000000.0,-3047000000.0,0.0,-2308000000.0,-2308000000.0,-2308000000.0,0.0,185000000.0,-0.256,6712000000.0,2321000000.0,0.0,0.09,1.935,-11.27,17.533,1947000000.0,0.0,52.6,2.879,2.873,1618000000.0,6579000000.0,9033000000.0,9033000000.0,0.0,-0.015,-0.177,-0.011,-0.184,0.0,3699000000.0,1.0,494489413.0,493453000,498290000.0,18.306,156878000000.0,0.0,646000000.0,0.0,317.919,
49,STT,MRT,2009-06-30,2009-06-30,2009-06-30,2021-10-22,-3828000000.0,153421000000.0,188690000000.0,,,0.051,26.129,-746000000.0,30390000000.0,30390000000.0,0.0,-1973000000.0,,11.676,46146000000.0,,,46146000000.0,0.0,-2478000000.0,85577000000.0,0.011,0.5,-1303000000.0,-3781000000.0,-0.395,-3781000000.0,-1303000000.0,-1303000000.0,3.44,3.42,3.44,12103000000.0,12949750000.0,12103000000.0,18657242506.0,-14.0,-4.934,-7019000000.0,-15.153,1.0,9568000000.0,1.0,6337000000.0,0.0,162840000000.0,186163500000.0,0.0,98659000000.0,,,141318000000.0,,,20521242506.0,149000000.0,388000000.0,2191000000.0,4619000000.0,-379000000.0,-5243000000.0,11665000000.0,11656000000.0,-6273000000.0,0.0,-2158000000.0,-2158000000.0,-2158000000.0,0.0,185000000.0,-0.226,6904000000.0,2664000000.0,0.0,0.145,1.696,-9.509,13.721,2114000000.0,0.0,47.2,2.145,2.285,1549000000.0,6255000000.0,9568000000.0,9568000000.0,0.0,-0.011,-0.167,-0.007,-0.136,0.0,3909000000.0,1.0,434772087.0,463196000,465814000.0,20.656,147084000000.0,0.0,855000000.0,0.0,317.542,
50,STT,MRT,2009-03-31,2009-03-31,2009-03-31,2021-10-22,-4987000000.0,142144000000.0,186890000000.0,,,0.054,32.065,-663000000.0,38445000000.0,38445000000.0,0.0,1757000000.0,,9.257,36581000000.0,,,36581000000.0,0.0,30000000.0,83916000000.0,0.024,0.73,2600000000.0,2630000000.0,0.26,2630000000.0,2600000000.0,2600000000.0,4.0,3.98,4.0,13858000000.0,13433750000.0,13858000000.0,-11366096524.0,-4.0,-4.322,-3399000000.0,-7.865,1.0,10118000000.0,1.0,6302000000.0,0.0,133978000000.0,179201500000.0,0.0,84281000000.0,,,128286000000.0,,,13295903476.0,-2118000000.0,426000000.0,2707000000.0,11120000000.0,-434000000.0,-5401000000.0,6019000000.0,6004000000.0,-2736000000.0,0.0,1704000000.0,1704000000.0,1704000000.0,0.0,53000000.0,0.168,7381000000.0,2737000000.0,0.0,0.182,0.959,7.803,7.695,2029000000.0,0.0,30.78,1.314,1.315,1498000000.0,9575000000.0,10118000000.0,10118000000.0,0.0,0.009,0.127,0.015,0.257,0.0,4300000000.0,1.0,431965675.0,432179000,435299000.0,23.412,135842000000.0,0.0,896000000.0,0.0,314.319,
51,STT,MRT,2008-12-31,2008-12-31,2008-12-31,2021-10-22,-5650000000.0,173631000000.0,189941250000.0,,,0.056,30.916,-681000000.0,58914000000.0,58914000000.0,0.0,1811000000.0,,12.593,34252000000.0,,,34252000000.0,0.0,225000000.0,112225000000.0,0.024,0.95,2820000000.0,3045000000.0,0.285,3045000000.0,2820000000.0,2820000000.0,4.32,4.3,4.32,12774000000.0,12670750000.0,12774000000.0,43075712513.0,15.0,14.146,-2558000000.0,-6.191,1.0,10693000000.0,1.0,6378000000.0,0.0,142591000000.0,183177750000.0,0.0,87580000000.0,,,160857000000.0,,,16988712513.0,-860000000.0,426000000.0,2807000000.0,9751000000.0,-399000000.0,30587000000.0,-29570000000.0,-29593000000.0,-1877000000.0,0.0,1789000000.0,1789000000.0,1789000000.0,0.0,22000000.0,0.167,7851000000.0,2842000000.0,0.0,0.22,1.33,9.496,9.104,2011000000.0,0.0,39.33,1.589,1.52,1738000000.0,9135000000.0,10693000000.0,10693000000.0,0.0,0.009,0.141,0.015,0.264,0.0,4667000000.0,1.0,431953026.0,413182000,416100000.0,25.88,167253000000.0,0.0,1031000000.0,0.0,404.793,
52,STT,MRT,2008-09-30,2008-09-30,2008-09-30,2021-10-22,-3146000000.0,285564000000.0,182169250000.0,,,0.058,30.32,-527000000.0,78193000000.0,78193000000.0,0.0,1778000000.0,,20.859,104280000000.0,,,104280000000.0,0.0,233000000.0,150869000000.0,0.017,0.94,2786000000.0,3019000000.0,0.288,3019000000.0,2786000000.0,2786000000.0,4.36,4.33,4.36,13064000000.0,12302000000.0,13064000000.0,19818813613.0,7.0,6.565,-1812000000.0,-4.205,1.0,10499000000.0,1.0,6406000000.0,0.0,305245000000.0,183879500000.0,0.0,182846000000.0,,,272500000000.0,,,24557813613.0,53191000000.0,34000000.0,2946000000.0,81584000000.0,-367000000.0,142024000000.0,-87548000000.0,-87335000000.0,-1285000000.0,0.0,1778000000.0,1778000000.0,1778000000.0,0.0,0.0,0.169,7713000000.0,2786000000.0,0.0,0.216,1.88,13.812,13.046,1987000000.0,0.0,56.88,2.339,2.334,1915000000.0,9002000000.0,10499000000.0,10499000000.0,0.0,0.01,0.145,0.015,0.265,0.0,4741000000.0,1.0,431747778.0,430872000,435030000.0,24.367,279158000000.0,0.0,1008000000.0,0.0,647.891,
53,STT,MRT,2008-06-30,2008-06-30,2008-06-30,2021-10-22,-1716000000.0,146221000000.0,145750250000.0,,,0.068,34.881,-529000000.0,30247000000.0,30247000000.0,0.0,1659000000.0,,9.415,25508000000.0,,,25508000000.0,0.0,257000000.0,97247000000.0,0.014,0.92,2491000000.0,2748000000.0,0.276,2748000000.0,2491000000.0,2491000000.0,4.18,4.15,4.18,14039000000.0,11848500000.0,14039000000.0,27033257788.0,11.0,9.837,1703000000.0,4.231,1.0,9968000000.0,1.0,6490000000.0,0.0,134992000000.0,143142000000.0,0.0,97384000000.0,,,132182000000.0,,,25013257788.0,-726000000.0,-39000000.0,1950000000.0,-2284000000.0,-340000000.0,12167000000.0,-15125000000.0,-14860000000.0,2232000000.0,0.0,1659000000.0,1659000000.0,1659000000.0,0.0,0.0,0.166,7477000000.0,2491000000.0,0.0,0.22,1.782,15.077,15.309,1992000000.0,0.0,63.99,2.509,2.584,2076000000.0,8629000000.0,9968000000.0,9968000000.0,0.0,0.011,0.14,0.017,0.25,0.0,4609000000.0,1.0,390893230.0,402482000,406964000.0,24.766,139731000000.0,0.0,832000000.0,0.0,347.173,
54,STT,MRT,2008-03-31,2008-03-31,2008-03-31,2021-10-22,-1658000000.0,154349000000.0,137262000000.0,,,0.067,27.855,-487000000.0,23179000000.0,23179000000.0,0.0,1477000000.0,,13.284,25199000000.0,,,25199000000.0,0.0,112000000.0,104707000000.0,0.011,0.9,2223000000.0,2335000000.0,0.253,2335000000.0,2223000000.0,2223000000.0,3.91,3.87,3.91,10806000000.0,10275750000.0,10806000000.0,40020202637.0,18.0,17.139,759000000.0,1.956,1.0,9217000000.0,1.0,6486000000.0,0.0,149883000000.0,140337750000.0,0.0,108192000000.0,,,143543000000.0,,,30608202637.0,2589000000.0,-100000000.0,-782000000.0,-7813000000.0,-320000000.0,17821000000.0,-16478000000.0,-16059000000.0,1246000000.0,0.0,1477000000.0,1477000000.0,1477000000.0,0.0,0.0,0.16,6994000000.0,2223000000.0,0.0,0.23,2.833,20.723,20.205,1965000000.0,0.0,79.0,3.321,3.325,2090000000.0,8185000000.0,9217000000.0,9217000000.0,0.0,0.011,0.144,0.016,0.241,0.0,4286000000.0,1.0,387445603.0,387942000,393647000.0,23.759,147863000000.0,0.0,746000000.0,0.0,381.147,
55,STT,MRT,2007-12-31,2007-12-31,2007-12-31,2021-10-22,-575000000.0,142543000000.0,126175500000.0,,,0.066,31.327,-476000000.0,14852000000.0,14852000000.0,0.0,1261000000.0,,11.616,24264000000.0,,,24264000000.0,0.0,130000000.0,95789000000.0,0.011,0.88,1903000000.0,2033000000.0,0.244,2033000000.0,1903000000.0,1903000000.0,3.49,3.45,3.49,11299000000.0,9441000000.0,11299000000.0,40361892852.0,21.0,19.853,2463000000.0,6.829,1.0,8336000000.0,1.0,6557000000.0,0.0,145398000000.0,134907000000.0,0.0,110065000000.0,,,131244000000.0,,,31359892852.0,1903000000.0,-647000000.0,-817000000.0,-6839000000.0,-301000000.0,10818000000.0,-11854000000.0,-10826000000.0,2939000000.0,0.0,1261000000.0,1261000000.0,1261000000.0,0.0,0.0,0.151,6433000000.0,1903000000.0,0.0,0.252,2.775,24.869,23.266,1894000000.0,0.0,81.2,3.762,3.513,2096000000.0,7745000000.0,8336000000.0,8336000000.0,0.0,0.01,0.134,0.014,0.228,0.0,3900000000.0,1.0,386205577.0,360675000,365488000.0,23.112,135986000000.0,0.0,642000000.0,0.0,377.032,
56,STT,MRT,2007-09-30,2007-09-30,2007-09-30,2021-10-22,-369000000.0,139888000000.0,117378000000.0,,,0.064,29.082,-394000000.0,13744000000.0,13744000000.0,0.0,1347000000.0,,11.434,22746000000.0,,,22746000000.0,0.0,425000000.0,93001000000.0,0.013,0.86,2041000000.0,2466000000.0,0.33,2466000000.0,2041000000.0,2041000000.0,3.88,3.82,3.88,11250000000.0,8429250000.0,11250000000.0,40502381319.0,20.0,16.424,1197000000.0,3.094,1.0,7479000000.0,1.0,6595000000.0,0.0,142295000000.0,129726500000.0,0.0,105831000000.0,,,128638000000.0,,,26549381319.0,898000000.0,-643000000.0,-829000000.0,-16435000000.0,-282000000.0,635000000.0,-1328000000.0,-418000000.0,1591000000.0,0.0,1347000000.0,1347000000.0,1347000000.0,2000000.0,0.0,0.18,5438000000.0,2041000000.0,0.0,0.222,2.36,19.71,17.567,1824000000.0,0.0,68.16,3.55,3.526,1883000000.0,7610000000.0,7479000000.0,7479000000.0,0.0,0.011,0.16,0.016,0.273,0.0,3862000000.0,1.0,389515571.0,386843000,392150000.0,19.333,133293000000.0,0.0,694000000.0,0.0,344.566,
57,STT,MRT,2007-06-30,2007-06-30,2007-06-30,2021-10-22,-276000000.0,112268000000.0,110483500000.0,,,0.061,23.075,-364000000.0,9467000000.0,9467000000.0,0.0,1267000000.0,,13.49,23420000000.0,,,23420000000.0,0.0,352000000.0,73036000000.0,0.012,0.84,1915000000.0,2267000000.0,0.336,2267000000.0,1915000000.0,1915000000.0,3.8,3.74,3.8,7748000000.0,7370500000.0,7748000000.0,43576072777.0,23.0,19.222,485000000.0,1.444,1.0,6754000000.0,1.0,2446000000.0,0.0,123775000000.0,127423500000.0,0.0,90727000000.0,,,104520000000.0,,,23008072777.0,41000000.0,-570000000.0,174000000.0,-3217000000.0,-272000000.0,6159000000.0,-6967000000.0,-6121000000.0,849000000.0,0.0,1267000000.0,1267000000.0,1267000000.0,2000000.0,0.0,0.188,4839000000.0,1915000000.0,0.0,0.221,2.97,18.159,18.0,1725000000.0,0.0,68.4,3.407,3.4,1671000000.0,7339000000.0,6754000000.0,6754000000.0,0.0,0.011,0.172,0.015,0.284,0.0,3501000000.0,1.0,336375333.0,335769000,341101000.0,20.115,109822000000.0,0.0,648000000.0,0.0,327.076,
58,STT,MRT,2007-03-31,2007-03-31,2007-03-31,2021-10-22,-147000000.0,110003000000.0,108050500000.0,,,0.06,22.354,-347000000.0,8049000000.0,8049000000.0,0.0,1128000000.0,,13.732,28617000000.0,,,28617000000.0,0.0,467000000.0,66600000000.0,0.013,0.82,1827000000.0,2294000000.0,0.354,2294000000.0,1827000000.0,1827000000.0,3.4,3.35,3.4,7467000000.0,7050750000.0,7467000000.0,40757464592.0,22.0,17.767,209000000.0,0.626,1.0,6484000000.0,1.0,2411000000.0,0.0,128160000000.0,124893250000.0,0.0,91227000000.0,,,102536000000.0,,,21616464592.0,-337000000.0,-547000000.0,-24000000.0,-1862000000.0,-266000000.0,2643000000.0,-3536000000.0,-2749000000.0,556000000.0,0.0,1128000000.0,1128000000.0,1128000000.0,2000000.0,0.0,0.174,4657000000.0,1827000000.0,0.0,0.241,2.895,19.164,19.044,1680000000.0,0.0,64.75,3.334,3.336,1627000000.0,7046000000.0,6484000000.0,6484000000.0,0.0,0.01,0.16,0.015,0.282,0.0,3322000000.0,1.0,333845013.0,334036000,338727000.0,19.411,107592000000.0,0.0,699000000.0,0.0,322.097,
59,STT,MRT,2006-12-31,2006-12-31,2006-12-31,2021-10-22,-224000000.0,107353000000.0,106588750000.0,,,0.059,21.886,-310000000.0,7604000000.0,7604000000.0,0.0,1106000000.0,,13.803,26745000000.0,,,26745000000.0,0.0,385000000.0,65646000000.0,0.012,0.8,1781000000.0,2166000000.0,0.343,2166000000.0,1781000000.0,1781000000.0,3.34,3.29,3.34,7252000000.0,6787250000.0,7252000000.0,44996146767.0,25.0,20.774,671000000.0,2.025,1.0,6311000000.0,1.0,1818000000.0,0.0,124676000000.0,122226750000.0,0.0,89383000000.0,,,100101000000.0,,,22395146767.0,-546000000.0,0.0,-175000000.0,-669000000.0,-259000000.0,4894000000.0,-6421000000.0,-6225000000.0,981000000.0,0.0,1106000000.0,1106000000.0,1106000000.0,-10000000.0,0.0,0.175,4540000000.0,1771000000.0,0.0,0.24,3.088,20.249,20.192,1560000000.0,0.0,67.44,3.549,3.541,1617000000.0,7030000000.0,6311000000.0,6311000000.0,0.0,0.01,0.163,0.015,0.282,0.0,3182000000.0,1.0,332075130.0,331350000,335732000.0,19.046,105535000000.0,0.0,675000000.0,0.0,318.5,
60,STT,MRT,2006-09-30,2006-09-30,2006-09-30,2021-10-22,-113000000.0,112310000000.0,104242500000.0,,,0.059,21.229,-341000000.0,12249000000.0,12249000000.0,0.0,1046000000.0,,15.01,34850000000.0,,,34850000000.0,0.0,474000000.0,63452000000.0,0.013,0.78,1714000000.0,2188000000.0,0.358,2188000000.0,1714000000.0,1714000000.0,3.16,3.12,3.16,7015000000.0,6566000000.0,7015000000.0,33603327630.0,20.0,15.358,-1064000000.0,-3.22,1.0,6105000000.0,1.0,1828000000.0,0.0,133083000000.0,118105250000.0,0.0,89986000000.0,,,105295000000.0,,,20663327630.0,848000000.0,16000000.0,-415000000.0,5852000000.0,-252000000.0,5570000000.0,-3999000000.0,-3754000000.0,-723000000.0,0.0,1046000000.0,1046000000.0,1046000000.0,-10000000.0,0.0,0.171,4401000000.0,1704000000.0,0.0,0.247,2.946,19.755,19.747,1551000000.0,0.0,62.4,3.385,3.377,1544000000.0,6791000000.0,6105000000.0,6105000000.0,0.0,0.01,0.159,0.015,0.281,0.0,2915000000.0,1.0,331143071.0,330440000,335513000.0,18.475,110482000000.0,0.0,668000000.0,0.0,334.348,
61,STT,MRT,2006-06-30,2006-06-30,2006-06-30,2021-10-22,-377000000.0,102536000000.0,102165750000.0,,,0.059,19.555,-338000000.0,12214000000.0,12214000000.0,0.0,911000000.0,,14.85,25154000000.0,,,25154000000.0,0.0,470000000.0,63555000000.0,0.013,0.76,1562000000.0,2032000000.0,0.34,2032000000.0,1562000000.0,1562000000.0,2.75,2.72,2.75,6469000000.0,6338250000.0,6469000000.0,34431054018.0,22.0,16.944,831000000.0,2.512,1.0,5978000000.0,1.0,1822000000.0,0.0,113654000000.0,113012000000.0,0.0,80073000000.0,,,96067000000.0,,,19306054018.0,-1886000000.0,-25000000.0,-496000000.0,-2926000000.0,-247000000.0,-1787000000.0,-1268000000.0,-975000000.0,1169000000.0,0.0,911000000.0,911000000.0,911000000.0,97000000.0,0.0,0.152,4319000000.0,1659000000.0,0.0,0.276,2.984,21.192,21.124,1541000000.0,0.0,58.09,3.23,3.215,1468000000.0,6579000000.0,5978000000.0,5978000000.0,0.0,0.009,0.144,0.014,0.261,0.0,2847000000.0,1.0,332347289.0,330804000,335879000.0,18.071,100714000000.0,0.0,651000000.0,0.0,304.452,
62,STT,MRT,2006-03-31,2006-03-31,2006-03-31,2021-10-22,-350000000.0,104156000000.0,102595250000.0,,,0.055,19.272,-339000000.0,13878000000.0,13878000000.0,0.0,904000000.0,,15.241,29003000000.0,,,29003000000.0,0.0,458000000.0,61799000000.0,0.012,0.74,1420000000.0,1878000000.0,0.33,1878000000.0,1420000000.0,1420000000.0,2.73,2.7,2.73,6413000000.0,6283000000.0,6413000000.0,32273687851.0,23.0,17.185,1844000000.0,5.542,1.0,5688000000.0,1.0,1787000000.0,0.0,117494000000.0,111914500000.0,0.0,81089000000.0,,,97743000000.0,,,20255687851.0,479000000.0,-27000000.0,-398000000.0,1333000000.0,-238000000.0,4561000000.0,-6265000000.0,-5963000000.0,2183000000.0,0.0,904000000.0,904000000.0,904000000.0,97000000.0,0.0,0.159,4171000000.0,1517000000.0,0.0,0.271,3.159,22.407,22.136,1553000000.0,0.0,60.43,3.561,3.535,1323000000.0,6418000000.0,5688000000.0,5688000000.0,0.0,0.009,0.144,0.013,0.25,0.0,2734000000.0,1.0,335192584.0,332761000,337117000.0,17.093,102369000000.0,0.0,516000000.0,0.0,307.635,
63,STT,MRT,2005-12-31,2005-12-31,2005-12-31,2021-10-22,-231000000.0,97968000000.0,101579750000.0,,,0.054,19.273,-314000000.0,13959000000.0,13959000000.0,0.0,838000000.0,,14.387,25977000000.0,,,25977000000.0,0.0,499000000.0,59646000000.0,0.013,0.72,1325000000.0,1824000000.0,0.333,1824000000.0,1325000000.0,1325000000.0,2.53,2.5,2.53,6367000000.0,6186000000.0,6367000000.0,28683043498.0,22.0,15.725,2169000000.0,6.566,1.0,5473000000.0,1.0,1796000000.0,0.0,108190000000.0,107982000000.0,0.0,75777000000.0,,,91601000000.0,,,18179043498.0,649000000.0,-27000000.0,-433000000.0,-116000000.0,-232000000.0,4118000000.0,-5952000000.0,-5669000000.0,2483000000.0,0.0,838000000.0,838000000.0,838000000.0,107000000.0,0.0,0.153,4041000000.0,1432000000.0,0.0,0.285,2.855,21.693,21.913,1453000000.0,0.0,55.44,3.322,3.346,1364000000.0,6189000000.0,5473000000.0,5473000000.0,0.0,0.008,0.135,0.012,0.242,0.0,2622000000.0,1.0,327904825.0,330361000,334636000.0,16.567,96172000000.0,0.0,487000000.0,0.0,291.112,
64,STT,MRT,2005-09-30,2005-09-30,2005-09-30,2021-10-22,-144000000.0,104003000000.0,100597750000.0,,,0.053,18.548,-317000000.0,17072000000.0,17072000000.0,0.0,773000000.0,,16.038,27576000000.0,,,27576000000.0,0.0,490000000.0,63454000000.0,0.014,0.7,1227000000.0,1717000000.0,0.322,1717000000.0,1227000000.0,1227000000.0,2.33,2.31,2.33,6104000000.0,6134000000.0,6104000000.0,23160873507.0,19.0,13.489,1996000000.0,6.065,1.0,5328000000.0,1.0,1797000000.0,0.0,112710000000.0,103446250000.0,0.0,78377000000.0,,,97899000000.0,,,16186873507.0,-3424000000.0,-72000000.0,-368000000.0,-2960000000.0,-228000000.0,1949000000.0,-7686000000.0,-7362000000.0,2313000000.0,0.0,773000000.0,773000000.0,773000000.0,107000000.0,0.0,0.145,3994000000.0,1334000000.0,0.0,0.3,2.652,20.94,20.996,1455000000.0,0.0,48.92,3.038,3.022,1215000000.0,6003000000.0,5328000000.0,5328000000.0,0.0,0.008,0.126,0.012,0.23,0.0,2556000000.0,1.0,330884577.0,329097000,334103000.0,16.19,102206000000.0,0.0,454000000.0,0.0,310.565,
65,STT,MRT,2005-06-30,2005-06-30,2005-06-30,2021-10-22,-6000000.0,104254000000.0,99728750000.0,,,0.051,18.927,-321000000.0,21194000000.0,21194000000.0,0.0,807000000.0,,15.686,28168000000.0,,,28168000000.0,0.0,584000000.0,62057000000.0,0.014,0.68,1222000000.0,1806000000.0,0.353,1806000000.0,1222000000.0,1222000000.0,2.42,2.4,2.42,6248000000.0,6145750000.0,6248000000.0,19596715906.0,16.0,10.851,195000000.0,0.591,1.0,5114000000.0,1.0,1964000000.0,0.0,109264000000.0,97760750000.0,0.0,72710000000.0,,,98006000000.0,,,15969715906.0,2878000000.0,-31000000.0,-287000000.0,601000000.0,-220000000.0,6778000000.0,-4416000000.0,-4126000000.0,516000000.0,0.0,807000000.0,807000000.0,807000000.0,0.0,0.0,0.158,3892000000.0,1222000000.0,0.0,0.281,2.556,19.789,19.938,1449000000.0,0.0,48.25,3.123,3.115,1249000000.0,5920000000.0,5114000000.0,5114000000.0,0.0,0.008,0.131,0.012,0.239,0.0,2456000000.0,1.0,330978568.0,330118000,334090000.0,15.491,102290000000.0,0.0,415000000.0,0.0,309.859,
66,STT,MRT,2005-03-31,2005-03-31,2005-03-31,2021-10-22,-95000000.0,100094000000.0,97200250000.0,,,0.052,18.172,-320000000.0,24086000000.0,24086000000.0,0.0,807000000.0,,15.613,27713000000.0,,,27713000000.0,0.0,594000000.0,58318000000.0,0.015,0.66,1223000000.0,1817000000.0,0.361,1817000000.0,1223000000.0,1223000000.0,2.41,2.39,2.41,6025000000.0,6061250000.0,6025000000.0,12580011695.0,10.0,6.924,286000000.0,0.863,1.0,5040000000.0,1.0,1957000000.0,0.0,101764000000.0,91714750000.0,0.0,66263000000.0,,,94069000000.0,,,14582011695.0,547000000.0,-90000000.0,-212000000.0,-58000000.0,-216000000.0,4292000000.0,-4351000000.0,-4005000000.0,606000000.0,0.0,807000000.0,807000000.0,807000000.0,0.0,0.0,0.16,3817000000.0,1223000000.0,0.0,0.274,2.42,18.069,18.141,1450000000.0,0.0,43.72,2.893,2.876,1174000000.0,5759000000.0,5040000000.0,5040000000.0,0.0,0.008,0.133,0.013,0.243,0.0,2384000000.0,1.0,333531832.0,331563000,334653000.0,15.201,98137000000.0,0.0,416000000.0,0.0,295.983,
67,STT,MRT,2004-12-31,2004-12-31,2004-12-31,2021-10-22,92000000.0,94040000000.0,95400750000.0,,,0.052,18.407,-336000000.0,28119000000.0,28119000000.0,0.0,798000000.0,,14.269,26117000000.0,,,26117000000.0,0.0,639000000.0,55129000000.0,0.013,0.64,1192000000.0,1831000000.0,0.37,1831000000.0,1192000000.0,1192000000.0,2.38,2.35,2.38,6159000000.0,6040500000.0,6159000000.0,7746136973.0,6.0,4.231,80000000.0,0.239,1.0,4951000000.0,1.0,1991000000.0,0.0,90047000000.0,88271250000.0,0.0,55805000000.0,,,87881000000.0,,,16377136973.0,-1341000000.0,-100000000.0,-65000000.0,-1612000000.0,-209000000.0,5698000000.0,-7455000000.0,-7079000000.0,416000000.0,0.0,798000000.0,798000000.0,798000000.0,0.0,0.0,0.161,3759000000.0,1192000000.0,0.0,0.269,2.659,20.523,20.639,1444000000.0,0.0,49.12,3.308,3.32,1204000000.0,5590000000.0,4951000000.0,4951000000.0,0.0,0.008,0.132,0.014,0.241,0.0,2320000000.0,1.0,333410769.0,334606000,339605000.0,14.797,92049000000.0,0.0,394000000.0,0.0,275.097,
68,STT,MRT,2004-09-30,2004-09-30,2004-09-30,2021-10-22,86000000.0,100527000000.0,93774250000.0,,,0.055,18.327,-350000000.0,39150000000.0,39150000000.0,0.0,1061000000.0,,15.343,30519000000.0,,,30519000000.0,0.0,682000000.0,57929000000.0,0.015,0.62,1591000000.0,2273000000.0,0.438,2273000000.0,1591000000.0,1591000000.0,3.18,3.13,3.18,6151000000.0,5937500000.0,6151000000.0,7239604123.0,5.0,3.185,2185000000.0,6.51,1.0,5186000000.0,1.0,1928000000.0,0.0,89968000000.0,87746750000.0,0.0,53381000000.0,,,94376000000.0,,,14361604123.0,4367000000.0,239000000.0,-164000000.0,2561000000.0,-201000000.0,16000000000.0,-14168000000.0,-14113000000.0,2535000000.0,0.0,1061000000.0,1061000000.0,1061000000.0,0.0,0.0,0.205,3595000000.0,1591000000.0,0.0,0.195,2.335,13.536,13.431,1431000000.0,0.0,42.71,2.769,2.764,1085000000.0,5463000000.0,5186000000.0,5186000000.0,0.0,0.011,0.179,0.018,0.307,0.0,2214000000.0,1.0,336258584.0,335626000,339348000.0,15.452,98599000000.0,0.0,530000000.0,0.0,293.776,
69,STT,MRT,2004-06-30,2004-06-30,2004-06-30,2021-10-22,-5000000.0,94140000000.0,89086500000.0,,,0.058,17.645,-288000000.0,34558000000.0,34558000000.0,0.0,1086000000.0,,14.929,27436000000.0,,,27436000000.0,0.0,702000000.0,55347000000.0,0.012,0.6,1628000000.0,2330000000.0,0.453,2330000000.0,1628000000.0,1628000000.0,3.27,3.21,3.27,5910000000.0,5710750000.0,5910000000.0,13438483257.0,8.0,5.768,2311000000.0,6.9,1.0,5138000000.0,1.0,1938000000.0,0.0,85080000000.0,83972750000.0,0.0,52120000000.0,,,88230000000.0,,,16473483257.0,-1992000000.0,130000000.0,-161000000.0,2376000000.0,-194000000.0,8037000000.0,-12628000000.0,-12516000000.0,2599000000.0,0.0,1086000000.0,1086000000.0,1086000000.0,0.0,0.0,0.211,3510000000.0,1628000000.0,0.0,0.183,2.787,15.169,14.997,1370000000.0,0.0,49.04,3.206,3.197,1140000000.0,5340000000.0,5138000000.0,5138000000.0,0.0,0.012,0.19,0.019,0.317,0.0,2143000000.0,1.0,335919316.0,334930000,340647000.0,15.341,92202000000.0,0.0,542000000.0,0.0,275.287,
70,STT,MRT,2004-03-31,2004-03-31,2004-03-31,2021-10-22,207000000.0,92896000000.0,86327000000.0,,,0.057,17.757,-327000000.0,30607000000.0,30607000000.0,0.0,843000000.0,,14.634,27572000000.0,,,27572000000.0,0.0,617000000.0,53512000000.0,0.011,0.58,1237000000.0,1854000000.0,0.376,1854000000.0,1237000000.0,1237000000.0,2.54,2.49,2.54,5942000000.0,5504500000.0,5942000000.0,19749856929.0,16.0,10.653,2026000000.0,6.054,1.0,4933000000.0,1.0,1871000000.0,0.0,87990000000.0,79368750000.0,0.0,53888000000.0,,,86954000000.0,,,17483856929.0,798000000.0,165000000.0,-123000000.0,-4444000000.0,-186000000.0,9381000000.0,-10936000000.0,-10801000000.0,2353000000.0,0.0,843000000.0,843000000.0,843000000.0,0.0,0.0,0.171,3696000000.0,1237000000.0,0.0,0.228,2.942,20.74,20.524,1238000000.0,0.0,52.13,3.544,3.536,1014000000.0,5174000000.0,4933000000.0,4933000000.0,0.0,0.01,0.153,0.016,0.251,0.0,2069000000.0,1.0,335389544.0,334635000,342129000.0,14.741,91025000000.0,0.0,394000000.0,0.0,272.013,
71,STT,MRT,2003-12-31,2003-12-31,2003-12-31,2021-10-22,192000000.0,87534000000.0,82880250000.0,,,0.057,17.326,-324000000.0,25218000000.0,25218000000.0,0.0,722000000.0,,14.231,27484000000.0,,,27484000000.0,0.0,613000000.0,47516000000.0,0.011,0.56,1112000000.0,1725000000.0,0.364,1725000000.0,1112000000.0,1112000000.0,2.18,2.15,2.18,5747000000.0,5281750000.0,5747000000.0,12310854912.0,11.0,7.137,1165000000.0,3.512,1.0,4734000000.0,1.0,1851000000.0,0.0,87949000000.0,75100750000.0,0.0,53027000000.0,,,81787000000.0,,,17405854912.0,2015000000.0,-903000000.0,116000000.0,-3396000000.0,-179000000.0,-2383000000.0,2909000000.0,4109000000.0,1489000000.0,0.0,722000000.0,722000000.0,722000000.0,0.0,0.0,0.153,3622000000.0,1112000000.0,0.0,0.257,3.029,24.108,23.89,1212000000.0,0.0,52.08,3.677,3.649,1015000000.0,5007000000.0,4734000000.0,4734000000.0,0.0,0.009,0.137,0.015,0.235,0.0,2031000000.0,1.0,334213804.0,331692000,335326000.0,14.272,85683000000.0,0.0,390000000.0,0.0,258.321,
72,STT,MRT,2003-09-30,2003-09-30,2003-09-30,2021-10-22,126000000.0,81776000000.0,82445250000.0,,,0.057,15.783,-288000000.0,32761000000.0,32761000000.0,0.0,752000000.0,,14.594,27666000000.0,,,27666000000.0,0.0,516000000.0,43158000000.0,0.012,0.54,1186000000.0,1702000000.0,0.363,1702000000.0,1186000000.0,1186000000.0,2.3,2.28,2.3,5244000000.0,5041750000.0,5244000000.0,249022605.0,0.0,0.146,542000000.0,1.631,1.0,4684000000.0,1.0,1809000000.0,0.0,74872000000.0,74680750000.0,0.0,39591000000.0,,,76532000000.0,,,14979022605.0,63000000.0,-572000000.0,360000000.0,815000000.0,-171000000.0,957000000.0,-1724000000.0,-864000000.0,830000000.0,0.0,752000000.0,752000000.0,752000000.0,0.0,0.0,0.161,3498000000.0,1186000000.0,0.0,0.235,2.856,19.919,19.565,1154000000.0,0.0,45.0,3.198,3.192,1010000000.0,4610000000.0,4684000000.0,4684000000.0,0.0,0.009,0.149,0.016,0.253,0.0,2000000000.0,1.0,332867169.0,332246000,336568000.0,14.098,79967000000.0,0.0,434000000.0,0.0,240.686,
73,STT,MRT,2003-06-30,2003-06-30,2003-06-30,2021-10-22,146000000.0,83102000000.0,81390250000.0,,,0.055,15.347,-326000000.0,39485000000.0,39485000000.0,0.0,732000000.0,,15.343,24755000000.0,,,24755000000.0,0.0,488000000.0,48356000000.0,0.013,0.52,1153000000.0,1641000000.0,0.364,1641000000.0,1153000000.0,1153000000.0,2.26,2.24,2.26,5085000000.0,4818000000.0,5085000000.0,6582403503.0,6.0,4.011,596000000.0,1.799,1.0,4514000000.0,1.0,1708000000.0,0.0,66664000000.0,70281000000.0,0.0,36105000000.0,,,78017000000.0,,,13096403503.0,3620000000.0,-542000000.0,347000000.0,167000000.0,-164000000.0,1734000000.0,964000000.0,1832000000.0,922000000.0,0.0,732000000.0,732000000.0,732000000.0,0.0,0.0,0.162,3361000000.0,1153000000.0,0.0,0.23,2.575,17.891,17.434,1015000000.0,0.0,39.4,2.901,2.892,942000000.0,4455000000.0,4514000000.0,4514000000.0,0.0,0.009,0.152,0.016,0.255,0.0,1969000000.0,1.0,332396028.0,331325000,333971000.0,13.624,81394000000.0,0.0,421000000.0,0.0,245.662,
74,STT,MRT,2003-03-31,2003-03-31,2003-03-31,2021-10-22,94000000.0,79109000000.0,80696750000.0,,,0.055,15.326,-297000000.0,38259000000.0,38259000000.0,0.0,933000000.0,,14.662,31745000000.0,,,31745000000.0,0.0,544000000.0,38405000000.0,0.016,0.5,1475000000.0,2019000000.0,0.455,2019000000.0,1475000000.0,1475000000.0,2.88,2.85,2.88,5051000000.0,4593500000.0,5051000000.0,-5644683551.0,-4.0,-2.796,-42000000.0,-0.127,1.0,4435000000.0,1.0,1677000000.0,0.0,70918000000.0,67696500000.0,0.0,34555000000.0,,,74058000000.0,,,10506316449.0,784000000.0,-516000000.0,242000000.0,7868000000.0,-156000000.0,3501000000.0,-2972000000.0,-2159000000.0,255000000.0,0.0,933000000.0,933000000.0,933000000.0,0.0,0.0,0.21,2960000000.0,1475000000.0,0.0,0.174,2.08,11.261,10.983,948000000.0,0.0,31.63,2.369,2.35,829000000.0,4525000000.0,4435000000.0,4435000000.0,0.0,0.012,0.203,0.022,0.333,0.0,1933000000.0,1.0,332163024.0,329569000,332054000.0,13.457,77432000000.0,0.0,542000000.0,0.0,234.949,
75,STT,MRT,2002-12-31,2002-12-31,2002-12-31,2021-10-22,106000000.0,85794000000.0,79244000000.0,,,0.055,14.797,-272000000.0,29504000000.0,29504000000.0,0.0,1015000000.0,,16.922,30568000000.0,,,30568000000.0,0.0,590000000.0,45468000000.0,0.012,0.48,1555000000.0,2145000000.0,0.488,2145000000.0,1555000000.0,1555000000.0,3.14,3.1,3.14,4787000000.0,4329250000.0,4787000000.0,-6958610209.0,-4.0,-3.244,698000000.0,2.158,1.0,4396000000.0,1.0,589000000.0,0.0,86269000000.0,63380250000.0,0.0,50383000000.0,,,81007000000.0,,,12650389791.0,-290000000.0,562000000.0,23000000.0,5963000000.0,-149000000.0,12755000000.0,-14015000000.0,-14305000000.0,970000000.0,0.0,1015000000.0,1015000000.0,1015000000.0,0.0,0.0,0.231,2841000000.0,1555000000.0,0.0,0.153,2.643,12.463,12.42,887000000.0,0.0,39.0,2.878,2.87,823000000.0,4472000000.0,4396000000.0,4396000000.0,0.0,0.013,0.234,0.025,0.354,0.0,1900000000.0,1.0,324368969.0,323520000,327477000.0,13.588,85205000000.0,0.0,540000000.0,0.0,263.369,
76,STT,MRT,2002-09-30,2002-09-30,2002-09-30,2021-10-22,125000000.0,77556000000.0,75258000000.0,,,0.052,13.463,-282000000.0,46248000000.0,46248000000.0,0.0,708000000.0,,16.833,26639000000.0,,,26639000000.0,0.0,649000000.0,43184000000.0,0.012,0.46,1055000000.0,1704000000.0,0.433,1704000000.0,1055000000.0,1055000000.0,2.2,2.16,2.2,4349000000.0,4093750000.0,4349000000.0,-10864924152.0,-10.0,-6.376,118000000.0,0.365,1.0,3938000000.0,1.0,674000000.0,0.0,57273000000.0,55598000000.0,0.0,26540000000.0,,,73207000000.0,,,12521075848.0,-607000000.0,-164000000.0,-85000000.0,5121000000.0,-143000000.0,4158000000.0,-5165000000.0,-4719000000.0,400000000.0,0.0,708000000.0,708000000.0,708000000.0,0.0,0.0,0.18,2883000000.0,1055000000.0,0.0,0.209,2.879,17.685,17.564,890000000.0,0.0,38.64,3.18,3.17,792000000.0,4037000000.0,3938000000.0,3938000000.0,0.0,0.009,0.173,0.019,0.268,0.0,1923000000.0,1.0,324044406.0,323023000,328163000.0,12.191,76882000000.0,0.0,347000000.0,0.0,238.008,
77,STT,MRT,2002-06-30,2002-06-30,2002-06-30,2021-10-22,117000000.0,80328000000.0,74163000000.0,,,0.053,12.929,-305000000.0,47883000000.0,47883000000.0,0.0,696000000.0,,18.185,24497000000.0,,,24497000000.0,0.0,595000000.0,46972000000.0,0.01,0.44,1030000000.0,1625000000.0,0.411,1625000000.0,1030000000.0,1030000000.0,2.15,2.11,2.15,4187000000.0,3958500000.0,4187000000.0,-4494461022.0,-4.0,-2.766,1277000000.0,3.943,1.0,3949000000.0,1.0,616000000.0,0.0,56326000000.0,54049500000.0,0.0,26256000000.0,,,76141000000.0,,,14538538978.0,419000000.0,-85000000.0,-179000000.0,1652000000.0,-136000000.0,7969000000.0,-9132000000.0,-8742000000.0,1582000000.0,0.0,696000000.0,696000000.0,696000000.0,0.0,0.0,0.176,2919000000.0,1030000000.0,0.0,0.205,3.472,20.889,20.791,863000000.0,0.0,44.7,3.682,3.666,853000000.0,3893000000.0,3949000000.0,3949000000.0,0.0,0.009,0.176,0.019,0.261,0.0,1940000000.0,1.0,325246957.0,323858000,328262000.0,12.194,79712000000.0,0.0,334000000.0,0.0,246.133,
78,STT,MRT,2002-03-31,2002-03-31,2002-03-31,2021-10-22,13000000.0,73298000000.0,71660500000.0,,,0.055,12.339,-305000000.0,42843000000.0,42843000000.0,0.0,685000000.0,,17.352,23810000000.0,,,23810000000.0,0.0,544000000.0,42867000000.0,0.008,0.42,1013000000.0,1557000000.0,0.397,1557000000.0,1013000000.0,1013000000.0,2.11,2.07,2.11,3994000000.0,3831000000.0,3994000000.0,20562840647.0,20.0,13.207,1016000000.0,3.139,1.0,3919000000.0,1.0,612000000.0,0.0,53653000000.0,52933000000.0,0.0,26428000000.0,,,69304000000.0,,,17980840647.0,-306000000.0,-86000000.0,-128000000.0,2254000000.0,-132000000.0,6943000000.0,-8570000000.0,-8179000000.0,1321000000.0,0.0,685000000.0,685000000.0,685000000.0,0.0,0.0,0.175,2906000000.0,1013000000.0,0.0,0.199,4.502,26.249,26.246,846000000.0,0.0,55.38,4.588,4.574,924000000.0,3755000000.0,3919000000.0,3919000000.0,0.0,0.01,0.179,0.019,0.258,0.0,1928000000.0,1.0,324681124.0,323689000,328999000.0,12.107,72686000000.0,0.0,328000000.0,0.0,224.555,
79,STT,MRT,2001-12-31,2001-12-31,2001-12-31,2021-10-22,70000000.0,69850000000.0,70237250000.0,,,0.054,11.83,-276000000.0,38648000000.0,38648000000.0,0.0,628000000.0,,17.166,24550000000.0,,,24550000000.0,0.0,398000000.0,38559000000.0,0.008,0.405,930000000.0,1328000000.0,0.347,1328000000.0,930000000.0,930000000.0,1.94,1.9,1.94,3845000000.0,3703500000.0,3845000000.0,-5096607638.0,-5.0,-3.838,311000000.0,0.957,1.0,3827000000.0,1.0,612000000.0,0.0,55140000000.0,52246750000.0,0.0,27058000000.0,,,66005000000.0,,,17000392362.0,33000000.0,-176000000.0,-188000000.0,1010000000.0,-127000000.0,1317000000.0,-1871000000.0,-1419000000.0,587000000.0,0.0,628000000.0,628000000.0,628000000.0,0.0,0.0,0.164,2897000000.0,930000000.0,0.0,0.209,4.421,27.071,26.933,829000000.0,0.0,52.25,4.442,4.438,880000000.0,3612000000.0,3827000000.0,3827000000.0,0.0,0.009,0.17,0.018,0.243,0.0,1892000000.0,1.0,325366361.0,325030000,330492000.0,11.774,69238000000.0,0.0,302000000.0,0.0,213.02,
80,STT,MRT,2001-09-30,2001-09-30,2001-09-30,2021-10-22,85000000.0,73176000000.0,70099250000.0,,,0.053,11.655,-357000000.0,43560000000.0,43560000000.0,0.0,605000000.0,,18.216,21463000000.0,,,21463000000.0,0.0,327000000.0,43929000000.0,0.009,0.39,904000000.0,1231000000.0,0.33,1231000000.0,904000000.0,904000000.0,1.87,1.825,1.87,3808000000.0,3557750000.0,3808000000.0,-3588146410.0,-4.0,-2.915,726000000.0,2.222,1.0,3735000000.0,1.0,0.0,0.0,51079000000.0,55934750000.0,0.0,25060000000.0,,,69368000000.0,,,14869853590.0,969000000.0,-91000000.0,-105000000.0,416000000.0,-121000000.0,7180000000.0,-7294000000.0,-6846000000.0,1083000000.0,0.0,605000000.0,605000000.0,605000000.0,0.0,0.0,0.162,2831000000.0,904000000.0,0.0,0.209,3.905,24.578,24.332,817000000.0,0.0,45.5,3.981,3.98,831000000.0,3477000000.0,3735000000.0,3735000000.0,0.0,0.009,0.17,0.016,0.242,0.0,1841000000.0,1.0,326809969.0,326731000,331764000.0,11.431,73176000000.0,0.0,299000000.0,0.0,223.964,
81,STT,MRT,2001-06-30,2001-06-30,2001-06-30,2021-10-22,13000000.0,70318000000.0,68050000000.0,,,0.054,11.306,-326000000.0,41597000000.0,41597000000.0,0.0,585000000.0,,18.124,23139000000.0,,,23139000000.0,0.0,340000000.0,40349000000.0,0.008,0.375,880000000.0,1220000000.0,0.334,1220000000.0,880000000.0,880000000.0,1.81,1.765,1.81,3677000000.0,3378000000.0,3677000000.0,-593336261.0,-1.0,-0.486,-89000000.0,-0.274,1.0,3656000000.0,1.0,0.0,0.0,51860000000.0,54951750000.0,0.0,24153000000.0,,,66641000000.0,,,16103663739.0,-965000000.0,-91000000.0,-22000000.0,2378000000.0,-117000000.0,5218000000.0,-6420000000.0,-6003000000.0,237000000.0,0.0,585000000.0,585000000.0,585000000.0,0.0,0.0,0.16,2776000000.0,880000000.0,0.0,0.207,4.38,27.528,27.343,823000000.0,0.0,49.49,4.405,4.402,924000000.0,3340000000.0,3656000000.0,3656000000.0,0.0,0.009,0.173,0.016,0.241,0.0,1792000000.0,1.0,325392276.0,325214000,330537000.0,11.242,70318000000.0,0.0,295000000.0,0.0,216.221,
82,STT,MRT,2001-03-31,2001-03-31,2001-03-31,2021-10-22,29000000.0,67605000000.0,66628000000.0,,,0.053,10.731,-266000000.0,38793000000.0,38793000000.0,0.0,566000000.0,,18.404,22096000000.0,,,22096000000.0,0.0,390000000.0,37918000000.0,0.008,0.36,859000000.0,1249000000.0,0.352,1249000000.0,859000000.0,859000000.0,1.76,1.715,1.76,3484000000.0,3191500000.0,3484000000.0,15706413836.0,18.0,12.575,59000000.0,0.182,1.0,3552000000.0,1.0,0.0,0.0,50908000000.0,53434500000.0,0.0,23434000000.0,,,64121000000.0,,,15112413836.0,-1007000000.0,-90000000.0,-12000000.0,3511000000.0,-111000000.0,5152000000.0,-6484000000.0,-6128000000.0,325000000.0,0.0,566000000.0,566000000.0,566000000.0,0.0,0.0,0.159,2693000000.0,859000000.0,0.0,0.205,4.338,26.7,26.534,773000000.0,0.0,46.7,4.255,4.269,798000000.0,3368000000.0,3552000000.0,3552000000.0,0.0,0.008,0.177,0.016,0.242,0.0,1734000000.0,1.0,323606292.0,324681000,330098000.0,10.94,67605000000.0,0.0,293000000.0,0.0,208.22,
83,STT,MRT,2000-12-31,2000-12-31,2000-12-31,2021-10-22,-1000000.0,69298000000.0,64859250000.0,,,0.055,10.141,-247000000.0,23563000000.0,23563000000.0,0.0,595000000.0,,20.244,24157000000.0,,,24157000000.0,0.0,383000000.0,37937000000.0,0.006,0.345,906000000.0,1289000000.0,0.36,1289000000.0,906000000.0,906000000.0,1.85,1.81,1.85,3262000000.0,3014750000.0,3262000000.0,2222473150.0,2.0,1.724,479000000.0,1.489,1.0,3577000000.0,1.0,0.0,0.0,69892000000.0,51957750000.0,0.0,41094000000.0,,,66036000000.0,,,20054473150.0,-1312000000.0,0.0,5000000.0,3456000000.0,-106000000.0,7147000000.0,-9185000000.0,-8938000000.0,726000000.0,0.0,595000000.0,595000000.0,595000000.0,0.0,0.0,0.166,2671000000.0,906000000.0,0.0,0.186,6.148,33.705,33.568,726000000.0,0.0,62.1,5.607,5.585,845000000.0,3278000000.0,3577000000.0,3577000000.0,0.0,0.009,0.197,0.017,0.253,0.0,1725000000.0,1.0,322938376.0,321678000,328088000.0,11.12,69298000000.0,0.0,311000000.0,0.0,215.427,
84,STT,MRT,2000-09-30,2000-09-30,2000-09-30,2021-10-22,-51000000.0,64979000000.0,62758750000.0,,,0.059,9.58,-148000000.0,39651000000.0,39651000000.0,0.0,697000000.0,,20.036,21819000000.0,,,21819000000.0,0.0,392000000.0,36939000000.0,0.005,0.33,1086000000.0,1478000000.0,0.399,1478000000.0,1086000000.0,1086000000.0,2.17,2.12,2.17,3089000000.0,2862250000.0,3089000000.0,2137187967.0,2.0,1.446,281000000.0,0.871,1.0,3703000000.0,1.0,0.0,0.0,47147000000.0,50017750000.0,0.0,21447000000.0,,,61890000000.0,,,20976187967.0,-307000000.0,1659000000.0,-9000000.0,4901000000.0,-102000000.0,10894000000.0,-11630000000.0,-13141000000.0,429000000.0,0.0,697000000.0,697000000.0,697000000.0,0.0,0.0,0.188,2617000000.0,1086000000.0,0.0,0.152,6.791,30.095,29.977,675000000.0,0.0,65.05,5.665,5.664,754000000.0,3162000000.0,3703000000.0,3703000000.0,0.0,0.011,0.244,0.022,0.293,0.0,1686000000.0,1.0,322462536.0,322443000,328963000.0,11.484,64979000000.0,0.0,389000000.0,0.0,201.521,
85,STT,MRT,2000-06-30,2000-06-30,2000-06-30,2021-10-22,-75000000.0,64630000000.0,60257000000.0,,,0.059,9.111,-152000000.0,38828000000.0,38828000000.0,0.0,672000000.0,,21.05,19989000000.0,,,19989000000.0,0.0,382000000.0,37370000000.0,0.006,0.32,1052000000.0,1434000000.0,0.401,1434000000.0,1052000000.0,1052000000.0,2.1,2.055,2.1,2931000000.0,2705500000.0,2931000000.0,1541007040.0,1.0,1.075,27000000.0,0.084,1.0,3580000000.0,1.0,0.0,0.0,45791000000.0,49142750000.0,0.0,22161000000.0,,,61699000000.0,,,17070007040.0,715000000.0,1659000000.0,-88000000.0,6698000000.0,-96000000.0,12220000000.0,-11684000000.0,-13191000000.0,179000000.0,0.0,672000000.0,672000000.0,672000000.0,0.0,0.0,0.188,2528000000.0,1052000000.0,0.0,0.152,5.824,25.402,25.262,655000000.0,0.0,53.05,4.768,4.767,696000000.0,3038000000.0,3580000000.0,3580000000.0,0.0,0.011,0.248,0.021,0.294,0.0,1627000000.0,1.0,321772046.0,321693000,328090000.0,11.129,64630000000.0,0.0,380000000.0,0.0,200.906,
86,STT,MRT,2000-03-31,2000-03-31,2000-03-31,2021-10-22,-83000000.0,60530000000.0,57432000000.0,,,0.061,8.687,-169000000.0,34648000000.0,34648000000.0,0.0,648000000.0,,20.797,19119000000.0,,,19119000000.0,0.0,336000000.0,36154000000.0,0.006,0.31,1013000000.0,1349000000.0,0.388,1349000000.0,1013000000.0,1013000000.0,2.025,1.98,2.025,2777000000.0,2583000000.0,2777000000.0,16732165455.0,17.0,12.403,-12000000.0,-0.038,1.0,3476000000.0,1.0,0.0,0.0,45001000000.0,50771000000.0,0.0,22336000000.0,,,57753000000.0,,,15496165455.0,732000000.0,1659000000.0,-108000000.0,2820000000.0,-96000000.0,11823000000.0,-11248000000.0,-12738000000.0,157000000.0,0.0,648000000.0,648000000.0,648000000.0,0.0,0.0,0.186,2463000000.0,1013000000.0,0.0,0.153,5.58,23.914,23.921,722000000.0,0.0,48.44,4.458,4.455,721000000.0,2919000000.0,3476000000.0,3476000000.0,0.0,0.011,0.251,0.02,0.291,0.0,1582000000.0,1.0,319904324.0,319672000,325486000.0,10.874,60530000000.0,0.0,365000000.0,0.0,189.35,
87,STT,MRT,1999-12-31,1999-12-31,1999-12-31,2021-10-22,-57000000.0,60896000000.0,54737000000.0,,,0.06,8.253,-199000000.0,20242000000.0,20242000000.0,0.0,619000000.0,,21.962,21478000000.0,,,21478000000.0,0.0,341000000.0,34145000000.0,0.008,0.3,968000000.0,1309000000.0,0.396,1309000000.0,968000000.0,968000000.0,1.93,1.89,1.93,2652000000.0,2487500000.0,2652000000.0,362884113.0,0.0,0.277,-4000000.0,-0.012,1.0,3304000000.0,1.0,0.0,0.0,62132000000.0,49043000000.0,0.0,37252000000.0,,,58244000000.0,,,11687884113.0,1565000000.0,1659000000.0,-125000000.0,7027000000.0,-93000000.0,14533000000.0,-13163000000.0,-14623000000.0,195000000.0,0.0,619000000.0,619000000.0,619000000.0,0.0,0.0,0.187,2336000000.0,968000000.0,0.0,0.155,4.407,18.882,18.927,759000000.0,0.0,36.53,3.537,3.553,716000000.0,2795000000.0,3304000000.0,3304000000.0,0.0,0.011,0.249,0.02,0.293,0.0,1501000000.0,1.0,319953028.0,321320000,327503000.0,10.283,60896000000.0,0.0,349000000.0,0.0,189.518,
88,STT,MRT,1999-09-30,1999-09-30,1999-09-30,2021-10-22,-40000000.0,54972000000.0,51283500000.0,,,0.058,7.659,-206000000.0,29191000000.0,29191000000.0,0.0,481000000.0,,21.328,17866000000.0,,,17866000000.0,0.0,324000000.0,31953000000.0,0.009,0.29,729000000.0,1053000000.0,0.351,1053000000.0,729000000.0,729000000.0,1.495,1.47,1.495,2462000000.0,2402250000.0,2462000000.0,9393759311.0,13.0,8.921,115000000.0,0.358,1.0,2998000000.0,1.0,0.0,0.0,43647000000.0,45625500000.0,0.0,21898000000.0,,,52510000000.0,,,10419759311.0,-537000000.0,0.0,-103000000.0,471000000.0,-93000000.0,4313000000.0,-5171000000.0,-4965000000.0,321000000.0,0.0,481000000.0,481000000.0,481000000.0,0.0,0.0,0.16,2269000000.0,729000000.0,0.0,0.194,4.232,21.663,21.615,726000000.0,0.0,32.315,3.476,3.465,686000000.0,2572000000.0,2998000000.0,2998000000.0,0.0,0.009,0.2,0.016,0.243,0.0,1454000000.0,1.0,322443426.0,321434000,326736000.0,9.327,54972000000.0,0.0,248000000.0,0.0,171.021,
89,STT,MRT,1999-06-30,1999-06-30,1999-06-30,2021-10-22,-38000000.0,53330000000.0,50192250000.0,,,0.058,7.572,-114000000.0,16565000000.0,16565000000.0,0.0,466000000.0,,20.848,15539000000.0,,,15539000000.0,0.0,311000000.0,32782000000.0,0.007,0.28,706000000.0,1017000000.0,0.347,1017000000.0,706000000.0,706000000.0,1.45,1.425,1.45,2441000000.0,2341250000.0,2441000000.0,2091787985.0,3.0,2.057,357000000.0,1.107,1.0,2927000000.0,1.0,0.0,0.0,52304000000.0,44141000000.0,0.0,33173000000.0,,,50889000000.0,,,13752787985.0,140000000.0,0.0,-76000000.0,2685000000.0,-91000000.0,5879000000.0,-6210000000.0,-6096000000.0,471000000.0,0.0,466000000.0,466000000.0,466000000.0,0.0,0.0,0.159,2221000000.0,706000000.0,0.0,0.193,5.634,29.512,29.441,710000000.0,0.0,42.69,4.699,4.702,651000000.0,2469000000.0,2927000000.0,2927000000.0,0.0,0.009,0.199,0.016,0.241,0.0,1425000000.0,1.0,322154790.0,322376000,328140000.0,9.079,53330000000.0,0.0,240000000.0,0.0,165.428,
90,STT,MRT,1999-03-31,1999-03-31,1999-03-31,2021-10-22,6000000.0,49750000000.0,48537500000.0,,,0.058,7.442,-236000000.0,28686000000.0,28686000000.0,0.0,451000000.0,,19.772,17025000000.0,,,17025000000.0,0.0,343000000.0,28065000000.0,0.007,0.27,682000000.0,1025000000.0,0.362,1025000000.0,682000000.0,682000000.0,1.4,1.38,1.4,2395000000.0,2270500000.0,2395000000.0,14612654468.0,21.0,14.256,-123000000.0,-0.382,1.0,2833000000.0,1.0,0.0,0.0,38089000000.0,39135250000.0,0.0,17773000000.0,,,47355000000.0,,,13232654468.0,124000000.0,0.0,-71000000.0,6286000000.0,-86000000.0,10600000000.0,-10589000000.0,-10353000000.0,113000000.0,0.0,451000000.0,451000000.0,451000000.0,0.0,0.0,0.159,2151000000.0,682000000.0,0.0,0.193,5.525,29.341,29.375,716000000.0,0.0,41.125,4.671,4.672,621000000.0,2370000000.0,2833000000.0,2833000000.0,0.0,0.009,0.199,0.017,0.241,0.0,1391000000.0,1.0,321766674.0,321824000,327888000.0,8.803,49750000000.0,0.0,231000000.0,0.0,154.588,
91,STT,MRT,1998-12-31,1998-12-31,1998-12-31,2021-10-22,22000000.0,47082000000.0,45852500000.0,,,0.059,7.18,-258000000.0,13450000000.0,13450000000.0,0.0,436000000.0,,19.373,14830000000.0,,,14830000000.0,0.0,345000000.0,27539000000.0,0.007,0.26,657000000.0,1002000000.0,0.368,1002000000.0,657000000.0,657000000.0,1.355,1.33,1.355,2311000000.0,2191000000.0,2311000000.0,-1642066904.0,-2.0,-1.639,592000000.0,1.839,1.0,2725000000.0,1.0,0.0,0.0,48462000000.0,38935750000.0,0.0,30276000000.0,,,44771000000.0,,,11255933096.0,-1046000000.0,0.0,-69000000.0,6433000000.0,-84000000.0,8941000000.0,-10837000000.0,-10579000000.0,850000000.0,0.0,436000000.0,436000000.0,436000000.0,0.0,0.0,0.16,2068000000.0,657000000.0,0.0,0.192,4.871,25.816,25.878,700000000.0,0.0,35.065,4.131,4.142,610000000.0,2272000000.0,2725000000.0,2725000000.0,0.0,0.01,0.199,0.017,0.241,0.0,1339000000.0,1.0,321001942.0,321874000,327854000.0,8.466,47082000000.0,0.0,221000000.0,0.0,146.275,
92,STT,MRT,1998-09-30,1998-09-30,1998-09-30,2021-10-22,23000000.0,50607000000.0,43575750000.0,,,0.06,6.879,-274000000.0,30566000000.0,30566000000.0,0.0,425000000.0,,21.817,17668000000.0,,,17668000000.0,0.0,374000000.0,27915000000.0,0.009,0.25,637000000.0,1011000000.0,0.386,1011000000.0,637000000.0,637000000.0,1.325,1.295,1.325,2218000000.0,2112000000.0,2218000000.0,-5619331096.0,-9.0,-5.558,83000000.0,0.257,1.0,2620000000.0,1.0,0.0,0.0,37709000000.0,35292250000.0,0.0,16237000000.0,,,48389000000.0,,,8810668904.0,600000000.0,0.0,-74000000.0,8978000000.0,-79000000.0,14628000000.0,-14385000000.0,-14111000000.0,357000000.0,0.0,425000000.0,425000000.0,425000000.0,0.0,0.0,0.162,1983000000.0,637000000.0,0.0,0.189,3.972,20.731,20.589,684000000.0,0.0,27.28,3.363,3.357,597000000.0,2184000000.0,2620000000.0,2620000000.0,0.0,0.01,0.201,0.018,0.243,0.0,1292000000.0,1.0,322971734.0,322408000,328164000.0,8.126,50607000000.0,0.0,212000000.0,0.0,156.966,
93,STT,MRT,1998-06-30,1998-06-30,1998-06-30,2021-10-22,8000000.0,46711000000.0,39775000000.0,,,0.064,6.695,-335000000.0,27671000000.0,27671000000.0,0.0,417000000.0,,20.646,13241000000.0,,,13241000000.0,0.0,444000000.0,29421000000.0,0.007,0.24,622000000.0,1066000000.0,0.422,1066000000.0,622000000.0,622000000.0,1.295,1.265,1.295,2158000000.0,2036500000.0,2158000000.0,9486199216.0,15.0,8.899,344000000.0,1.067,1.0,2527000000.0,1.0,0.0,0.0,32281000000.0,32865500000.0,0.0,15629000000.0,,,44553000000.0,,,11205199216.0,-338000000.0,0.0,-25000000.0,5174000000.0,-76000000.0,9635000000.0,-10652000000.0,-10317000000.0,679000000.0,0.0,417000000.0,417000000.0,417000000.0,0.0,0.0,0.165,1905000000.0,622000000.0,0.0,0.185,5.192,26.871,26.834,669000000.0,0.0,34.75,4.434,4.433,579000000.0,2094000000.0,2527000000.0,2527000000.0,0.0,0.01,0.205,0.019,0.246,0.0,1232000000.0,1.0,322451776.0,322332000,328922000.0,7.84,46711000000.0,0.0,205000000.0,0.0,144.916,
94,STT,MRT,1998-03-31,1998-03-31,1998-03-31,2021-10-22,13000000.0,39010000000.0,37268750000.0,,,0.065,6.456,-235000000.0,13080000000.0,13080000000.0,0.0,400000000.0,,17.782,11361000000.0,,,11361000000.0,0.0,501000000.0,23593000000.0,0.007,0.23,594000000.0,1095000000.0,0.454,1095000000.0,594000000.0,594000000.0,1.245,1.215,1.245,2077000000.0,1955000000.0,2077000000.0,6915382724.0,12.0,6.315,660000000.0,2.051,1.0,2411000000.0,1.0,0.0,0.0,37291000000.0,31688250000.0,0.0,22966000000.0,,,36933000000.0,,,10957382724.0,-369000000.0,0.0,-103000000.0,3294000000.0,-90000000.0,7175000000.0,-8439000000.0,-8204000000.0,895000000.0,0.0,400000000.0,400000000.0,400000000.0,0.0,0.0,0.166,1817000000.0,594000000.0,0.0,0.185,5.276,27.393,27.333,546000000.0,0.0,34.03,4.545,4.541,636000000.0,2005000000.0,2411000000.0,2411000000.0,0.0,0.011,0.205,0.019,0.246,0.0,1161000000.0,1.0,321991852.0,321740000,328198000.0,7.494,39010000000.0,0.0,194000000.0,0.0,121.247,
95,STT,MRT,1997-12-31,1997-12-31,1997-12-31,2021-10-22,11000000.0,37975000000.0,35924000000.0,,,0.064,6.209,-158000000.0,13112000000.0,13112000000.0,0.0,380000000.0,,18.035,9025000000.0,,,9025000000.0,0.0,271000000.0,24878000000.0,0.008,0.22,564000000.0,835000000.0,0.363,835000000.0,564000000.0,564000000.0,1.185,1.16,1.185,1995000000.0,1870250000.0,1995000000.0,1955846380.0,3.0,2.342,92000000.0,0.286,1.0,2298000000.0,1.0,0.0,0.0,33888000000.0,29265500000.0,0.0,21603000000.0,,,35980000000.0,,,9357846380.0,788000000.0,0.0,-94000000.0,1035000000.0,-69000000.0,6230000000.0,-5692000000.0,-5534000000.0,250000000.0,0.0,380000000.0,380000000.0,380000000.0,0.0,0.0,0.165,1734000000.0,564000000.0,0.0,0.186,4.691,24.626,24.553,500000000.0,0.0,29.095,4.072,4.068,566000000.0,1920000000.0,2298000000.0,2298000000.0,0.0,0.011,0.203,0.019,0.245,0.0,1105000000.0,1.0,321630740.0,321324000,327578000.0,7.152,37975000000.0,0.0,184000000.0,0.0,118.183,
96,STT,MRT,1997-09-30,1997-09-30,1997-09-30,2021-10-22,18000000.0,35404000000.0,34311250000.0,,,0.063,5.973,-155000000.0,16674000000.0,16674000000.0,0.0,358000000.0,,17.478,9272000000.0,,,9272000000.0,0.0,596000000.0,22111000000.0,0.007,0.21,535000000.0,1131000000.0,0.521,1131000000.0,535000000.0,535000000.0,1.12,1.09,1.12,1916000000.0,1815250000.0,1916000000.0,681836280.0,1.0,0.603,497000000.0,1.549,1.0,2170000000.0,1.0,0.0,0.0,28002000000.0,28276250000.0,0.0,15845000000.0,,,33488000000.0,,,9795836280.0,162000000.0,0.0,-174000000.0,2977000000.0,-83000000.0,8380000000.0,-8870000000.0,-8715000000.0,652000000.0,0.0,358000000.0,358000000.0,358000000.0,0.0,0.0,0.165,1635000000.0,535000000.0,0.0,0.188,5.113,27.363,27.232,478000000.0,0.0,30.5,4.514,4.508,550000000.0,1833000000.0,2170000000.0,2170000000.0,0.0,0.01,0.197,0.019,0.247,0.0,1038000000.0,1.0,321174960.0,320752000,327132000.0,6.765,35404000000.0,0.0,177000000.0,0.0,110.378,
97,STT,MRT,1997-06-30,1997-06-30,1997-06-30,2021-10-22,10000000.0,36686000000.0,,,,,5.709,-151000000.0,17367000000.0,17367000000.0,0.0,330000000.0,,19.025,8253000000.0,,,8253000000.0,0.0,425000000.0,24858000000.0,0.009,0.203,495000000.0,920000000.0,0.453,920000000.0,495000000.0,495000000.0,1.03,1.005,1.03,1832000000.0,,1832000000.0,1386069395.0,3.0,1.507,18000000.0,0.056,1.0,2030000000.0,1.0,0.0,0.0,27572000000.0,,0.0,16173000000.0,,,34854000000.0,,,7417069395.0,241000000.0,0.0,-190000000.0,3709000000.0,-81000000.0,9874000000.0,-9802000000.0,-9651000000.0,169000000.0,0.0,330000000.0,330000000.0,330000000.0,0.0,0.0,0.163,1535000000.0,495000000.0,0.0,0.197,4.049,22.476,22.451,465000000.0,0.0,23.125,3.654,3.655,490000000.0,1751000000.0,2030000000.0,2030000000.0,0.0,,,,0.244,0.0,977000000.0,1.0,320738136.0,320872000,326746000.0,6.327,36686000000.0,0.0,165000000.0,0.0,114.332,
98,STT,MRT,1997-03-31,1997-03-31,1997-03-31,2021-10-22,-15000000.0,33631000000.0,,,,,5.386,-124000000.0,15863000000.0,15863000000.0,0.0,309000000.0,,18.35,9832000000.0,,,9832000000.0,0.0,285000000.0,20444000000.0,0.011,0.195,469000000.0,754000000.0,0.391,754000000.0,469000000.0,469000000.0,0.963,0.945,0.963,1738000000.0,,1738000000.0,3993185163.0,9.0,5.296,110000000.0,0.341,1.0,1930000000.0,1.0,0.0,0.0,27600000000.0,,0.0,15151000000.0,,,31893000000.0,,,5586185163.0,188000000.0,0.0,-133000000.0,3789000000.0,-62000000.0,6301000000.0,-6347000000.0,-6223000000.0,234000000.0,0.0,309000000.0,309000000.0,309000000.0,0.0,0.0,0.16,1461000000.0,469000000.0,0.0,0.202,3.214,18.078,18.011,466000000.0,0.0,17.345,2.894,2.9,477000000.0,1760000000.0,1930000000.0,1930000000.0,0.0,,,,0.243,0.0,927000000.0,1.0,322063140.0,322672000,328418000.0,5.981,33631000000.0,0.0,160000000.0,0.0,104.227,
99,STT,MRT,1996-12-31,1996-12-31,1996-12-31,2021-10-22,12000000.0,31524000000.0,28654500000.0,,,0.064,5.486,-114000000.0,10343000000.0,10343000000.0,0.0,293000000.0,,16.76,8750000000.0,,,8750000000.0,0.0,221000000.0,19519000000.0,0.012,0.19,447000000.0,668000000.0,0.362,668000000.0,447000000.0,447000000.0,0.905,0.89,0.905,1775000000.0,1681500000.0,1775000000.0,,,,483000000.0,1.493,1.0,1845000000.0,1.0,0.0,0.0,29931000000.0,27180500000.0,0.0,18895000000.0,,,29749000000.0,,,5186954412.0,201000000.0,0.0,-119000000.0,2730000000.0,-61000000.0,5422000000.0,-5818000000.0,-5704000000.0,597000000.0,0.0,293000000.0,293000000.0,293000000.0,0.0,0.0,0.159,1398000000.0,447000000.0,0.0,0.21,2.922,17.703,17.851,468000000.0,0.0,16.155,2.811,2.833,442000000.0,1694000000.0,1845000000.0,1845000000.0,0.0,0.01,0.174,0.016,0.242,0.0,886000000.0,1.0,321074244.0,323566000,328750000.0,5.702,31524000000.0,0.0,154000000.0,657000000.0,97.427,
100,STT,MRT,1996-09-30,1996-09-30,1996-09-30,2021-10-22,,,,,,,,,,,,,,,,,,,,,,0.014,0.185,,,,,,,,,,,,,,,,,,1.0,,,,,,,,,,,,,,4344535864.0,,,,,,,,,,,,,,,,,,,,,,,,,,13.531,,,,,,,,,,,,,,1.0,321074244.0,323908000,,,,,,,,
101,STT,MRT,1996-06-30,1996-06-30,1996-06-30,2021-10-22,,,,,,,,,,,,,,,,,,,,,,0.014,0.18,,,,,,,,,,,,,,,,,,1.0,,,,,,,,,,,,,,,,,,,,,,,,,,,,,,,,,,,,,,,,13.094,,,,,,,,,,,,,,1.0,,326248000,,,,,,,,
102,STT,MRT,1996-03-31,1996-03-31,1996-03-31,2021-10-22,,,,,,,,,,,,,,,,,,,,,,0.014,0.175,,,,,,,,,,,,,,,,,,1.0,,,,,,,,,,,,,,,,,,,,,,,,,,,,,,,,,,,,,,,,12.5,,,,,,,,,,,,,,1.0,,329044000,,,,,,,,
103,STT,MRT,1995-12-31,1995-12-31,1995-12-31,2021-10-22,13000000.0,25785000000.0,,,,,4.809,-96000000.0,7745000000.0,7745000000.0,0.0,247000000.0,,15.237,6390000000.0,,,6390000000.0,0.0,0.0,16647000000.0,0.015,0.17,366000000.0,366000000.0,0.238,366000000.0,366000000.0,366000000.0,0.75,0.735,0.75,1588000000.0,,1588000000.0,,,,215000000.0,0.651,1.0,1540000000.0,1.0,0.0,0.0,24430000000.0,,0.0,16193000000.0,,,24197000000.0,,,,324000000.0,0.0,-12000000.0,1084000000.0,-56000000.0,3065000000.0,-3052000000.0,-2956000000.0,311000000.0,0.0,247000000.0,247000000.0,247000000.0,0.0,0.0,0.16,1174000000.0,366000000.0,0.0,0.227,,,15.0,467000000.0,0.0,11.25,,2.412,392000000.0,1465000000.0,1540000000.0,1540000000.0,0.0,,,,0.238,0.0,735000000.0,1.0,,330214000,335374000.0,4.664,25785000000.0,0.0,119000000.0,562000000.0,78.086,
104,STT,MRT,1994-12-31,1994-12-31,1994-12-31,2021-10-22,,,,,,,,-125000000.0,,,0.0,220000000.0,,,,,,,,0.0,,0.021,0.15,340000000.0,340000000.0,0.243,340000000.0,340000000.0,340000000.0,0.665,0.66,0.665,,,,,,,-69000000.0,-0.208,1.0,1398000000.0,1.0,,0.0,,,,,,,,,,,-445000000.0,0.0,6000000.0,2132000000.0,-45000000.0,3002000000.0,-3503000000.0,-3378000000.0,56000000.0,0.0,220000000.0,220000000.0,220000000.0,0.0,0.0,0.157,1058000000.0,340000000.0,,0.226,,,10.759,,0.0,7.155,,1.696,,,1398000000.0,1398000000.0,0.0,,,,0.243,0.0,661000000.0,1.0,,331292000,333816000.0,4.22,,,120000000.0,,,
