None,ticker,dimension,calendardate,datekey,reportperiod,lastupdated,accoci,assets,assetsavg,assetsc,assetsnc,assetturnover,bvps,capex,cashneq,cashnequsd,cor,consolinc,currentratio,de,debt,debtc,debtnc,debtusd,deferredrev,depamor,deposits,divyield,dps,ebit,ebitda,ebitdamargin,ebitdausd,ebitusd,ebt,eps,epsdil,epsusd,equity,equityavg,equityusd,ev,evebit,evebitda,fcf,fcfps,fxusd,gp,grossmargin,intangibles,intexp,invcap,invcapavg,inventory,investments,investmentsc,investmentsnc,liabilities,liabilitiesc,liabilitiesnc,marketcap,ncf,ncfbus,ncfcommon,ncfdebt,ncfdiv,ncff,ncfi,ncfinv,ncfo,ncfx,netinc,netinccmn,netinccmnusd,netincdis,netincnci,netmargin,opex,opinc,payables,payoutratio,pb,pe,pe1,ppnenet,prefdivis,price,ps,ps1,receivables,retearn,revenue,revenueusd,rnd,roa,roe,roic,ros,sbcomp,sgna,sharefactor,sharesbas,shareswa,shareswadil,sps,tangibles,taxassets,taxexp,taxliabilities,tbvps,workingcapital
0,WINMQ,MRY,2019-12-31,2019-12-31,2019-12-31,2021-08-25,22600000.0,9888500000.0,10298600000.0,1036700000.0,8851800000.0,0.497,-48.244,-878500000.0,199600000.0,199600000.0,3418900000.0,-3157800000.0,0.85,-5.767,11220100000.0,500000000.0,10720100000.0,11220100000.0,0.0,1068200000.0,0.0,0.0,0.0,-3145900000.0,-2077700000.0,-0.406,-2077700000.0,-3145900000.0,-3477800000.0,-74.06,-74.06,-74.06,-2074400000.0,-1729250000.0,-2074400000.0,10970869813.0,-3.0,-5.28,-344700000.0,-8.017,1.0,1696500000.0,0.332,1130100000.0,331900000.0,18559700000.0,18033575000.0,64700000.0,0.0,0.0,0.0,11962900000.0,1219200000.0,10743700000.0,3869813.0,-161400000.0,0.0,0.0,208900000.0,0.0,208200000.0,-903400000.0,0.0,533800000.0,0.0,-3157800000.0,-3157800000.0,-3157800000.0,0.0,0.0,-0.617,4834600000.0,-3138100000.0,279200000.0,0.0,-0.002,-0.001,-0.001,7638800000.0,0.0,0.09,0.001,0.001,574700000.0,-3350100000.0,5115400000.0,5115400000.0,0.0,-0.307,1.826,-0.174,-0.615,2700000.0,756700000.0,1.0,42997926.0,42997926.0,,118.969,8758400000.0,0.0,-320000000.0,65600000.0,203.694,-182500000.0
1,WINMQ,MRY,2018-12-31,2018-12-31,2018-12-31,2021-08-25,35600000.0,10257900000.0,10697275000.0,1256200000.0,9001700000.0,0.534,-44.701,-820200000.0,361000000.0,361000000.0,2923900000.0,-723000000.0,0.11,-6.345,10298400000.0,10298400000.0,0.0,10298400000.0,0.0,1526700000.0,0.0,0.0,0.0,627400000.0,2154100000.0,0.377,2154100000.0,627400000.0,-273900000.0,-17.72,-17.72,-17.72,-1919300000.0,-1505975000.0,-1919300000.0,10484136119.0,17.0,4.867,192900000.0,4.493,1.0,2789200000.0,0.488,3986800000.0,901300000.0,4750800000.0,13063200000.0,82400000.0,0.0,0.0,0.0,12177200000.0,11457700000.0,719500000.0,89736119.0,317600000.0,274000000.0,12200000.0,-197100000.0,0.0,-141300000.0,-554200000.0,0.0,1013100000.0,0.0,-723000000.0,-723000000.0,-723000000.0,0.0,0.0,-0.127,2492600000.0,296600000.0,503600000.0,0.0,-0.047,-0.124,-0.118,4920900000.0,0.0,2.09,0.016,0.016,653100000.0,-3205300000.0,5713100000.0,5713100000.0,0.0,-0.068,0.48,0.048,0.11,11300000.0,889000000.0,1.0,42935942.0,42935942.0,,133.061,6271100000.0,0.0,449100000.0,191700000.0,146.057,-10201500000.0
2,WINMQ,MRY,2017-12-31,2017-12-31,2017-12-31,2021-08-25,21400000.0,11084300000.0,12405825000.0,933700000.0,10150600000.0,0.472,-35.508,-908600000.0,43400000.0,43400000.0,3056200000.0,-2116600000.0,0.605,-9.534,10675800000.0,357900000.0,10317900000.0,10675800000.0,0.0,1470000000.0,207300000.0,0.162,1.5,-1649300000.0,-179300000.0,-0.031,-179300000.0,-1649300000.0,-2524700000.0,-62.66,-62.66,-62.66,-1298900000.0,143725000.0,-1298900000.0,11034373566.0,-7.0,-61.541,66000000.0,1.804,1.0,2796700000.0,0.478,4296800000.0,875400000.0,15876500000.0,15894475000.0,93000000.0,0.0,0.0,0.0,12383200000.0,1543400000.0,10839800000.0,338373566.0,-15700000.0,-58300000.0,-9400000.0,78000000.0,-64400000.0,-7100000.0,-983200000.0,0.0,974600000.0,0.0,-2116600000.0,-2116600000.0,-2116600000.0,0.0,0.0,-0.362,4387300000.0,-1590600000.0,494000000.0,-0.024,-0.261,-0.16,-0.148,5391800000.0,0.0,9.25,0.058,0.058,643000000.0,-2512200000.0,5852900000.0,5852900000.0,0.0,-0.171,-14.727,-0.104,-0.282,55400000.0,896100000.0,1.0,36580926.0,36580926.0,,159.999,6787500000.0,370800000.0,-408100000.0,89500000.0,185.548,-609700000.0
3,WINMQ,MRY,2016-12-31,2016-12-31,2016-12-31,2021-08-25,5900000.0,11770000000.0,12006600000.0,866900000.0,10903100000.0,0.449,8.844,-983500000.0,59100000.0,59100000.0,2745700000.0,-383500000.0,0.691,68.235,9864200000.0,183600000.0,9680600000.0,9864200000.0,0.0,1263500000.0,178100000.0,0.082,3.0,337100000.0,1600600000.0,0.297,1600600000.0,337100000.0,-523500000.0,-20.53,-20.53,-20.53,170000000.0,271800000.0,170000000.0,10549420406.0,31.0,6.591,24300000.0,1.264,1.0,2641300000.0,0.49,5534100000.0,860600000.0,14786400000.0,15215625000.0,77500000.0,0.0,0.0,0.0,11600000000.0,1254600000.0,10345400000.0,704520406.0,27800000.0,0.0,-28900000.0,104500000.0,-58600000.0,10000000.0,-990000000.0,0.0,1007800000.0,0.0,-383500000.0,-383500000.0,-383500000.0,0.0,0.0,-0.071,2080300000.0,561000000.0,390200000.0,-0.146,4.144,-1.837,-1.785,5283500000.0,0.0,36.65,0.131,0.131,618600000.0,-395600000.0,5387000000.0,5387000000.0,0.0,-0.032,-1.411,0.022,0.063,41600000.0,782700000.0,1.0,19222931.0,19222931.0,,280.238,6235900000.0,0.0,-140000000.0,229500000.0,324.399,-387700000.0
4,WINMQ,MRY,2015-12-31,2015-12-31,2015-12-31,2021-08-25,-284400000.0,12518100000.0,12836500000.0,875300000.0,11642800000.0,0.449,15.163,-1055300000.0,31300000.0,31300000.0,2907200000.0,27400000.0,0.691,39.855,10323600000.0,158600000.0,10165000000.0,10323600000.0,0.0,1366500000.0,193900000.0,0.102,3.3,856600000.0,2223100000.0,0.386,2223100000.0,856600000.0,43400000.0,1.2,1.2,1.2,306400000.0,252675000.0,306400000.0,11406777488.0,13.0,5.131,-28700000.0,-1.42,1.0,2858100000.0,0.496,5718300000.0,813200000.0,15825000000.0,15772275000.0,79500000.0,549200000.0,0.0,549200000.0,12211700000.0,1267100000.0,10944600000.0,650677488.0,3500000.0,574200000.0,-46200000.0,-1154300000.0,-369200000.0,-501100000.0,-522000000.0,0.0,1026600000.0,0.0,27400000.0,27400000.0,27400000.0,0.0,0.0,0.005,2348700000.0,509400000.0,430100000.0,2.75,2.124,23.747,26.833,5279800000.0,0.0,32.2,0.113,0.113,643900000.0,-12100000.0,5765300000.0,5765300000.0,0.0,0.002,0.108,0.054,0.149,55300000.0,866500000.0,1.0,20207375.0,20207375.0,,285.307,6799800000.0,0.0,16000000.0,371500000.0,336.501,-391800000.0
5,WINMQ,MRY,2014-12-31,2014-12-31,2014-12-31,2021-08-25,12100000.0,12520300000.0,12894350000.0,898300000.0,11622000000.0,0.452,11.188,-786500000.0,34500000.0,34500000.0,2929900000.0,-39500000.0,0.44,54.695,8645000000.0,717500000.0,7927500000.0,8645000000.0,0.0,1386400000.0,214700000.0,0.121,7.833,507200000.0,1893600000.0,0.325,1893600000.0,507200000.0,-64600000.0,-2.25,-2.25,-2.25,224800000.0,499300000.0,224800000.0,9846505173.0,19.0,5.2,680800000.0,33.884,1.0,2899600000.0,0.497,6116800000.0,571800000.0,12971000000.0,13731600000.0,63700000.0,0.0,0.0,0.0,12295500000.0,2043000000.0,10252500000.0,1296805173.0,-20400000.0,-22600000.0,0.0,-107200000.0,-602200000.0,-718600000.0,-769100000.0,0.0,1467300000.0,0.0,-39500000.0,-39500000.0,-39500000.0,0.0,0.0,-0.007,2392500000.0,507100000.0,403300000.0,-3.481,5.769,-32.831,-28.686,5412300000.0,0.0,64.543,0.222,0.222,635500000.0,-39500000.0,5829500000.0,5829500000.0,0.0,-0.003,-0.079,0.037,0.087,41800000.0,929800000.0,1.0,20092112.0,20092112.0,,290.139,6403500000.0,0.0,-25100000.0,1868400000.0,318.707,-1144700000.0
6,WINMQ,MRY,2013-12-31,2013-12-31,2013-12-31,2021-08-25,28500000.0,13444600000.0,13573425000.0,1184800000.0,12259800000.0,0.441,42.302,-841000000.0,57900000.0,57900000.0,2725100000.0,241000000.0,0.82,14.996,8707200000.0,85000000.0,8622200000.0,8707200000.0,0.0,1341500000.0,223500000.0,0.125,7.833,974000000.0,2315500000.0,0.387,2315500000.0,974000000.0,346300000.0,12.05,12.05,12.05,840500000.0,916325000.0,840500000.0,10001858434.0,10.0,4.32,678400000.0,34.143,1.0,3263000000.0,0.545,6351500000.0,627700000.0,14297100000.0,14323675000.0,67700000.0,0.0,0.0,0.0,12604100000.0,1445300000.0,11158800000.0,1241958434.0,-83800000.0,30000000.0,0.0,-295300000.0,-593600000.0,-895600000.0,-707600000.0,0.0,1519400000.0,0.0,241000000.0,241000000.0,241000000.0,-6000000.0,0.0,0.04,2254000000.0,1009000000.0,536600000.0,0.65,1.478,5.153,5.187,5702600000.0,0.0,62.507,0.207,0.207,635300000.0,0.0,5988100000.0,5988100000.0,0.0,0.018,0.263,0.068,0.163,44900000.0,874300000.0,1.0,19869110.0,19869110.0,,301.377,7093100000.0,241500000.0,105300000.0,2142600000.0,356.991,-260500000.0
7,WINMQ,MRY,2012-12-31,2012-12-31,2012-12-31,2021-08-25,6400000.0,13982000000.0,13976000000.0,1310500000.0,12671500000.0,0.439,56.355,-1101200000.0,158500000.0,158500000.0,2898800000.0,168000000.0,0.605,11.656,8965800000.0,866000000.0,8099800000.0,8965800000.0,0.0,1297600000.0,219600000.0,0.121,7.833,891300000.0,2188900000.0,0.357,2188900000.0,891300000.0,266200000.0,8.4,8.4,8.4,1104800000.0,1278225000.0,1104800000.0,10147553438.0,11.0,4.636,676400000.0,34.503,1.0,3240700000.0,0.528,6642700000.0,625100000.0,13978700000.0,14167550000.0,75000000.0,0.0,0.0,0.0,12877200000.0,2167900000.0,10709300000.0,1271453438.0,-95000000.0,6100000.0,0.0,-183600000.0,-588000000.0,-770900000.0,-1101700000.0,0.0,1777600000.0,0.0,168000000.0,168000000.0,168000000.0,-900000.0,0.0,0.027,2356800000.0,883900000.0,363700000.0,0.932,1.151,7.568,7.721,5861800000.0,0.0,64.856,0.207,0.207,609000000.0,0.0,6139500000.0,6139500000.0,0.0,0.012,0.131,0.063,0.145,43200000.0,967300000.0,1.0,19604253.0,19604253.0,,313.172,7339300000.0,272700000.0,98200000.0,2001100000.0,374.373,-857400000.0
8,WINMQ,MRY,2011-12-31,2011-12-31,2011-12-31,2021-08-25,1900000.0,14392100000.0,12120800000.0,1518400000.0,12873700000.0,0.353,86.967,-702000000.0,248700000.0,248700000.0,1796200000.0,169500000.0,1.038,8.625,9150400000.0,213700000.0,8936700000.0,9150400000.0,0.0,847500000.0,243900000.0,0.085,7.833,827200000.0,1674700000.0,0.391,1674700000.0,827200000.0,268900000.0,9.6,9.6,9.6,1495300000.0,980775000.0,1495300000.0,8879011933.0,11.0,5.302,526800000.0,30.639,1.0,2483400000.0,0.58,6987000000.0,558300000.0,14843800000.0,12808750000.0,76500000.0,0.0,0.0,0.0,12896800000.0,1463000000.0,11433800000.0,1581111933.0,184700000.0,71400000.0,0.0,110300000.0,-509600000.0,-391900000.0,-652200000.0,0.0,1228800000.0,0.0,169500000.0,169500000.0,169500000.0,-500000.0,0.0,0.04,1520500000.0,962900000.0,296000000.0,0.816,1.057,9.328,9.579,5709200000.0,0.0,91.958,0.369,0.369,657400000.0,0.0,4279600000.0,4279600000.0,0.0,0.014,0.173,0.065,0.193,24100000.0,601900000.0,1.0,17193849.0,17193849.0,,248.903,7405100000.0,371500000.0,99400000.0,1967700000.0,430.683,55400000.0
9,WINMQ,MRY,2010-12-31,2010-12-31,2010-12-31,2021-08-25,-24100000.0,11303900000.0,10212675000.0,687700000.0,10616200000.0,0.363,51.54,-412000000.0,42300000.0,42300000.0,1406800000.0,312700000.0,0.695,12.603,7325800000.0,139200000.0,7186600000.0,7325800000.0,0.0,693700000.0,150200000.0,0.072,7.833,1030000000.0,1723700000.0,0.465,1723700000.0,1030000000.0,508300000.0,19.8,19.8,19.8,831000000.0,622775000.0,831000000.0,8291618383.0,8.0,4.81,679300000.0,42.132,1.0,2303900000.0,0.621,5709700000.0,521700000.0,11887700000.0,10998875000.0,52500000.0,0.0,0.0,0.0,10472900000.0,990000000.0,9482900000.0,1760518383.0,-1020600000.0,-1043900000.0,0.0,-175800000.0,-464600000.0,-657600000.0,-1454300000.0,0.0,1091300000.0,0.0,312700000.0,312700000.0,312700000.0,0.0,0.0,0.084,1270400000.0,1033500000.0,151300000.0,0.396,2.119,5.63,5.515,4764200000.0,0.0,109.191,0.474,0.474,373900000.0,0.0,3710700000.0,3710700000.0,0.0,0.031,0.502,0.094,0.278,17000000.0,491700000.0,1.0,16123292.0,16123292.0,,230.145,5594200000.0,107700000.0,195600000.0,1777500000.0,346.964,-302300000.0
10,WINMQ,MRY,2009-12-31,2009-12-31,2009-12-31,2021-08-25,-208300000.0,9145400000.0,8152000000.0,1456000000.0,7689400000.0,0.368,18.299,-286900000.0,1062900000.0,1062900000.0,1041700000.0,398500000.0,2.053,34.08,6295200000.0,23800000.0,6271400000.0,6295200000.0,0.0,538300000.0,95200000.0,0.091,7.833,1059500000.0,1597800000.0,0.533,1597800000.0,1059500000.0,649300000.0,27.3,27.3,27.3,260700000.0,225025000.0,260700000.0,6159483056.0,6.0,3.855,822700000.0,57.748,1.0,1954600000.0,0.652,3597700000.0,410200000.0,10070700000.0,9218200000.0,26100000.0,0.0,0.0,0.0,8884700000.0,709300000.0,8175400000.0,1226383056.0,766300000.0,-195300000.0,-121300000.0,693200000.0,-437400000.0,138300000.0,-481600000.0,0.0,1109600000.0,0.0,398500000.0,398500000.0,398500000.0,0.0,0.0,0.133,894000000.0,1060600000.0,120700000.0,0.287,4.704,3.077,3.153,3992600000.0,0.0,86.084,0.409,0.409,291700000.0,385400000.0,2996300000.0,2996300000.0,0.0,0.049,1.771,0.115,0.354,17400000.0,324100000.0,1.0,14246353.0,14246353.0,,210.32,5547700000.0,38000000.0,250800000.0,1432600000.0,389.412,746700000.0
11,WINMQ,MRY,2008-12-31,2008-12-31,2008-12-31,2021-08-25,-336600000.0,8009300000.0,8063225000.0,708700000.0,7300600000.0,0.393,17.225,-317500000.0,296600000.0,296600000.0,1180500000.0,412700000.0,1.065,30.745,5382500000.0,24300000.0,5358200000.0,5382500000.0,0.0,494500000.0,94000000.0,0.109,7.833,1112300000.0,1606800000.0,0.507,1606800000.0,1112300000.0,695900000.0,27.9,27.9,27.9,252300000.0,472550000.0,252300000.0,6339638084.0,6.0,3.946,762900000.0,52.084,1.0,1991000000.0,0.628,3330400000.0,416400000.0,9099500000.0,9293325000.0,30800000.0,0.0,0.0,0.0,7757000000.0,665300000.0,7091700000.0,1055538084.0,224600000.0,56700000.0,-200300000.0,25700000.0,-445200000.0,-622700000.0,-233100000.0,0.0,1080400000.0,0.0,412700000.0,412700000.0,412700000.0,22200000.0,0.0,0.13,858600000.0,1132400000.0,134000000.0,0.281,4.184,2.558,2.583,3897100000.0,0.0,72.063,0.333,0.333,316600000.0,487400000.0,3171500000.0,3171500000.0,0.0,0.051,0.873,0.12,0.351,18100000.0,351200000.0,1.0,14647435.0,14647435.0,,216.523,4678900000.0,30800000.0,283200000.0,1118600000.0,319.435,43400000.0
12,WINMQ,MRY,2007-12-31,2007-12-31,2007-12-31,2021-08-25,-103000000.0,8241200000.0,8126550000.0,528400000.0,7712800000.0,0.399,44.002,-365700000.0,72000000.0,72000000.0,1196000000.0,917100000.0,0.779,10.777,5355500000.0,24300000.0,5331200000.0,5355500000.0,0.0,507500000.0,91100000.0,0.077,7.833,1613000000.0,2120500000.0,0.653,2120500000.0,1613000000.0,1168600000.0,57.9,57.9,57.9,699800000.0,523550000.0,699800000.0,7252920352.0,4.0,3.42,668000000.0,42.003,1.0,2049900000.0,0.632,3408300000.0,444400000.0,9438100000.0,9465050000.0,29600000.0,0.0,0.0,0.0,7541400000.0,678300000.0,6863100000.0,1621920352.0,-314800000.0,-506800000.0,-40100000.0,37900000.0,-476800000.0,-481400000.0,-867100000.0,0.0,1033700000.0,0.0,917100000.0,917100000.0,917100000.0,-700000.0,0.0,0.283,900000000.0,1149900000.0,158100000.0,0.135,2.318,1.769,1.761,4030300000.0,0.0,101.984,0.5,0.5,320700000.0,516000000.0,3245900000.0,3245900000.0,0.0,0.113,1.752,0.17,0.497,15900000.0,381200000.0,1.0,15903675.0,15903675.0,,204.097,4832900000.0,32000000.0,251500000.0,1186600000.0,303.886,-149900000.0
13,WINMQ,MRY,2006-12-31,2006-12-31,2006-12-31,2021-08-25,-150800000.0,8030700000.0,5029922250.0,876700000.0,7154000000.0,0.603,29.561,-373800000.0,386800000.0,386800000.0,1140200000.0,545300000.0,1.281,16.094,5488400000.0,32200000.0,5456200000.0,5488400000.0,0.0,449600000.0,82800000.0,0.087,9.744,1031200000.0,1480800000.0,0.488,1480800000.0,1031200000.0,821600000.0,37.5,37.5,37.5,469800000.0,549688000.0,469800000.0,6895782511.0,7.0,4.657,771900000.0,48.57,1.0,1893100000.0,0.624,3065400000.0,209600000.0,9382300000.0,5682915500.0,43500000.0,0.0,0.0,0.0,7560900000.0,684600000.0,6876300000.0,1770182511.0,374900000.0,69000000.0,0.0,2284700000.0,-102200000.0,-471800000.0,-299000000.0,0.0,1145700000.0,0.0,545300000.0,545300000.0,545300000.0,0.0,0.0,0.18,994300000.0,898800000.0,169500000.0,0.26,3.768,3.246,2.97,3939800000.0,0.0,111.384,0.584,0.584,337200000.0,70100000.0,3033300000.0,3033300000.0,0.0,0.108,0.992,0.181,0.34,1900000.0,365700000.0,1.0,15892610.0,15892610.0,,190.862,4965300000.0,0.0,276300000.0,1022700000.0,312.428,192100000.0
14,WINMQ,MRY,2005-12-31,2005-12-31,2005-12-31,2021-08-25,500000.0,4935800000.0,2707057250.0,405900000.0,4529900000.0,1.08,1471.602,-356900000.0,11900000.0,11900000.0,1170900000.0,374300000.0,1.082,0.415,260800000.0,22100000.0,238700000.0,260800000.0,0.0,474200000.0,77100000.0,0.111,9.87,661300000.0,1135500000.0,0.388,1135500000.0,661300000.0,642200000.0,27.9,27.9,27.9,3489200000.0,1300588250.0,3489200000.0,1345677374.0,2.0,1.185,629500000.0,265.497,1.0,1752600000.0,0.599,1536400000.0,19100000.0,3273000000.0,2286856250.0,36900000.0,2000000.0,0.0,2000000.0,1446600000.0,375300000.0,1071300000.0,211720374.0,-1400000.0,0.0,0.0,-22100000.0,0.0,-634200000.0,-353600000.0,0.0,986400000.0,0.0,374300000.0,374300000.0,374300000.0,0.0,0.0,0.128,1118800000.0,633800000.0,133500000.0,0.354,0.061,0.566,3.201,2958500000.0,0.0,89.295,0.072,0.072,252700000.0,2033500000.0,2923500000.0,2923500000.0,0.0,0.138,0.288,0.289,0.226,0.0,340100000.0,1.0,2371022.0,2371022.0,,1233.013,3399400000.0,0.0,267900000.0,759100000.0,1433.728,30600000.0
15,WINMQ,MRY,2004-12-31,2004-12-31,2004-12-31,2021-08-25,-7894000.0,1971167000.0,2005105000.0,90012000.0,1881155000.0,1.463,2.741,-337800000.0,17034000.0,17034000.0,1147500000.0,386300000.0,1.202,303.616,1602871000.0,3694000.0,1599177000.0,1602871000.0,0.0,508500000.0,15700000.0,,0.0,666100000.0,1174600000.0,0.4,1174600000.0,666100000.0,645700000.0,28.8,28.8,28.8,6471000.0,28166500.0,6471000.0,,,,630500000.0,267.035,1.0,1786000000.0,0.609,1058235000.0,20400000.0,2423853000.0,2377882000.0,1400000.0,0.0,0.0,0.0,1964696000.0,74916000.0,1889780000.0,,5500000.0,0.0,0.0,-22100000.0,0.0,-627100000.0,-335600000.0,0.0,968300000.0,-100000.0,386300000.0,386300000.0,386300000.0,0.0,0.0,0.132,1118400000.0,667600000.0,5847000.0,0.0,,,,749984000.0,0.0,,,,62757000.0,-79776000.0,2933500000.0,2933500000.0,0.0,0.193,13.715,0.28,0.227,0.0,327900000.0,1.0,2361112.0,2361112.0,,1242.423,912932000.0,0.0,259400000.0,13505000.0,386.653,15096000.0
16,WINMQ,MRY,2003-12-31,2003-12-31,2003-12-31,2021-08-25,-7371000.0,2039043000.0,,73161000.0,1965882000.0,,,-69850000.0,1414000.0,1414000.0,106527000.0,58233000.0,0.613,39.886,1470660000.0,44005000.0,1426655000.0,1470660000.0,0.0,81638000.0,16958000.0,,0.0,179896000.0,261534000.0,0.526,261534000.0,179896000.0,60711000.0,0.0,0.0,0.0,49862000.0,,49862000.0,,,,96039000.0,,1.0,390807000.0,0.786,1057007000.0,119185000.0,2331911000.0,,1922000.0,0.0,0.0,0.0,1988804000.0,119371000.0,1869433000.0,,125000.0,0.0,0.0,-99465000.0,0.0,-99465000.0,-66299000.0,0.0,165889000.0,0.0,58233000.0,58233000.0,58233000.0,-108000.0,0.0,0.117,208534000.0,182273000.0,14458000.0,,,,,769570000.0,0.0,,,,60773000.0,-53366000.0,497334000.0,497334000.0,0.0,,,,0.362,0.0,126896000.0,1.0,,,,,982036000.0,0.0,2478000.0,11983000.0,,-46210000.0
17,WINMQ,MRY,2002-12-31,2002-12-31,2002-12-31,2021-08-25,,,,,,,,-89527000.0,,,113891000.0,16302000.0,,,,,,,,73273000.0,,,0.0,145316000.0,218589000.0,0.456,218589000.0,145316000.0,17951000.0,,,,,,,,,,57194000.0,,1.0,365992000.0,0.763,,127365000.0,,,,,,,,,,,963000.0,-126196000.0,46000000.0,24905000.0,0.0,71015000.0,-216773000.0,0.0,146721000.0,0.0,16302000.0,16302000.0,16302000.0,3461000.0,0.0,0.034,206741000.0,159251000.0,,,,,,,0.0,,,,,,479883000.0,479883000.0,0.0,,,,0.303,0.0,133468000.0,1.0,,,,,,,1649000.0,,,
0,WINMQ,MRQ,2020-06-30,2020-06-30,2020-06-30,2021-08-25,16500000.0,9831700000.0,,1052800000.0,8778900000.0,,-54.516,-247700000.0,217800000.0,217800000.0,773500000.0,-162400000.0,0.637,-5.192,11400000000.0,900000000.0,10500000000.0,11400000000.0,0.0,219900000.0,0.0,0.0,0.0,-87900000.0,132000000.0,0.111,132000000.0,-87900000.0,-153900000.0,-3.8,-3.8,-3.8,-2345200000.0,,-2345200000.0,11080862248.0,-44.0,15.318,-227700000.0,-5.293,1.0,411800000.0,0.347,1075000000.0,66000000.0,18286700000.0,,73700000.0,0.0,0.0,0.0,12176900000.0,1652200000.0,10524700000.0,5162248.0,-244700000.0,0.0,0.0,-7100000.0,0.0,-7300000.0,-257400000.0,0.0,20000000.0,0.0,-162400000.0,-162400000.0,-162400000.0,0.0,0.0,-0.137,501400000.0,-89600000.0,327600000.0,0.0,-0.002,-0.009,-0.009,7622800000.0,0.0,0.12,0.001,0.001,527800000.0,-3615900000.0,1185300000.0,1185300000.0,0.0,,,,,400000.0,161500000.0,1.0,43018736.0,43018736.0,,27.553,8756700000.0,0.0,8500000.0,61200000.0,203.555,-599400000.0
1,WINMQ,MRQ,2020-03-31,2020-03-31,2020-03-31,2021-08-25,19900000.0,10088200000.0,,1284700000.0,8803500000.0,,-50.695,-232400000.0,462500000.0,462500000.0,771300000.0,-101600000.0,0.8,-5.628,11538200000.0,900000000.0,10638200000.0,11538200000.0,0.0,232600000.0,0.0,0.0,0.0,-20700000.0,211900000.0,0.176,211900000.0,-20700000.0,-93800000.0,-2.38,-2.38,-2.38,-2179800000.0,,-2179800000.0,10969149896.0,-16.0,31.349,-130700000.0,-3.04,1.0,429600000.0,0.358,1108300000.0,73100000.0,18449000000.0,,61700000.0,0.0,0.0,0.0,12268000000.0,1606600000.0,10661400000.0,2149896.0,262900000.0,0.0,0.0,395500000.0,0.0,395400000.0,-234200000.0,0.0,101700000.0,0.0,-101600000.0,-101600000.0,-101600000.0,0.0,0.0,-0.085,456000000.0,-26400000.0,262200000.0,0.0,-0.001,-0.002,-0.002,7612400000.0,0.0,0.05,0.0,0.0,521100000.0,-3453500000.0,1200900000.0,1200900000.0,0.0,,,,,600000.0,176500000.0,1.0,42997926.0,42997926.0,,27.929,8979900000.0,0.0,7800000.0,55200000.0,208.845,-321900000.0
2,WINMQ,MRQ,2019-12-31,2019-12-31,2019-12-31,2021-08-25,22600000.0,9888500000.0,,1036700000.0,8851800000.0,,-48.244,-249600000.0,199600000.0,199600000.0,823600000.0,-187900000.0,0.85,-5.767,11220100000.0,500000000.0,10720100000.0,11220100000.0,0.0,258500000.0,0.0,0.0,0.0,-77700000.0,180800000.0,0.146,180800000.0,-77700000.0,-155700000.0,-4.39,-4.39,-4.39,-2074400000.0,,-2074400000.0,10970869813.0,-3.0,-5.28,-180700000.0,-4.203,1.0,414600000.0,0.335,1130100000.0,78000000.0,18559700000.0,,64700000.0,0.0,0.0,0.0,11962900000.0,1219200000.0,10743700000.0,3869813.0,-193300000.0,0.0,0.0,-12300000.0,0.0,-12300000.0,-249900000.0,0.0,68900000.0,0.0,-187900000.0,-187900000.0,-187900000.0,0.0,0.0,-0.152,494500000.0,-79900000.0,279200000.0,0.0,-0.002,-0.001,-0.001,7638800000.0,0.0,0.09,0.001,0.001,574700000.0,-3350100000.0,1238200000.0,1238200000.0,0.0,,,,,1400000.0,183500000.0,1.0,42997926.0,42997926.0,,28.797,8758400000.0,0.0,32200000.0,65600000.0,203.694,-182500000.0
3,WINMQ,MRQ,2019-09-30,2019-09-30,2019-09-30,2021-08-25,26800000.0,10121400000.0,,1216200000.0,8905200000.0,,-43.8,-221500000.0,392900000.0,392900000.0,850000000.0,-115500000.0,0.99,-6.374,11254300000.0,500000000.0,10754300000.0,11254300000.0,0.0,262200000.0,0.0,0.0,0.0,-63500000.0,198700000.0,0.156,198700000.0,-63500000.0,-144700000.0,-2.71,-2.71,-2.71,-1883300000.0,,-1883300000.0,10976029564.0,-4.0,-6.546,-50500000.0,-1.174,1.0,420100000.0,0.331,1171900000.0,81200000.0,18582000000.0,,70700000.0,0.0,0.0,0.0,12004700000.0,1228900000.0,10775800000.0,9029564.0,-77600000.0,0.0,0.0,-10800000.0,0.0,-10800000.0,-237800000.0,0.0,171000000.0,0.0,-115500000.0,-115500000.0,-115500000.0,0.0,0.0,-0.091,483800000.0,-63700000.0,298500000.0,0.0,-0.005,-0.003,-0.003,7649200000.0,0.0,0.21,0.002,0.002,556200000.0,-3162200000.0,1270100000.0,1270100000.0,0.0,,,,,1000000.0,189000000.0,1.0,42997926.0,42997926.0,,29.539,8949500000.0,0.0,-29200000.0,64800000.0,208.138,-12700000.0
4,WINMQ,MRQ,2019-06-30,2019-06-30,2019-06-30,2021-08-25,29400000.0,10327300000.0,,1339200000.0,8988100000.0,,-41.081,-214600000.0,470500000.0,470500000.0,867300000.0,-544100000.0,1.167,-6.847,11419700000.0,500000000.0,10919700000.0,11419700000.0,0.0,276000000.0,0.0,0.0,0.0,-517500000.0,-241500000.0,-0.188,-241500000.0,-517500000.0,-598300000.0,-12.76,-12.76,-12.76,-1766400000.0,,-1766400000.0,10976889523.0,-4.0,-8.978,-138900000.0,-3.23,1.0,419200000.0,0.326,1214100000.0,80800000.0,18914400000.0,,76600000.0,0.0,0.0,0.0,12093700000.0,1148000000.0,10945700000.0,9889523.0,30800000.0,0.0,0.0,173900000.0,0.0,173800000.0,-218700000.0,0.0,75700000.0,0.0,-544100000.0,-544100000.0,-544100000.0,0.0,0.0,-0.423,927500000.0,-508300000.0,241500000.0,0.0,-0.006,-0.003,-0.003,7694500000.0,0.0,0.23,0.002,0.002,573500000.0,-3046700000.0,1286500000.0,1286500000.0,0.0,,,,,-1700000.0,185900000.0,1.0,42997926.0,42997926.0,,29.92,9113200000.0,0.0,-54200000.0,59100000.0,211.945,191200000.0
5,WINMQ,MRQ,2019-03-31,2019-03-31,2019-03-31,2021-08-25,32000000.0,10857200000.0,,1348500000.0,9508700000.0,,-27.742,-192800000.0,439700000.0,439700000.0,878000000.0,-2310300000.0,0.326,-10.102,11406700000.0,3514800000.0,7891900000.0,11406700000.0,0.0,271500000.0,163900000.0,0.0,0.0,-2487200000.0,-2215700000.0,-1.678,-2215700000.0,-2487200000.0,-2579100000.0,-54.26,-54.26,-54.26,-1192900000.0,,-1192900000.0,10023099971.0,-5.0,-19.649,25400000.0,0.591,1.0,442600000.0,0.335,1609200000.0,91900000.0,16078200000.0,,79800000.0,0.0,0.0,0.0,12050100000.0,4136800000.0,7913300000.0,12899971.0,78700000.0,0.0,0.0,58100000.0,0.0,57500000.0,-197000000.0,0.0,218200000.0,0.0,-2310300000.0,-2310300000.0,-2310300000.0,0.0,0.0,-1.749,2928800000.0,-2486200000.0,271900000.0,0.0,-0.011,-0.004,-0.004,7815200000.0,0.0,0.3,0.002,0.002,633400000.0,-2477300000.0,1320600000.0,1320600000.0,0.0,,,,,2000000.0,198300000.0,1.0,42999904.0,42999904.0,,30.712,9248000000.0,0.0,-268800000.0,64900000.0,215.07,-2788300000.0
6,WINMQ,MRQ,2018-12-31,2018-12-31,2018-12-31,2021-08-25,35600000.0,10257900000.0,,1256200000.0,9001700000.0,,-44.701,-217000000.0,361000000.0,361000000.0,709300000.0,-549200000.0,0.11,-6.345,10298400000.0,10298400000.0,0.0,10298400000.0,0.0,390400000.0,0.0,0.0,0.0,191300000.0,581700000.0,0.417,581700000.0,191300000.0,-32500000.0,-13.4,-13.4,-13.4,-1919300000.0,,-1919300000.0,10484136119.0,17.0,4.867,39900000.0,0.929,1.0,684500000.0,0.491,3986800000.0,223800000.0,4750800000.0,,82400000.0,0.0,0.0,0.0,12177200000.0,11457700000.0,719500000.0,89736119.0,323700000.0,320900000.0,0.0,-82600000.0,0.0,-36700000.0,103500000.0,0.0,256900000.0,0.0,-549200000.0,-549200000.0,-549200000.0,0.0,0.0,-0.394,620800000.0,63700000.0,503600000.0,0.0,-0.047,-0.124,-0.118,4920900000.0,0.0,2.09,0.016,0.016,653100000.0,-3205300000.0,1393800000.0,1393800000.0,0.0,,,,,-14200000.0,209900000.0,1.0,42935942.0,42935942.0,,32.462,6271100000.0,0.0,516700000.0,191700000.0,146.057,-10201500000.0
7,WINMQ,MRQ,2018-09-30,2018-09-30,2018-09-30,2021-08-25,44400000.0,10710100000.0,,957600000.0,9752500000.0,,-31.694,-196900000.0,37300000.0,37300000.0,719900000.0,41300000.0,0.697,-8.87,10431700000.0,223900000.0,10207800000.0,10431700000.0,0.0,383800000.0,195200000.0,0.0,0.0,269100000.0,652900000.0,0.46,652900000.0,269100000.0,39100000.0,0.97,0.97,0.97,-1360900000.0,,-1360900000.0,10791496764.0,-8.0,83.981,19600000.0,0.456,1.0,700700000.0,0.493,4177100000.0,230000000.0,15552700000.0,,87000000.0,0.0,0.0,0.0,12071000000.0,1374700000.0,10696300000.0,210396764.0,-8000000.0,-9300000.0,1100000.0,-20700000.0,0.0,-19500000.0,-205000000.0,0.0,216500000.0,0.0,41300000.0,41300000.0,41300000.0,0.0,0.0,0.029,625100000.0,75600000.0,483400000.0,0.0,-0.155,-0.105,-0.083,5049200000.0,0.0,4.9,0.036,0.036,649000000.0,-2652400000.0,1420600000.0,1420600000.0,0.0,,,,,7100000.0,225800000.0,1.0,42938115.0,42938115.0,,33.085,6533000000.0,418000000.0,-2200000.0,93500000.0,152.149,-417100000.0
8,WINMQ,MRQ,2018-06-30,2018-06-30,2018-06-30,2021-08-25,44000000.0,10839800000.0,,935200000.0,9904600000.0,,-34.376,-188700000.0,45300000.0,45300000.0,741000000.0,-93700000.0,0.697,-8.707,10626400000.0,218000000.0,10408400000.0,10626400000.0,0.0,370700000.0,199700000.0,0.0,0.0,100300000.0,471000000.0,0.326,471000000.0,100300000.0,-124100000.0,-2.3,-2.3,-2.3,-1406500000.0,,-1406500000.0,10889424964.0,-7.0,-98.191,111700000.0,2.73,1.0,703400000.0,0.487,4223300000.0,224400000.0,15856100000.0,,85000000.0,0.0,0.0,0.0,12246300000.0,1341500000.0,10904800000.0,215624964.0,-15200000.0,0.0,11100000.0,-128900000.0,0.0,-117700000.0,-197900000.0,0.0,300400000.0,0.0,-93700000.0,-93700000.0,-93700000.0,0.0,0.0,-0.065,615100000.0,88300000.0,495200000.0,0.0,-0.153,-0.1,-0.084,5156600000.0,0.0,5.27,0.037,0.037,623900000.0,-2693700000.0,1444400000.0,1444400000.0,0.0,,,,,8500000.0,224500000.0,1.0,40915553.0,40915553.0,,35.302,6616500000.0,416200000.0,-30400000.0,87500000.0,161.711,-406300000.0
9,WINMQ,MRQ,2018-03-31,2018-03-31,2018-03-31,2021-08-25,33900000.0,10981300000.0,,943500000.0,10037800000.0,,-36.469,-217600000.0,60500000.0,60500000.0,753700000.0,-121400000.0,0.733,-9.212,10734300000.0,212200000.0,10522100000.0,10734300000.0,0.0,381800000.0,199900000.0,0.106,0.0,66700000.0,448500000.0,0.308,448500000.0,66700000.0,-156400000.0,-3.25,-3.25,-3.25,-1337200000.0,,-1337200000.0,10890902694.0,-7.0,-96.551,21700000.0,0.592,1.0,700600000.0,0.482,4273900000.0,223100000.0,16093200000.0,,90300000.0,0.0,0.0,0.0,12318500000.0,1288000000.0,11030500000.0,258502694.0,17100000.0,-37600000.0,0.0,35100000.0,0.0,32600000.0,-254800000.0,0.0,239300000.0,0.0,-121400000.0,-121400000.0,-121400000.0,0.0,0.0,-0.083,631600000.0,69000000.0,444100000.0,0.0,-0.193,-0.122,-0.114,5263600000.0,0.0,7.05,0.044,0.044,594800000.0,-2600000000.0,1454300000.0,1454300000.0,0.0,,,,,9900000.0,228800000.0,1.0,36667049.0,36667049.0,,39.662,6707400000.0,389800000.0,-35000000.0,75700000.0,182.927,-344500000.0
10,WINMQ,MRQ,2017-12-31,2017-12-31,2017-12-31,2021-08-25,21400000.0,11084300000.0,,933700000.0,10150600000.0,,-35.508,-184400000.0,43400000.0,43400000.0,768400000.0,-1835700000.0,0.605,-9.534,10675800000.0,357900000.0,10317900000.0,10675800000.0,0.0,403700000.0,207300000.0,0.162,0.0,-1847600000.0,-1443900000.0,-0.964,-1443900000.0,-1847600000.0,-2080400000.0,-54.16,-54.16,-54.16,-1298900000.0,,-1298900000.0,11034373566.0,-7.0,-61.541,143600000.0,3.926,1.0,729500000.0,0.487,4296800000.0,232800000.0,15876500000.0,,93000000.0,0.0,0.0,0.0,12383200000.0,1543400000.0,10839800000.0,338373566.0,-13100000.0,0.0,0.0,-149600000.0,0.0,-149800000.0,-191300000.0,0.0,328000000.0,0.0,-1835700000.0,-1835700000.0,-1835700000.0,0.0,0.0,-1.226,2507900000.0,-1778400000.0,494000000.0,0.0,-0.261,-0.16,-0.148,5391800000.0,0.0,9.25,0.058,0.058,643000000.0,-2512200000.0,1497900000.0,1497900000.0,0.0,,,,,10200000.0,224100000.0,1.0,36580926.0,36580926.0,,40.948,6787500000.0,370800000.0,-244700000.0,89500000.0,185.548,-609700000.0
11,WINMQ,MRQ,2017-09-30,2017-09-30,2017-09-30,2021-08-25,11300000.0,12928600000.0,,1008800000.0,11919800000.0,,13.656,-216400000.0,56500000.0,56500000.0,802800000.0,-101500000.0,0.769,23.805,10752500000.0,202500000.0,10550000000.0,10752500000.0,0.0,365400000.0,214200000.0,0.254,0.0,48100000.0,413500000.0,0.276,413500000.0,48100000.0,-168300000.0,-2.76,-2.76,-2.76,521200000.0,,521200000.0,10810665827.0,41.0,6.516,55300000.0,1.449,1.0,694900000.0,0.464,6208200000.0,216400000.0,16105100000.0,,97400000.0,0.0,0.0,0.0,12407400000.0,1311300000.0,11096100000.0,337765827.0,31800000.0,-63300000.0,-19000000.0,85700000.0,-28800000.0,37400000.0,-277300000.0,0.0,271700000.0,0.0,-101500000.0,-101500000.0,-101500000.0,0.0,0.0,-0.068,653700000.0,41200000.0,387300000.0,0.0,0.648,-0.918,-0.65,5523500000.0,0.0,8.85,0.06,0.06,688800000.0,-676500000.0,1497700000.0,1497700000.0,0.0,,,,,12800000.0,231800000.0,1.0,38165630.0,38165630.0,,39.242,6720400000.0,98900000.0,-66800000.0,91800000.0,176.085,-302500000.0
12,WINMQ,MRQ,2017-06-30,2017-06-30,2017-06-30,2021-08-25,7200000.0,12706200000.0,,926900000.0,11779300000.0,,16.541,-264400000.0,24700000.0,24700000.0,780400000.0,-68100000.0,0.755,19.162,10497600000.0,197100000.0,10300500000.0,10497600000.0,0.0,362400000.0,209300000.0,0.155,0.75,106700000.0,469100000.0,0.314,469100000.0,106700000.0,-107700000.0,-1.83,-1.83,-1.83,630200000.0,,630200000.0,11126717900.0,34.0,6.645,-43200000.0,-1.134,1.0,711200000.0,0.477,6077900000.0,214400000.0,15873400000.0,,90400000.0,0.0,0.0,0.0,12076000000.0,1227800000.0,10848200000.0,739117900.0,-26800000.0,0.0,0.0,37200000.0,-11900000.0,25700000.0,-273700000.0,0.0,221200000.0,0.0,-68100000.0,-68100000.0,-68100000.0,0.0,0.0,-0.046,608700000.0,102500000.0,340400000.0,-0.41,1.173,-2.223,-1.342,5558200000.0,0.0,19.4,0.134,0.134,659700000.0,-575000000.0,1491600000.0,1491600000.0,0.0,,,,,15600000.0,226400000.0,1.0,38098861.0,38098861.0,,39.151,6628300000.0,53500000.0,-39600000.0,85300000.0,173.976,-300900000.0
13,WINMQ,MRQ,2017-03-31,2017-03-31,2017-03-31,2021-08-25,8800000.0,12904200000.0,,963100000.0,11941100000.0,,37.127,-243400000.0,51500000.0,51500000.0,704600000.0,-111300000.0,0.74,16.863,10439100000.0,192200000.0,10246900000.0,10439100000.0,0.0,338500000.0,215100000.0,0.11,0.75,43500000.0,382000000.0,0.28,382000000.0,43500000.0,-168300000.0,-4.45,-4.45,-4.45,722400000.0,,722400000.0,10335324576.0,24.0,6.005,-89700000.0,-4.61,1.0,661100000.0,0.484,6267900000.0,211800000.0,15722900000.0,,87000000.0,0.0,0.0,0.0,12181800000.0,1301000000.0,10880800000.0,530224576.0,-7600000.0,5000000.0,9600000.0,104700000.0,-23700000.0,79600000.0,-240900000.0,0.0,153700000.0,0.0,-111300000.0,-111300000.0,-111300000.0,0.0,0.0,-0.081,617000000.0,44100000.0,335800000.0,-0.169,0.734,-2.017,-2.166,5575600000.0,0.0,27.25,0.099,0.099,654800000.0,-506900000.0,1365700000.0,1365700000.0,0.0,,,,,16800000.0,213800000.0,1.0,19457783.0,19457783.0,,70.188,6636300000.0,0.0,-57000000.0,179100000.0,341.061,-337900000.0
14,WINMQ,MRQ,2016-12-31,2016-12-31,2016-12-31,2021-08-25,5900000.0,11770000000.0,,866900000.0,10903100000.0,,8.844,-236400000.0,59100000.0,59100000.0,657600000.0,-86900000.0,0.691,68.235,9864200000.0,183600000.0,9680600000.0,9864200000.0,0.0,329500000.0,178100000.0,0.082,0.75,65000000.0,394500000.0,0.301,394500000.0,65000000.0,-142100000.0,-4.58,-4.58,-4.58,170000000.0,,170000000.0,10549420406.0,31.0,6.591,149300000.0,7.767,1.0,651500000.0,0.498,5534100000.0,207100000.0,14786400000.0,,77500000.0,0.0,0.0,0.0,11600000000.0,1254600000.0,10345400000.0,704520406.0,-2300000.0,0.0,0.0,-137300000.0,-14500000.0,-151600000.0,-236400000.0,0.0,385700000.0,0.0,-86900000.0,-86900000.0,-86900000.0,0.0,0.0,-0.066,532200000.0,119300000.0,390200000.0,-0.164,4.144,-1.837,-1.785,5283500000.0,0.0,36.65,0.131,0.131,618600000.0,-395600000.0,1309100000.0,1309100000.0,0.0,,,,,9800000.0,191900000.0,1.0,19222931.0,19222931.0,,68.101,6235900000.0,0.0,-55200000.0,229500000.0,324.399,-387700000.0
15,WINMQ,MRQ,2016-09-30,2016-09-30,2016-09-30,2021-08-25,-10300000.0,11823600000.0,,921000000.0,10902600000.0,,13.001,-243000000.0,61400000.0,61400000.0,699000000.0,-66200000.0,0.802,46.238,9906300000.0,177900000.0,9728400000.0,9906300000.0,0.0,321000000.0,183900000.0,0.06,0.75,107800000.0,428800000.0,0.319,428800000.0,107800000.0,-108600000.0,-3.6,-3.6,-3.6,250300000.0,,250300000.0,10748160979.0,14.0,5.332,-45400000.0,-2.358,1.0,645900000.0,0.48,5578900000.0,216400000.0,14941200000.0,,80300000.0,0.0,0.0,0.0,11573300000.0,1148400000.0,10424900000.0,967460979.0,19800000.0,0.0,0.0,81700000.0,-14600000.0,67400000.0,-245200000.0,0.0,197600000.0,0.0,-66200000.0,-66200000.0,-66200000.0,0.0,0.0,-0.049,516500000.0,129400000.0,327800000.0,-0.208,3.865,-6.198,-5.492,5238800000.0,0.0,50.25,0.176,0.176,649700000.0,-308700000.0,1344900000.0,1344900000.0,0.0,,,,,9200000.0,190100000.0,1.0,19252955.0,19252955.0,,69.854,6244700000.0,0.0,-42400000.0,277300000.0,324.35,-227400000.0
16,WINMQ,MRQ,2016-06-30,2016-06-30,2016-06-30,2021-08-25,-7000000.0,11821600000.0,,871700000.0,10949900000.0,,17.091,-246500000.0,41600000.0,41600000.0,691400000.0,1500000.0,0.778,34.91,9822300000.0,172300000.0,9650000000.0,9822300000.0,0.0,308200000.0,193200000.0,0.065,0.75,207500000.0,515700000.0,0.379,515700000.0,207500000.0,-9900000.0,0.05,0.05,0.05,329200000.0,,329200000.0,11379594043.0,13.0,5.315,50800000.0,2.637,1.0,668200000.0,0.491,5625000000.0,217400000.0,14857300000.0,,70700000.0,0.0,0.0,0.0,11492400000.0,1120000000.0,10372400000.0,892794043.0,-33000000.0,0.0,0.0,-65300000.0,-14600000.0,-79500000.0,-250800000.0,0.0,297300000.0,0.0,1500000.0,1500000.0,1500000.0,0.0,0.0,0.001,513600000.0,154600000.0,342200000.0,15.0,2.712,-9.195,-7.79,5239300000.0,0.0,46.35,0.158,0.158,628500000.0,-242500000.0,1359600000.0,1359600000.0,0.0,,,,,8900000.0,196900000.0,1.0,19262007.0,19262007.0,,70.585,6196600000.0,0.0,-11400000.0,317700000.0,321.701,-248300000.0
17,WINMQ,MRQ,2016-03-31,2016-03-31,2016-03-31,2021-08-25,-5900000.0,12611200000.0,,940000000.0,11671200000.0,,18.448,-257600000.0,74600000.0,74600000.0,697700000.0,-231900000.0,0.818,36.344,10561400000.0,168500000.0,10392900000.0,10561400000.0,0.0,304800000.0,193900000.0,0.073,0.75,-43200000.0,261600000.0,0.19,261600000.0,-43200000.0,-262900000.0,-12.6,-12.6,-12.6,337700000.0,,337700000.0,10995230125.0,16.0,5.429,-130400000.0,-7.124,1.0,675700000.0,0.492,5670800000.0,219700000.0,16277600000.0,,79400000.0,653800000.0,0.0,653800000.0,12273500000.0,1149600000.0,11123900000.0,702930125.0,43300000.0,0.0,-28900000.0,225400000.0,-14900000.0,173700000.0,-257600000.0,0.0,127200000.0,0.0,-231900000.0,-231900000.0,-231900000.0,0.0,0.0,-0.169,518000000.0,157700000.0,323600000.0,-0.06,2.082,-3.35,-3.296,5255700000.0,0.0,38.4,0.123,0.123,636100000.0,-244000000.0,1373400000.0,1373400000.0,0.0,,,,,13700000.0,203800000.0,1.0,18305472.0,18305472.0,,75.027,6940400000.0,0.0,-31000000.0,326500000.0,379.143,-209600000.0
18,WINMQ,MRQ,2015-12-31,2015-12-31,2015-12-31,2021-08-25,-284400000.0,12518100000.0,,875300000.0,11642800000.0,,15.163,-310900000.0,31300000.0,31300000.0,726300000.0,140500000.0,0.691,39.855,10323600000.0,158600000.0,10165000000.0,10323600000.0,0.0,333500000.0,193900000.0,0.102,0.75,476200000.0,809700000.0,0.567,809700000.0,476200000.0,251800000.0,7.0,7.0,7.0,306400000.0,,306400000.0,11406777488.0,13.0,5.131,-40600000.0,-2.009,1.0,700700000.0,0.491,5718300000.0,224400000.0,15825000000.0,,79500000.0,549200000.0,0.0,549200000.0,12211700000.0,1267100000.0,10944600000.0,650677488.0,-65900000.0,574200000.0,-26200000.0,-587400000.0,-15100000.0,-586900000.0,250700000.0,0.0,270300000.0,0.0,140500000.0,140500000.0,140500000.0,0.0,0.0,0.098,569000000.0,131700000.0,430100000.0,0.107,2.124,23.747,26.833,5279800000.0,0.0,32.2,0.113,0.113,643900000.0,-12100000.0,1427000000.0,1427000000.0,0.0,,,,,12400000.0,210000000.0,1.0,20207375.0,20207375.0,,70.618,6799800000.0,0.0,111300000.0,371500000.0,336.501,-391800000.0
19,WINMQ,MRQ,2015-09-30,2015-09-30,2015-09-30,2021-08-25,-311700000.0,13004400000.0,,1123000000.0,11881400000.0,,8.378,-300100000.0,97200000.0,97200000.0,745400000.0,-7200000.0,0.865,73.609,10853300000.0,152300000.0,10701000000.0,10853300000.0,0.0,350500000.0,207400000.0,0.147,0.75,203500000.0,554000000.0,0.37,554000000.0,203500000.0,-26700000.0,-0.4,-0.4,-0.4,174300000.0,,174300000.0,11420768795.0,28.0,6.384,76200000.0,3.663,1.0,753200000.0,0.503,5926200000.0,230200000.0,16536600000.0,,81000000.0,526000000.0,0.0,526000000.0,12830100000.0,1297700000.0,11532400000.0,638668795.0,50200000.0,0.0,-20000000.0,21600000.0,-11500000.0,-10300000.0,-315800000.0,0.0,376300000.0,0.0,-7200000.0,-7200000.0,-7200000.0,0.0,0.0,-0.005,574700000.0,178500000.0,366700000.0,-1.875,3.664,-3.351,-3.133,5329700000.0,0.0,30.7,0.11,0.11,657300000.0,-152600000.0,1498600000.0,1498600000.0,0.0,,,,,14600000.0,215800000.0,1.0,20803544.0,20803544.0,,72.036,7078200000.0,128800000.0,-19500000.0,416000000.0,340.24,-174700000.0
20,WINMQ,MRQ,2015-06-30,2015-06-30,2015-06-30,2021-08-25,-95500000.0,13204400000.0,,1114200000.0,12090200000.0,,21.572,-255000000.0,49900000.0,49900000.0,723600000.0,-111200000.0,0.915,29.355,10832000000.0,148700000.0,10683300000.0,10832000000.0,0.0,341800000.0,211100000.0,0.179,0.55,58200000.0,400000000.0,0.281,400000000.0,58200000.0,-159300000.0,-5.65,-5.65,-5.65,435000000.0,,435000000.0,9382763557.0,27.0,5.408,-118800000.0,-5.891,1.0,697500000.0,0.491,5980900000.0,217500000.0,16788500000.0,,73100000.0,726400000.0,0.0,726400000.0,12769400000.0,1217100000.0,11552300000.0,643263557.0,-27000000.0,0.0,0.0,-741900000.0,-191100000.0,101000000.0,-264200000.0,0.0,136200000.0,0.0,-111200000.0,-111200000.0,-111200000.0,0.0,0.0,-0.078,618200000.0,79300000.0,369600000.0,-0.097,1.479,-3.667,-3.525,5291700000.0,0.0,31.9,0.112,0.112,665700000.0,-145400000.0,1421100000.0,1421100000.0,0.0,,,,,13500000.0,215700000.0,1.0,20165002.0,20165002.0,,70.474,7223500000.0,166300000.0,-48100000.0,475600000.0,358.22,-102900000.0
21,WINMQ,MRQ,2015-03-31,2015-03-31,2015-03-31,2021-08-25,8000000.0,12619100000.0,,1065900000.0,11553200000.0,,4.729,-189300000.0,81100000.0,81100000.0,711900000.0,5300000.0,0.786,131.833,8820600000.0,92500000.0,8728100000.0,8820600000.0,0.0,340700000.0,214500000.0,0.123,1.25,118700000.0,459400000.0,0.324,459400000.0,118700000.0,-22400000.0,0.25,0.25,0.25,95000000.0,,95000000.0,9781561012.0,21.0,5.301,54500000.0,2.713,1.0,706700000.0,0.498,6063300000.0,141100000.0,13939000000.0,,63000000.0,0.0,0.0,0.0,12524100000.0,1356300000.0,11167800000.0,1164361012.0,46200000.0,0.0,0.0,153400000.0,-151500000.0,-4900000.0,-192700000.0,0.0,243800000.0,0.0,5300000.0,5300000.0,5300000.0,0.0,0.0,0.004,586800000.0,119900000.0,332000000.0,5.0,12.256,-23.194,-21.077,5315000000.0,0.0,57.963,0.201,0.201,658500000.0,0.0,1418600000.0,1418600000.0,0.0,,,,,14800000.0,225000000.0,1.0,20088005.0,20088005.0,,70.619,6555800000.0,91700000.0,-27700000.0,1913100000.0,326.354,-290400000.0
22,WINMQ,MRQ,2014-12-31,2014-12-31,2014-12-31,2021-08-25,12100000.0,12520300000.0,,898300000.0,11622000000.0,,11.188,-233800000.0,34500000.0,34500000.0,801200000.0,-77500000.0,0.44,54.695,8645000000.0,717500000.0,7927500000.0,8645000000.0,0.0,355000000.0,214700000.0,0.121,1.958,20500000.0,375500000.0,0.26,375500000.0,20500000.0,-123500000.0,-4.0,-4.0,-4.0,224800000.0,,224800000.0,9846505173.0,19.0,5.2,120900000.0,6.017,1.0,641900000.0,0.445,6116800000.0,144000000.0,12971000000.0,,63700000.0,0.0,0.0,0.0,12295500000.0,2043000000.0,10252500000.0,1296805173.0,-75900000.0,-22600000.0,0.0,-23400000.0,-150600000.0,-174000000.0,-256600000.0,0.0,354700000.0,0.0,-77500000.0,-77500000.0,-77500000.0,0.0,0.0,-0.054,621400000.0,20500000.0,403300000.0,-0.489,5.769,-32.831,-28.686,5412300000.0,0.0,64.543,0.222,0.222,635500000.0,-39500000.0,1443100000.0,1443100000.0,0.0,,,,,3500000.0,235900000.0,1.0,20092112.0,20092112.0,,71.824,6403500000.0,0.0,-46000000.0,1868400000.0,318.707,-1144700000.0
23,WINMQ,MRQ,2014-09-30,2014-09-30,2014-09-30,2021-08-25,21100000.0,12831600000.0,,1028100000.0,11803500000.0,,22.843,-193900000.0,111400000.0,111400000.0,723400000.0,8000000.0,0.732,26.962,8661100000.0,92500000.0,8568600000.0,8661100000.0,0.0,348500000.0,216700000.0,0.093,1.958,151500000.0,500000000.0,0.344,500000000.0,151500000.0,8100000.0,0.35,0.35,0.35,458900000.0,,458900000.0,10319205945.0,13.0,4.726,237100000.0,11.802,1.0,732100000.0,0.503,6157100000.0,143400000.0,13820300000.0,,68100000.0,0.0,0.0,0.0,12372700000.0,1403900000.0,10968800000.0,1696305945.0,48900000.0,0.0,0.0,-38200000.0,-150700000.0,-189200000.0,-192900000.0,0.0,431000000.0,0.0,8000000.0,8000000.0,8000000.0,0.0,0.0,0.005,580500000.0,151600000.0,509200000.0,5.594,3.696,10.846,10.826,5456300000.0,0.0,84.439,0.289,0.289,617300000.0,0.0,1455500000.0,1455500000.0,0.0,,,,,10600000.0,218400000.0,1.0,20089129.0,20089129.0,,72.452,6674500000.0,90500000.0,100000.0,1970100000.0,332.244,-375800000.0
24,WINMQ,MRQ,2014-06-30,2014-06-30,2014-06-30,2021-08-25,15500000.0,12985700000.0,,1031000000.0,11954700000.0,,29.38,-205800000.0,62700000.0,62700000.0,706300000.0,14000000.0,0.734,21.002,8685600000.0,92500000.0,8593100000.0,8685600000.0,0.0,344000000.0,220900000.0,0.1,1.958,166500000.0,510500000.0,0.348,510500000.0,166500000.0,24000000.0,0.65,0.65,0.65,590200000.0,,590200000.0,10192937711.0,12.0,4.589,156000000.0,7.766,1.0,759700000.0,0.518,6220800000.0,142500000.0,13982500000.0,,64500000.0,0.0,0.0,0.0,12395500000.0,1405300000.0,10990200000.0,1567237711.0,-15200000.0,0.0,0.0,-31200000.0,-150700000.0,-181000000.0,-196000000.0,0.0,361800000.0,0.0,14000000.0,14000000.0,14000000.0,0.0,0.0,0.01,592500000.0,167200000.0,513700000.0,3.012,2.655,8.756,8.717,5540700000.0,0.0,78.016,0.265,0.265,630900000.0,0.0,1466000000.0,1466000000.0,0.0,,,,,14000000.0,236600000.0,1.0,20088670.0,20088670.0,,72.976,6764900000.0,116100000.0,10000000.0,1992900000.0,336.752,-374300000.0
25,WINMQ,MRQ,2014-03-31,2014-03-31,2014-03-31,2021-08-25,19300000.0,13239800000.0,,1143400000.0,12096400000.0,,36.407,-153000000.0,80600000.0,80600000.0,699000000.0,16000000.0,0.801,17.305,8706300000.0,88700000.0,8617600000.0,8706300000.0,0.0,338900000.0,222000000.0,0.121,1.958,168700000.0,507600000.0,0.347,507600000.0,168700000.0,26800000.0,0.75,0.75,0.75,723300000.0,,723300000.0,9931562180.0,11.0,4.377,166800000.0,8.396,1.0,765900000.0,0.523,6285900000.0,141900000.0,14152600000.0,,70400000.0,0.0,0.0,0.0,12516500000.0,1427000000.0,11089500000.0,1282262180.0,21800000.0,0.0,0.0,-14400000.0,-150200000.0,-174400000.0,-123600000.0,0.0,319800000.0,0.0,16000000.0,16000000.0,16000000.0,0.0,0.0,0.011,598100000.0,167800000.0,506900000.0,2.611,1.773,6.264,6.39,5610100000.0,0.0,64.543,0.215,0.215,632700000.0,0.0,1464900000.0,1464900000.0,0.0,,,,,13700000.0,238900000.0,1.0,19866789.0,19866789.0,,73.736,6953900000.0,191600000.0,10800000.0,2057300000.0,350.026,-283600000.0
26,WINMQ,MRQ,2013-12-31,2013-12-31,2013-12-31,2021-08-25,28500000.0,13444600000.0,,1184800000.0,12259800000.0,,42.302,-175000000.0,57900000.0,57900000.0,654300000.0,118400000.0,0.82,14.996,8707200000.0,85000000.0,8622200000.0,8707200000.0,0.0,341200000.0,223500000.0,0.125,1.958,324300000.0,665500000.0,0.446,665500000.0,324300000.0,176300000.0,6.05,6.05,6.05,840500000.0,,840500000.0,10001858434.0,10.0,4.32,183700000.0,9.246,1.0,837100000.0,0.561,6351500000.0,148000000.0,14297100000.0,,67700000.0,0.0,0.0,0.0,12604100000.0,1445300000.0,11158800000.0,1241958434.0,-25200000.0,30000000.0,0.0,-156100000.0,-149000000.0,-304600000.0,-79300000.0,0.0,358700000.0,0.0,118400000.0,118400000.0,118400000.0,-5300000.0,0.0,0.079,510600000.0,326500000.0,536600000.0,0.324,1.478,5.153,5.187,5702600000.0,0.0,62.507,0.207,0.207,635300000.0,0.0,1491400000.0,1491400000.0,0.0,,,,,10900000.0,156700000.0,1.0,19869110.0,19869110.0,,75.061,7093100000.0,241500000.0,57900000.0,2142600000.0,356.991,-260500000.0
27,WINMQ,MRQ,2013-09-30,2013-09-30,2013-09-30,2021-08-25,19000000.0,13486700000.0,,1084600000.0,12402100000.0,,43.258,-193800000.0,86900000.0,86900000.0,691000000.0,30600000.0,0.755,14.778,8846800000.0,86000000.0,8760800000.0,8846800000.0,0.0,338400000.0,223600000.0,0.125,1.958,199300000.0,537700000.0,0.359,537700000.0,199300000.0,50500000.0,1.5,1.5,1.5,854800000.0,,854800000.0,10088005232.0,12.0,4.673,254300000.0,12.869,1.0,807500000.0,0.539,6431400000.0,148800000.0,14379500000.0,,68500000.0,0.0,0.0,0.0,12631900000.0,1435700000.0,11196200000.0,1236705232.0,-4900000.0,0.0,0.0,-120200000.0,-148300000.0,-269900000.0,-183100000.0,0.0,448100000.0,0.0,30600000.0,30600000.0,30600000.0,0.0,0.0,0.02,587900000.0,219600000.0,540200000.0,1.305,1.447,9.341,9.934,5781000000.0,0.0,62.585,0.205,0.205,634800000.0,0.0,1498500000.0,1498500000.0,0.0,,,,,11200000.0,243100000.0,1.0,19760410.0,19760410.0,,75.833,7055300000.0,115200000.0,19900000.0,1914700000.0,357.042,-351100000.0
28,WINMQ,MRQ,2013-06-30,2013-06-30,2013-06-30,2021-08-25,24500000.0,13638900000.0,,1113800000.0,12525100000.0,,47.883,-228700000.0,93400000.0,93400000.0,696000000.0,39700000.0,0.836,13.416,8944700000.0,76800000.0,8867900000.0,8944700000.0,0.0,332400000.0,226000000.0,0.13,1.958,225700000.0,558100000.0,0.372,558100000.0,225700000.0,63700000.0,1.8,1.8,1.8,946100000.0,,946100000.0,10116669024.0,12.0,4.643,179300000.0,9.074,1.0,805700000.0,0.537,6503900000.0,162000000.0,14653900000.0,,69900000.0,0.0,0.0,0.0,12692800000.0,1332400000.0,11360400000.0,1193269024.0,23900000.0,0.0,0.0,-25500000.0,-148200000.0,-173400000.0,-210700000.0,0.0,408000000.0,0.0,39700000.0,39700000.0,39700000.0,-400000.0,0.0,0.026,578700000.0,227000000.0,329900000.0,1.088,1.261,8.03,8.388,5835400000.0,0.0,60.392,0.197,0.197,613500000.0,0.0,1501700000.0,1501700000.0,0.0,,,,,10400000.0,237000000.0,1.0,19758727.0,19758727.0,,76.002,7135000000.0,148000000.0,24000000.0,1930300000.0,361.106,-218600000.0
29,WINMQ,MRQ,2013-03-31,2013-03-31,2013-03-31,2021-08-25,700000.0,13723500000.0,,1114600000.0,12608900000.0,,52.02,-243500000.0,73300000.0,73300000.0,683800000.0,52300000.0,0.53,12.403,8996700000.0,888000000.0,8108700000.0,8996700000.0,0.0,329500000.0,223200000.0,0.126,1.958,224700000.0,554200000.0,0.37,554200000.0,224700000.0,55800000.0,2.7,2.7,2.7,1023900000.0,,1023900000.0,10060598986.0,12.0,4.622,61100000.0,3.104,1.0,812700000.0,0.543,6577800000.0,168900000.0,13964200000.0,,71400000.0,0.0,0.0,0.0,12699600000.0,2104900000.0,10594700000.0,1222598986.0,-77600000.0,0.0,0.0,6500000.0,-148100000.0,-147700000.0,-234500000.0,0.0,304600000.0,0.0,52300000.0,52300000.0,52300000.0,-300000.0,0.0,0.035,576800000.0,235900000.0,301500000.0,0.725,1.194,7.646,7.669,5858200000.0,0.0,62.115,0.201,0.201,594100000.0,0.0,1496500000.0,1496500000.0,0.0,,,,,12400000.0,237500000.0,1.0,19682830.0,19682830.0,,76.031,7145700000.0,171600000.0,3500000.0,1911400000.0,363.042,-990300000.0
30,WINMQ,MRQ,2012-12-31,2012-12-31,2012-12-31,2021-08-25,6400000.0,13982000000.0,,1310500000.0,12671500000.0,,56.355,-291800000.0,158500000.0,158500000.0,752200000.0,9800000.0,0.605,11.656,8965800000.0,866000000.0,8099800000.0,8965800000.0,0.0,339100000.0,219600000.0,0.121,1.958,169700000.0,508800000.0,0.334,508800000.0,169700000.0,10000000.0,0.3,0.3,0.3,1104800000.0,,1104800000.0,10147553438.0,11.0,4.636,242200000.0,12.354,1.0,769200000.0,0.506,6642700000.0,159700000.0,13978700000.0,,75000000.0,0.0,0.0,0.0,12877200000.0,2167900000.0,10709300000.0,1271453438.0,17200000.0,6100000.0,0.0,-75700000.0,-147500000.0,-221000000.0,-295800000.0,0.0,534000000.0,0.0,9800000.0,9800000.0,9800000.0,-1600000.0,0.0,0.006,601100000.0,168100000.0,363700000.0,6.527,1.151,7.568,7.721,5861800000.0,0.0,64.856,0.207,0.207,609000000.0,0.0,1521400000.0,1521400000.0,0.0,,,,,23900000.0,247800000.0,1.0,19604253.0,19604253.0,,77.606,7339300000.0,272700000.0,200000.0,2001100000.0,374.373,-857400000.0
31,WINMQ,MRQ,2012-09-30,2012-09-30,2012-09-30,2021-08-25,-600000.0,14028400000.0,,1213500000.0,12814900000.0,,63.501,-307300000.0,154700000.0,154700000.0,728200000.0,46800000.0,0.497,10.271,9030800000.0,1182500000.0,7848300000.0,9030800000.0,0.0,326400000.0,224800000.0,0.099,1.958,231300000.0,557700000.0,0.361,557700000.0,231300000.0,75900000.0,2.4,2.4,2.4,1244600000.0,,1244600000.0,10343853182.0,13.0,5.152,99500000.0,5.077,1.0,817200000.0,0.529,6805600000.0,155400000.0,13656500000.0,,74400000.0,0.0,0.0,0.0,12783800000.0,2442400000.0,10341400000.0,1549053182.0,77300000.0,0.0,0.0,158700000.0,-147000000.0,13100000.0,-342600000.0,0.0,406800000.0,0.0,46800000.0,46800000.0,46800000.0,0.0,0.0,0.03,580600000.0,236600000.0,320000000.0,0.816,1.245,12.543,13.866,5824900000.0,0.0,79.034,0.266,0.266,632900000.0,0.0,1545400000.0,1545400000.0,0.0,,,,,5600000.0,229400000.0,1.0,19599833.0,19599833.0,,78.848,7222800000.0,150600000.0,29100000.0,1950100000.0,368.513,-1228900000.0
32,WINMQ,MRQ,2012-06-30,2012-06-30,2012-06-30,2021-08-25,5400000.0,13927200000.0,,1111900000.0,12815300000.0,,68.193,-276000000.0,65300000.0,65300000.0,713300000.0,51000000.0,0.854,9.414,8860100000.0,65800000.0,8794300000.0,8860100000.0,0.0,320000000.0,225700000.0,0.104,1.958,236100000.0,556100000.0,0.362,556100000.0,236100000.0,82600000.0,2.7,2.7,2.7,1337400000.0,,1337400000.0,10248264873.0,12.0,5.368,122000000.0,6.221,1.0,821100000.0,0.535,6888700000.0,153500000.0,14531600000.0,,70700000.0,0.0,0.0,0.0,12589800000.0,1301700000.0,11288100000.0,1483964873.0,-26700000.0,0.0,0.0,10400000.0,-147000000.0,-137100000.0,-287600000.0,0.0,398000000.0,0.0,51000000.0,51000000.0,51000000.0,500000.0,0.0,0.033,587700000.0,233400000.0,306200000.0,0.725,1.11,9.586,9.701,5759500000.0,0.0,75.666,0.28,0.28,595700000.0,0.0,1534400000.0,1534400000.0,0.0,,,,,6300000.0,238000000.0,1.0,19612043.0,19612043.0,,78.238,7038500000.0,189800000.0,31600000.0,1968900000.0,358.887,-189800000.0
33,WINMQ,MRQ,2012-03-31,2012-03-31,2012-03-31,2021-08-25,6600000.0,13966400000.0,,1132800000.0,12833600000.0,,72.949,-226100000.0,89800000.0,89800000.0,705100000.0,60400000.0,0.885,8.793,8854100000.0,66100000.0,8788000000.0,8854100000.0,0.0,312100000.0,217200000.0,0.085,1.958,254200000.0,566300000.0,0.368,566300000.0,254200000.0,97700000.0,3.0,3.0,3.0,1426100000.0,,1426100000.0,10694805846.0,12.0,5.804,212700000.0,10.88,1.0,833200000.0,0.542,6947200000.0,156500000.0,14503400000.0,,68200000.0,0.0,0.0,0.0,12540300000.0,1280100000.0,11260200000.0,1793105846.0,-162800000.0,0.0,0.0,-277000000.0,-146500000.0,-425900000.0,-175700000.0,0.0,438800000.0,0.0,60400000.0,60400000.0,60400000.0,100000.0,0.0,0.039,587400000.0,245800000.0,330300000.0,0.653,1.257,8.943,8.493,5718200000.0,0.0,91.723,0.374,0.374,603900000.0,0.0,1538300000.0,1538300000.0,0.0,,,,,7400000.0,252100000.0,1.0,19549141.0,19549141.0,,78.689,7019200000.0,200100000.0,37300000.0,1944900000.0,359.054,-147300000.0
34,WINMQ,MRQ,2011-12-31,2011-12-31,2011-12-31,2021-08-25,1900000.0,14392100000.0,,1518400000.0,12873700000.0,,86.967,-195500000.0,248700000.0,248700000.0,626100000.0,-34700000.0,1.038,8.625,9150400000.0,213700000.0,8936700000.0,9150400000.0,0.0,241700000.0,243900000.0,0.085,1.958,86100000.0,327800000.0,0.272,327800000.0,86100000.0,-55100000.0,-2.4,-2.4,-2.4,1495300000.0,,1495300000.0,8879011933.0,11.0,5.302,116900000.0,6.799,1.0,577600000.0,0.48,6987000000.0,141200000.0,14843800000.0,,76500000.0,0.0,0.0,0.0,12896800000.0,1463000000.0,11433800000.0,1581111933.0,192700000.0,71400000.0,0.0,135600000.0,-128900000.0,9300000.0,-129000000.0,0.0,312400000.0,0.0,-34700000.0,-34700000.0,-34700000.0,-500000.0,0.0,-0.029,482300000.0,95300000.0,296000000.0,-0.816,1.057,9.328,9.579,5709200000.0,0.0,91.958,0.369,0.369,657400000.0,0.0,1203700000.0,1203700000.0,0.0,,,,,6700000.0,204100000.0,1.0,17193849.0,17193849.0,,70.008,7405100000.0,371500000.0,-20400000.0,1967700000.0,430.683,55400000.0
35,WINMQ,MRQ,2011-09-30,2011-09-30,2011-09-30,2021-08-25,-178100000.0,11419100000.0,,823400000.0,10595700000.0,,48.392,-177000000.0,43500000.0,43500000.0,390800000.0,78100000.0,0.94,12.882,7341400000.0,44800000.0,7296600000.0,7341400000.0,0.0,203800000.0,142400000.0,0.086,1.958,255300000.0,459100000.0,0.449,459100000.0,255300000.0,121100000.0,4.5,4.5,4.5,822600000.0,,822600000.0,8858992375.0,9.0,4.92,152700000.0,8.983,1.0,632400000.0,0.618,5592500000.0,134200000.0,12248900000.0,,60800000.0,0.0,0.0,0.0,10596500000.0,875600000.0,9720900000.0,1551192375.0,-17800000.0,0.0,0.0,-32000000.0,-127400000.0,-163300000.0,-184200000.0,0.0,329700000.0,0.0,78100000.0,78100000.0,78100000.0,0.0,0.0,0.076,355100000.0,277300000.0,171700000.0,0.435,1.886,5.568,5.53,4825600000.0,0.0,91.253,0.382,0.382,386200000.0,18600000.0,1023200000.0,1023200000.0,0.0,,,,,6000000.0,130900000.0,1.0,16998810.0,16998810.0,,60.192,5826600000.0,219200000.0,43000000.0,2094400000.0,342.765,-52200000.0
36,WINMQ,MRQ,2011-06-30,2011-06-30,2011-06-30,2021-08-25,-176200000.0,11329200000.0,,713200000.0,10616000000.0,,47.085,-171000000.0,59400000.0,59400000.0,397200000.0,96700000.0,0.75,13.154,7367200000.0,142700000.0,7224500000.0,7367200000.0,0.0,196800000.0,146200000.0,0.077,1.958,292700000.0,489500000.0,0.475,489500000.0,292700000.0,156300000.0,5.7,5.7,5.7,800400000.0,,800400000.0,9105841721.0,9.0,5.091,203400000.0,11.965,1.0,632500000.0,0.614,5646700000.0,136400000.0,12039400000.0,,56400000.0,0.0,0.0,0.0,10528800000.0,950900000.0,9577900000.0,1725641721.0,16300000.0,0.0,0.0,-57900000.0,-127400000.0,-185000000.0,-173100000.0,0.0,374400000.0,0.0,96700000.0,96700000.0,96700000.0,0.0,0.0,0.094,334100000.0,298400000.0,172000000.0,0.344,2.156,6.04,5.834,4804200000.0,0.0,101.514,0.432,0.432,371700000.0,75900000.0,1029700000.0,1029700000.0,0.0,,,,,6100000.0,132100000.0,1.0,16999052.0,16999052.0,,60.574,5682500000.0,110200000.0,59600000.0,1949800000.0,334.283,-237700000.0
37,WINMQ,MRQ,2011-03-31,2011-03-31,2011-03-31,2021-08-25,-199700000.0,11342800000.0,,701200000.0,10641600000.0,,47.876,-158500000.0,42800000.0,42800000.0,381100000.0,29400000.0,0.759,13.094,7423000000.0,137700000.0,7285300000.0,7423000000.0,0.0,205200000.0,150300000.0,0.078,1.958,193100000.0,398300000.0,0.389,398300000.0,193100000.0,46600000.0,1.8,1.8,1.8,804800000.0,,804800000.0,8979429882.0,9.0,5.22,53800000.0,3.2,1.0,641900000.0,0.627,5696700000.0,146500000.0,12102900000.0,,45400000.0,0.0,0.0,0.0,10538000000.0,923400000.0,9614600000.0,1695929882.0,-6500000.0,0.0,0.0,64600000.0,-125900000.0,-52900000.0,-165900000.0,0.0,212300000.0,0.0,29400000.0,29400000.0,29400000.0,0.0,0.0,0.029,350000000.0,291900000.0,170500000.0,1.088,2.107,6.328,6.005,4782800000.0,0.0,100.888,0.436,0.436,370500000.0,110200000.0,1023000000.0,1023000000.0,0.0,,,,,5300000.0,135800000.0,1.0,16810026.0,16810026.0,,60.857,5646100000.0,124100000.0,17200000.0,1895200000.0,335.877,-222200000.0
38,WINMQ,MRQ,2010-12-31,2010-12-31,2010-12-31,2021-08-25,-24100000.0,11303900000.0,,687700000.0,10616200000.0,,51.54,-139300000.0,42300000.0,42300000.0,372100000.0,74400000.0,0.695,12.603,7325800000.0,139200000.0,7186600000.0,7325800000.0,0.0,190700000.0,150200000.0,0.072,1.958,263000000.0,453700000.0,0.463,453700000.0,263000000.0,120200000.0,4.5,4.5,4.5,831000000.0,,831000000.0,8291618383.0,8.0,4.81,240500000.0,14.916,1.0,607600000.0,0.62,5709700000.0,142800000.0,11887700000.0,,52500000.0,0.0,0.0,0.0,10472900000.0,990000000.0,9482900000.0,1760518383.0,-112900000.0,-591900000.0,0.0,359000000.0,-120800000.0,239700000.0,-732400000.0,0.0,379800000.0,0.0,74400000.0,74400000.0,74400000.0,0.0,0.0,0.076,345300000.0,262300000.0,151300000.0,0.435,2.119,5.63,5.515,4764200000.0,0.0,109.191,0.474,0.474,373900000.0,0.0,979700000.0,979700000.0,0.0,,,,,4800000.0,121800000.0,1.0,16123292.0,16123292.0,,60.763,5594200000.0,107700000.0,45800000.0,1777500000.0,346.964,-302300000.0
39,WINMQ,MRQ,2010-09-30,2010-09-30,2010-09-30,2021-08-25,-208600000.0,10132200000.0,,706800000.0,9425400000.0,,38.21,-113300000.0,155200000.0,155200000.0,373400000.0,85200000.0,0.817,15.464,6686300000.0,130500000.0,6555800000.0,6686300000.0,0.0,179900000.0,121100000.0,0.081,1.958,267200000.0,447100000.0,0.463,447100000.0,267200000.0,134900000.0,5.4,5.4,5.4,615400000.0,,615400000.0,8089018948.0,7.0,4.63,139600000.0,8.668,1.0,592400000.0,0.613,4870000000.0,132300000.0,10928700000.0,,33600000.0,0.0,0.0,0.0,9516800000.0,864600000.0,8652200000.0,1550418948.0,101700000.0,0.0,0.0,82300000.0,-120600000.0,-37600000.0,-113600000.0,0.0,252900000.0,0.0,85200000.0,85200000.0,85200000.0,0.0,0.0,0.088,322200000.0,270200000.0,137200000.0,0.363,2.519,4.104,3.82,4438700000.0,0.0,96.266,0.445,0.445,348500000.0,267800000.0,965800000.0,965800000.0,0.0,,,,,4700000.0,130600000.0,1.0,16105572.0,16105572.0,,59.967,5262200000.0,21300000.0,49700000.0,1635200000.0,326.732,-157800000.0
40,WINMQ,MRQ,2010-06-30,2010-06-30,2010-06-30,2021-08-25,-212700000.0,10087200000.0,,578100000.0,9509100000.0,,42.167,-98900000.0,53500000.0,53500000.0,349800000.0,79000000.0,0.735,14.717,6592100000.0,28100000.0,6564000000.0,6592100000.0,0.0,167700000.0,122100000.0,0.095,1.958,253300000.0,421000000.0,0.459,421000000.0,253300000.0,129700000.0,5.1,5.1,5.1,641800000.0,,641800000.0,6973861795.0,7.0,4.209,186200000.0,12.234,1.0,567500000.0,0.619,4932600000.0,123600000.0,10906600000.0,,35100000.0,0.0,0.0,0.0,9445400000.0,786600000.0,8658800000.0,1258961795.0,-526600000.0,-253600000.0,0.0,-332600000.0,-114000000.0,-461700000.0,-350000000.0,0.0,285100000.0,0.0,79000000.0,79000000.0,79000000.0,0.0,0.0,0.086,313300000.0,254200000.0,182300000.0,0.384,1.962,3.379,3.282,4468400000.0,0.0,82.715,0.387,0.387,343000000.0,303500000.0,917300000.0,917300000.0,0.0,,,,,4000000.0,128300000.0,1.0,15220477.0,15220477.0,,60.267,5154600000.0,29500000.0,50700000.0,1622600000.0,338.662,-208500000.0
41,WINMQ,MRQ,2010-03-31,2010-03-31,2010-03-31,2021-08-25,-210600000.0,9327400000.0,,1016400000.0,8311000000.0,,26.454,-60500000.0,580100000.0,580100000.0,311500000.0,74100000.0,1.409,22.151,6295000000.0,28300000.0,6266700000.0,6295000000.0,0.0,155400000.0,110500000.0,0.092,1.958,246500000.0,401900000.0,0.474,401900000.0,246500000.0,123500000.0,5.1,5.1,5.1,402900000.0,,402900000.0,6531445037.0,6.0,4.046,113000000.0,7.419,1.0,536400000.0,0.633,4048400000.0,123000000.0,10272500000.0,,31900000.0,0.0,0.0,0.0,8924500000.0,721400000.0,8203100000.0,1299145037.0,-482800000.0,-198400000.0,0.0,-284500000.0,-109200000.0,-398000000.0,-258300000.0,0.0,173500000.0,0.0,74100000.0,74100000.0,74100000.0,0.0,0.0,0.087,289600000.0,246800000.0,178700000.0,0.384,3.224,3.38,3.231,4167200000.0,0.0,85.3,0.421,0.421,321000000.0,345400000.0,847900000.0,847900000.0,0.0,,,,,3500000.0,111000000.0,1.0,15230305.0,15230305.0,,55.672,5279000000.0,27300000.0,49400000.0,1500100000.0,346.612,295000000.0
42,WINMQ,MRQ,2009-12-31,2009-12-31,2009-12-31,2021-08-25,-208300000.0,9145400000.0,,1456000000.0,7689400000.0,,18.299,-80100000.0,1062900000.0,1062900000.0,192100000.0,139500000.0,2.053,34.08,6295200000.0,23800000.0,6271400000.0,6295200000.0,0.0,139200000.0,95200000.0,0.091,1.958,337900000.0,477100000.0,0.633,477100000.0,337900000.0,222700000.0,9.6,9.6,9.6,260700000.0,,260700000.0,6159483056.0,6.0,3.855,288100000.0,20.223,1.0,562000000.0,0.745,3597700000.0,115200000.0,10070700000.0,,26100000.0,0.0,0.0,0.0,8884700000.0,709300000.0,8175400000.0,1226383056.0,772900000.0,-195300000.0,-77800000.0,853900000.0,-108800000.0,679800000.0,-275100000.0,0.0,368200000.0,0.0,139500000.0,139500000.0,139500000.0,0.0,0.0,0.185,223800000.0,338200000.0,120700000.0,0.204,4.704,3.077,3.153,3992600000.0,0.0,86.084,0.409,0.409,291700000.0,385400000.0,754100000.0,754100000.0,0.0,,,,,3100000.0,62900000.0,1.0,14246353.0,14246353.0,,52.933,5547700000.0,38000000.0,83200000.0,1432600000.0,389.412,746700000.0
43,WINMQ,MRQ,2009-09-30,2009-09-30,2009-09-30,2021-08-25,-292800000.0,7768100000.0,,678600000.0,7089500000.0,,13.038,-67300000.0,290000000.0,290000000.0,280500000.0,80000000.0,1.186,39.928,5223100000.0,24100000.0,5199000000.0,5223100000.0,0.0,133800000.0,92000000.0,0.099,1.958,223200000.0,357000000.0,0.486,357000000.0,223200000.0,125700000.0,5.4,5.4,5.4,189800000.0,,189800000.0,6135852656.0,6.0,4.079,174900000.0,12.015,1.0,453800000.0,0.618,3271000000.0,97500000.0,8858100000.0,,23500000.0,0.0,0.0,0.0,7578300000.0,572100000.0,7006200000.0,1155052656.0,44600000.0,0.0,-10700000.0,-3600000.0,-109200000.0,-130300000.0,-67300000.0,0.0,242200000.0,0.0,80000000.0,80000000.0,80000000.0,0.0,0.0,0.109,228400000.0,225400000.0,131900000.0,0.363,6.086,3.396,3.391,3751800000.0,0.0,79.347,0.383,0.383,294700000.0,419000000.0,734300000.0,734300000.0,0.0,,,,,3700000.0,86100000.0,1.0,14556980.0,14556980.0,,50.443,4497100000.0,16500000.0,45700000.0,1220800000.0,308.931,106500000.0
44,WINMQ,MRQ,2009-06-30,2009-06-30,2009-06-30,2021-08-25,-298700000.0,7789500000.0,,628700000.0,7160800000.0,,15.551,-76700000.0,245400000.0,245400000.0,283300000.0,90800000.0,1.003,33.406,5226200000.0,24200000.0,5202000000.0,5226200000.0,0.0,133300000.0,92200000.0,0.12,1.958,245000000.0,378300000.0,0.502,378300000.0,245000000.0,147200000.0,6.3,6.3,6.3,226400000.0,,226400000.0,6020430773.0,6.0,3.9,207500000.0,14.253,1.0,469600000.0,0.624,3290100000.0,97800000.0,8853200000.0,,31000000.0,0.0,0.0,0.0,7563100000.0,627000000.0,6936100000.0,953330773.0,-66800000.0,0.0,-12100000.0,-153500000.0,-109500000.0,-274600000.0,-76400000.0,0.0,284200000.0,0.0,90800000.0,90800000.0,90800000.0,0.0,0.0,0.121,225200000.0,244400000.0,119800000.0,0.311,4.211,2.605,2.599,3798800000.0,0.0,65.483,0.31,0.31,296200000.0,447700000.0,752900000.0,752900000.0,0.0,,,,,5400000.0,90400000.0,1.0,14558447.0,14558447.0,,51.716,4499400000.0,19000000.0,56400000.0,1165800000.0,309.058,1700000.0
45,WINMQ,MRQ,2009-03-31,2009-03-31,2009-03-31,2021-08-25,-326500000.0,7905000000.0,,687200000.0,7217800000.0,,15.18,-62800000.0,312200000.0,312200000.0,281500000.0,88200000.0,1.204,34.417,5379300000.0,24200000.0,5355100000.0,5379300000.0,0.0,132000000.0,93000000.0,0.124,1.958,253400000.0,385400000.0,0.51,385400000.0,253400000.0,153700000.0,6.0,6.0,6.0,223200000.0,,223200000.0,6014162267.0,6.0,3.841,152200000.0,10.351,1.0,473500000.0,0.627,3310300000.0,99700000.0,9090800000.0,,24100000.0,0.0,0.0,0.0,7681800000.0,571000000.0,7110800000.0,928262267.0,15600000.0,0.0,-20700000.0,-3600000.0,-109900000.0,-136600000.0,-62800000.0,0.0,215000000.0,0.0,88200000.0,88200000.0,88200000.0,0.0,0.0,0.117,220900000.0,252600000.0,117000000.0,0.326,4.159,2.461,2.447,3835300000.0,0.0,63.133,0.297,0.297,287900000.0,466100000.0,755000000.0,755000000.0,0.0,,,,,5200000.0,89000000.0,1.0,14703281.0,14703281.0,,51.349,4594700000.0,22200000.0,65500000.0,1177100000.0,312.495,116200000.0
46,WINMQ,MRQ,2008-12-31,2008-12-31,2008-12-31,2021-08-25,-336600000.0,8009300000.0,,708700000.0,7300600000.0,,17.225,-98000000.0,296600000.0,296600000.0,292300000.0,81100000.0,1.065,30.745,5382500000.0,24300000.0,5358200000.0,5382500000.0,0.0,123600000.0,94000000.0,0.109,1.958,259900000.0,383500000.0,0.493,383500000.0,259900000.0,155400000.0,5.7,5.7,5.7,252300000.0,,252300000.0,6339638084.0,6.0,3.946,252600000.0,17.245,1.0,485200000.0,0.624,3330400000.0,104500000.0,9099500000.0,,30800000.0,0.0,0.0,0.0,7757000000.0,665300000.0,7091700000.0,1055538084.0,185000000.0,56700000.0,0.0,-13600000.0,-109900000.0,-123100000.0,-42500000.0,0.0,350600000.0,0.0,81100000.0,81100000.0,81100000.0,9700000.0,0.0,0.104,208600000.0,276600000.0,134000000.0,0.344,4.184,2.558,2.583,3897100000.0,0.0,72.063,0.333,0.333,316600000.0,487400000.0,777500000.0,777500000.0,0.0,,,,,4600000.0,78200000.0,1.0,14647435.0,14647435.0,,53.081,4678900000.0,30800000.0,74300000.0,1118600000.0,319.435,43400000.0
47,WINMQ,MRQ,2008-09-30,2008-09-30,2008-09-30,2021-08-25,-72100000.0,8060200000.0,,559600000.0,7500600000.0,,36.892,-86200000.0,111600000.0,111600000.0,305400000.0,105900000.0,0.915,13.91,5395700000.0,24300000.0,5371400000.0,5395700000.0,0.0,123800000.0,94300000.0,0.091,1.958,272700000.0,396500000.0,0.499,396500000.0,272700000.0,169400000.0,7.2,7.2,7.2,540600000.0,,540600000.0,6565104520.0,4.0,3.131,136700000.0,9.329,1.0,488700000.0,0.615,3368700000.0,103300000.0,9364300000.0,,31000000.0,0.0,0.0,0.0,7519600000.0,611300000.0,6908300000.0,1255704520.0,52000000.0,0.0,0.0,26400000.0,-109900000.0,-85700000.0,-85200000.0,0.0,222900000.0,0.0,105900000.0,105900000.0,105900000.0,-1600000.0,0.0,0.133,218100000.0,270600000.0,149900000.0,0.272,2.323,1.372,1.45,3911400000.0,0.0,85.692,0.391,0.391,329100000.0,516100000.0,794100000.0,794100000.0,0.0,,,,,4300000.0,93300000.0,1.0,14653696.0,14653696.0,,54.191,4691500000.0,22400000.0,63500000.0,1280500000.0,320.158,-51700000.0
48,WINMQ,MRQ,2008-06-30,2008-06-30,2008-06-30,2021-08-25,-112300000.0,8040500000.0,,499700000.0,7540800000.0,,33.69,-77500000.0,59600000.0,59600000.0,294300000.0,102000000.0,0.781,15.007,5369000000.0,24300000.0,5344700000.0,5369000000.0,0.0,124300000.0,94700000.0,0.081,1.958,276000000.0,400300000.0,0.5,400300000.0,276000000.0,172400000.0,6.9,6.9,6.9,502300000.0,,502300000.0,6754811888.0,4.0,3.184,214300000.0,14.373,1.0,505600000.0,0.632,3381400000.0,103600000.0,9329000000.0,,29600000.0,0.0,0.0,0.0,7538200000.0,639500000.0,6898700000.0,1441111888.0,6100000.0,0.0,-100100000.0,1500000.0,-111800000.0,-210500000.0,-75200000.0,0.0,291800000.0,0.0,102000000.0,102000000.0,102000000.0,15900000.0,0.0,0.128,216700000.0,288900000.0,140000000.0,0.284,2.869,1.555,1.627,3935200000.0,0.0,96.658,0.445,0.445,322200000.0,520100000.0,799900000.0,799900000.0,0.0,,,,,4600000.0,88300000.0,1.0,14909391.0,14909391.0,,53.651,4659100000.0,28500000.0,70400000.0,1206900000.0,312.494,-139800000.0
49,WINMQ,MRQ,2008-03-31,2008-03-31,2008-03-31,2021-08-25,-123100000.0,8142900000.0,,498700000.0,7644200000.0,,39.319,-55800000.0,53500000.0,53500000.0,288500000.0,123700000.0,0.811,12.686,5367200000.0,24300000.0,5342900000.0,5367200000.0,0.0,122800000.0,97000000.0,0.084,1.958,303800000.0,426600000.0,0.533,426600000.0,303800000.0,198800000.0,8.1,8.1,8.1,595000000.0,,595000000.0,6699967235.0,4.0,3.12,159300000.0,10.527,1.0,511500000.0,0.639,3461000000.0,105000000.0,9380500000.0,,30800000.0,0.0,0.0,0.0,7547900000.0,615100000.0,6932800000.0,1416467235.0,-18500000.0,0.0,-100200000.0,11400000.0,-113600000.0,-203400000.0,-30200000.0,0.0,215100000.0,0.0,123700000.0,123700000.0,123700000.0,-1900000.0,0.0,0.155,215200000.0,296300000.0,163100000.0,0.242,2.381,1.505,1.568,3986500000.0,0.0,93.603,0.434,0.434,329400000.0,527900000.0,800000000.0,800000000.0,0.0,,,,,4600000.0,91400000.0,1.0,15132712.0,15132712.0,,52.866,4681900000.0,32000000.0,75100000.0,1215600000.0,309.389,-116400000.0
50,WINMQ,MRQ,2007-12-31,2007-12-31,2007-12-31,2021-08-25,-103000000.0,8241200000.0,,528400000.0,7712800000.0,,44.002,-97400000.0,72000000.0,72000000.0,323000000.0,583600000.0,0.779,10.777,5355500000.0,24300000.0,5331200000.0,5355500000.0,0.0,122800000.0,91100000.0,0.077,1.958,750500000.0,873300000.0,1.069,873300000.0,750500000.0,638500000.0,36.9,36.9,36.9,699800000.0,,699800000.0,7252920352.0,4.0,3.42,252500000.0,15.877,1.0,493700000.0,0.605,3408300000.0,112000000.0,9438100000.0,,29600000.0,0.0,0.0,0.0,7541400000.0,678300000.0,6863100000.0,1621920352.0,4100000.0,40800000.0,-40100000.0,-133300000.0,-119100000.0,-292600000.0,-53200000.0,0.0,349900000.0,0.0,583600000.0,583600000.0,583600000.0,-500000.0,0.0,0.715,194400000.0,299300000.0,158100000.0,0.053,2.318,1.769,1.761,4030300000.0,0.0,101.984,0.5,0.5,320700000.0,516000000.0,816700000.0,816700000.0,0.0,,,,,3800000.0,69100000.0,1.0,15903675.0,15903675.0,,51.353,4832900000.0,32000000.0,54900000.0,1186600000.0,303.886,-149900000.0
51,WINMQ,MRQ,2007-09-30,2007-09-30,2007-09-30,2021-08-25,-150600000.0,8297400000.0,,597700000.0,7699700000.0,,28.957,-90300000.0,67900000.0,67900000.0,290400000.0,117700000.0,0.899,17.007,5698900000.0,65200000.0,5633700000.0,5698900000.0,0.0,132700000.0,94100000.0,0.071,1.958,288600000.0,421300000.0,0.515,421300000.0,288600000.0,179000000.0,7.5,7.5,7.5,460800000.0,,460800000.0,6765014640.0,6.0,4.071,80000000.0,5.027,1.0,528400000.0,0.645,3495400000.0,109600000.0,9768400000.0,,34800000.0,0.0,0.0,0.0,7836600000.0,664600000.0,7172000000.0,1760014640.0,-415900000.0,-547600000.0,0.0,172400000.0,-119200000.0,50900000.0,-637100000.0,0.0,170300000.0,0.0,117700000.0,117700000.0,117700000.0,-200000.0,0.0,0.144,240200000.0,288200000.0,160400000.0,0.261,3.819,3.901,3.922,4073900000.0,0.0,110.601,0.54,0.54,350800000.0,45900000.0,818800000.0,818800000.0,0.0,,,,,3800000.0,105100000.0,1.0,15913189.0,15913189.0,,51.454,4802000000.0,0.0,61300000.0,1137600000.0,301.762,-66900000.0
52,WINMQ,MRQ,2007-06-30,2007-06-30,2007-06-30,2021-08-25,-136500000.0,8006400000.0,,949000000.0,7057400000.0,,29.765,-98000000.0,483800000.0,483800000.0,302800000.0,115900000.0,1.392,15.909,5488800000.0,49300000.0,5439500000.0,5488800000.0,0.0,126900000.0,90800000.0,0.069,1.958,299100000.0,426000000.0,0.515,426000000.0,299100000.0,191000000.0,7.2,7.2,7.2,473500000.0,,473500000.0,6930152463.0,6.0,4.046,200200000.0,12.585,1.0,523900000.0,0.634,3041400000.0,108100000.0,9288100000.0,,44300000.0,0.0,0.0,0.0,7532900000.0,681900000.0,6851000000.0,1839152463.0,86200000.0,0.0,0.0,-200000.0,-119400000.0,-119600000.0,-92400000.0,0.0,298200000.0,0.0,115900000.0,115900000.0,115900000.0,0.0,0.0,0.14,231100000.0,292800000.0,156100000.0,0.272,3.884,3.473,3.441,3893700000.0,0.0,115.614,0.573,0.573,311100000.0,47300000.0,826700000.0,826700000.0,0.0,,,,,4500000.0,102600000.0,1.0,15907697.0,15907697.0,,51.969,4965000000.0,0.0,75100000.0,1054900000.0,312.113,267100000.0
53,WINMQ,MRQ,2007-03-31,2007-03-31,2007-03-31,2021-08-25,-148900000.0,7961200000.0,,849200000.0,7112000000.0,,28.953,-80000000.0,397600000.0,397600000.0,279800000.0,99900000.0,1.342,16.303,5488600000.0,39500000.0,5449100000.0,5488600000.0,0.0,125100000.0,92300000.0,0.077,1.958,274800000.0,399900000.0,0.51,399900000.0,274800000.0,160100000.0,6.3,6.3,6.3,460100000.0,,460100000.0,6930126284.0,6.0,4.361,135300000.0,8.514,1.0,503900000.0,0.643,3053800000.0,114700000.0,9365600000.0,,37000000.0,7600000.0,0.0,7600000.0,7501100000.0,632800000.0,6868300000.0,1828526284.0,10800000.0,0.0,0.0,-1000000.0,-119100000.0,-120100000.0,-84400000.0,0.0,215300000.0,0.0,99900000.0,99900000.0,99900000.0,0.0,0.0,0.127,234300000.0,269600000.0,169900000.0,0.311,3.974,3.434,3.278,3917300000.0,0.0,115.065,0.587,0.587,312800000.0,50800000.0,783700000.0,783700000.0,0.0,,,,,3800000.0,104400000.0,1.0,15891247.0,15891247.0,,49.316,4907400000.0,0.0,60200000.0,1058000000.0,308.812,216400000.0
54,WINMQ,MRQ,2006-12-31,2006-12-31,2006-12-31,2021-08-25,-150800000.0,8030700000.0,,876700000.0,7154000000.0,,29.561,-129600000.0,386800000.0,386800000.0,284900000.0,117700000.0,1.281,16.094,5488400000.0,32200000.0,5456200000.0,5488400000.0,0.0,124000000.0,82800000.0,0.087,1.958,290600000.0,414600000.0,0.501,414600000.0,290600000.0,180800000.0,7.2,7.2,7.2,469800000.0,,469800000.0,6895782511.0,7.0,4.657,129900000.0,8.174,1.0,542700000.0,0.656,3065400000.0,109800000.0,9382300000.0,,43500000.0,0.0,0.0,0.0,7560900000.0,684600000.0,6876300000.0,1770182511.0,13800000.0,0.0,0.0,-12700000.0,-97300000.0,-113800000.0,-131900000.0,0.0,259500000.0,0.0,117700000.0,117700000.0,117700000.0,0.0,0.0,0.142,257100000.0,285600000.0,169500000.0,0.272,3.768,3.246,2.97,3939800000.0,0.0,111.384,0.584,0.584,337200000.0,70100000.0,827600000.0,827600000.0,0.0,,,,,-2700000.0,106600000.0,1.0,15892610.0,15892610.0,,52.075,4965300000.0,0.0,63100000.0,1022700000.0,312.428,192100000.0
55,WINMQ,MRQ,2006-09-30,2006-09-30,2006-09-30,2021-08-25,-25300000.0,8161800000.0,,868300000.0,7293500000.0,,38.178,-88800000.0,373000000.0,373000000.0,283200000.0,196100000.0,1.331,12.54,5498600000.0,21200000.0,5477400000.0,5498600000.0,0.0,124100000.0,65000000.0,0.103,2.146,348400000.0,472500000.0,0.613,472500000.0,348400000.0,257000000.0,12.9,12.9,12.9,602800000.0,,602800000.0,2719648226.0,3.0,2.022,272900000.0,17.284,1.0,488200000.0,0.633,3112200000.0,91400000.0,9522700000.0,,40100000.0,17900000.0,0.0,17900000.0,7559000000.0,652500000.0,6906500000.0,1631262226.0,363000000.0,69000000.0,0.0,2297500000.0,-4900000.0,32900000.0,-31600000.0,0.0,361700000.0,0.0,196100000.0,196100000.0,196100000.0,0.0,0.0,0.254,234100000.0,254100000.0,215400000.0,0.166,2.706,3.185,2.846,3890300000.0,0.0,103.316,0.553,0.553,420400000.0,71600000.0,771400000.0,771400000.0,0.0,,,,,2500000.0,94600000.0,1.0,15789057.0,15789057.0,,48.857,5049600000.0,0.0,60900000.0,1153700000.0,319.816,215800000.0
56,WINMQ,MRQ,2006-06-30,2006-06-30,2006-06-30,2021-08-25,-3193000.0,1969885000.0,,156139000.0,1813746000.0,,236.326,-93200000.0,92169000.0,92169000.0,295400000.0,118700000.0,1.616,2.517,1180555000.0,0.0,1180555000.0,1180555000.0,0.0,98900000.0,15059000.0,0.126,2.82,203200000.0,302100000.0,0.413,302100000.0,203200000.0,198700000.0,8.7,8.7,8.7,560068000.0,,560068000.0,1323271926.0,2.0,0.961,144600000.0,61.015,1.0,435900000.0,0.596,1057007000.0,4500000.0,1904669000.0,,1513000.0,0.0,0.0,0.0,1409817000.0,96595000.0,1313222000.0,212548926.0,100000.0,0.0,0.0,0.0,0.0,-166100000.0,-71600000.0,0.0,237800000.0,0.0,118700000.0,118700000.0,118700000.0,0.0,0.0,0.162,250700000.0,185200000.0,11769000.0,0.324,0.38,0.502,2.847,698172000.0,0.0,89.687,0.073,0.073,53063000.0,-321319000.0,731300000.0,731300000.0,0.0,,,,,1000000.0,84400000.0,1.0,2369897.0,2369897.0,,308.579,912878000.0,0.0,80000000.0,8548000.0,385.197,59544000.0
57,WINMQ,MRQ,2006-03-31,2006-03-31,2006-03-31,2021-08-25,-4881000.0,1957304000.0,,136778000.0,1820526000.0,,238.977,-62200000.0,69848000.0,69848000.0,276700000.0,112800000.0,1.536,2.458,1180571000.0,16000.0,1180555000.0,1180571000.0,0.0,102600000.0,15445000.0,0.109,2.82,189000000.0,291600000.0,0.415,291600000.0,189000000.0,185100000.0,8.4,8.4,8.4,566084000.0,,566084000.0,1360611796.0,2.0,1.191,224500000.0,94.775,1.0,426300000.0,0.606,1057007000.0,3900000.0,1921993000.0,,1373000.0,0.0,0.0,0.0,1391220000.0,89027000.0,1302193000.0,244175796.0,-2000000.0,0.0,0.0,-100000.0,0.0,-224800000.0,-63900000.0,0.0,286700000.0,0.0,112800000.0,112800000.0,112800000.0,0.0,0.0,0.16,252400000.0,173900000.0,9881000.0,0.336,0.431,0.756,3.369,707578000.0,0.0,103.081,0.106,0.106,54496000.0,-321319000.0,703000000.0,703000000.0,0.0,,,,,1100000.0,80100000.0,1.0,2368776.0,2368776.0,,296.778,900297000.0,0.0,72300000.0,7486000.0,380.068,47751000.0
58,WINMQ,MRQ,2005-12-31,2005-12-31,2005-12-31,2021-08-25,500000.0,4935800000.0,,405900000.0,4529900000.0,,1471.602,-119600000.0,11900000.0,11900000.0,287400000.0,84600000.0,1.082,0.415,260800000.0,22100000.0,238700000.0,260800000.0,0.0,105800000.0,77100000.0,0.111,2.82,172800000.0,278600000.0,0.374,278600000.0,172800000.0,167300000.0,6.3,6.3,6.3,3489200000.0,,3489200000.0,1345677374.0,2.0,1.185,131700000.0,55.546,1.0,458100000.0,0.614,1536400000.0,5500000.0,3273000000.0,,36900000.0,2000000.0,0.0,2000000.0,1446600000.0,375300000.0,1071300000.0,211720374.0,3300000.0,0.0,0.0,-21100000.0,0.0,-134900000.0,-113100000.0,0.0,251300000.0,0.0,84600000.0,84600000.0,84600000.0,0.0,0.0,0.113,289900000.0,168200000.0,133500000.0,0.448,0.061,0.566,3.201,2958500000.0,0.0,89.295,0.072,0.072,252700000.0,2033500000.0,745500000.0,745500000.0,0.0,,,,,0.0,86600000.0,1.0,2371022.0,2371022.0,,314.421,3399400000.0,0.0,82700000.0,759100000.0,1433.728,30600000.0
59,WINMQ,MRQ,2005-09-30,2005-09-30,2005-09-30,2021-08-25,-7432000.0,1952100000.0,,115281000.0,1836819000.0,,244.168,-207411000.0,46721000.0,46721000.0,291400000.0,107400000.0,1.196,2.389,1180678000.0,123000.0,1180555000.0,1180678000.0,0.0,323676000.0,15129000.0,0.066,2.82,181600000.0,505276000.0,0.693,505276000.0,181600000.0,177100000.0,8.1,8.1,8.1,575931000.0,,575931000.0,1382460153.0,2.0,0.858,429012000.0,181.881,1.0,437500000.0,0.6,1058215000.0,4500000.0,1931473000.0,,1356000.0,0.0,0.0,0.0,1376169000.0,96369000.0,1279800000.0,251825153.0,-47795000.0,0.0,-411407000.0,427901000.0,12486000.0,-449073000.0,-235145000.0,-24445000.0,636423000.0,0.0,107400000.0,107400000.0,107400000.0,0.0,0.0,0.147,275200000.0,162300000.0,10904000.0,0.348,0.437,0.531,2.941,727315000.0,0.0,106.762,0.071,0.071,59503000.0,-321233000.0,728900000.0,728900000.0,0.0,,,,,-8343000.0,84200000.0,1.0,2358753.0,2358753.0,,309.019,893885000.0,0.0,69700000.0,11577000.0,378.965,18912000.0
60,WINMQ,MRQ,2005-06-30,2005-06-30,2005-06-30,2021-08-25,-10567000.0,1974479000.0,,127661000.0,1846818000.0,,239.511,-12510000.0,60129000.0,60129000.0,25987000.0,18242000.0,1.359,2.496,1190764000.0,208000.0,1190556000.0,1190764000.0,0.0,22489000.0,15308000.0,0.039,2.82,44915000.0,67404000.0,0.535,67404000.0,44915000.0,26051000.0,7.8,7.8,7.8,564731000.0,,564731000.0,1416560323.0,2.0,1.221,45678000.0,19.373,1.0,100081000.0,0.794,1058235000.0,18864000.0,1952939000.0,,1641000.0,0.0,0.0,0.0,1409748000.0,93940000.0,1315808000.0,254869323.0,21007000.0,0.0,-1339000.0,-10637000.0,-12486000.0,-24462000.0,-12719000.0,0.0,58188000.0,0.0,18242000.0,18242000.0,18242000.0,0.0,0.0,0.145,55200000.0,44881000.0,7079000.0,0.362,0.451,0.683,3.833,735146000.0,0.0,108.094,0.087,0.087,58513000.0,-322232000.0,126068000.0,126068000.0,0.0,,,,,1956000.0,30755000.0,1.0,2357849.0,2357849.0,,53.467,916244000.0,0.0,7809000.0,10160000.0,388.593,33721000.0
61,WINMQ,MRQ,2005-03-31,2005-03-31,2005-03-31,2021-08-25,-7684000.0,1965850000.0,,107361000.0,1858489000.0,,242.467,-17379000.0,39122000.0,39122000.0,26084000.0,-12636000.0,1.354,2.434,1200813000.0,223000.0,1200590000.0,1200813000.0,0.0,22235000.0,15551000.0,0.012,1.41,7975000.0,30210000.0,0.24,30210000.0,7975000.0,-18073000.0,-8.4,-8.4,-8.4,572491000.0,,572491000.0,1853450108.0,3.0,1.626,23110000.0,9.788,1.0,99842000.0,0.793,1058235000.0,26048000.0,1990013000.0,,1477000.0,0.0,0.0,0.0,1393359000.0,79293000.0,1314066000.0,267613108.0,22088000.0,0.0,412746000.0,-418264000.0,0.0,-25765000.0,7364000.0,24445000.0,40489000.0,0.0,-12636000.0,-12636000.0,-12636000.0,0.0,0.0,-0.1,62209000.0,37633000.0,7362000.0,-0.168,0.467,0.747,5.556,745156000.0,0.0,113.342,0.091,0.091,58934000.0,-340306000.0,125926000.0,125926000.0,0.0,,,,,6387000.0,33587000.0,1.0,2361112.0,2361112.0,,53.333,907615000.0,0.0,-5437000.0,8977000.0,384.402,28068000.0
62,WINMQ,MRQ,2004-12-31,2004-12-31,2004-12-31,2021-08-25,-7894000.0,1971167000.0,,90012000.0,1881155000.0,,2.741,-286280000.0,17034000.0,17034000.0,1068796000.0,361129000.0,1.202,303.616,1602871000.0,3694000.0,1599177000.0,1602871000.0,0.0,444507000.0,15700000.0,,0.0,563640000.0,1008147000.0,0.395,1008147000.0,563640000.0,626624000.0,28.8,28.8,28.8,6471000.0,,6471000.0,,,,556743000.0,235.797,1.0,1485425000.0,0.582,1058235000.0,-62984000.0,2423853000.0,,1400000.0,0.0,0.0,0.0,1964696000.0,74916000.0,1889780000.0,,6273000.0,0.0,0.0,33308000.0,0.0,-553046000.0,-283604000.0,0.0,843023000.0,-100000.0,361129000.0,361129000.0,361129000.0,0.0,0.0,0.141,954309000.0,531116000.0,5847000.0,0.0,,,,749984000.0,0.0,,,,62757000.0,-79776000.0,2554221000.0,2554221000.0,0.0,,,,,0.0,227802000.0,1.0,2361112.0,2361112.0,,1081.788,912932000.0,0.0,265495000.0,13505000.0,386.653,15096000.0
63,WINMQ,MRQ,2004-09-30,2004-09-30,2004-09-30,2021-08-25,,,,,,,,-15757000.0,,,26674000.0,6266000.0,,,,,,,,22022000.0,,,0.0,32526000.0,54548000.0,0.431,54548000.0,32526000.0,4237000.0,0.0,0.0,0.0,,,,,,,28872000.0,,1.0,99957000.0,0.789,,28289000.0,,,,,,,,,,,-128000.0,0.0,0.0,-28988000.0,0.0,-28988000.0,-15769000.0,0.0,44629000.0,0.0,6266000.0,6266000.0,6266000.0,0.0,0.0,0.049,53937000.0,46020000.0,,,,,,,0.0,,,,,,126631000.0,126631000.0,0.0,,,,,0.0,31915000.0,1.0,,,,,,,-2029000.0,,,
64,WINMQ,MRQ,2004-06-30,2004-06-30,2004-06-30,2021-08-25,,,,,,,,-19109000.0,,,25451000.0,3291000.0,,,,,,,,21144000.0,,,0.0,26023000.0,47167000.0,0.372,47167000.0,26023000.0,-1342000.0,0.0,0.0,0.0,,,,,,,11439000.0,,1.0,101345000.0,0.799,,27365000.0,,,,,,,,,,,-2981000.0,0.0,0.0,4621000.0,0.0,-14025000.0,-19504000.0,0.0,30548000.0,0.0,3291000.0,3291000.0,3291000.0,0.0,0.0,0.026,56397000.0,44948000.0,,,,,,,0.0,,,,,,126796000.0,126796000.0,0.0,,,,,0.0,35253000.0,1.0,,,,,,,-4633000.0,,,
65,WINMQ,MRQ,2004-03-31,2004-03-31,2004-03-31,2021-08-25,,,,,,,,-16654000.0,,,26579000.0,15614000.0,,,,,,,,20827000.0,,,0.0,43911000.0,64738000.0,0.514,64738000.0,43911000.0,16181000.0,,,,,,,,,,33446000.0,,1.0,99273000.0,0.789,,27730000.0,,,,,,,,,,,2336000.0,0.0,0.0,-31041000.0,0.0,-31041000.0,-16723000.0,0.0,50100000.0,0.0,15614000.0,15614000.0,15614000.0,0.0,0.0,0.124,53757000.0,45516000.0,,,,,,,0.0,,,,,,125852000.0,125852000.0,0.0,,,,,0.0,32930000.0,1.0,,,,,,,567000.0,,,
66,WINMQ,MRQ,2003-12-31,2003-12-31,2003-12-31,2021-08-25,-7371000.0,2039043000.0,,73161000.0,1965882000.0,,,,1414000.0,1414000.0,,,0.613,39.886,1470660000.0,44005000.0,1426655000.0,1470660000.0,0.0,,16958000.0,,0.0,,,,,,,,,,49862000.0,,49862000.0,,,,,,1.0,,,1057007000.0,,2331911000.0,,1922000.0,0.0,0.0,0.0,1988804000.0,119371000.0,1869433000.0,,,,,,,,,,,,,,,,,,,,14458000.0,,,,,769570000.0,,,,,60773000.0,-53366000.0,,,,,,,,,,1.0,,,,,982036000.0,0.0,,11983000.0,,-46210000.0
0,WINMQ,MRT,2020-06-30,2020-06-30,2020-06-30,2021-08-25,16500000.0,9831700000.0,9982450000.0,1052800000.0,8778900000.0,0.49,-54.516,-951200000.0,217800000.0,217800000.0,3218400000.0,-567400000.0,0.637,-5.192,11400000000.0,900000000.0,10500000000.0,11400000000.0,0.0,973200000.0,0.0,0.0,0.0,-249800000.0,723400000.0,0.148,723400000.0,-249800000.0,-548100000.0,-13.28,-13.28,-13.28,-2345200000.0,-2120675000.0,-2345200000.0,11080862248.0,-44.0,15.318,-589600000.0,-13.706,1.0,1676100000.0,0.342,1075000000.0,298300000.0,18286700000.0,18469350000.0,73700000.0,0.0,0.0,0.0,12176900000.0,1652200000.0,10524700000.0,5162248.0,-252700000.0,0.0,0.0,365300000.0,0.0,365000000.0,-979300000.0,0.0,361600000.0,0.0,-567400000.0,-567400000.0,-567400000.0,0.0,0.0,-0.116,1935700000.0,-259600000.0,327600000.0,0.0,-0.002,-0.009,-0.009,7622800000.0,0.0,0.12,0.001,0.001,527800000.0,-3615900000.0,4894500000.0,4894500000.0,0.0,-0.057,0.268,-0.014,-0.051,3400000.0,710500000.0,1.0,43018736.0,43018736.0,,113.776,8756700000.0,0.0,19300000.0,61200000.0,203.555,-599400000.0
1,WINMQ,MRT,2020-03-31,2020-03-31,2020-03-31,2021-08-25,19900000.0,10088200000.0,10106350000.0,1284700000.0,8803500000.0,0.494,-50.695,-918100000.0,462500000.0,462500000.0,3312200000.0,-949100000.0,0.8,-5.628,11538200000.0,900000000.0,10638200000.0,11538200000.0,0.0,1029300000.0,0.0,0.0,0.0,-679400000.0,349900000.0,0.07,349900000.0,-679400000.0,-992500000.0,-22.24,-22.24,-22.24,-2179800000.0,-1975975000.0,-2179800000.0,10969149896.0,-16.0,31.349,-500800000.0,-11.647,1.0,1683500000.0,0.337,1108300000.0,313100000.0,18449000000.0,18626275000.0,61700000.0,0.0,0.0,0.0,12268000000.0,1606600000.0,10661400000.0,2149896.0,22800000.0,0.0,0.0,546300000.0,0.0,546100000.0,-940600000.0,0.0,417300000.0,0.0,-949100000.0,-949100000.0,-949100000.0,0.0,0.0,-0.19,2361800000.0,-678300000.0,262200000.0,0.0,-0.001,-0.002,-0.002,7612400000.0,0.0,0.05,0.0,0.0,521100000.0,-3453500000.0,4995700000.0,4995700000.0,0.0,-0.094,0.48,-0.036,-0.136,1300000.0,734900000.0,1.0,42997926.0,42997926.0,,116.185,8979900000.0,0.0,-43400000.0,55200000.0,208.845,-321900000.0
2,WINMQ,MRT,2019-12-31,2019-12-31,2019-12-31,2021-08-25,22600000.0,9888500000.0,10298600000.0,1036700000.0,8851800000.0,0.497,-48.244,-878500000.0,199600000.0,199600000.0,3418900000.0,-3157800000.0,0.85,-5.767,11220100000.0,500000000.0,10720100000.0,11220100000.0,0.0,1068200000.0,0.0,0.0,0.0,-3145900000.0,-2077700000.0,-0.406,-2077700000.0,-3145900000.0,-3477800000.0,-74.06,-74.06,-74.06,-2074400000.0,-1729250000.0,-2074400000.0,10970869813.0,-3.0,-5.28,-344700000.0,-8.017,1.0,1696500000.0,0.332,1130100000.0,331900000.0,18559700000.0,18033575000.0,64700000.0,0.0,0.0,0.0,11962900000.0,1219200000.0,10743700000.0,3869813.0,-161400000.0,0.0,0.0,208900000.0,0.0,208200000.0,-903400000.0,0.0,533800000.0,0.0,-3157800000.0,-3157800000.0,-3157800000.0,0.0,0.0,-0.617,4834600000.0,-3138100000.0,279200000.0,0.0,-0.002,-0.001,-0.001,7638800000.0,0.0,0.09,0.001,0.001,574700000.0,-3350100000.0,5115400000.0,5115400000.0,0.0,-0.307,1.826,-0.174,-0.615,2700000.0,756700000.0,1.0,42997926.0,42997926.0,,118.969,8758400000.0,0.0,-320000000.0,65600000.0,203.694,-182500000.0
3,WINMQ,MRT,2019-09-30,2019-09-30,2019-09-30,2021-08-25,26800000.0,10121400000.0,10390950000.0,1216200000.0,8905200000.0,0.507,-43.8,-845900000.0,392900000.0,392900000.0,3304600000.0,-3519100000.0,0.99,-6.374,11254300000.0,500000000.0,10754300000.0,11254300000.0,0.0,1200100000.0,0.0,0.0,0.0,-2876900000.0,-1676800000.0,-0.318,-1676800000.0,-2876900000.0,-3354600000.0,-83.13,-83.13,-83.13,-1883300000.0,-1690475000.0,-1883300000.0,10976029564.0,-4.0,-6.546,-124100000.0,-2.886,1.0,1966400000.0,0.373,1171900000.0,477700000.0,18582000000.0,14581350000.0,70700000.0,0.0,0.0,0.0,12004700000.0,1228900000.0,10775800000.0,9029564.0,355600000.0,320900000.0,0.0,138600000.0,0.0,183800000.0,-550000000.0,0.0,721800000.0,0.0,-3519100000.0,-3519100000.0,-3519100000.0,0.0,0.0,-0.668,4960900000.0,-2994500000.0,298500000.0,0.0,-0.005,-0.003,-0.003,7649200000.0,0.0,0.21,0.002,0.002,556200000.0,-3162200000.0,5271000000.0,5271000000.0,0.0,-0.339,2.082,-0.197,-0.546,-12900000.0,783100000.0,1.0,42997926.0,42997926.0,,122.587,8949500000.0,0.0,164500000.0,64800000.0,208.138,-12700000.0
4,WINMQ,MRT,2019-06-30,2019-06-30,2019-06-30,2021-08-25,29400000.0,10327300000.0,10538125000.0,1339200000.0,8988100000.0,0.514,-41.081,-821300000.0,470500000.0,470500000.0,3174500000.0,-3362300000.0,1.167,-6.847,11419700000.0,500000000.0,10919700000.0,11419700000.0,0.0,1321700000.0,0.0,0.0,0.0,-2544300000.0,-1222600000.0,-0.226,-1222600000.0,-2544300000.0,-3170800000.0,-79.45,-79.45,-79.45,-1766400000.0,-1559875000.0,-1766400000.0,10976889523.0,-4.0,-8.978,-54000000.0,-1.256,1.0,2247000000.0,0.414,1214100000.0,626500000.0,18914400000.0,13824025000.0,76600000.0,0.0,0.0,0.0,12093700000.0,1148000000.0,10945700000.0,9889523.0,425200000.0,311600000.0,1100000.0,128700000.0,0.0,175100000.0,-517200000.0,0.0,767300000.0,0.0,-3362300000.0,-3362300000.0,-3362300000.0,0.0,0.0,-0.62,5102200000.0,-2855200000.0,241500000.0,0.0,-0.006,-0.003,-0.003,7694500000.0,0.0,0.23,0.002,0.002,573500000.0,-3046700000.0,5421500000.0,5421500000.0,0.0,-0.319,2.155,-0.184,-0.469,-6800000.0,819900000.0,1.0,42997926.0,42997926.0,,126.087,9113200000.0,0.0,191500000.0,59100000.0,211.945,191200000.0
5,WINMQ,MRT,2019-03-31,2019-03-31,2019-03-31,2021-08-25,32000000.0,10857200000.0,10666250000.0,1348500000.0,9508700000.0,0.523,-27.742,-795400000.0,439700000.0,439700000.0,3048200000.0,-2911900000.0,0.326,-10.102,11406700000.0,3514800000.0,7891900000.0,11406700000.0,0.0,1416400000.0,163900000.0,0.0,0.0,-1926500000.0,-510100000.0,-0.091,-510100000.0,-1926500000.0,-2696600000.0,-68.99,-68.99,-68.99,-1192900000.0,-1469900000.0,-1192900000.0,10023099971.0,-5.0,-19.649,196600000.0,4.572,1.0,2531200000.0,0.454,1609200000.0,770100000.0,16078200000.0,13059450000.0,79800000.0,0.0,0.0,0.0,12050100000.0,4136800000.0,7913300000.0,12899971.0,379200000.0,311600000.0,12200000.0,-174100000.0,0.0,-116400000.0,-496400000.0,0.0,992000000.0,0.0,-2911900000.0,-2911900000.0,-2911900000.0,0.0,0.0,-0.522,4789800000.0,-2258600000.0,271900000.0,0.0,-0.011,-0.004,-0.004,7815200000.0,0.0,0.3,0.002,0.002,633400000.0,-2477300000.0,5579400000.0,5579400000.0,0.0,-0.273,1.981,-0.148,-0.345,3400000.0,858500000.0,1.0,42999904.0,42999904.0,,129.754,9248000000.0,0.0,215300000.0,64900000.0,215.07,-2788300000.0
6,WINMQ,MRT,2018-12-31,2018-12-31,2018-12-31,2021-08-25,35600000.0,10257900000.0,10697275000.0,1256200000.0,9001700000.0,0.534,-44.701,-820200000.0,361000000.0,361000000.0,2923900000.0,-723000000.0,0.11,-6.345,10298400000.0,10298400000.0,0.0,10298400000.0,0.0,1526700000.0,0.0,0.0,0.0,627400000.0,2154100000.0,0.377,2154100000.0,627400000.0,-273900000.0,-17.72,-17.72,-17.72,-1919300000.0,-1505975000.0,-1919300000.0,10484136119.0,17.0,4.867,192900000.0,4.493,1.0,2789200000.0,0.488,3986800000.0,901300000.0,4750800000.0,13063200000.0,82400000.0,0.0,0.0,0.0,12177200000.0,11457700000.0,719500000.0,89736119.0,317600000.0,274000000.0,12200000.0,-197100000.0,0.0,-141300000.0,-554200000.0,0.0,1013100000.0,0.0,-723000000.0,-723000000.0,-723000000.0,0.0,0.0,-0.127,2492600000.0,296600000.0,503600000.0,0.0,-0.047,-0.124,-0.118,4920900000.0,0.0,2.09,0.016,0.016,653100000.0,-3205300000.0,5713100000.0,5713100000.0,0.0,-0.068,0.48,0.048,0.11,11300000.0,889000000.0,1.0,42935942.0,42935942.0,,133.061,6271100000.0,0.0,449100000.0,191700000.0,146.057,-10201500000.0
7,WINMQ,MRT,2018-09-30,2018-09-30,2018-09-30,2021-08-25,44400000.0,10710100000.0,10903875000.0,957600000.0,9752500000.0,0.533,-31.694,-787600000.0,37300000.0,37300000.0,2983000000.0,-2009500000.0,0.697,-8.87,10431700000.0,223900000.0,10207800000.0,10431700000.0,0.0,1540000000.0,195200000.0,0.0,0.0,-1411500000.0,128500000.0,0.022,128500000.0,-1411500000.0,-2321800000.0,-58.74,-58.74,-58.74,-1360900000.0,-1350875000.0,-1360900000.0,10791496764.0,-8.0,83.981,296600000.0,6.908,1.0,2834200000.0,0.487,4177100000.0,910300000.0,15552700000.0,15844625000.0,87000000.0,0.0,0.0,0.0,12071000000.0,1374700000.0,10696300000.0,210396764.0,-19200000.0,-46900000.0,12200000.0,-264100000.0,0.0,-254400000.0,-849000000.0,0.0,1084200000.0,0.0,-2009500000.0,-2009500000.0,-2009500000.0,0.0,0.0,-0.345,4379700000.0,-1545500000.0,483400000.0,0.0,-0.155,-0.105,-0.083,5049200000.0,0.0,4.9,0.036,0.036,649000000.0,-2652400000.0,5817200000.0,5817200000.0,0.0,-0.184,1.488,-0.089,-0.243,35700000.0,903200000.0,1.0,42938115.0,42938115.0,,135.479,6533000000.0,418000000.0,-312300000.0,93500000.0,152.149,-417100000.0
8,WINMQ,MRT,2018-06-30,2018-06-30,2018-06-30,2021-08-25,44000000.0,10839800000.0,11458500000.0,935200000.0,9904600000.0,0.514,-34.376,-807100000.0,45300000.0,45300000.0,3065900000.0,-2152300000.0,0.697,-8.707,10626400000.0,218000000.0,10408400000.0,10626400000.0,0.0,1521600000.0,199700000.0,0.0,0.0,-1632500000.0,-110900000.0,-0.019,-110900000.0,-1632500000.0,-2529200000.0,-62.47,-62.47,-62.47,-1406500000.0,-880350000.0,-1406500000.0,10889424964.0,-7.0,-98.191,332300000.0,8.122,1.0,2828400000.0,0.48,4223300000.0,896700000.0,15856100000.0,15982725000.0,85000000.0,0.0,0.0,0.0,12246300000.0,1341500000.0,10904800000.0,215624964.0,20600000.0,-100900000.0,-7900000.0,-157700000.0,-28800000.0,-197500000.0,-921300000.0,0.0,1139400000.0,0.0,-2152300000.0,-2152300000.0,-2152300000.0,0.0,0.0,-0.365,4408300000.0,-1579900000.0,495200000.0,0.0,-0.153,-0.1,-0.084,5156600000.0,0.0,5.27,0.037,0.037,623900000.0,-2693700000.0,5894300000.0,5894300000.0,0.0,-0.188,2.445,-0.102,-0.277,41400000.0,909200000.0,1.0,40915553.0,40915553.0,,144.06,6616500000.0,416200000.0,-376900000.0,87500000.0,161.711,-406300000.0
9,WINMQ,MRT,2018-03-31,2018-03-31,2018-03-31,2021-08-25,33900000.0,10981300000.0,11925100000.0,943500000.0,10037800000.0,0.498,-36.469,-882800000.0,60500000.0,60500000.0,3105300000.0,-2126700000.0,0.733,-9.212,10734300000.0,212200000.0,10522100000.0,10734300000.0,0.0,1513300000.0,199900000.0,0.106,0.75,-1626100000.0,-112800000.0,-0.019,-112800000.0,-1626100000.0,-2512800000.0,-62.0,-62.0,-62.0,-1337200000.0,-371175000.0,-1337200000.0,10890902694.0,-7.0,-96.551,177400000.0,4.838,1.0,2836200000.0,0.477,4273900000.0,886700000.0,16093200000.0,15987050000.0,90300000.0,0.0,0.0,0.0,12318500000.0,1288000000.0,11030500000.0,258502694.0,9000000.0,-100900000.0,-19000000.0,8400000.0,-40700000.0,-54100000.0,-997100000.0,0.0,1060200000.0,0.0,-2126700000.0,-2126700000.0,-2126700000.0,0.0,0.0,-0.358,4401900000.0,-1565700000.0,444100000.0,-0.012,-0.193,-0.122,-0.114,5263600000.0,0.0,7.05,0.044,0.044,594800000.0,-2600000000.0,5941500000.0,5941500000.0,0.0,-0.178,5.73,-0.102,-0.274,48500000.0,911100000.0,1.0,36667049.0,36667049.0,,162.039,6707400000.0,389800000.0,-386100000.0,75700000.0,182.927,-344500000.0
10,WINMQ,MRT,2017-12-31,2017-12-31,2017-12-31,2021-08-25,21400000.0,11084300000.0,12405825000.0,933700000.0,10150600000.0,0.472,-35.508,-908600000.0,43400000.0,43400000.0,3056200000.0,-2116600000.0,0.605,-9.534,10675800000.0,357900000.0,10317900000.0,10675800000.0,0.0,1470000000.0,207300000.0,0.162,1.5,-1649300000.0,-179300000.0,-0.031,-179300000.0,-1649300000.0,-2524700000.0,-62.66,-62.66,-62.66,-1298900000.0,143725000.0,-1298900000.0,11034373566.0,-7.0,-61.541,66000000.0,1.804,1.0,2796700000.0,0.478,4296800000.0,875400000.0,15876500000.0,15894475000.0,93000000.0,0.0,0.0,0.0,12383200000.0,1543400000.0,10839800000.0,338373566.0,-15700000.0,-58300000.0,-9400000.0,78000000.0,-64400000.0,-7100000.0,-983200000.0,0.0,974600000.0,0.0,-2116600000.0,-2116600000.0,-2116600000.0,0.0,0.0,-0.362,4387300000.0,-1590600000.0,494000000.0,-0.024,-0.261,-0.16,-0.148,5391800000.0,0.0,9.25,0.058,0.058,643000000.0,-2512200000.0,5852900000.0,5852900000.0,0.0,-0.171,-14.727,-0.104,-0.282,55400000.0,896100000.0,1.0,36580926.0,36580926.0,,159.999,6787500000.0,370800000.0,-408100000.0,89500000.0,185.548,-609700000.0
11,WINMQ,MRT,2017-09-30,2017-09-30,2017-09-30,2021-08-25,11300000.0,12928600000.0,12577250000.0,1008800000.0,11919800000.0,0.45,13.656,-960600000.0,56500000.0,56500000.0,2945400000.0,-367800000.0,0.769,23.805,10752500000.0,202500000.0,10550000000.0,10752500000.0,0.0,1395800000.0,214200000.0,0.254,2.25,263300000.0,1659100000.0,0.293,1659100000.0,263300000.0,-586400000.0,-13.62,-13.62,-13.62,521200000.0,510950000.0,521200000.0,10810665827.0,41.0,6.516,71700000.0,1.879,1.0,2718700000.0,0.48,6208200000.0,849700000.0,16105100000.0,15621950000.0,97400000.0,0.0,0.0,0.0,12407400000.0,1311300000.0,11096100000.0,337765827.0,-4900000.0,-58300000.0,-9400000.0,90300000.0,-78900000.0,-8900000.0,-1028300000.0,0.0,1032300000.0,0.0,-367800000.0,-367800000.0,-367800000.0,0.0,0.0,-0.065,2411600000.0,307100000.0,387300000.0,-0.165,0.648,-0.918,-0.65,5523500000.0,0.0,8.85,0.06,0.06,688800000.0,-676500000.0,5664100000.0,5664100000.0,0.0,-0.029,-0.72,0.017,0.046,55000000.0,863900000.0,1.0,38165630.0,38165630.0,,148.408,6720400000.0,98900000.0,-218600000.0,91800000.0,176.085,-302500000.0
12,WINMQ,MRT,2017-06-30,2017-06-30,2017-06-30,2021-08-25,7200000.0,12706200000.0,12301000000.0,926900000.0,11779300000.0,0.448,16.541,-987200000.0,24700000.0,24700000.0,2841600000.0,-332500000.0,0.755,19.162,10497600000.0,197100000.0,10300500000.0,10497600000.0,0.0,1351400000.0,209300000.0,0.155,3.0,323000000.0,1674400000.0,0.304,1674400000.0,323000000.0,-526700000.0,-14.46,-14.46,-14.46,630200000.0,443225000.0,630200000.0,11126717900.0,34.0,6.645,-29000000.0,-0.761,1.0,2669700000.0,0.484,6077900000.0,849700000.0,15873400000.0,15330975000.0,90400000.0,0.0,0.0,0.0,12076000000.0,1227800000.0,10848200000.0,739117900.0,-16900000.0,5000000.0,9600000.0,86300000.0,-64700000.0,21100000.0,-996200000.0,0.0,958200000.0,0.0,-332500000.0,-332500000.0,-332500000.0,0.0,0.0,-0.06,2274400000.0,395300000.0,340400000.0,-0.207,1.173,-2.223,-1.342,5558200000.0,0.0,19.4,0.134,0.134,659700000.0,-575000000.0,5511300000.0,5511300000.0,0.0,-0.027,-0.75,0.021,0.059,51400000.0,822200000.0,1.0,38098861.0,38098861.0,,144.658,6628300000.0,53500000.0,-194200000.0,85300000.0,173.976,-300900000.0
13,WINMQ,MRT,2017-03-31,2017-03-31,2017-03-31,2021-08-25,8800000.0,12904200000.0,12079850000.0,963100000.0,11941100000.0,0.445,37.127,-969300000.0,51500000.0,51500000.0,2752600000.0,-262900000.0,0.74,16.863,10439100000.0,192200000.0,10246900000.0,10439100000.0,0.0,1297200000.0,215100000.0,0.11,3.0,423800000.0,1721000000.0,0.32,1721000000.0,423800000.0,-428900000.0,-12.58,-12.58,-12.58,722400000.0,367975000.0,722400000.0,10335324576.0,24.0,6.005,65000000.0,3.341,1.0,2626700000.0,0.488,6267900000.0,852700000.0,15722900000.0,15076950000.0,87000000.0,0.0,0.0,0.0,12181800000.0,1301000000.0,10880800000.0,530224576.0,-23100000.0,5000000.0,9600000.0,-16200000.0,-67400000.0,-84100000.0,-973300000.0,0.0,1034300000.0,0.0,-262900000.0,-262900000.0,-262900000.0,0.0,0.0,-0.049,2179300000.0,447400000.0,335800000.0,-0.238,0.734,-2.017,-2.166,5575600000.0,0.0,27.25,0.099,0.099,654800000.0,-506900000.0,5379300000.0,5379300000.0,0.0,-0.022,-0.714,0.028,0.079,44700000.0,792700000.0,1.0,19457783.0,19457783.0,,276.46,6636300000.0,0.0,-166000000.0,179100000.0,341.061,-337900000.0
14,WINMQ,MRT,2016-12-31,2016-12-31,2016-12-31,2021-08-25,5900000.0,11770000000.0,12006600000.0,866900000.0,10903100000.0,0.449,8.844,-983500000.0,59100000.0,59100000.0,2745700000.0,-383500000.0,0.691,68.235,9864200000.0,183600000.0,9680600000.0,9864200000.0,0.0,1263500000.0,178100000.0,0.082,3.0,337100000.0,1600600000.0,0.297,1600600000.0,337100000.0,-523500000.0,-20.53,-20.53,-20.53,170000000.0,271800000.0,170000000.0,10549420406.0,31.0,6.591,24300000.0,1.264,1.0,2641300000.0,0.49,5534100000.0,860600000.0,14786400000.0,15215625000.0,77500000.0,0.0,0.0,0.0,11600000000.0,1254600000.0,10345400000.0,704520406.0,27800000.0,0.0,-28900000.0,104500000.0,-58600000.0,10000000.0,-990000000.0,0.0,1007800000.0,0.0,-383500000.0,-383500000.0,-383500000.0,0.0,0.0,-0.071,2080300000.0,561000000.0,390200000.0,-0.146,4.144,-1.837,-1.785,5283500000.0,0.0,36.65,0.131,0.131,618600000.0,-395600000.0,5387000000.0,5387000000.0,0.0,-0.032,-1.411,0.022,0.063,41600000.0,782700000.0,1.0,19222931.0,19222931.0,,280.238,6235900000.0,0.0,-140000000.0,229500000.0,324.399,-387700000.0
15,WINMQ,MRT,2016-09-30,2016-09-30,2016-09-30,2021-08-25,-10300000.0,11823600000.0,12193625000.0,921000000.0,10902600000.0,0.451,13.001,-1058000000.0,61400000.0,61400000.0,2814400000.0,-156100000.0,0.802,46.238,9906300000.0,177900000.0,9728400000.0,9906300000.0,0.0,1267500000.0,183900000.0,0.06,3.0,748300000.0,2015800000.0,0.366,2015800000.0,748300000.0,-129600000.0,-9.15,-9.15,-9.15,250300000.0,305900000.0,250300000.0,10748160979.0,14.0,5.332,-165600000.0,-8.601,1.0,2690500000.0,0.489,5578900000.0,877900000.0,14941200000.0,15475275000.0,80300000.0,0.0,0.0,0.0,11573300000.0,1148400000.0,10424900000.0,967460979.0,-35800000.0,574200000.0,-55100000.0,-345600000.0,-59200000.0,-425300000.0,-502900000.0,0.0,892400000.0,0.0,-156100000.0,-156100000.0,-156100000.0,0.0,0.0,-0.028,2117100000.0,573400000.0,327800000.0,-0.328,3.865,-6.198,-5.492,5238800000.0,0.0,50.25,0.176,0.176,649700000.0,-308700000.0,5504900000.0,5504900000.0,0.0,-0.013,-0.51,0.048,0.136,44200000.0,800800000.0,1.0,19252955.0,19252955.0,,285.925,6244700000.0,0.0,26500000.0,277300000.0,324.35,-227400000.0
16,WINMQ,MRT,2016-06-30,2016-06-30,2016-06-30,2021-08-25,-7000000.0,11821600000.0,12488825000.0,871700000.0,10949900000.0,0.453,17.091,-1115100000.0,41600000.0,41600000.0,2860800000.0,-97100000.0,0.778,34.91,9822300000.0,172300000.0,9650000000.0,9822300000.0,0.0,1297000000.0,193200000.0,0.065,3.0,844000000.0,2141000000.0,0.378,2141000000.0,844000000.0,-47700000.0,-5.95,-5.95,-5.95,329200000.0,286900000.0,329200000.0,11379594043.0,13.0,5.315,-44000000.0,-2.284,1.0,2797800000.0,0.494,5625000000.0,891700000.0,14857300000.0,15874125000.0,70700000.0,0.0,0.0,0.0,11492400000.0,1120000000.0,10372400000.0,892794043.0,-5400000.0,574200000.0,-75100000.0,-405700000.0,-56100000.0,-503000000.0,-573500000.0,0.0,1071100000.0,0.0,-97100000.0,-97100000.0,-97100000.0,0.0,0.0,-0.017,2175300000.0,622500000.0,342200000.0,-0.504,2.712,-9.195,-7.79,5239300000.0,0.0,46.35,0.158,0.158,628500000.0,-242500000.0,5658600000.0,5658600000.0,0.0,-0.008,-0.338,0.053,0.149,49600000.0,826500000.0,1.0,19262007.0,19262007.0,,293.77,6196600000.0,0.0,49400000.0,317700000.0,321.701,-248300000.0
17,WINMQ,MRT,2016-03-31,2016-03-31,2016-03-31,2021-08-25,-5900000.0,12611200000.0,12834525000.0,940000000.0,11671200000.0,0.446,18.448,-1123600000.0,74600000.0,74600000.0,2893000000.0,-209800000.0,0.818,36.344,10561400000.0,168500000.0,10392900000.0,10561400000.0,0.0,1330600000.0,193900000.0,0.073,2.8,694700000.0,2025300000.0,0.354,2025300000.0,694700000.0,-197100000.0,-11.65,-11.65,-11.65,337700000.0,313350000.0,337700000.0,10995230125.0,16.0,5.429,-213600000.0,-11.669,1.0,2827100000.0,0.494,5670800000.0,891800000.0,16277600000.0,16356925000.0,79400000.0,653800000.0,0.0,653800000.0,12273500000.0,1149600000.0,11123900000.0,702930125.0,600000.0,574200000.0,-75100000.0,-1082300000.0,-232600000.0,-322500000.0,-586900000.0,0.0,910000000.0,0.0,-209800000.0,-209800000.0,-209800000.0,0.0,0.0,-0.037,2279900000.0,547200000.0,323600000.0,-0.24,2.082,-3.35,-3.296,5255700000.0,0.0,38.4,0.123,0.123,636100000.0,-244000000.0,5720100000.0,5720100000.0,0.0,-0.016,-0.67,0.042,0.121,54200000.0,845300000.0,1.0,18305472.0,18305472.0,,312.48,6940400000.0,0.0,12700000.0,326500000.0,379.143,-209600000.0
18,WINMQ,MRT,2015-12-31,2015-12-31,2015-12-31,2021-08-25,-284400000.0,12518100000.0,12836500000.0,875300000.0,11642800000.0,0.449,15.163,-1055300000.0,31300000.0,31300000.0,2907200000.0,27400000.0,0.691,39.855,10323600000.0,158600000.0,10165000000.0,10323600000.0,0.0,1366500000.0,193900000.0,0.102,3.3,856600000.0,2223100000.0,0.386,2223100000.0,856600000.0,43400000.0,1.2,1.2,1.2,306400000.0,252675000.0,306400000.0,11406777488.0,13.0,5.131,-28700000.0,-1.42,1.0,2858100000.0,0.496,5718300000.0,813200000.0,15825000000.0,15772275000.0,79500000.0,549200000.0,0.0,549200000.0,12211700000.0,1267100000.0,10944600000.0,650677488.0,3500000.0,574200000.0,-46200000.0,-1154300000.0,-369200000.0,-501100000.0,-522000000.0,0.0,1026600000.0,0.0,27400000.0,27400000.0,27400000.0,0.0,0.0,0.005,2348700000.0,509400000.0,430100000.0,2.75,2.124,23.747,26.833,5279800000.0,0.0,32.2,0.113,0.113,643900000.0,-12100000.0,5765300000.0,5765300000.0,0.0,0.002,0.108,0.054,0.149,55300000.0,866500000.0,1.0,20207375.0,20207375.0,,285.307,6799800000.0,0.0,16000000.0,371500000.0,336.501,-391800000.0
19,WINMQ,MRT,2015-09-30,2015-09-30,2015-09-30,2021-08-25,-311700000.0,13004400000.0,12837050000.0,1123000000.0,11881400000.0,0.45,8.378,-978200000.0,97200000.0,97200000.0,2982100000.0,-190600000.0,0.865,73.609,10853300000.0,152300000.0,10701000000.0,10853300000.0,0.0,1388000000.0,207400000.0,0.147,4.508,400900000.0,1788900000.0,0.309,1788900000.0,400900000.0,-331900000.0,-9.8,-9.8,-9.8,174300000.0,232275000.0,174300000.0,11420768795.0,28.0,6.384,132800000.0,6.384,1.0,2799300000.0,0.484,5926200000.0,732800000.0,16536600000.0,15058775000.0,81000000.0,526000000.0,0.0,526000000.0,12830100000.0,1297700000.0,11532400000.0,638668795.0,-6500000.0,-22600000.0,-20000000.0,-590300000.0,-504700000.0,-88200000.0,-1029300000.0,0.0,1111000000.0,0.0,-190600000.0,-190600000.0,-190600000.0,0.0,0.0,-0.033,2401100000.0,398200000.0,366700000.0,-0.46,3.664,-3.351,-3.133,5329700000.0,0.0,30.7,0.11,0.11,657300000.0,-152600000.0,5781400000.0,5781400000.0,0.0,-0.015,-0.821,0.027,0.069,46400000.0,892400000.0,1.0,20803544.0,20803544.0,,277.905,7078200000.0,128800000.0,-141300000.0,416000000.0,340.24,-174700000.0
20,WINMQ,MRT,2015-06-30,2015-06-30,2015-06-30,2021-08-25,-95500000.0,13204400000.0,12793850000.0,1114200000.0,12090200000.0,0.449,21.572,-872000000.0,49900000.0,49900000.0,2960100000.0,-175400000.0,0.915,29.355,10832000000.0,148700000.0,10683300000.0,10832000000.0,0.0,1386000000.0,211100000.0,0.179,5.716,348900000.0,1734900000.0,0.302,1734900000.0,348900000.0,-297100000.0,-9.05,-9.05,-9.05,435000000.0,303425000.0,435000000.0,9382763557.0,27.0,5.408,293700000.0,14.565,1.0,2778200000.0,0.484,5980900000.0,646000000.0,16788500000.0,14379700000.0,73100000.0,726400000.0,0.0,726400000.0,12769400000.0,1217100000.0,11552300000.0,643263557.0,-7800000.0,-22600000.0,0.0,-650100000.0,-643900000.0,-267100000.0,-906400000.0,0.0,1165700000.0,0.0,-175400000.0,-175400000.0,-175400000.0,0.0,0.0,-0.031,2406900000.0,371300000.0,369600000.0,-0.632,1.479,-3.667,-3.525,5291700000.0,0.0,31.9,0.112,0.112,665700000.0,-145400000.0,5738300000.0,5738300000.0,0.0,-0.014,-0.578,0.024,0.061,42400000.0,895000000.0,1.0,20165002.0,20165002.0,,284.567,7223500000.0,166300000.0,-121700000.0,475600000.0,358.22,-102900000.0
21,WINMQ,MRT,2015-03-31,2015-03-31,2015-03-31,2021-08-25,8000000.0,12619100000.0,12739175000.0,1065900000.0,11553200000.0,0.454,4.729,-822800000.0,81100000.0,81100000.0,2942800000.0,-50200000.0,0.786,131.833,8820600000.0,92500000.0,8728100000.0,8820600000.0,0.0,1388200000.0,214500000.0,0.123,7.124,457200000.0,1845400000.0,0.319,1845400000.0,457200000.0,-113800000.0,-2.75,-2.75,-2.75,95000000.0,342225000.0,95000000.0,9781561012.0,21.0,5.301,568500000.0,28.3,1.0,2840400000.0,0.491,6063300000.0,571000000.0,13939000000.0,13678200000.0,63000000.0,0.0,0.0,0.0,12524100000.0,1356300000.0,11167800000.0,1164361012.0,4000000.0,-22600000.0,0.0,60600000.0,-603500000.0,-549100000.0,-838200000.0,0.0,1391300000.0,0.0,-50200000.0,-50200000.0,-50200000.0,0.0,0.0,-0.009,2381200000.0,459200000.0,332000000.0,-2.591,12.256,-23.194,-21.077,5315000000.0,0.0,57.963,0.201,0.201,658500000.0,0.0,5783200000.0,5783200000.0,0.0,-0.004,-0.147,0.033,0.079,42900000.0,915900000.0,1.0,20088005.0,20088005.0,,287.893,6555800000.0,91700000.0,-63600000.0,1913100000.0,326.354,-290400000.0
22,WINMQ,MRT,2014-12-31,2014-12-31,2014-12-31,2021-08-25,12100000.0,12520300000.0,12894350000.0,898300000.0,11622000000.0,0.452,11.188,-786500000.0,34500000.0,34500000.0,2929900000.0,-39500000.0,0.44,54.695,8645000000.0,717500000.0,7927500000.0,8645000000.0,0.0,1386400000.0,214700000.0,0.121,7.833,507200000.0,1893600000.0,0.325,1893600000.0,507200000.0,-64600000.0,-2.25,-2.25,-2.25,224800000.0,499300000.0,224800000.0,9846505173.0,19.0,5.2,680800000.0,33.884,1.0,2899600000.0,0.497,6116800000.0,571800000.0,12971000000.0,13731600000.0,63700000.0,0.0,0.0,0.0,12295500000.0,2043000000.0,10252500000.0,1296805173.0,-20400000.0,-22600000.0,0.0,-107200000.0,-602200000.0,-718600000.0,-769100000.0,0.0,1467300000.0,0.0,-39500000.0,-39500000.0,-39500000.0,0.0,0.0,-0.007,2392500000.0,507100000.0,403300000.0,-3.481,5.769,-32.831,-28.686,5412300000.0,0.0,64.543,0.222,0.222,635500000.0,-39500000.0,5829500000.0,5829500000.0,0.0,-0.003,-0.079,0.037,0.087,41800000.0,929800000.0,1.0,20092112.0,20092112.0,,290.139,6403500000.0,0.0,-25100000.0,1868400000.0,318.707,-1144700000.0
23,WINMQ,MRT,2014-09-30,2014-09-30,2014-09-30,2021-08-25,21100000.0,12831600000.0,13125425000.0,1028100000.0,11803500000.0,0.448,22.843,-727700000.0,111400000.0,111400000.0,2783000000.0,156400000.0,0.732,26.962,8661100000.0,92500000.0,8568600000.0,8661100000.0,0.0,1372600000.0,216700000.0,0.093,7.833,811000000.0,2183600000.0,0.371,2183600000.0,811000000.0,235200000.0,7.8,7.8,7.8,458900000.0,653225000.0,458900000.0,10319205945.0,13.0,4.726,743600000.0,37.015,1.0,3094800000.0,0.527,6157100000.0,575800000.0,13820300000.0,14063125000.0,68100000.0,0.0,0.0,0.0,12372700000.0,1403900000.0,10968800000.0,1696305945.0,30300000.0,30000000.0,0.0,-239900000.0,-600600000.0,-849200000.0,-591800000.0,0.0,1471300000.0,0.0,156400000.0,156400000.0,156400000.0,-5300000.0,0.0,0.027,2281700000.0,813100000.0,509200000.0,1.004,3.696,10.846,10.826,5456300000.0,0.0,84.439,0.289,0.289,617300000.0,0.0,5877800000.0,5877800000.0,0.0,0.012,0.239,0.058,0.138,49200000.0,850600000.0,1.0,20089129.0,20089129.0,,292.586,6674500000.0,90500000.0,78800000.0,1970100000.0,332.244,-375800000.0
24,WINMQ,MRT,2014-06-30,2014-06-30,2014-06-30,2021-08-25,15500000.0,12985700000.0,13289200000.0,1031000000.0,11954700000.0,0.446,29.38,-727600000.0,62700000.0,62700000.0,2750600000.0,179000000.0,0.734,21.002,8685600000.0,92500000.0,8593100000.0,8685600000.0,0.0,1362500000.0,220900000.0,0.1,7.833,858800000.0,2221300000.0,0.375,2221300000.0,858800000.0,277600000.0,8.95,8.95,8.95,590200000.0,752200000.0,590200000.0,10192937711.0,12.0,4.589,760800000.0,37.872,1.0,3170200000.0,0.535,6220800000.0,581200000.0,13982500000.0,14202925000.0,64500000.0,0.0,0.0,0.0,12395500000.0,1405300000.0,10990200000.0,1567237711.0,-23500000.0,30000000.0,0.0,-321900000.0,-598200000.0,-929900000.0,-582000000.0,0.0,1488400000.0,0.0,179000000.0,179000000.0,179000000.0,-5300000.0,0.0,0.03,2289100000.0,881100000.0,513700000.0,0.875,2.655,8.756,8.717,5540700000.0,0.0,78.016,0.265,0.265,630900000.0,0.0,5920800000.0,5920800000.0,0.0,0.013,0.238,0.06,0.145,49800000.0,875300000.0,1.0,20088670.0,20088670.0,,294.733,6764900000.0,116100000.0,98600000.0,1992900000.0,336.752,-374300000.0
25,WINMQ,MRT,2014-03-31,2014-03-31,2014-03-31,2021-08-25,19300000.0,13239800000.0,13452500000.0,1143400000.0,12096400000.0,0.443,36.407,-750500000.0,80600000.0,80600000.0,2740300000.0,204700000.0,0.801,17.305,8706300000.0,88700000.0,8617600000.0,8706300000.0,0.0,1350900000.0,222000000.0,0.121,7.833,918000000.0,2268900000.0,0.381,2268900000.0,918000000.0,317300000.0,10.1,10.1,10.1,723300000.0,841175000.0,723300000.0,9931562180.0,11.0,4.377,784100000.0,39.468,1.0,3216200000.0,0.54,6285900000.0,600700000.0,14152600000.0,14370775000.0,70400000.0,0.0,0.0,0.0,12516500000.0,1427000000.0,11089500000.0,1282262180.0,15600000.0,30000000.0,0.0,-316200000.0,-595700000.0,-922300000.0,-596700000.0,0.0,1534600000.0,0.0,204700000.0,204700000.0,204700000.0,-5700000.0,0.0,0.034,2275300000.0,940900000.0,506900000.0,0.776,1.773,6.264,6.39,5610100000.0,0.0,64.543,0.215,0.215,632700000.0,0.0,5956500000.0,5956500000.0,0.0,0.015,0.243,0.064,0.154,46200000.0,875700000.0,1.0,19866789.0,19866789.0,,299.822,6953900000.0,191600000.0,112600000.0,2057300000.0,350.026,-283600000.0
26,WINMQ,MRT,2013-12-31,2013-12-31,2013-12-31,2021-08-25,28500000.0,13444600000.0,13573425000.0,1184800000.0,12259800000.0,0.441,42.302,-841000000.0,57900000.0,57900000.0,2725100000.0,241000000.0,0.82,14.996,8707200000.0,85000000.0,8622200000.0,8707200000.0,0.0,1341500000.0,223500000.0,0.125,7.833,974000000.0,2315500000.0,0.387,2315500000.0,974000000.0,346300000.0,12.05,12.05,12.05,840500000.0,916325000.0,840500000.0,10001858434.0,10.0,4.32,678400000.0,34.143,1.0,3263000000.0,0.545,6351500000.0,627700000.0,14297100000.0,14323675000.0,67700000.0,0.0,0.0,0.0,12604100000.0,1445300000.0,11158800000.0,1241958434.0,-83800000.0,30000000.0,0.0,-295300000.0,-593600000.0,-895600000.0,-707600000.0,0.0,1519400000.0,0.0,241000000.0,241000000.0,241000000.0,-6000000.0,0.0,0.04,2254000000.0,1009000000.0,536600000.0,0.65,1.478,5.153,5.187,5702600000.0,0.0,62.507,0.207,0.207,635300000.0,0.0,5988100000.0,5988100000.0,0.0,0.018,0.263,0.068,0.163,44900000.0,874300000.0,1.0,19869110.0,19869110.0,,301.377,7093100000.0,241500000.0,105300000.0,2142600000.0,356.991,-260500000.0
27,WINMQ,MRT,2013-09-30,2013-09-30,2013-09-30,2021-08-25,19000000.0,13486700000.0,13707775000.0,1084600000.0,12402100000.0,0.439,43.258,-957800000.0,86900000.0,86900000.0,2823000000.0,132400000.0,0.755,14.778,8846800000.0,86000000.0,8760800000.0,8846800000.0,0.0,1339400000.0,223600000.0,0.125,7.833,819400000.0,2158800000.0,0.359,2158800000.0,819400000.0,180000000.0,6.3,6.3,6.3,854800000.0,982400000.0,854800000.0,10088005232.0,12.0,4.673,736900000.0,37.292,1.0,3195100000.0,0.531,6431400000.0,639400000.0,14379500000.0,14244075000.0,68500000.0,0.0,0.0,0.0,12631900000.0,1435700000.0,11196200000.0,1236705232.0,-41400000.0,6100000.0,0.0,-214900000.0,-592100000.0,-812000000.0,-924100000.0,0.0,1694700000.0,0.0,132400000.0,132400000.0,132400000.0,-2300000.0,0.0,0.022,2344500000.0,850600000.0,540200000.0,1.243,1.447,9.341,9.934,5781000000.0,0.0,62.585,0.205,0.205,634800000.0,0.0,6018100000.0,6018100000.0,0.0,0.01,0.135,0.058,0.136,57900000.0,965400000.0,1.0,19760410.0,19760410.0,,304.553,7055300000.0,115200000.0,47600000.0,1914700000.0,357.042,-351100000.0
28,WINMQ,MRT,2013-06-30,2013-06-30,2013-06-30,2021-08-25,24500000.0,13638900000.0,13843200000.0,1113800000.0,12525100000.0,0.438,47.883,-1071300000.0,93400000.0,93400000.0,2860200000.0,148600000.0,0.836,13.416,8944700000.0,76800000.0,8867900000.0,8944700000.0,0.0,1327400000.0,226000000.0,0.13,7.833,851400000.0,2178800000.0,0.359,2178800000.0,851400000.0,205400000.0,7.2,7.2,7.2,946100000.0,1079850000.0,946100000.0,10116669024.0,12.0,4.643,582100000.0,29.46,1.0,3204800000.0,0.528,6503900000.0,646000000.0,14653900000.0,14063325000.0,69900000.0,0.0,0.0,0.0,12692800000.0,1332400000.0,11360400000.0,1193269024.0,40800000.0,6100000.0,0.0,64000000.0,-590800000.0,-529000000.0,-1083600000.0,0.0,1653400000.0,0.0,148600000.0,148600000.0,148600000.0,-2300000.0,0.0,0.025,2337200000.0,867600000.0,329900000.0,1.088,1.261,8.03,8.388,5835400000.0,0.0,60.392,0.197,0.197,613500000.0,0.0,6065000000.0,6065000000.0,0.0,0.011,0.138,0.061,0.14,52300000.0,951700000.0,1.0,19758727.0,19758727.0,,306.953,7135000000.0,148000000.0,56800000.0,1930300000.0,361.106,-218600000.0
29,WINMQ,MRT,2013-03-31,2013-03-31,2013-03-31,2021-08-25,700000.0,13723500000.0,13915275000.0,1114600000.0,12608900000.0,0.438,52.02,-1118600000.0,73300000.0,73300000.0,2877500000.0,159900000.0,0.53,12.403,8996700000.0,888000000.0,8108700000.0,8996700000.0,0.0,1315000000.0,223200000.0,0.126,7.833,861800000.0,2176800000.0,0.357,2176800000.0,861800000.0,224300000.0,8.1,8.1,8.1,1023900000.0,1177675000.0,1023900000.0,10060598986.0,12.0,4.622,524800000.0,26.663,1.0,3220200000.0,0.528,6577800000.0,637500000.0,13964200000.0,14032750000.0,71400000.0,0.0,0.0,0.0,12699600000.0,2104900000.0,10594700000.0,1222598986.0,-9800000.0,6100000.0,0.0,99900000.0,-589600000.0,-492700000.0,-1160500000.0,0.0,1643400000.0,0.0,159900000.0,159900000.0,159900000.0,-1400000.0,0.0,0.026,2346200000.0,874000000.0,301500000.0,0.967,1.194,7.646,7.669,5858200000.0,0.0,62.115,0.201,0.201,594100000.0,0.0,6097700000.0,6097700000.0,0.0,0.011,0.136,0.061,0.141,48200000.0,952700000.0,1.0,19682830.0,19682830.0,,309.798,7145700000.0,171600000.0,64400000.0,1911400000.0,363.042,-990300000.0
30,WINMQ,MRT,2012-12-31,2012-12-31,2012-12-31,2021-08-25,6400000.0,13982000000.0,13976000000.0,1310500000.0,12671500000.0,0.439,56.355,-1101200000.0,158500000.0,158500000.0,2898800000.0,168000000.0,0.605,11.656,8965800000.0,866000000.0,8099800000.0,8965800000.0,0.0,1297600000.0,219600000.0,0.121,7.833,891300000.0,2188900000.0,0.357,2188900000.0,891300000.0,266200000.0,8.4,8.4,8.4,1104800000.0,1278225000.0,1104800000.0,10147553438.0,11.0,4.636,676400000.0,34.503,1.0,3240700000.0,0.528,6642700000.0,625100000.0,13978700000.0,14167550000.0,75000000.0,0.0,0.0,0.0,12877200000.0,2167900000.0,10709300000.0,1271453438.0,-95000000.0,6100000.0,0.0,-183600000.0,-588000000.0,-770900000.0,-1101700000.0,0.0,1777600000.0,0.0,168000000.0,168000000.0,168000000.0,-900000.0,0.0,0.027,2356800000.0,883900000.0,363700000.0,0.932,1.151,7.568,7.721,5861800000.0,0.0,64.856,0.207,0.207,609000000.0,0.0,6139500000.0,6139500000.0,0.0,0.012,0.131,0.063,0.145,43200000.0,967300000.0,1.0,19604253.0,19604253.0,,313.172,7339300000.0,272700000.0,98200000.0,2001100000.0,374.373,-857400000.0
31,WINMQ,MRT,2012-09-30,2012-09-30,2012-09-30,2021-08-25,-600000.0,14028400000.0,14078525000.0,1213500000.0,12814900000.0,0.414,63.501,-1004900000.0,154700000.0,154700000.0,2772700000.0,123500000.0,0.497,10.271,9030800000.0,1182500000.0,7848300000.0,9030800000.0,0.0,1200200000.0,224800000.0,0.099,7.833,807700000.0,2007900000.0,0.345,2007900000.0,807700000.0,201100000.0,5.7,5.7,5.7,1244600000.0,1375850000.0,1244600000.0,10343853182.0,13.0,5.152,551100000.0,28.118,1.0,3049100000.0,0.524,6805600000.0,606600000.0,13656500000.0,14383825000.0,74400000.0,0.0,0.0,0.0,12783800000.0,2442400000.0,10341400000.0,1549053182.0,80500000.0,71400000.0,0.0,27700000.0,-569400000.0,-540600000.0,-934900000.0,0.0,1556000000.0,0.0,123500000.0,123500000.0,123500000.0,100000.0,0.0,0.021,2238000000.0,811100000.0,320000000.0,1.374,1.245,12.543,13.866,5824900000.0,0.0,79.034,0.266,0.266,632900000.0,0.0,5821800000.0,5821800000.0,0.0,0.009,0.09,0.056,0.139,26000000.0,923600000.0,1.0,19599833.0,19599833.0,,297.033,7222800000.0,150600000.0,77600000.0,1950100000.0,368.513,-1228900000.0
32,WINMQ,MRT,2012-06-30,2012-06-30,2012-06-30,2021-08-25,5400000.0,13927200000.0,13426200000.0,1111900000.0,12815300000.0,0.395,68.193,-874600000.0,65300000.0,65300000.0,2435300000.0,154800000.0,0.854,9.414,8860100000.0,65800000.0,8794300000.0,8860100000.0,0.0,1077600000.0,225700000.0,0.104,7.833,831700000.0,1909300000.0,0.36,1909300000.0,831700000.0,246300000.0,7.8,7.8,7.8,1337400000.0,1270350000.0,1337400000.0,10248264873.0,12.0,5.368,604300000.0,30.813,1.0,2864300000.0,0.54,6888700000.0,585400000.0,14531600000.0,14031925000.0,70700000.0,0.0,0.0,0.0,12589800000.0,1301700000.0,11288100000.0,1483964873.0,-14600000.0,71400000.0,0.0,-163000000.0,-549800000.0,-717000000.0,-776500000.0,0.0,1478900000.0,0.0,154800000.0,154800000.0,154800000.0,100000.0,0.0,0.029,2012500000.0,851800000.0,306200000.0,1.004,1.11,9.586,9.701,5759500000.0,0.0,75.666,0.28,0.28,595700000.0,0.0,5299600000.0,5299600000.0,0.0,0.012,0.122,0.059,0.157,26400000.0,825100000.0,1.0,19612043.0,19612043.0,,270.222,7038500000.0,189800000.0,91500000.0,1968900000.0,358.887,-189800000.0
33,WINMQ,MRT,2012-03-31,2012-03-31,2012-03-31,2021-08-25,6600000.0,13966400000.0,12776700000.0,1132800000.0,12833600000.0,0.375,72.949,-769600000.0,89800000.0,89800000.0,2119200000.0,200500000.0,0.885,8.793,8854100000.0,66100000.0,8788000000.0,8854100000.0,0.0,954400000.0,217200000.0,0.085,7.833,888300000.0,1842700000.0,0.384,1842700000.0,888300000.0,320000000.0,10.8,10.8,10.8,1426100000.0,1136100000.0,1426100000.0,10694805846.0,12.0,5.804,685700000.0,35.076,1.0,2675700000.0,0.558,6947200000.0,568300000.0,14503400000.0,13408875000.0,68200000.0,0.0,0.0,0.0,12540300000.0,1280100000.0,11260200000.0,1793105846.0,28400000.0,71400000.0,0.0,-231300000.0,-530200000.0,-764900000.0,-662000000.0,0.0,1455300000.0,0.0,200500000.0,200500000.0,200500000.0,-400000.0,0.0,0.042,1758900000.0,916800000.0,330300000.0,0.725,1.257,8.943,8.493,5718200000.0,0.0,91.723,0.374,0.374,603900000.0,0.0,4794900000.0,4794900000.0,0.0,0.016,0.176,0.066,0.185,26200000.0,719200000.0,1.0,19549141.0,19549141.0,,245.274,7019200000.0,200100000.0,119500000.0,1944900000.0,359.054,-147300000.0
34,WINMQ,MRT,2011-12-31,2011-12-31,2011-12-31,2021-08-25,1900000.0,14392100000.0,12120800000.0,1518400000.0,12873700000.0,0.353,86.967,-702000000.0,248700000.0,248700000.0,1796200000.0,169500000.0,1.038,8.625,9150400000.0,213700000.0,8936700000.0,9150400000.0,0.0,847500000.0,243900000.0,0.085,7.833,827200000.0,1674700000.0,0.391,1674700000.0,827200000.0,268900000.0,9.6,9.6,9.6,1495300000.0,980775000.0,1495300000.0,8879011933.0,11.0,5.302,526800000.0,30.639,1.0,2483400000.0,0.58,6987000000.0,558300000.0,14843800000.0,12808750000.0,76500000.0,0.0,0.0,0.0,12896800000.0,1463000000.0,11433800000.0,1581111933.0,184700000.0,71400000.0,0.0,110300000.0,-509600000.0,-391900000.0,-652200000.0,0.0,1228800000.0,0.0,169500000.0,169500000.0,169500000.0,-500000.0,0.0,0.04,1520500000.0,962900000.0,296000000.0,0.816,1.057,9.328,9.579,5709200000.0,0.0,91.958,0.369,0.369,657400000.0,0.0,4279600000.0,4279600000.0,0.0,0.014,0.173,0.065,0.193,24100000.0,601900000.0,1.0,17193849.0,17193849.0,,248.903,7405100000.0,371500000.0,99400000.0,1967700000.0,430.683,55400000.0
35,WINMQ,MRT,2011-09-30,2011-09-30,2011-09-30,2021-08-25,-178100000.0,11419100000.0,11348750000.0,823400000.0,10595700000.0,0.357,48.392,-645800000.0,43500000.0,43500000.0,1541200000.0,278600000.0,0.94,12.882,7341400000.0,44800000.0,7296600000.0,7341400000.0,0.0,796500000.0,142400000.0,0.086,7.833,1004100000.0,1800600000.0,0.444,1800600000.0,1004100000.0,444200000.0,16.5,16.5,16.5,822600000.0,814700000.0,822600000.0,8858992375.0,9.0,4.92,650400000.0,38.262,1.0,2514400000.0,0.62,5592500000.0,559900000.0,12248900000.0,12069725000.0,60800000.0,0.0,0.0,0.0,10596500000.0,875600000.0,9720900000.0,1551192375.0,-120900000.0,-591900000.0,0.0,333700000.0,-501500000.0,-161500000.0,-1255600000.0,0.0,1296200000.0,0.0,278600000.0,278600000.0,278600000.0,0.0,0.0,0.069,1384500000.0,1129900000.0,171700000.0,0.475,1.886,5.568,5.53,4825600000.0,0.0,91.253,0.382,0.382,386200000.0,18600000.0,4055600000.0,4055600000.0,0.0,0.025,0.342,0.083,0.248,22200000.0,520600000.0,1.0,16998810.0,16998810.0,,238.581,5826600000.0,219200000.0,165600000.0,2094400000.0,342.765,-52200000.0
36,WINMQ,MRT,2011-06-30,2011-06-30,2011-06-30,2021-08-25,-176200000.0,11329200000.0,11027025000.0,713200000.0,10616000000.0,0.363,47.085,-582100000.0,59400000.0,59400000.0,1523800000.0,285700000.0,0.75,13.154,7367200000.0,142700000.0,7224500000.0,7367200000.0,0.0,772600000.0,146200000.0,0.077,7.833,1016000000.0,1788600000.0,0.447,1788600000.0,1016000000.0,458000000.0,17.4,17.4,17.4,800400000.0,762900000.0,800400000.0,9105841721.0,9.0,5.091,637300000.0,37.49,1.0,2474400000.0,0.619,5646700000.0,558000000.0,12039400000.0,11739675000.0,56400000.0,0.0,0.0,0.0,10528800000.0,950900000.0,9577900000.0,1725641721.0,-1400000.0,-591900000.0,0.0,448000000.0,-494700000.0,-35800000.0,-1185000000.0,0.0,1219400000.0,0.0,285700000.0,285700000.0,285700000.0,0.0,0.0,0.071,1351600000.0,1122800000.0,172000000.0,0.45,2.156,6.04,5.834,4804200000.0,0.0,101.514,0.432,0.432,371700000.0,75900000.0,3998200000.0,3998200000.0,0.0,0.026,0.374,0.087,0.254,20900000.0,520300000.0,1.0,16999052.0,16999052.0,,235.201,5682500000.0,110200000.0,172300000.0,1949800000.0,334.283,-237700000.0
37,WINMQ,MRT,2011-03-31,2011-03-31,2011-03-31,2021-08-25,-199700000.0,11342800000.0,10716525000.0,701200000.0,10641600000.0,0.363,47.876,-510000000.0,42800000.0,42800000.0,1476400000.0,268000000.0,0.759,13.094,7423000000.0,137700000.0,7285300000.0,7423000000.0,0.0,743500000.0,150300000.0,0.078,7.833,976600000.0,1720100000.0,0.443,1720100000.0,976600000.0,431400000.0,16.8,16.8,16.8,804800000.0,723250000.0,804800000.0,8979429882.0,9.0,5.22,620100000.0,36.889,1.0,2409400000.0,0.62,5696700000.0,545200000.0,12102900000.0,11456475000.0,45400000.0,0.0,0.0,0.0,10538000000.0,923400000.0,9614600000.0,1695929882.0,-544300000.0,-845500000.0,0.0,173300000.0,-481300000.0,-312500000.0,-1361900000.0,0.0,1130100000.0,0.0,268000000.0,268000000.0,268000000.0,0.0,0.0,0.069,1330800000.0,1078600000.0,170500000.0,0.466,2.107,6.328,6.005,4782800000.0,0.0,100.888,0.436,0.436,370500000.0,110200000.0,3885800000.0,3885800000.0,0.0,0.025,0.371,0.085,0.251,18800000.0,516500000.0,1.0,16810026.0,16810026.0,,231.16,5646100000.0,124100000.0,163400000.0,1895200000.0,335.877,-222200000.0
38,WINMQ,MRT,2010-12-31,2010-12-31,2010-12-31,2021-08-25,-24100000.0,11303900000.0,10212675000.0,687700000.0,10616200000.0,0.363,51.54,-412000000.0,42300000.0,42300000.0,1406800000.0,312700000.0,0.695,12.603,7325800000.0,139200000.0,7186600000.0,7325800000.0,0.0,693700000.0,150200000.0,0.072,7.833,1030000000.0,1723700000.0,0.465,1723700000.0,1030000000.0,508300000.0,19.8,19.8,19.8,831000000.0,622775000.0,831000000.0,8291618383.0,8.0,4.81,679300000.0,42.132,1.0,2303900000.0,0.621,5709700000.0,521700000.0,11887700000.0,10998875000.0,52500000.0,0.0,0.0,0.0,10472900000.0,990000000.0,9482900000.0,1760518383.0,-1020600000.0,-1043900000.0,0.0,-175800000.0,-464600000.0,-657600000.0,-1454300000.0,0.0,1091300000.0,0.0,312700000.0,312700000.0,312700000.0,0.0,0.0,0.084,1270400000.0,1033500000.0,151300000.0,0.396,2.119,5.63,5.515,4764200000.0,0.0,109.191,0.474,0.474,373900000.0,0.0,3710700000.0,3710700000.0,0.0,0.031,0.502,0.094,0.278,17000000.0,491700000.0,1.0,16123292.0,16123292.0,,230.145,5594200000.0,107700000.0,195600000.0,1777500000.0,346.964,-302300000.0
39,WINMQ,MRT,2010-09-30,2010-09-30,2010-09-30,2021-08-25,-208600000.0,10132200000.0,9673050000.0,706800000.0,9425400000.0,0.36,38.21,-352800000.0,155200000.0,155200000.0,1226800000.0,377800000.0,0.817,15.464,6686300000.0,130500000.0,6555800000.0,6686300000.0,0.0,642200000.0,121100000.0,0.081,7.833,1104900000.0,1747100000.0,0.501,1747100000.0,1104900000.0,610800000.0,25.2,25.2,25.2,615400000.0,480200000.0,615400000.0,8089018948.0,7.0,4.63,726900000.0,45.133,1.0,2258300000.0,0.648,4870000000.0,494100000.0,10928700000.0,10544625000.0,33600000.0,0.0,0.0,0.0,9516800000.0,864600000.0,8652200000.0,1550418948.0,-134800000.0,-647300000.0,-77800000.0,319100000.0,-452600000.0,-217500000.0,-997000000.0,0.0,1079700000.0,0.0,377800000.0,377800000.0,377800000.0,0.0,0.0,0.108,1148900000.0,1109400000.0,137200000.0,0.311,2.519,4.104,3.82,4438700000.0,0.0,96.266,0.445,0.445,348500000.0,267800000.0,3485100000.0,3485100000.0,0.0,0.039,0.787,0.105,0.317,15300000.0,432800000.0,1.0,16105572.0,16105572.0,,216.391,5262200000.0,21300000.0,233000000.0,1635200000.0,326.732,-157800000.0
40,WINMQ,MRT,2010-06-30,2010-06-30,2010-06-30,2021-08-25,-212700000.0,10087200000.0,9082025000.0,578100000.0,9509100000.0,0.358,42.167,-306800000.0,53500000.0,53500000.0,1133900000.0,372600000.0,0.735,14.717,6592100000.0,28100000.0,6564000000.0,6592100000.0,0.0,596100000.0,122100000.0,0.095,7.833,1060900000.0,1657000000.0,0.509,1657000000.0,1060900000.0,601600000.0,25.2,25.2,25.2,641800000.0,373800000.0,641800000.0,6973861795.0,7.0,4.209,762200000.0,50.077,1.0,2119700000.0,0.651,4932600000.0,459300000.0,10906600000.0,10026975000.0,35100000.0,0.0,0.0,0.0,9445400000.0,786600000.0,8658800000.0,1258961795.0,-191900000.0,-647300000.0,-88500000.0,233200000.0,-441200000.0,-310200000.0,-950700000.0,0.0,1069000000.0,0.0,372600000.0,372600000.0,372600000.0,0.0,0.0,0.115,1055100000.0,1064600000.0,182300000.0,0.311,1.962,3.379,3.282,4468400000.0,0.0,82.715,0.387,0.387,343000000.0,303500000.0,3253600000.0,3253600000.0,0.0,0.041,0.997,0.106,0.326,14300000.0,388300000.0,1.0,15220477.0,15220477.0,,213.765,5154600000.0,29500000.0,229000000.0,1622600000.0,338.662,-208500000.0
41,WINMQ,MRT,2010-03-31,2010-03-31,2010-03-31,2021-08-25,-210600000.0,9327400000.0,8507600000.0,1016400000.0,8311000000.0,0.363,26.454,-284600000.0,580100000.0,580100000.0,1067400000.0,384400000.0,1.409,22.151,6295000000.0,28300000.0,6266700000.0,6295000000.0,0.0,561700000.0,110500000.0,0.092,7.833,1052600000.0,1614300000.0,0.523,1614300000.0,1052600000.0,619100000.0,26.4,26.4,26.4,402900000.0,269950000.0,402900000.0,6531445037.0,6.0,4.046,783500000.0,51.443,1.0,2021800000.0,0.654,4048400000.0,433500000.0,10272500000.0,9513625000.0,31900000.0,0.0,0.0,0.0,8924500000.0,721400000.0,8203100000.0,1299145037.0,267900000.0,-393700000.0,-100600000.0,412300000.0,-436700000.0,-123100000.0,-677100000.0,0.0,1068100000.0,0.0,384400000.0,384400000.0,384400000.0,0.0,0.0,0.124,967000000.0,1054800000.0,178700000.0,0.297,3.224,3.38,3.231,4167200000.0,0.0,85.3,0.421,0.421,321000000.0,345400000.0,3089200000.0,3089200000.0,0.0,0.045,1.424,0.111,0.341,15700000.0,350400000.0,1.0,15230305.0,15230305.0,,202.832,5279000000.0,27300000.0,234700000.0,1500100000.0,346.612,295000000.0
42,WINMQ,MRT,2009-12-31,2009-12-31,2009-12-31,2021-08-25,-208300000.0,9145400000.0,8152000000.0,1456000000.0,7689400000.0,0.368,18.299,-286900000.0,1062900000.0,1062900000.0,1041700000.0,398500000.0,2.053,34.08,6295200000.0,23800000.0,6271400000.0,6295200000.0,0.0,538300000.0,95200000.0,0.091,7.833,1059500000.0,1597800000.0,0.533,1597800000.0,1059500000.0,649300000.0,27.3,27.3,27.3,260700000.0,225025000.0,260700000.0,6159483056.0,6.0,3.855,822700000.0,57.748,1.0,1954600000.0,0.652,3597700000.0,410200000.0,10070700000.0,9218200000.0,26100000.0,0.0,0.0,0.0,8884700000.0,709300000.0,8175400000.0,1226383056.0,766300000.0,-195300000.0,-121300000.0,693200000.0,-437400000.0,138300000.0,-481600000.0,0.0,1109600000.0,0.0,398500000.0,398500000.0,398500000.0,0.0,0.0,0.133,894000000.0,1060600000.0,120700000.0,0.287,4.704,3.077,3.153,3992600000.0,0.0,86.084,0.409,0.409,291700000.0,385400000.0,2996300000.0,2996300000.0,0.0,0.049,1.771,0.115,0.354,17400000.0,324100000.0,1.0,14246353.0,14246353.0,,210.32,5547700000.0,38000000.0,250800000.0,1432600000.0,389.412,746700000.0
43,WINMQ,MRT,2009-09-30,2009-09-30,2009-09-30,2021-08-25,-292800000.0,7768100000.0,7867975000.0,678600000.0,7089500000.0,0.384,13.038,-304800000.0,290000000.0,290000000.0,1137600000.0,340100000.0,1.186,39.928,5223100000.0,24100000.0,5199000000.0,5223100000.0,0.0,522700000.0,92000000.0,0.099,7.833,981500000.0,1504200000.0,0.498,1504200000.0,981500000.0,582000000.0,23.4,23.4,23.4,189800000.0,222925000.0,189800000.0,6135852656.0,6.0,4.079,787200000.0,54.077,1.0,1882100000.0,0.623,3271000000.0,399500000.0,8858100000.0,8975400000.0,23500000.0,0.0,0.0,0.0,7578300000.0,572100000.0,7006200000.0,1155052656.0,178400000.0,56700000.0,-43500000.0,-174300000.0,-438500000.0,-664600000.0,-249000000.0,0.0,1092000000.0,0.0,340100000.0,340100000.0,340100000.0,9700000.0,0.0,0.113,883100000.0,999000000.0,131900000.0,0.335,6.086,3.396,3.391,3751800000.0,0.0,79.347,0.383,0.383,294700000.0,419000000.0,3019700000.0,3019700000.0,0.0,0.043,1.526,0.109,0.325,18900000.0,343700000.0,1.0,14556980.0,14556980.0,,207.44,4497100000.0,16500000.0,241900000.0,1220800000.0,308.931,106500000.0
44,WINMQ,MRT,2009-06-30,2009-06-30,2009-06-30,2021-08-25,-298700000.0,7789500000.0,7941000000.0,628700000.0,7160800000.0,0.388,15.551,-323700000.0,245400000.0,245400000.0,1162500000.0,366000000.0,1.003,33.406,5226200000.0,24200000.0,5202000000.0,5226200000.0,0.0,512700000.0,92200000.0,0.12,7.833,1031000000.0,1543700000.0,0.501,1543700000.0,1031000000.0,625700000.0,25.2,25.2,25.2,226400000.0,310625000.0,226400000.0,6020430773.0,6.0,3.9,749000000.0,51.448,1.0,1917000000.0,0.623,3290100000.0,405300000.0,8853200000.0,9101950000.0,31000000.0,0.0,0.0,0.0,7563100000.0,627000000.0,6936100000.0,953330773.0,185800000.0,56700000.0,-32800000.0,-144300000.0,-439200000.0,-620000000.0,-266900000.0,0.0,1072700000.0,0.0,366000000.0,366000000.0,366000000.0,8100000.0,0.0,0.119,872800000.0,1044200000.0,119800000.0,0.311,4.211,2.605,2.599,3798800000.0,0.0,65.483,0.31,0.31,296200000.0,447700000.0,3079500000.0,3079500000.0,0.0,0.046,1.178,0.113,0.335,19500000.0,350900000.0,1.0,14558447.0,14558447.0,,211.527,4499400000.0,19000000.0,259700000.0,1165800000.0,309.058,1700000.0
45,WINMQ,MRT,2009-03-31,2009-03-31,2009-03-31,2021-08-25,-326500000.0,7905000000.0,8003750000.0,687200000.0,7217800000.0,0.391,15.18,-324500000.0,312200000.0,312200000.0,1173500000.0,377200000.0,1.204,34.417,5379300000.0,24200000.0,5355100000.0,5379300000.0,0.0,503700000.0,93000000.0,0.124,7.833,1062000000.0,1565700000.0,0.501,1565700000.0,1062000000.0,650900000.0,25.8,25.8,25.8,223200000.0,379600000.0,223200000.0,6014162267.0,6.0,3.841,755800000.0,51.403,1.0,1953000000.0,0.625,3310300000.0,411100000.0,9090800000.0,9220900000.0,24100000.0,0.0,0.0,0.0,7681800000.0,571000000.0,7110800000.0,928262267.0,258700000.0,56700000.0,-120800000.0,10700000.0,-441500000.0,-555900000.0,-265700000.0,0.0,1080300000.0,0.0,377200000.0,377200000.0,377200000.0,24000000.0,0.0,0.121,864300000.0,1088700000.0,117000000.0,0.304,4.159,2.461,2.447,3835300000.0,0.0,63.133,0.297,0.297,287900000.0,466100000.0,3126500000.0,3126500000.0,0.0,0.047,0.994,0.115,0.34,18700000.0,348800000.0,1.0,14703281.0,14703281.0,,212.64,4594700000.0,22200000.0,273700000.0,1177100000.0,312.495,116200000.0
46,WINMQ,MRT,2008-12-31,2008-12-31,2008-12-31,2021-08-25,-336600000.0,8009300000.0,8063225000.0,708700000.0,7300600000.0,0.393,17.225,-317500000.0,296600000.0,296600000.0,1180500000.0,412700000.0,1.065,30.745,5382500000.0,24300000.0,5358200000.0,5382500000.0,0.0,494500000.0,94000000.0,0.109,7.833,1112300000.0,1606800000.0,0.507,1606800000.0,1112300000.0,695900000.0,27.9,27.9,27.9,252300000.0,472550000.0,252300000.0,6339638084.0,6.0,3.946,762900000.0,52.084,1.0,1991000000.0,0.628,3330400000.0,416400000.0,9099500000.0,9293325000.0,30800000.0,0.0,0.0,0.0,7757000000.0,665300000.0,7091700000.0,1055538084.0,224600000.0,56700000.0,-200300000.0,25700000.0,-445200000.0,-622700000.0,-233100000.0,0.0,1080400000.0,0.0,412700000.0,412700000.0,412700000.0,22200000.0,0.0,0.13,858600000.0,1132400000.0,134000000.0,0.281,4.184,2.558,2.583,3897100000.0,0.0,72.063,0.333,0.333,316600000.0,487400000.0,3171500000.0,3171500000.0,0.0,0.051,0.873,0.12,0.351,18100000.0,351200000.0,1.0,14647435.0,14647435.0,,216.523,4678900000.0,30800000.0,283200000.0,1118600000.0,319.435,43400000.0
47,WINMQ,MRT,2008-09-30,2008-09-30,2008-09-30,2021-08-25,-72100000.0,8060200000.0,8121200000.0,559600000.0,7500600000.0,0.395,36.892,-316900000.0,111600000.0,111600000.0,1211200000.0,915200000.0,0.915,13.91,5395700000.0,24300000.0,5371400000.0,5395700000.0,0.0,493700000.0,94300000.0,0.091,7.833,1603000000.0,2096700000.0,0.653,2096700000.0,1603000000.0,1179100000.0,59.1,59.1,59.1,540600000.0,584425000.0,540600000.0,6565104520.0,4.0,3.131,762800000.0,52.055,1.0,1999500000.0,0.623,3368700000.0,423900000.0,9364300000.0,9377975000.0,31000000.0,0.0,0.0,0.0,7519600000.0,611300000.0,6908300000.0,1255704520.0,43700000.0,40800000.0,-240400000.0,-94000000.0,-454400000.0,-792200000.0,-243800000.0,0.0,1079700000.0,0.0,915200000.0,915200000.0,915200000.0,11900000.0,0.0,0.285,844400000.0,1155100000.0,149900000.0,0.133,2.323,1.372,1.45,3911400000.0,0.0,85.692,0.391,0.391,329100000.0,516100000.0,3210700000.0,3210700000.0,0.0,0.113,1.566,0.171,0.499,17300000.0,342100000.0,1.0,14653696.0,14653696.0,,219.105,4691500000.0,22400000.0,263900000.0,1280500000.0,320.158,-51700000.0
48,WINMQ,MRT,2008-06-30,2008-06-30,2008-06-30,2021-08-25,-112300000.0,8040500000.0,8180500000.0,499700000.0,7540800000.0,0.396,33.69,-321000000.0,59600000.0,59600000.0,1196200000.0,927000000.0,0.781,15.007,5369000000.0,24300000.0,5344700000.0,5369000000.0,0.0,502600000.0,94700000.0,0.081,7.833,1618900000.0,2121500000.0,0.656,2121500000.0,1618900000.0,1188700000.0,59.4,59.4,59.4,502300000.0,564475000.0,502300000.0,6754811888.0,4.0,3.184,706100000.0,47.359,1.0,2039200000.0,0.63,3381400000.0,430200000.0,9329000000.0,9479000000.0,29600000.0,0.0,0.0,0.0,7538200000.0,639500000.0,6898700000.0,1441111888.0,-424200000.0,-506800000.0,-240400000.0,52000000.0,-463700000.0,-655600000.0,-795700000.0,0.0,1027100000.0,0.0,927000000.0,927000000.0,927000000.0,13300000.0,0.0,0.287,866500000.0,1172700000.0,140000000.0,0.132,2.869,1.555,1.627,3935200000.0,0.0,96.658,0.445,0.445,322200000.0,520100000.0,3235400000.0,3235400000.0,0.0,0.113,1.642,0.171,0.5,16800000.0,353900000.0,1.0,14909391.0,14909391.0,,217.004,4659100000.0,28500000.0,261700000.0,1206900000.0,312.494,-139800000.0
49,WINMQ,MRT,2008-03-31,2008-03-31,2008-03-31,2021-08-25,-123100000.0,8142900000.0,8171975000.0,498700000.0,7644200000.0,0.399,39.319,-341500000.0,53500000.0,53500000.0,1204700000.0,940900000.0,0.811,12.686,5367200000.0,24300000.0,5342900000.0,5367200000.0,0.0,505200000.0,97000000.0,0.084,7.833,1642000000.0,2147200000.0,0.658,2147200000.0,1642000000.0,1207300000.0,59.7,59.7,59.7,595000000.0,557275000.0,595000000.0,6699967235.0,4.0,3.12,692000000.0,45.729,1.0,2057500000.0,0.631,3461000000.0,434700000.0,9380500000.0,9468775000.0,30800000.0,0.0,0.0,0.0,7547900000.0,615100000.0,6932800000.0,1416467235.0,-344100000.0,-506800000.0,-140300000.0,50300000.0,-471300000.0,-564700000.0,-812900000.0,0.0,1033500000.0,0.0,940900000.0,940900000.0,940900000.0,-2600000.0,0.0,0.288,880900000.0,1176600000.0,163100000.0,0.131,2.381,1.505,1.568,3986500000.0,0.0,93.603,0.434,0.434,329400000.0,527900000.0,3262200000.0,3262200000.0,0.0,0.115,1.688,0.173,0.503,16700000.0,368200000.0,1.0,15132712.0,15132712.0,,215.573,4681900000.0,32000000.0,266400000.0,1215600000.0,309.389,-116400000.0
50,WINMQ,MRT,2007-12-31,2007-12-31,2007-12-31,2021-08-25,-103000000.0,8241200000.0,8126550000.0,528400000.0,7712800000.0,0.399,44.002,-365700000.0,72000000.0,72000000.0,1196000000.0,917100000.0,0.779,10.777,5355500000.0,24300000.0,5331200000.0,5355500000.0,0.0,507500000.0,91100000.0,0.077,7.833,1613000000.0,2120500000.0,0.653,2120500000.0,1613000000.0,1168600000.0,57.9,57.9,57.9,699800000.0,523550000.0,699800000.0,7252920352.0,4.0,3.42,668000000.0,42.003,1.0,2049900000.0,0.632,3408300000.0,444400000.0,9438100000.0,9465050000.0,29600000.0,0.0,0.0,0.0,7541400000.0,678300000.0,6863100000.0,1621920352.0,-314800000.0,-506800000.0,-40100000.0,37900000.0,-476800000.0,-481400000.0,-867100000.0,0.0,1033700000.0,0.0,917100000.0,917100000.0,917100000.0,-700000.0,0.0,0.283,900000000.0,1149900000.0,158100000.0,0.135,2.318,1.769,1.761,4030300000.0,0.0,101.984,0.5,0.5,320700000.0,516000000.0,3245900000.0,3245900000.0,0.0,0.113,1.752,0.17,0.497,15900000.0,381200000.0,1.0,15903675.0,15903675.0,,204.097,4832900000.0,32000000.0,251500000.0,1186600000.0,303.886,-149900000.0
51,WINMQ,MRT,2007-09-30,2007-09-30,2007-09-30,2021-08-25,-150600000.0,8297400000.0,8073925000.0,597700000.0,7699700000.0,0.403,28.957,-397900000.0,67900000.0,67900000.0,1157900000.0,451200000.0,0.899,17.007,5698900000.0,65200000.0,5633700000.0,5698900000.0,0.0,508700000.0,94100000.0,0.071,7.833,1153100000.0,1661800000.0,0.51,1661800000.0,1153100000.0,710900000.0,28.2,28.2,28.2,460800000.0,466050000.0,460800000.0,6765014640.0,6.0,4.071,545400000.0,34.273,1.0,2098900000.0,0.644,3495400000.0,442200000.0,9768400000.0,9451100000.0,34800000.0,0.0,0.0,0.0,7836600000.0,664600000.0,7172000000.0,1760014640.0,-305100000.0,-547600000.0,0.0,158500000.0,-455000000.0,-302600000.0,-945800000.0,0.0,943300000.0,0.0,451200000.0,451200000.0,451200000.0,-200000.0,0.0,0.139,962700000.0,1136200000.0,160400000.0,0.278,3.819,3.901,3.922,4073900000.0,0.0,110.601,0.54,0.54,350800000.0,45900000.0,3256800000.0,3256800000.0,0.0,0.056,0.968,0.122,0.354,9400000.0,418700000.0,1.0,15913189.0,15913189.0,,204.66,4802000000.0,0.0,259700000.0,1137600000.0,301.762,-66900000.0
52,WINMQ,MRT,2007-06-30,2007-06-30,2007-06-30,2021-08-25,-136500000.0,8006400000.0,8040025000.0,949000000.0,7057400000.0,0.399,29.765,-396400000.0,483800000.0,483800000.0,1150700000.0,529600000.0,1.392,15.909,5488800000.0,49300000.0,5439500000.0,5488800000.0,0.0,500100000.0,90800000.0,0.069,8.021,1212900000.0,1713000000.0,0.534,1713000000.0,1212900000.0,788900000.0,33.6,33.6,33.6,473500000.0,501550000.0,473500000.0,6930152463.0,6.0,4.046,738300000.0,46.411,1.0,2058700000.0,0.641,3041400000.0,424000000.0,9288100000.0,9389675000.0,44300000.0,0.0,0.0,0.0,7532900000.0,681900000.0,6851000000.0,1839152463.0,473800000.0,69000000.0,0.0,2283600000.0,-340700000.0,-320600000.0,-340300000.0,0.0,1134700000.0,0.0,529600000.0,529600000.0,529600000.0,0.0,0.0,0.165,956600000.0,1102100000.0,156100000.0,0.239,3.884,3.473,3.441,3893700000.0,0.0,115.614,0.573,0.573,311100000.0,47300000.0,3209400000.0,3209400000.0,0.0,0.066,1.056,0.129,0.378,8100000.0,408200000.0,1.0,15907697.0,15907697.0,,201.751,4965000000.0,0.0,259300000.0,1054900000.0,312.113,267100000.0
53,WINMQ,MRT,2007-03-31,2007-03-31,2007-03-31,2021-08-25,-148900000.0,7961200000.0,6530896250.0,849200000.0,7112000000.0,0.477,28.953,-391600000.0,397600000.0,397600000.0,1143300000.0,532400000.0,1.342,16.303,5488600000.0,39500000.0,5449100000.0,5488600000.0,0.0,472100000.0,92300000.0,0.077,8.883,1117000000.0,1589100000.0,0.51,1589100000.0,1117000000.0,796600000.0,35.1,35.1,35.1,460100000.0,523192000.0,460100000.0,6930126284.0,6.0,4.361,682700000.0,42.961,1.0,1970700000.0,0.633,3053800000.0,320400000.0,9365600000.0,7543817250.0,37000000.0,7600000.0,0.0,7600000.0,7501100000.0,632800000.0,6868300000.0,1828526284.0,387700000.0,69000000.0,0.0,2283800000.0,-221300000.0,-367100000.0,-319500000.0,0.0,1074300000.0,0.0,532400000.0,532400000.0,532400000.0,0.0,0.0,0.171,976200000.0,994500000.0,169900000.0,0.253,3.974,3.434,3.278,3917300000.0,0.0,115.065,0.587,0.587,312800000.0,50800000.0,3114000000.0,3114000000.0,0.0,0.082,1.018,0.148,0.359,4600000.0,390000000.0,1.0,15891247.0,15891247.0,,195.957,4907400000.0,0.0,264200000.0,1058000000.0,308.812,216400000.0
54,WINMQ,MRT,2006-12-31,2006-12-31,2006-12-31,2021-08-25,-150800000.0,8030700000.0,5029922250.0,876700000.0,7154000000.0,0.603,29.561,-373800000.0,386800000.0,386800000.0,1140200000.0,545300000.0,1.281,16.094,5488400000.0,32200000.0,5456200000.0,5488400000.0,0.0,449600000.0,82800000.0,0.087,9.744,1031200000.0,1480800000.0,0.488,1480800000.0,1031200000.0,821600000.0,37.5,37.5,37.5,469800000.0,549688000.0,469800000.0,6895782511.0,7.0,4.657,771900000.0,48.57,1.0,1893100000.0,0.624,3065400000.0,209600000.0,9382300000.0,5682915500.0,43500000.0,0.0,0.0,0.0,7560900000.0,684600000.0,6876300000.0,1770182511.0,374900000.0,69000000.0,0.0,2284700000.0,-102200000.0,-471800000.0,-299000000.0,0.0,1145700000.0,0.0,545300000.0,545300000.0,545300000.0,0.0,0.0,0.18,994300000.0,898800000.0,169500000.0,0.26,3.768,3.246,2.97,3939800000.0,0.0,111.384,0.584,0.584,337200000.0,70100000.0,3033300000.0,3033300000.0,0.0,0.108,0.992,0.181,0.34,1900000.0,365700000.0,1.0,15892610.0,15892610.0,,190.862,4965300000.0,0.0,276300000.0,1022700000.0,312.428,192100000.0
55,WINMQ,MRT,2006-09-30,2006-09-30,2006-09-30,2021-08-25,-25300000.0,8161800000.0,4256197250.0,868300000.0,7293500000.0,0.693,38.178,-363800000.0,373000000.0,373000000.0,1142700000.0,512200000.0,1.331,12.54,5498600000.0,21200000.0,5477400000.0,5498600000.0,0.0,431400000.0,65000000.0,0.103,10.606,913400000.0,1344800000.0,0.456,1344800000.0,913400000.0,808100000.0,36.3,36.3,36.3,602800000.0,1304538000.0,602800000.0,2719648226.0,3.0,2.022,773700000.0,49.002,1.0,1808500000.0,0.613,3112200000.0,105300000.0,9522700000.0,4155590500.0,40100000.0,17900000.0,0.0,17900000.0,7559000000.0,652500000.0,6906500000.0,1631262226.0,364400000.0,69000000.0,0.0,2276300000.0,-4900000.0,-492900000.0,-280200000.0,0.0,1137500000.0,0.0,512200000.0,512200000.0,512200000.0,0.0,0.0,0.174,1027100000.0,781400000.0,215400000.0,0.292,2.706,3.185,2.846,3890300000.0,0.0,103.316,0.553,0.553,420400000.0,71600000.0,2951200000.0,2951200000.0,0.0,0.12,0.393,0.22,0.31,4600000.0,345700000.0,1.0,15789057.0,15789057.0,,186.914,5049600000.0,0.0,295900000.0,1153700000.0,319.816,215800000.0
56,WINMQ,MRT,2006-06-30,2006-06-30,2006-06-30,2021-08-25,-3193000.0,1969885000.0,2703772250.0,156139000.0,1813746000.0,1.076,236.326,-482411000.0,92169000.0,92169000.0,1150900000.0,423500000.0,1.616,2.517,1180555000.0,0.0,1180555000.0,1180555000.0,0.0,630976000.0,15059000.0,0.126,11.28,746600000.0,1377576000.0,0.474,1377576000.0,746600000.0,728200000.0,31.5,31.5,31.5,560068000.0,1297820750.0,560068000.0,1323271926.0,2.0,0.961,929812000.0,392.343,1.0,1757800000.0,0.604,1057007000.0,18400000.0,1904669000.0,2257783750.0,1513000.0,0.0,0.0,0.0,1409817000.0,96595000.0,1313222000.0,212548926.0,-46395000.0,0.0,-411407000.0,406701000.0,12486000.0,-974873000.0,-483745000.0,-24445000.0,1412223000.0,0.0,423500000.0,423500000.0,423500000.0,0.0,0.0,0.146,1068200000.0,689600000.0,11769000.0,0.358,0.38,0.502,2.847,698172000.0,0.0,89.687,0.073,0.073,53063000.0,-321319000.0,2908700000.0,2908700000.0,0.0,0.157,0.326,0.331,0.257,-6243000.0,335300000.0,1.0,2369897.0,2369897.0,,1227.353,912878000.0,0.0,304700000.0,8548000.0,385.197,59544000.0
57,WINMQ,MRT,2006-03-31,2006-03-31,2006-03-31,2021-08-25,-4881000.0,1957304000.0,2704920750.0,136778000.0,1820526000.0,0.852,238.977,-401721000.0,69848000.0,69848000.0,881487000.0,323042000.0,1.536,2.458,1180571000.0,16000.0,1180555000.0,1180571000.0,0.0,554565000.0,15445000.0,0.109,11.28,588315000.0,1142880000.0,0.496,1142880000.0,588315000.0,555551000.0,30.6,30.6,30.6,566084000.0,1298986500.0,566084000.0,1360611796.0,2.0,1.191,830890000.0,350.768,1.0,1421981000.0,0.617,1057007000.0,32764000.0,1921993000.0,2269851250.0,1373000.0,0.0,0.0,0.0,1391220000.0,89027000.0,1302193000.0,244175796.0,-25488000.0,0.0,-412746000.0,396064000.0,0.0,-833235000.0,-424864000.0,-24445000.0,1232611000.0,0.0,323042000.0,323042000.0,323042000.0,0.0,0.0,0.14,872700000.0,549281000.0,9881000.0,0.369,0.431,0.756,3.369,707578000.0,0.0,103.081,0.106,0.106,54496000.0,-321319000.0,2303468000.0,2303468000.0,0.0,0.119,0.249,0.259,0.255,-5287000.0,281655000.0,1.0,2368776.0,2368776.0,,972.43,900297000.0,0.0,232509000.0,7486000.0,380.068,47751000.0
58,WINMQ,MRT,2005-12-31,2005-12-31,2005-12-31,2021-08-25,500000.0,4935800000.0,2707057250.0,405900000.0,4529900000.0,1.08,1471.602,-356900000.0,11900000.0,11900000.0,1170900000.0,374300000.0,1.082,0.415,260800000.0,22100000.0,238700000.0,260800000.0,0.0,474200000.0,77100000.0,0.111,9.87,661300000.0,1135500000.0,0.388,1135500000.0,661300000.0,642200000.0,27.9,27.9,27.9,3489200000.0,1300588250.0,3489200000.0,1345677374.0,2.0,1.185,629500000.0,265.497,1.0,1752600000.0,0.599,1536400000.0,19100000.0,3273000000.0,2286856250.0,36900000.0,2000000.0,0.0,2000000.0,1446600000.0,375300000.0,1071300000.0,211720374.0,-1400000.0,0.0,0.0,-22100000.0,0.0,-634200000.0,-353600000.0,0.0,986400000.0,0.0,374300000.0,374300000.0,374300000.0,0.0,0.0,0.128,1118800000.0,633800000.0,133500000.0,0.354,0.061,0.566,3.201,2958500000.0,0.0,89.295,0.072,0.072,252700000.0,2033500000.0,2923500000.0,2923500000.0,0.0,0.138,0.288,0.289,0.226,0.0,340100000.0,1.0,2371022.0,2371022.0,,1233.013,3399400000.0,0.0,267900000.0,759100000.0,1433.728,30600000.0
59,WINMQ,MRT,2005-09-30,2005-09-30,2005-09-30,2021-08-25,-7432000.0,1952100000.0,1965899000.0,115281000.0,1836819000.0,1.798,244.168,-523580000.0,46721000.0,46721000.0,1412267000.0,474135000.0,1.196,2.389,1180678000.0,123000.0,1180555000.0,1180678000.0,0.0,812907000.0,15129000.0,0.066,7.05,798130000.0,1611037000.0,0.456,1611037000.0,798130000.0,811702000.0,36.3,36.3,36.3,575931000.0,429906000.0,575931000.0,1382460153.0,2.0,0.858,1054543000.0,447.077,1.0,2122848000.0,0.601,1058215000.0,-13572000.0,1931473000.0,2074569500.0,1356000.0,0.0,0.0,0.0,1376169000.0,96369000.0,1279800000.0,251825153.0,1573000.0,0.0,0.0,32308000.0,0.0,-1052346000.0,-524104000.0,0.0,1578123000.0,-100000.0,474135000.0,474135000.0,474135000.0,0.0,0.0,0.134,1346918000.0,775930000.0,10904000.0,0.194,0.437,0.531,2.941,727315000.0,0.0,106.762,0.071,0.071,59503000.0,-321233000.0,3535115000.0,3535115000.0,0.0,0.241,1.103,0.385,0.226,0.0,376344000.0,1.0,2358753.0,2358753.0,,1498.722,893885000.0,0.0,337567000.0,11577000.0,378.965,18912000.0
60,WINMQ,MRT,2005-06-30,2005-06-30,2005-06-30,2021-08-25,-10567000.0,1974479000.0,,127661000.0,1846818000.0,,239.511,-331926000.0,60129000.0,60129000.0,1147541000.0,373001000.0,1.359,2.496,1190764000.0,208000.0,1190556000.0,1190764000.0,0.0,511253000.0,15308000.0,0.039,4.23,649056000.0,1160309000.0,0.396,1160309000.0,649056000.0,638839000.0,28.2,28.2,28.2,564731000.0,,564731000.0,1416560323.0,2.0,1.221,654403000.0,277.542,1.0,1785305000.0,0.609,1058235000.0,10217000.0,1952939000.0,,1641000.0,0.0,0.0,0.0,1409748000.0,93940000.0,1315808000.0,254869323.0,49240000.0,0.0,411407000.0,-424581000.0,-12486000.0,-632261000.0,-304728000.0,24445000.0,986329000.0,-100000.0,373001000.0,373001000.0,373001000.0,0.0,0.0,0.127,1125655000.0,659650000.0,7079000.0,0.15,0.451,0.683,3.833,735146000.0,0.0,108.094,0.087,0.087,58513000.0,-322232000.0,2932846000.0,2932846000.0,0.0,,,,0.221,8343000.0,324059000.0,1.0,2357849.0,2357849.0,,1243.865,916244000.0,0.0,265838000.0,10160000.0,388.593,33721000.0
61,WINMQ,MRT,2005-03-31,2005-03-31,2005-03-31,2021-08-25,-7684000.0,1965850000.0,,107361000.0,1858489000.0,,242.467,-338525000.0,39122000.0,39122000.0,1147005000.0,358050000.0,1.354,2.434,1200813000.0,223000.0,1200590000.0,1200813000.0,0.0,509908000.0,15551000.0,0.012,1.41,630164000.0,1140072000.0,0.389,1140072000.0,630164000.0,611446000.0,20.4,20.4,20.4,572491000.0,,572491000.0,1853450108.0,3.0,1.626,620164000.0,262.658,1.0,1786569000.0,0.609,1058235000.0,18718000.0,1990013000.0,,1477000.0,0.0,0.0,0.0,1393359000.0,79293000.0,1314066000.0,267613108.0,25252000.0,0.0,412746000.0,-409323000.0,0.0,-621824000.0,-311513000.0,24445000.0,958689000.0,-100000.0,358050000.0,358050000.0,358050000.0,0.0,0.0,0.122,1126852000.0,659717000.0,7362000.0,0.069,0.467,0.747,5.556,745156000.0,0.0,113.342,0.091,0.091,58934000.0,-340306000.0,2933574000.0,2933574000.0,0.0,,,,0.215,6387000.0,328557000.0,1.0,2361112.0,2361112.0,,1242.455,907615000.0,0.0,253396000.0,8977000.0,384.402,28068000.0
62,WINMQ,MRT,2004-12-31,2004-12-31,2004-12-31,2021-08-25,-7894000.0,1971167000.0,2005105000.0,90012000.0,1881155000.0,1.463,2.741,-337800000.0,17034000.0,17034000.0,1147500000.0,386300000.0,1.202,303.616,1602871000.0,3694000.0,1599177000.0,1602871000.0,0.0,508500000.0,15700000.0,,0.0,666100000.0,1174600000.0,0.4,1174600000.0,666100000.0,645700000.0,28.8,28.8,28.8,6471000.0,28166500.0,6471000.0,,,,630500000.0,267.035,1.0,1786000000.0,0.609,1058235000.0,20400000.0,2423853000.0,2377882000.0,1400000.0,0.0,0.0,0.0,1964696000.0,74916000.0,1889780000.0,,5500000.0,0.0,0.0,-22100000.0,0.0,-627100000.0,-335600000.0,0.0,968300000.0,-100000.0,386300000.0,386300000.0,386300000.0,0.0,0.0,0.132,1118400000.0,667600000.0,5847000.0,0.0,,,,749984000.0,0.0,,,,62757000.0,-79776000.0,2933500000.0,2933500000.0,0.0,0.193,13.715,0.28,0.227,0.0,327900000.0,1.0,2361112.0,2361112.0,,1242.423,912932000.0,0.0,259400000.0,13505000.0,386.653,15096000.0
63,WINMQ,MRT,2004-09-30,2004-09-30,2004-09-30,2021-08-25,,,,,,,,,,,,,,,,,,,,,,,0.0,,,,,,,,,,,,,,,,,,1.0,,,,,,,,,,,,,,,,,,,,,,,,,,,,,,,,,,,,,,,,,,,,,,,,,,,,,,1.0,,,,,,,,,,
64,WINMQ,MRT,2004-06-30,2004-06-30,2004-06-30,2021-08-25,,,,,,,,,,,,,,,,,,,,,,,0.0,,,,,,,,,,,,,,,,,,1.0,,,,,,,,,,,,,,,,,,,,,,,,,,,,,,,,,,,,,,,,,,,,,,,,,,,,,,1.0,,,,,,,,,,
65,WINMQ,MRT,2004-03-31,2004-03-31,2004-03-31,2021-08-25,,,,,,,,,,,,,,,,,,,,,,,0.0,,,,,,,,,,,,,,,,,,1.0,,,,,,,,,,,,,,,,,,,,,,,,,,,,,,,,,,,,,,,,,,,,,,,,,,,,,,1.0,,,,,,,,,,
66,WINMQ,MRT,2003-12-31,2003-12-31,2003-12-31,2021-08-25,-7371000.0,2039043000.0,,73161000.0,1965882000.0,,,-69850000.0,1414000.0,1414000.0,106527000.0,58233000.0,0.613,39.886,1470660000.0,44005000.0,1426655000.0,1470660000.0,0.0,81638000.0,16958000.0,,0.0,179896000.0,261534000.0,0.526,261534000.0,179896000.0,60711000.0,0.0,0.0,0.0,49862000.0,,49862000.0,,,,96039000.0,,1.0,390807000.0,0.786,1057007000.0,119185000.0,2331911000.0,,1922000.0,0.0,0.0,0.0,1988804000.0,119371000.0,1869433000.0,,125000.0,0.0,0.0,-99465000.0,0.0,-99465000.0,-66299000.0,0.0,165889000.0,0.0,58233000.0,58233000.0,58233000.0,-108000.0,0.0,0.117,208534000.0,182273000.0,14458000.0,,,,,769570000.0,0.0,,,,60773000.0,-53366000.0,497334000.0,497334000.0,0.0,,,,0.362,0.0,126896000.0,1.0,,,,,982036000.0,0.0,2478000.0,11983000.0,,-46210000.0
67,WINMQ,MRT,2002-12-31,2002-12-31,2002-12-31,2021-08-25,,,,,,,,-89527000.0,,,113891000.0,16302000.0,,,,,,,,73273000.0,,,0.0,145316000.0,218589000.0,0.456,218589000.0,145316000.0,17951000.0,,,,,,,,,,57194000.0,,1.0,365992000.0,0.763,,127365000.0,,,,,,,,,,,963000.0,-126196000.0,46000000.0,24905000.0,0.0,71015000.0,-216773000.0,0.0,146721000.0,0.0,16302000.0,16302000.0,16302000.0,3461000.0,0.0,0.034,206741000.0,159251000.0,,,,,,,0.0,,,,,,479883000.0,479883000.0,0.0,,,,0.303,0.0,133468000.0,1.0,,,,,,,1649000.0,,,
