None,ticker,dimension,calendardate,datekey,reportperiod,lastupdated,accoci,assets,assetsavg,assetsc,assetsnc,assetturnover,bvps,capex,cashneq,cashnequsd,cor,consolinc,currentratio,de,debt,debtc,debtnc,debtusd,deferredrev,depamor,deposits,divyield,dps,ebit,ebitda,ebitdamargin,ebitdausd,ebitusd,ebt,eps,epsdil,epsusd,equity,equityavg,equityusd,ev,evebit,evebitda,fcf,fcfps,fxusd,gp,grossmargin,intangibles,intexp,invcap,invcapavg,inventory,investments,investmentsc,investmentsnc,liabilities,liabilitiesc,liabilitiesnc,marketcap,ncf,ncfbus,ncfcommon,ncfdebt,ncfdiv,ncff,ncfi,ncfinv,ncfo,ncfx,netinc,netinccmn,netinccmnusd,netincdis,netincnci,netmargin,opex,opinc,payables,payoutratio,pb,pe,pe1,ppnenet,prefdivis,price,ps,ps1,receivables,retearn,revenue,revenueusd,rnd,roa,roe,roic,ros,sbcomp,sgna,sharefactor,sharesbas,shareswa,shareswadil,sps,tangibles,taxassets,taxexp,taxliabilities,tbvps,workingcapital
0,ALGN,MRY,2020-12-31,2020-12-31,2020-12-31,2021-08-04,43501000.0,4829683000.0,4308867750.0,1849538000.0,2980145000.0,0.574,41.06,-154916000.0,960843000.0,960843000.0,708706000.0,1775888000.0,1.395,0.493,64445000.0,0.0,64445000.0,64445000.0,777887000.0,116005000.0,0.0,0.0,0.0,378949000.0,494954000.0,0.2,494954000.0,378949000.0,378949000.0,22.55,22.41,22.55,3233865000.0,2991342500.0,3233865000.0,41586058477.0,110.0,84.02,507258000.0,6.441,1.0,1763235000.0,0.713,574889000.0,0.0,2032795000.0,2162724500.0,139237000.0,0.0,0.0,0.0,1595818000.0,1325601000.0,270217000.0,42136072477.0,410340000.0,-420788000.0,20314000.0,0.0,0.0,-30808000.0,-231506000.0,343042000.0,662174000.0,10480000.0,1775888000.0,1775888000.0,1775888000.0,0.0,0.0,0.718,1376064000.0,387171000.0,142132000.0,0.0,13.03,23.727,23.698,817274000.0,0.0,534.38,17.046,17.026,657704000.0,2215800000.0,2471941000.0,2471941000.0,175307000.0,0.412,0.594,0.175,0.153,98427000.0,1200757000.0,1.0,78850392.0,78760000.0,79230000.0,31.386,4254794000.0,1552831000.0,-1396939000.0,105748000.0,54.022,523937000.0
1,ALGN,MRY,2019-12-31,2019-12-31,2019-12-31,2021-08-04,-688000.0,2500702000.0,2357882250.0,1633419000.0,867283000.0,1.021,16.949,-149707000.0,550425000.0,550425000.0,662899000.0,442776000.0,1.682,0.858,43463000.0,0.0,43463000.0,43463000.0,563762000.0,97465000.0,0.0,0.0,0.0,555123000.0,652588000.0,0.271,652588000.0,555123000.0,555123000.0,5.57,5.53,5.57,1346169000.0,1320276000.0,1346169000.0,21544970800.0,39.0,33.015,597563000.0,7.524,1.0,1743897000.0,0.725,75692000.0,0.0,947078000.0,973421750.0,112051000.0,318202000.0,318202000.0,0.0,1154533000.0,970970000.0,183563000.0,21991967800.0,-86432000.0,0.0,-382092000.0,-45773000.0,0.0,-485540000.0,-350444000.0,-186033000.0,747270000.0,2282000.0,442776000.0,442776000.0,442776000.0,0.0,0.0,0.184,1201404000.0,542493000.0,87250000.0,0.0,16.337,49.668,50.097,687974000.0,0.0,279.04,9.137,9.208,550291000.0,439912000.0,2406796000.0,2406796000.0,157361000.0,0.188,0.335,0.57,0.231,88184000.0,1072053000.0,1.0,78812958.0,79424000.0,80100000.0,30.303,2425010000.0,64007000.0,112347000.0,102794000.0,30.532,662449000.0
2,ALGN,MRY,2018-12-31,2018-12-31,2018-12-31,2021-08-04,-2774000.0,2052458000.0,1920045750.0,1302479000.0,749979000.0,1.024,15.649,-223312000.0,636899000.0,636899000.0,518625000.0,400235000.0,1.882,0.638,0.0,0.0,0.0,0.0,393138000.0,54727000.0,0.0,0.0,0.0,457958000.0,512685000.0,0.261,512685000.0,457958000.0,457958000.0,5.0,4.92,5.0,1252891000.0,1198073250.0,1252891000.0,16330268913.0,36.0,31.852,331369000.0,4.139,1.0,1447867000.0,0.736,81949000.0,0.0,641537000.0,710755750.0,55641000.0,153485000.0,98460000.0,55025000.0,799567000.0,692073000.0,107494000.0,16751128913.0,187441000.0,0.0,-283367000.0,0.0,0.0,-369434000.0,6927000.0,229474000.0,554681000.0,-4733000.0,400235000.0,400235000.0,400235000.0,0.0,0.0,0.204,981303000.0,466564000.0,64256000.0,0.0,13.37,41.853,41.886,521329000.0,0.0,209.43,8.518,8.527,439009000.0,378143000.0,1966492000.0,1966492000.0,128899000.0,0.208,0.334,0.644,0.233,70763000.0,852404000.0,1.0,79984381.0,80064000.0,81357000.0,24.562,1970509000.0,64689000.0,57723000.0,78008000.0,24.612,610406000.0
3,ALGN,MRY,2017-12-31,2017-12-31,2017-12-31,2021-08-04,571000.0,1784009000.0,1623028000.0,1158367000.0,625642000.0,0.908,14.413,-195695000.0,449511000.0,449511000.0,356466000.0,231418000.0,2.316,0.546,0.0,0.0,0.0,0.0,267713000.0,37739000.0,0.0,0.0,0.0,361580000.0,399319000.0,0.271,399319000.0,361580000.0,361580000.0,2.89,2.83,2.89,1154288000.0,1114852250.0,1154288000.0,17452071052.0,48.0,43.705,242844000.0,3.032,1.0,1116947000.0,0.758,89068000.0,0.0,745379000.0,736529000.0,31688000.0,366585000.0,272031000.0,94554000.0,629721000.0,500051000.0,129670000.0,17814684052.0,57106000.0,-8953000.0,-89332000.0,0.0,0.0,-135500000.0,-251477000.0,-44232000.0,438539000.0,5544000.0,231418000.0,231418000.0,231418000.0,0.0,0.0,0.157,763336000.0,353611000.0,36776000.0,0.0,15.433,76.981,76.882,348793000.0,0.0,222.19,12.091,12.077,324189000.0,267274000.0,1473413000.0,1473413000.0,97559000.0,0.143,0.208,0.491,0.245,58854000.0,665777000.0,1.0,80177704.0,80085000.0,81832000.0,18.398,1694941000.0,49334000.0,130162000.0,114091000.0,21.164,658316000.0
4,ALGN,MRY,2016-12-31,2016-12-31,2016-12-31,2021-08-04,-938000.0,1396151000.0,1303469250.0,952978000.0,443173000.0,0.828,12.465,-70576000.0,389275000.0,389275000.0,264580000.0,189682000.0,2.689,0.403,0.0,0.0,0.0,0.0,191407000.0,24002000.0,0.0,0.0,0.0,240882000.0,264884000.0,0.245,264884000.0,240882000.0,240882000.0,2.38,2.33,2.38,995389000.0,942396750.0,995389000.0,7240594214.0,30.0,27.335,177078000.0,2.217,1.0,815294000.0,0.755,81998000.0,0.0,570543000.0,621016250.0,27131000.0,355825000.0,250981000.0,104844000.0,400762000.0,354335000.0,46427000.0,7660542214.0,221784000.0,0.0,-82440000.0,0.0,0.0,-95524000.0,73028000.0,151635000.0,247654000.0,-3374000.0,189682000.0,189682000.0,189682000.0,0.0,0.0,0.176,566373000.0,248921000.0,28596000.0,0.0,7.696,40.386,40.391,175167000.0,0.0,96.13,7.094,7.109,247415000.0,131448000.0,1079874000.0,1079874000.0,75720000.0,0.146,0.201,0.388,0.223,53263000.0,490653000.0,1.0,79689402.0,79856000.0,81484000.0,13.523,1314153000.0,67844000.0,51200000.0,45133000.0,16.457,598643000.0
5,ALGN,MRY,2015-12-31,2015-12-31,2015-12-31,2021-08-04,-980000.0,1158633000.0,1073795250.0,732010000.0,426623000.0,0.787,10.599,-53451000.0,167714000.0,167714000.0,205376000.0,144020000.0,2.694,0.366,0.0,0.0,0.0,0.0,129553000.0,18004000.0,0.0,0.0,0.0,186101000.0,204105000.0,0.241,204105000.0,186101000.0,186101000.0,1.8,1.77,1.8,847926000.0,802380000.0,847926000.0,5060386246.0,27.0,24.793,184546000.0,2.307,1.0,640110000.0,0.757,79162000.0,0.0,640085000.0,585318000.0,19465000.0,510951000.0,359581000.0,151370000.0,310707000.0,271672000.0,39035000.0,5234426246.0,-32157000.0,0.0,-90466000.0,0.0,0.0,-100786000.0,-166361000.0,-112956000.0,237997000.0,-3007000.0,144020000.0,144020000.0,144020000.0,0.0,0.0,0.17,451476000.0,188634000.0,34354000.0,0.0,6.173,36.345,36.583,136473000.0,0.0,65.85,6.191,6.231,158550000.0,27391000.0,845486000.0,845486000.0,61237000.0,0.134,0.179,0.318,0.22,52771000.0,390239000.0,1.0,79490148.0,79998000.0,81521000.0,10.569,1079471000.0,51416000.0,42081000.0,37512000.0,13.494,460338000.0
6,ALGN,MRY,2014-12-31,2014-12-31,2014-12-31,2021-08-04,-140000.0,987997000.0,926840000.0,657160000.0,330837000.0,0.822,9.322,-24092000.0,199871000.0,199871000.0,183210000.0,145832000.0,3.256,0.312,0.0,0.0,0.0,0.0,90684000.0,17856000.0,0.0,0.0,0.0,190369000.0,208225000.0,0.273,208225000.0,190369000.0,190369000.0,1.81,1.77,1.81,752771000.0,711944000.0,752771000.0,4308327501.0,23.0,20.691,202807000.0,2.511,1.0,578443000.0,0.759,82056000.0,0.0,504259000.0,471268000.0,15928000.0,402679000.0,254787000.0,147892000.0,235226000.0,201811000.0,33415000.0,4489003501.0,-43082000.0,0.0,-80205000.0,0.0,0.0,-66420000.0,-201627000.0,-177352000.0,226899000.0,-1934000.0,145832000.0,145832000.0,145832000.0,0.0,0.0,0.191,384867000.0,193576000.0,23247000.0,0.0,5.963,30.782,30.89,90125000.0,0.0,55.91,5.894,5.928,129751000.0,-30507000.0,761653000.0,761653000.0,52799000.0,0.157,0.205,0.404,0.25,39823000.0,332068000.0,1.0,80289814.0,80754000.0,82283000.0,9.432,905941000.0,40152000.0,44537000.0,30483000.0,11.219,455349000.0
7,ALGN,MRY,2013-12-31,2013-12-31,2013-12-31,2021-08-04,294000.0,832147000.0,755373000.0,544676000.0,287471000.0,0.874,7.87,-19412000.0,242953000.0,242953000.0,162100000.0,64295000.0,3.106,0.313,0.0,0.0,0.0,0.0,77275000.0,16825000.0,0.0,0.0,0.0,93139000.0,109964000.0,0.167,109964000.0,93139000.0,93139000.0,0.8,0.78,0.8,633970000.0,572742500.0,633970000.0,4413573975.0,47.0,40.137,166564000.0,2.068,1.0,498106000.0,0.754,85362000.0,0.0,328494000.0,280797500.0,13968000.0,229018000.0,127040000.0,101978000.0,198177000.0,175338000.0,22839000.0,4589412975.0,-63433000.0,-7652000.0,-60911000.0,0.0,0.0,-38171000.0,-210734000.0,-181259000.0,185976000.0,-504000.0,64295000.0,64295000.0,64295000.0,0.0,0.0,0.097,403894000.0,94212000.0,17718000.0,0.0,7.239,71.381,71.425,75743000.0,0.0,57.14,6.951,6.972,113250000.0,-95910000.0,660206000.0,660206000.0,44083000.0,0.085,0.112,0.332,0.141,26438000.0,292798000.0,1.0,80318743.0,80551000.0,82589000.0,8.196,746785000.0,44402000.0,28844000.0,18326000.0,9.271,369338000.0
8,ALGN,MRY,2012-12-31,2012-12-31,2012-12-31,2021-08-04,203000.0,756312000.0,734768750.0,485793000.0,270519000.0,0.762,7.219,-38333000.0,306386000.0,306386000.0,143653000.0,58691000.0,3.119,0.301,0.0,0.0,0.0,0.0,61975000.0,17811000.0,0.0,0.0,0.0,84296000.0,102107000.0,0.182,102107000.0,84296000.0,84296000.0,0.73,0.71,0.73,581317000.0,573199750.0,581317000.0,1951952344.0,23.0,19.117,95445000.0,1.185,1.0,416388000.0,0.743,145013000.0,0.0,149142000.0,143827750.0,15122000.0,49737000.0,28485000.0,21252000.0,174995000.0,155771000.0,19224000.0,2258423344.0,65711000.0,0.0,-4876000.0,0.0,0.0,10205000.0,-78300000.0,-42313000.0,133778000.0,28000.0,58691000.0,58691000.0,58691000.0,0.0,0.0,0.105,330796000.0,85592000.0,19549000.0,0.0,3.885,38.48,38.014,79191000.0,0.0,27.75,4.033,3.99,98992000.0,-89626000.0,560041000.0,560041000.0,42869000.0,0.08,0.102,0.586,0.151,4296000.0,251336000.0,1.0,81384625.0,80529000.0,83040000.0,6.955,611299000.0,21609000.0,25605000.0,0.0,7.591,330022000.0
9,ALGN,MRY,2011-12-31,2011-12-31,2011-12-31,2021-08-04,46000.0,649264000.0,569803750.0,384816000.0,264448000.0,0.842,6.293,-30404000.0,244701000.0,244701000.0,118458000.0,66716000.0,2.598,0.323,0.0,0.0,0.0,0.0,52252000.0,17477000.0,0.0,0.0,0.0,89941000.0,107418000.0,0.224,107418000.0,89941000.0,89941000.0,0.86,0.83,0.86,490781000.0,444886000.0,490781000.0,1661636612.0,18.0,15.469,100065000.0,1.283,1.0,361283000.0,0.753,185405000.0,0.0,71041000.0,80014000.0,9402000.0,7395000.0,7395000.0,0.0,158483000.0,148117000.0,10366000.0,1863865612.0,-53989000.0,-187588000.0,17747000.0,0.0,0.0,27241000.0,-211606000.0,10317000.0,130469000.0,-93000.0,66716000.0,66716000.0,66716000.0,0.0,0.0,0.139,270923000.0,90360000.0,19265000.0,0.0,3.798,27.937,27.593,53965000.0,0.0,23.73,3.885,3.858,91537000.0,-116513000.0,479741000.0,479741000.0,37154000.0,0.117,0.15,1.124,0.187,7774000.0,233769000.0,1.0,78544695.0,77988000.0,80294000.0,6.151,463859000.0,22337000.0,23225000.0,0.0,5.948,236699000.0
10,ALGN,MRY,2010-12-31,2010-12-31,2010-12-31,2021-08-04,134000.0,476943000.0,426105500.0,388611000.0,88332000.0,0.909,4.982,-18031000.0,294664000.0,294664000.0,83709000.0,74253000.0,4.18,0.263,0.0,0.0,0.0,0.0,33848000.0,14186000.0,0.0,0.0,0.0,102003000.0,116189000.0,0.3,116189000.0,102003000.0,102003000.0,0.98,0.95,0.98,377747000.0,341864500.0,377747000.0,1226198704.0,12.0,10.553,111498000.0,1.47,1.0,303417000.0,0.784,2666000.0,0.0,86639000.0,95173750.0,2544000.0,17704000.0,8615000.0,9089000.0,99196000.0,92974000.0,6222000.0,1491122704.0,128177000.0,0.0,11822000.0,0.0,0.0,14707000.0,-15920000.0,2256000.0,129529000.0,-139000.0,74253000.0,74253000.0,74253000.0,0.0,0.0,0.192,200683000.0,102734000.0,7768000.0,0.0,3.947,20.082,19.939,30684000.0,0.0,19.54,3.852,3.827,65430000.0,-178246000.0,387126000.0,387126000.0,25997000.0,0.174,0.217,1.072,0.263,12107000.0,178803000.0,1.0,76311295.0,75825000.0,78080000.0,5.106,474277000.0,42439000.0,27750000.0,0.0,6.255,295637000.0
11,ALGN,MRY,2009-12-31,2009-12-31,2009-12-31,2021-08-04,455000.0,355240000.0,320773750.0,261299000.0,93941000.0,0.974,3.952,-7192000.0,166487000.0,166487000.0,78841000.0,-31269000.0,3.216,0.301,0.0,0.0,0.0,0.0,32299000.0,13004000.0,0.0,0.0,0.0,-33808000.0,-20804000.0,-0.067,-20804000.0,-33808000.0,-33893000.0,-0.45,-0.45,-0.45,273036000.0,249048250.0,273036000.0,1190939740.0,-35.0,-57.246,66973000.0,0.969,1.0,233492000.0,0.748,5466000.0,85000.0,102044000.0,112505000.0,2046000.0,19978000.0,19978000.0,0.0,82204000.0,81243000.0,961000.0,1326900740.0,79387000.0,0.0,8097000.0,-136000.0,0.0,6837000.0,-1556000.0,5970000.0,74165000.0,-59000.0,-31269000.0,-31269000.0,-31269000.0,0.0,0.0,-0.1,267879000.0,-34387000.0,6122000.0,0.0,4.86,-42.435,-39.6,24971000.0,0.0,17.82,4.248,3.942,54537000.0,-252499000.0,312333000.0,312333000.0,22252000.0,-0.097,-0.126,-0.301,-0.108,15725000.0,174260000.0,1.0,74461321.0,69094000.0,69094000.0,4.52,349774000.0,61535000.0,-2624000.0,0.0,5.062,180056000.0
12,ALGN,MRY,2008-12-31,2008-12-31,2008-12-31,2021-08-04,269000.0,279341000.0,236020000.0,177907000.0,101434000.0,1.288,3.271,-14145000.0,87100000.0,87100000.0,78850000.0,79987000.0,2.937,0.278,0.0,0.0,0.0,0.0,16710000.0,12791000.0,0.0,0.0,0.0,17100000.0,29891000.0,0.098,29891000.0,17100000.0,17076000.0,1.2,1.18,1.2,218540000.0,178586500.0,218540000.0,506851236.0,30.0,16.957,25601000.0,0.383,1.0,225126000.0,0.741,8266000.0,24000.0,123403000.0,83206250.0,1965000.0,23066000.0,23066000.0,0.0,60801000.0,60572000.0,229000.0,586607236.0,-2019000.0,0.0,-39632000.0,-407000.0,0.0,-40355000.0,-1055000.0,12876000.0,39746000.0,-355000.0,79987000.0,79987000.0,79987000.0,0.0,0.0,0.263,211078000.0,14048000.0,5580000.0,0.0,2.684,7.334,7.292,26979000.0,0.0,8.75,1.93,1.923,52362000.0,-221230000.0,303976000.0,303976000.0,26165000.0,0.339,0.448,0.206,0.056,17591000.0,177216000.0,1.0,67040827.0,66812000.0,66812000.0,4.55,271075000.0,61696000.0,-62911000.0,0.0,4.057,117335000.0
13,ALGN,MRY,2007-12-31,2007-12-31,2007-12-31,2021-08-04,657000.0,222761000.0,192262250.0,184517000.0,38244000.0,1.479,2.399,-7429000.0,89140000.0,89140000.0,75035000.0,35724000.0,3.002,0.382,0.0,0.0,0.0,0.0,12362000.0,13385000.0,0.0,0.0,0.0,37292000.0,50677000.0,0.178,50677000.0,37292000.0,36950000.0,0.53,0.5,0.53,161154000.0,134794750.0,161154000.0,1055042327.0,28.0,20.819,45348000.0,0.675,1.0,209297000.0,0.736,11093000.0,342000.0,61069000.0,49989750.0,2910000.0,38771000.0,38771000.0,0.0,61607000.0,61459000.0,148000.0,1143031327.0,34006000.0,0.0,28993000.0,-11500000.0,0.0,17509000.0,-36779000.0,-29889000.0,52777000.0,499000.0,35724000.0,35724000.0,35724000.0,0.0,0.0,0.126,176200000.0,33097000.0,9222000.0,0.0,7.093,31.996,31.472,25320000.0,0.0,16.68,4.02,3.941,44850000.0,-289650000.0,284332000.0,284332000.0,25727000.0,0.186,0.265,0.746,0.131,11762000.0,151511000.0,1.0,68527058.0,67176000.0,67176000.0,4.233,211668000.0,0.0,1226000.0,0.0,3.151,123058000.0
14,ALGN,MRY,2006-12-31,2006-12-31,2006-12-31,2021-08-04,3000.0,151558000.0,148798500.0,108089000.0,43469000.0,1.387,1.321,-9662000.0,55206000.0,55206000.0,64775000.0,-34963000.0,1.595,0.814,11500000.0,11500000.0,0.0,11500000.0,10942000.0,10271000.0,0.0,0.0,0.0,-33839000.0,-23568000.0,-0.114,-23568000.0,-33839000.0,-34135000.0,-0.55,-0.55,-0.55,83556000.0,91718000.0,83556000.0,835900843.0,-25.0,-35.468,-23692000.0,-0.375,1.0,141579000.0,0.686,14302000.0,296000.0,25767000.0,29522250.0,3090000.0,8931000.0,8931000.0,0.0,68002000.0,67783000.0,219000.0,895095843.0,-19106000.0,0.0,16175000.0,11500000.0,0.0,27675000.0,-32751000.0,-8935000.0,-14030000.0,0.0,-34963000.0,-34963000.0,-34963000.0,0.0,0.0,-0.169,179115000.0,-37536000.0,5034000.0,0.0,10.713,-25.601,-25.4,26904000.0,0.0,13.97,4.338,4.282,33635000.0,-325374000.0,206354000.0,206354000.0,18474000.0,-0.235,-0.381,-1.146,-0.164,8910000.0,146298000.0,1.0,64072716.0,63246000.0,63246000.0,3.263,137256000.0,0.0,828000.0,0.0,2.17,40306000.0
15,ALGN,MRY,2005-12-31,2005-12-31,2005-12-31,2021-08-04,7000.0,142110000.0,142257500.0,111586000.0,30524000.0,1.456,1.516,-13801000.0,74369000.0,74369000.0,63784000.0,1413000.0,2.296,0.521,0.0,0.0,0.0,0.0,16747000.0,10451000.0,0.0,0.0,0.0,2839000.0,13290000.0,0.064,13290000.0,2839000.0,2729000.0,0.02,0.02,0.02,93438000.0,92082250.0,93438000.0,324284494.0,114.0,24.401,2278000.0,0.037,1.0,143341000.0,0.692,1296000.0,110000.0,17837000.0,17762250.0,2930000.0,0.0,0.0,0.0,48672000.0,48608000.0,64000.0,401486494.0,4560000.0,-856000.0,5585000.0,-1849000.0,0.0,3736000.0,-15255000.0,9000.0,16079000.0,0.0,1413000.0,1413000.0,1413000.0,0.0,0.0,0.007,140895000.0,2446000.0,2489000.0,0.0,4.297,284.138,323.5,26427000.0,0.0,6.47,1.938,1.926,29305000.0,-290411000.0,207125000.0,207125000.0,18585000.0,0.01,0.015,0.16,0.014,112000.0,122310000.0,1.0,62053554.0,61644000.0,61644000.0,3.36,140814000.0,0.0,1316000.0,0.0,2.284,62978000.0
16,ALGN,MRY,2004-12-31,2004-12-31,2004-12-31,2021-08-04,-2000.0,130712000.0,118639000.0,106834000.0,23878000.0,1.457,1.43,-8203000.0,69962000.0,69962000.0,57526000.0,8768000.0,2.377,0.525,1849000.0,1849000.0,0.0,1849000.0,16257000.0,9633000.0,0.0,0.0,0.0,10033000.0,19666000.0,0.114,19666000.0,10033000.0,9762000.0,0.15,0.14,0.15,85739000.0,78518500.0,85739000.0,590622074.0,59.0,30.033,16399000.0,0.273,1.0,115304000.0,0.667,0.0,271000.0,17651000.0,22299000.0,2852000.0,0.0,0.0,0.0,44973000.0,44948000.0,25000.0,651758074.0,24720000.0,0.0,8114000.0,-1989000.0,0.0,6142000.0,-6024000.0,2288000.0,24602000.0,0.0,8768000.0,8768000.0,8768000.0,0.0,0.0,0.051,105539000.0,9765000.0,3361000.0,0.0,7.602,74.334,71.667,21702000.0,0.0,10.75,3.771,3.73,28809000.0,-291824000.0,172830000.0,172830000.0,15756000.0,0.074,0.112,0.45,0.058,5868000.0,89783000.0,1.0,60628658.0,59963000.0,59963000.0,2.882,130712000.0,0.0,994000.0,0.0,2.18,61886000.0
17,ALGN,MRY,2003-12-31,2003-12-31,2003-12-31,2021-08-04,2000.0,102202000.0,94877500.0,77114000.0,25088000.0,1.294,1.09,-7520000.0,45378000.0,45378000.0,51565000.0,-20122000.0,2.063,0.623,3656000.0,1989000.0,1667000.0,3656000.0,13113000.0,9128000.0,0.0,0.0,0.0,-19674000.0,-10546000.0,-0.086,-10546000.0,-19674000.0,-20038000.0,-0.35,-0.35,-0.35,62976000.0,58769750.0,62976000.0,930495738.0,-47.0,-88.232,4611000.0,0.08,1.0,71160000.0,0.58,0.0,364000.0,23103000.0,26405750.0,2334000.0,2292000.0,2292000.0,0.0,39226000.0,37377000.0,1849000.0,966777738.0,9387000.0,0.0,2860000.0,-2182000.0,0.0,1599000.0,-4343000.0,385000.0,12131000.0,0.0,-20122000.0,-20122000.0,-20122000.0,0.0,0.0,-0.164,91365000.0,-20205000.0,3095000.0,0.0,15.352,-48.046,-47.171,23121000.0,0.0,16.51,7.878,7.77,21265000.0,-300592000.0,122725000.0,122725000.0,13112000.0,-0.212,-0.342,-0.745,-0.16,15031000.0,77985000.0,1.0,58557101.0,57758000.0,57758000.0,2.125,102202000.0,0.0,84000.0,0.0,1.769,39737000.0
18,ALGN,MRY,2002-12-31,2002-12-31,2002-12-31,2021-08-04,17000.0,92856000.0,91930000.0,65832000.0,27024000.0,0.758,1.344,-8112000.0,38813000.0,38813000.0,44991000.0,-72819000.0,2.668,0.443,6020000.0,2183000.0,3837000.0,6020000.0,9403000.0,13051000.0,0.0,0.0,0.0,-72657000.0,-59606000.0,-0.855,-59606000.0,-72657000.0,-72819000.0,-1.52,-1.52,-1.52,64347000.0,71855750.0,64347000.0,116361526.0,-2.0,-1.952,-48511000.0,-1.013,1.0,24707000.0,0.354,0.0,162000.0,35391000.0,45482250.0,1533000.0,2693000.0,2693000.0,0.0,28509000.0,24672000.0,3837000.0,132836526.0,-14998000.0,0.0,18931000.0,4557000.0,0.0,23889000.0,1512000.0,12121000.0,-40399000.0,0.0,-72819000.0,-72819000.0,-72819000.0,0.0,0.0,-1.045,98343000.0,-73636000.0,3403000.0,0.0,2.064,-1.824,-1.816,25078000.0,0.0,2.76,1.906,1.896,16766000.0,-280470000.0,69698000.0,69698000.0,13064000.0,-0.792,-1.013,-1.597,-1.042,20285000.0,84578000.0,1.0,48129176.0,47878000.0,47878000.0,1.456,92856000.0,0.0,0.0,0.0,1.939,41160000.0
19,ALGN,MRY,2001-12-31,2001-12-31,2001-12-31,2021-08-04,226000.0,118218000.0,142180500.0,81583000.0,36635000.0,0.315,2.316,-19175000.0,51273000.0,51273000.0,46830000.0,-99049000.0,4.203,0.208,1463000.0,483000.0,980000.0,1463000.0,3127000.0,7592000.0,0.0,0.0,0.0,-97040000.0,-89448000.0,-1.996,-89448000.0,-97040000.0,-99039000.0,-2.61,-2.61,-2.61,97827000.0,122883750.0,97827000.0,150566063.0,-2.0,-1.683,-97030000.0,-2.297,1.0,-2022000.0,-0.045,0.0,1999000.0,48997000.0,69116750.0,1549000.0,15121000.0,12494000.0,2627000.0,20391000.0,19411000.0,980000.0,215586063.0,47722000.0,0.0,138553000.0,-450000.0,0.0,127537000.0,-1960000.0,2091000.0,-77855000.0,0.0,-99049000.0,-110240000.0,-110240000.0,0.0,0.0,-2.46,99279000.0,-101301000.0,4376000.0,0.0,2.204,-1.956,-1.724,32021000.0,11191000.0,4.5,4.811,4.243,11556000.0,-207651000.0,44808000.0,44808000.0,15644000.0,-0.775,-0.897,-1.404,-2.166,22433000.0,83103000.0,1.0,47908014.0,42247000.0,42247000.0,1.061,118218000.0,0.0,10000.0,0.0,2.798,62172000.0
20,ALGN,MRY,2000-12-31,2000-12-31,2000-12-31,2021-08-04,73000.0,70561000.0,43826000.0,41362000.0,29199000.0,0.154,-15.262,-13571000.0,18814000.0,18814000.0,20251000.0,-88748000.0,1.791,-0.29,1900000.0,445000.0,1455000.0,1900000.0,2350000.0,2513000.0,0.0,,0.0,-78941000.0,-76428000.0,-11.338,-76428000.0,-78941000.0,-88748000.0,-25.64,-25.64,-25.64,-84674000.0,-52044000.0,-84674000.0,,,,-72371000.0,-13.045,1.0,-13510000.0,-2.004,0.0,9807000.0,30558000.0,18369500.0,2024000.0,15884000.0,9633000.0,6251000.0,24544000.0,23089000.0,1455000.0,,-4004000.0,0.0,989000.0,13682000.0,0.0,96429000.0,-41633000.0,-10568000.0,-58800000.0,0.0,-88748000.0,-142264000.0,-142264000.0,0.0,0.0,-21.104,67737000.0,-81247000.0,5541000.0,0.0,,,,21100000.0,53516000.0,,,,4465000.0,-108602000.0,6741000.0,6741000.0,9352000.0,-3.246,2.734,-4.297,-11.711,13801000.0,58253000.0,1.0,45616402.0,5548000.0,5548000.0,1.215,70561000.0,0.0,0.0,0.0,12.718,18273000.0
21,ALGN,MRY,1999-12-31,1999-12-31,1999-12-31,2021-08-04,0.0,17091000.0,12604000.0,13774000.0,3317000.0,0.033,-4.603,-2463000.0,7172000.0,7172000.0,1754000.0,-15415000.0,3.676,-0.193,9000.0,6000.0,3000.0,9000.0,119000.0,559000.0,0.0,,0.0,-14429000.0,-13870000.0,-33.747,-13870000.0,-14429000.0,-15415000.0,-3.65,-3.65,-3.65,-19414000.0,-11923500.0,-19414000.0,,,,-14096000.0,-3.342,1.0,-1343000.0,-3.268,0.0,986000.0,6181000.0,5725500.0,366000.0,5253000.0,5253000.0,0.0,3750000.0,3747000.0,3000.0,,4361000.0,0.0,40000.0,742000.0,0.0,19598000.0,-3604000.0,-801000.0,-11633000.0,0.0,-15415000.0,-15415000.0,-15415000.0,0.0,0.0,-37.506,13448000.0,-14791000.0,1572000.0,0.0,,,,3317000.0,0.0,,,,314000.0,-19854000.0,411000.0,411000.0,4200000.0,-1.223,1.293,-2.52,-35.107,394000.0,9162000.0,1.0,,4218000.0,4218000.0,0.097,17091000.0,0.0,0.0,0.0,4.052,10027000.0
22,ALGN,MRY,1998-12-31,1998-12-31,1998-12-31,2021-08-04,0.0,8117000.0,,7208000.0,909000.0,,-1.56,-775000.0,2471000.0,2471000.0,0.0,-3775000.0,18.341,-0.091,17000.0,7000.0,10000.0,17000.0,0.0,115000.0,0.0,,0.0,-3775000.0,-3660000.0,,-3660000.0,-3775000.0,-3775000.0,-1.33,-1.33,-1.33,-4433000.0,,-4433000.0,,,,-4567000.0,-1.607,1.0,0.0,,0.0,0.0,5270000.0,,0.0,4452000.0,4452000.0,0.0,403000.0,393000.0,10000.0,,2434000.0,0.0,3000.0,-3000.0,0.0,9983000.0,-3757000.0,-2982000.0,-3792000.0,0.0,-3775000.0,-3775000.0,-3775000.0,0.0,0.0,,3960000.0,-3960000.0,257000.0,0.0,,,,770000.0,0.0,,,,0.0,-4439000.0,0.0,0.0,1474000.0,,,,,0.0,2477000.0,1.0,,2842000.0,2842000.0,0.0,8117000.0,0.0,0.0,0.0,2.856,6815000.0
0,ALGN,MRQ,2021-06-30,2021-06-30,2021-06-30,2021-08-04,29616000.0,5395568000.0,,2231825000.0,3163743000.0,,42.836,-124237000.0,1086357000.0,1086357000.0,252270000.0,199714000.0,1.315,0.594,74184000.0,0.0,74184000.0,74184000.0,975930000.0,32394000.0,0.0,0.0,0.0,268802000.0,301196000.0,0.298,301196000.0,268802000.0,268802000.0,2.53,2.51,2.53,3384410000.0,,3384410000.0,47284594325.0,51.0,44.861,193267000.0,2.446,1.0,758538000.0,0.75,549900000.0,0.0,2136914000.0,,178751000.0,0.0,0.0,0.0,2011158000.0,1696581000.0,314577000.0,48352447325.0,-45327000.0,0.0,-160000000.0,0.0,0.0,-238321000.0,-128486000.0,0.0,317504000.0,3976000.0,199714000.0,199714000.0,199714000.0,0.0,0.0,0.198,489636000.0,268902000.0,225079000.0,0.0,14.287,69.228,69.04,1054277000.0,0.0,611.0,13.917,13.895,808079000.0,2458955000.0,1010808000.0,1010808000.0,57715000.0,,,,,28855000.0,431921000.0,1.0,79136575.0,79008000.0,79638000.0,12.794,4845668000.0,1512285000.0,69088000.0,113306000.0,61.331,535244000.0
1,ALGN,MRQ,2021-03-31,2021-03-31,2021-03-31,2021-08-04,29030000.0,5069782000.0,,2115555000.0,2954227000.0,,42.957,-43431000.0,1131698000.0,1131698000.0,217673000.0,200376000.0,1.518,0.494,63845000.0,0.0,63845000.0,63845000.0,862872000.0,31546000.0,0.0,0.0,0.0,261621000.0,293167000.0,0.328,293167000.0,261621000.0,261621000.0,2.54,2.51,2.54,3393576000.0,,3393576000.0,41956345486.0,71.0,59.22,183756000.0,2.326,1.0,677098000.0,0.757,548040000.0,0.0,2060047000.0,,150643000.0,0.0,0.0,0.0,1676206000.0,1393842000.0,282364000.0,42852743486.0,170831000.0,0.0,13133000.0,0.0,0.0,-53435000.0,4566000.0,4594000.0,227187000.0,-7487000.0,200376000.0,200376000.0,200376000.0,0.0,0.0,0.224,451652000.0,225446000.0,124298000.0,0.0,12.628,93.538,93.367,846305000.0,0.0,541.53,15.219,15.193,718957000.0,2416176000.0,894771000.0,894771000.0,54537000.0,,,,,27241000.0,397115000.0,1.0,79132723.0,79000000.0,79798000.0,11.326,4521742000.0,1521922000.0,61245000.0,109668000.0,57.237,721713000.0
2,ALGN,MRQ,2020-12-31,2020-12-31,2020-12-31,2021-08-04,43501000.0,4829683000.0,,1849538000.0,2980145000.0,,41.011,-53159000.0,960843000.0,960843000.0,224057000.0,158988000.0,1.395,0.493,64445000.0,0.0,64445000.0,64445000.0,777887000.0,30417000.0,0.0,0.0,0.0,214542000.0,244959000.0,0.294,244959000.0,214542000.0,214542000.0,2.01,1.96,2.01,3233865000.0,,3233865000.0,41586058477.0,110.0,84.02,328259000.0,4.163,1.0,610463000.0,0.732,574889000.0,0.0,2032795000.0,,139237000.0,0.0,0.0,0.0,1595818000.0,1325601000.0,270217000.0,42136072477.0,345352000.0,0.0,0.0,0.0,0.0,-2448000.0,-44666000.0,9097000.0,381418000.0,11048000.0,158988000.0,158988000.0,158988000.0,0.0,0.0,0.191,397279000.0,213184000.0,142132000.0,0.0,13.03,23.727,23.698,817274000.0,0.0,534.38,17.046,17.026,657704000.0,2215800000.0,834520000.0,834520000.0,48887000.0,,,,,25264000.0,348392000.0,1.0,78850392.0,78853000.0,79686000.0,10.583,4254794000.0,1552831000.0,55554000.0,105748000.0,53.959,523937000.0
3,ALGN,MRQ,2020-09-30,2020-09-30,2020-09-30,2021-08-04,24911000.0,4415091000.0,,1473247000.0,2941844000.0,,38.484,-21255000.0,615532000.0,615532000.0,200056000.0,139371000.0,1.313,0.455,65518000.0,0.0,65518000.0,65518000.0,684139000.0,30157000.0,0.0,0.0,0.0,184545000.0,214702000.0,0.292,214702000.0,184545000.0,184545000.0,1.77,1.76,1.77,3033471000.0,,3033471000.0,25437868547.0,79.0,58.821,189817000.0,2.408,1.0,534088000.0,0.727,555946000.0,0.0,2187337000.0,,123093000.0,0.0,0.0,0.0,1381620000.0,1121794000.0,259826000.0,25791608547.0,211178000.0,0.0,9652000.0,0.0,0.0,8016000.0,-14514000.0,6741000.0,211072000.0,6604000.0,139371000.0,139371000.0,139371000.0,0.0,0.0,0.19,357019000.0,177069000.0,119184000.0,0.0,8.502,14.838,14.806,787043000.0,0.0,327.36,11.276,11.282,626046000.0,2056812000.0,734144000.0,734144000.0,44527000.0,,,,,25229000.0,312492000.0,1.0,78786683.0,78824000.0,79163000.0,9.314,3859145000.0,1566227000.0,45174000.0,108669000.0,48.959,351453000.0
4,ALGN,MRQ,2020-06-30,2020-06-30,2020-06-30,2021-08-04,9101000.0,4025857000.0,,1149244000.0,2876613000.0,,36.119,-34417000.0,404359000.0,404359000.0,127986000.0,-40602000.0,1.221,0.415,50619000.0,0.0,50619000.0,50619000.0,601831000.0,29147000.0,0.0,0.0,0.0,-73493000.0,-44346000.0,-0.126,-44346000.0,-73493000.0,-73493000.0,-0.52,-0.52,-0.52,2845045000.0,,2845045000.0,20878755194.0,79.0,56.307,25483000.0,0.324,1.0,224328000.0,0.637,543211000.0,0.0,2187314000.0,,131276000.0,0.0,0.0,0.0,1180812000.0,941592000.0,239220000.0,21615706194.0,-386445000.0,-420788000.0,0.0,0.0,0.0,-1643000.0,-448537000.0,6668000.0,59900000.0,3835000.0,-40602000.0,-40602000.0,-40602000.0,0.0,0.0,-0.115,297328000.0,-73000000.0,94987000.0,0.0,7.598,12.705,12.688,737529000.0,0.0,274.44,10.005,10.006,473314000.0,1917441000.0,352314000.0,352314000.0,40361000.0,,,,,25007000.0,256967000.0,1.0,78762958.0,78769000.0,78769000.0,4.473,3482646000.0,1568293000.0,-32891000.0,115257000.0,44.213,207652000.0
5,ALGN,MRQ,2020-03-31,2020-03-31,2020-03-31,2021-08-04,-193000.0,3964840000.0,,1576525000.0,2388315000.0,,36.301,-46085000.0,790696000.0,790696000.0,156607000.0,1518131000.0,1.731,0.39,53745000.0,0.0,53745000.0,53745000.0,578537000.0,26284000.0,0.0,0.0,0.0,53355000.0,79639000.0,0.145,79639000.0,53355000.0,53355000.0,19.32,19.21,19.32,2852989000.0,,2852989000.0,13192150356.0,25.0,20.976,-36301000.0,-0.462,1.0,394356000.0,0.716,73751000.0,0.0,2243452000.0,,120977000.0,0.0,0.0,0.0,1111851000.0,910686000.0,201165000.0,13699112356.0,240255000.0,0.0,10662000.0,0.0,0.0,-34733000.0,276211000.0,320536000.0,9784000.0,-11007000.0,1518131000.0,1518131000.0,1518131000.0,0.0,0.0,2.755,324438000.0,69918000.0,72690000.0,0.0,4.802,7.252,7.251,733857000.0,0.0,173.95,5.687,5.676,533004000.0,1958043000.0,550963000.0,550963000.0,41532000.0,,,,,22927000.0,282906000.0,1.0,78753161.0,78592000.0,79028000.0,7.01,3891089000.0,1551141000.0,-1464776000.0,109128000.0,49.51,665839000.0
6,ALGN,MRQ,2019-12-31,2019-12-31,2019-12-31,2021-08-04,-688000.0,2500702000.0,,1633419000.0,867283000.0,,17.134,-42550000.0,550425000.0,550425000.0,177829000.0,121262000.0,1.682,0.858,43463000.0,0.0,43463000.0,43463000.0,563762000.0,26671000.0,0.0,0.0,0.0,155797000.0,182468000.0,0.281,182468000.0,155797000.0,155797000.0,1.54,1.53,1.54,1346169000.0,,1346169000.0,21544970800.0,39.0,33.015,175627000.0,2.235,1.0,471958000.0,0.726,75692000.0,0.0,947078000.0,,112051000.0,318202000.0,318202000.0,0.0,1154533000.0,970970000.0,183563000.0,21991967800.0,60069000.0,0.0,-100495000.0,0.0,0.0,-102377000.0,-60111000.0,-16919000.0,218177000.0,4380000.0,121262000.0,121262000.0,121262000.0,0.0,0.0,0.187,320808000.0,151150000.0,87250000.0,0.0,16.337,49.668,50.097,687974000.0,0.0,279.04,9.137,9.208,550291000.0,439912000.0,649787000.0,649787000.0,41327000.0,,,,,20497000.0,279481000.0,1.0,78812958.0,78569000.0,79209000.0,8.27,2425010000.0,64007000.0,34535000.0,102794000.0,30.865,662449000.0
7,ALGN,MRQ,2019-09-30,2019-09-30,2019-09-30,2021-08-04,-1927000.0,2350380000.0,,1505579000.0,844801000.0,,16.457,-26559000.0,490362000.0,490362000.0,169787000.0,102524000.0,1.73,0.8,43365000.0,0.0,43365000.0,43365000.0,520712000.0,24625000.0,0.0,0.0,0.0,128419000.0,153044000.0,0.252,153044000.0,128419000.0,128419000.0,1.29,1.28,1.29,1305549000.0,,1305549000.0,14085879791.0,27.0,23.222,207973000.0,2.622,1.0,437554000.0,0.72,77012000.0,0.0,956227000.0,,94795000.0,292011000.0,292011000.0,0.0,1044831000.0,870144000.0,174687000.0,14450239791.0,66872000.0,0.0,-191707000.0,0.0,0.0,-194782000.0,30687000.0,56806000.0,234532000.0,-3565000.0,102524000.0,102524000.0,102524000.0,0.0,0.0,0.169,310402000.0,127152000.0,63300000.0,0.0,11.068,34.495,34.461,660504000.0,0.0,180.92,6.307,6.265,531816000.0,415159000.0,607341000.0,607341000.0,39680000.0,,,,,24176000.0,277514000.0,1.0,79870881.0,79332000.0,79825000.0,7.656,2273368000.0,63150000.0,25895000.0,101914000.0,28.656,635435000.0
8,ALGN,MRQ,2019-06-30,2019-06-30,2019-06-30,2021-08-04,-1876000.0,2346017000.0,,1457374000.0,888643000.0,,17.183,-45337000.0,423500000.0,423500000.0,168408000.0,147142000.0,1.847,0.708,59140000.0,0.0,59140000.0,59140000.0,481462000.0,23491000.0,0.0,0.0,0.0,190263000.0,213754000.0,0.356,213754000.0,190263000.0,190263000.0,1.84,1.83,1.84,1373682000.0,,1373682000.0,21424744940.0,41.0,36.122,132017000.0,1.651,1.0,432289000.0,0.72,78852000.0,0.0,1113759000.0,,81124000.0,342391000.0,297422000.0,44969000.0,972335000.0,789046000.0,183289000.0,21897338940.0,-164489000.0,0.0,-49499000.0,-45773000.0,0.0,-95619000.0,-246602000.0,-189130000.0,177354000.0,378000.0,147142000.0,147142000.0,147142000.0,0.0,0.0,0.245,255799000.0,176490000.0,61950000.0,0.0,15.941,52.48,52.433,656880000.0,0.0,273.7,10.003,9.996,520094000.0,501275000.0,600697000.0,600697000.0,38851000.0,,,,,22467000.0,267948000.0,1.0,80004892.0,79943000.0,80590000.0,7.514,2267165000.0,59050000.0,43121000.0,98182000.0,28.36,668328000.0
9,ALGN,MRQ,2019-03-31,2019-03-31,2019-03-31,2021-08-04,-2281000.0,2234430000.0,,1439113000.0,795317000.0,,15.724,-35261000.0,588001000.0,588001000.0,146875000.0,71848000.0,1.788,0.779,115407000.0,56100000.0,59307000.0,115407000.0,433518000.0,22678000.0,0.0,0.0,0.0,80644000.0,103322000.0,0.188,103322000.0,80644000.0,80644000.0,0.9,0.89,0.9,1255704000.0,,1255704000.0,22106472033.0,50.0,43.706,81946000.0,1.026,1.0,402096000.0,0.732,80329000.0,0.0,876623000.0,,68489000.0,186509000.0,186509000.0,0.0,978726000.0,804884000.0,173842000.0,22743371033.0,-48884000.0,0.0,-40391000.0,0.0,0.0,-92762000.0,-74418000.0,-36790000.0,117207000.0,1089000.0,71848000.0,71848000.0,71848000.0,0.0,0.0,0.131,314395000.0,87701000.0,62512000.0,0.0,18.112,60.453,60.496,631651000.0,0.0,284.33,10.942,10.924,479281000.0,402021000.0,548971000.0,548971000.0,37503000.0,,,,,21044000.0,247110000.0,1.0,79989347.0,79860000.0,80687000.0,6.874,2154101000.0,57151000.0,8796000.0,93463000.0,26.973,634229000.0
10,ALGN,MRQ,2018-12-31,2018-12-31,2018-12-31,2021-08-04,-2774000.0,2052458000.0,,1302479000.0,749979000.0,,15.683,-54279000.0,636899000.0,636899000.0,150924000.0,97392000.0,1.882,0.638,0.0,0.0,0.0,0.0,393138000.0,16542000.0,0.0,0.0,0.0,119909000.0,136451000.0,0.256,136451000.0,119909000.0,119909000.0,1.22,1.21,1.22,1252891000.0,,1252891000.0,16330268913.0,36.0,31.852,187016000.0,2.341,1.0,383096000.0,0.717,81949000.0,0.0,641537000.0,,55641000.0,153485000.0,98460000.0,55025000.0,799567000.0,692073000.0,107494000.0,16751128913.0,216117000.0,0.0,-49972000.0,0.0,0.0,-54283000.0,30948000.0,85066000.0,241295000.0,-1843000.0,97392000.0,97392000.0,97392000.0,0.0,0.0,0.182,262623000.0,120473000.0,64256000.0,0.0,13.37,41.853,41.886,521329000.0,0.0,209.43,8.518,8.527,439009000.0,378143000.0,534020000.0,534020000.0,35804000.0,,,,,18845000.0,226819000.0,1.0,79984381.0,79890000.0,80814000.0,6.684,1970509000.0,64689000.0,22517000.0,78008000.0,24.665,610406000.0
11,ALGN,MRQ,2018-09-30,2018-09-30,2018-09-30,2021-08-04,-728000.0,1928405000.0,,1224182000.0,704223000.0,,14.892,-53738000.0,420860000.0,420860000.0,133508000.0,100872000.0,1.98,0.616,0.0,0.0,0.0,0.0,356109000.0,14119000.0,0.0,0.0,0.0,125473000.0,139592000.0,0.276,139592000.0,125473000.0,125473000.0,1.26,1.24,1.26,1192983000.0,,1192983000.0,30874829480.0,68.0,61.605,42527000.0,0.531,1.0,371781000.0,0.736,83607000.0,0.0,805729000.0,,48858000.0,240384000.0,184297000.0,56087000.0,735422000.0,618209000.0,117213000.0,31422822480.0,-127132000.0,0.0,-141980000.0,0.0,0.0,-144406000.0,-78024000.0,-24222000.0,96265000.0,-967000.0,100872000.0,100872000.0,100872000.0,0.0,0.0,0.2,246573000.0,125208000.0,43065000.0,0.0,26.34,100.358,100.056,491630000.0,0.0,391.22,16.951,16.906,420276000.0,328432000.0,505289000.0,505289000.0,32700000.0,,,,,19198000.0,213873000.0,1.0,80320082.0,80111000.0,81359000.0,6.307,1844798000.0,47435000.0,24601000.0,95655000.0,23.028,605973000.0
12,ALGN,MRQ,2018-06-30,2018-06-30,2018-06-30,2021-08-04,911000.0,1916589000.0,,1260999000.0,655590000.0,,15.196,-57717000.0,547993000.0,547993000.0,124677000.0,106105000.0,2.225,0.572,0.0,0.0,0.0,0.0,321148000.0,12632000.0,0.0,0.0,0.0,113808000.0,126440000.0,0.258,126440000.0,113808000.0,113808000.0,1.32,1.3,1.32,1218959000.0,,1218959000.0,26924395172.0,63.0,56.988,82072000.0,1.023,1.0,365582000.0,0.746,85307000.0,0.0,716643000.0,,47252000.0,221818000.0,164629000.0,57189000.0,697630000.0,566646000.0,130984000.0,27422398172.0,49962000.0,0.0,565000.0,0.0,0.0,-30923000.0,-55266000.0,2245000.0,139789000.0,-3638000.0,106105000.0,106105000.0,106105000.0,0.0,0.0,0.216,242891000.0,122691000.0,48744000.0,0.0,22.497,93.024,92.973,447933000.0,0.0,342.14,15.817,15.83,374371000.0,373441000.0,490259000.0,490259000.0,30804000.0,,,,,16890000.0,212087000.0,1.0,80149641.0,80216000.0,81471000.0,6.112,1831282000.0,45859000.0,7703000.0,115701000.0,22.829,694353000.0
13,ALGN,MRQ,2018-03-31,2018-03-31,2018-03-31,2021-08-04,1484000.0,1782731000.0,,1168776000.0,613955000.0,,14.087,-57578000.0,498003000.0,498003000.0,109516000.0,95866000.0,2.256,0.581,0.0,0.0,0.0,0.0,296011000.0,11434000.0,0.0,0.0,0.0,98768000.0,110202000.0,0.252,110202000.0,98768000.0,98768000.0,1.2,1.17,1.2,1127460000.0,,1127460000.0,19674849059.0,49.0,44.771,19754000.0,0.247,1.0,327408000.0,0.749,87629000.0,0.0,679114000.0,,35866000.0,227781000.0,164740000.0,63041000.0,655271000.0,517985000.0,137286000.0,20124360059.0,48494000.0,0.0,-91980000.0,0.0,0.0,-139822000.0,109269000.0,166385000.0,77332000.0,1715000.0,95866000.0,95866000.0,95866000.0,0.0,0.0,0.219,229216000.0,98192000.0,41881000.0,0.0,17.849,78.043,77.991,400528000.0,0.0,251.13,12.578,12.562,361459000.0,267336000.0,436924000.0,436924000.0,29591000.0,,,,,15830000.0,199625000.0,1.0,80135229.0,80036000.0,81628000.0,5.459,1695102000.0,45524000.0,2902000.0,119349000.0,21.179,650791000.0
14,ALGN,MRQ,2017-12-31,2017-12-31,2017-12-31,2021-08-04,571000.0,1784009000.0,,1158367000.0,625642000.0,,14.414,-69545000.0,449511000.0,449511000.0,103406000.0,10264000.0,2.316,0.546,0.0,0.0,0.0,0.0,267713000.0,11024000.0,0.0,0.0,0.0,113918000.0,124942000.0,0.297,124942000.0,113918000.0,113918000.0,0.13,0.12,0.13,1154288000.0,,1154288000.0,17452071052.0,48.0,43.705,92781000.0,1.159,1.0,317917000.0,0.755,89068000.0,0.0,745379000.0,,31688000.0,366585000.0,272031000.0,94554000.0,629721000.0,500051000.0,129670000.0,17814684052.0,86907000.0,0.0,-49389000.0,0.0,0.0,-56464000.0,-19693000.0,49682000.0,162326000.0,738000.0,10264000.0,10264000.0,10264000.0,0.0,0.0,0.024,208311000.0,109606000.0,36776000.0,0.0,15.433,76.981,76.882,348793000.0,0.0,222.19,12.091,12.077,324189000.0,267274000.0,421323000.0,421323000.0,26170000.0,,,,,14830000.0,182141000.0,1.0,80177704.0,80082000.0,82057000.0,5.261,1694941000.0,49334000.0,103654000.0,114091000.0,21.165,658316000.0
15,ALGN,MRQ,2017-09-30,2017-09-30,2017-09-30,2021-08-04,788000.0,1697623000.0,,1101003000.0,596620000.0,,14.744,-48105000.0,362613000.0,362613000.0,92779000.0,82555000.0,2.386,0.436,0.0,0.0,0.0,0.0,241576000.0,9972000.0,0.0,0.0,0.0,100899000.0,110871000.0,0.288,110871000.0,100899000.0,100899000.0,1.03,1.01,1.03,1181958000.0,,1181958000.0,14571469144.0,47.0,42.701,70020000.0,0.873,1.0,292488000.0,0.759,90070000.0,0.0,783571000.0,,36941000.0,428171000.0,316454000.0,111717000.0,515665000.0,461369000.0,54296000.0,14929651144.0,4429000.0,0.0,-8671000.0,0.0,0.0,5204000.0,-120066000.0,-72134000.0,118125000.0,1166000.0,82555000.0,82555000.0,82555000.0,0.0,0.0,0.214,193725000.0,98763000.0,45942000.0,0.0,12.631,55.547,55.438,295901000.0,0.0,186.27,11.098,11.099,321328000.0,301117000.0,385267000.0,385267000.0,24201000.0,,,,,14967000.0,169524000.0,1.0,80150594.0,80163000.0,81789000.0,4.806,1607553000.0,73532000.0,18344000.0,45375000.0,20.054,639634000.0
16,ALGN,MRQ,2017-06-30,2017-06-30,2017-06-30,2021-08-04,-156000.0,1551187000.0,,1003222000.0,547965000.0,,13.447,-18476000.0,358182000.0,358182000.0,85565000.0,69179000.0,2.362,0.439,0.0,0.0,0.0,0.0,220005000.0,8876000.0,0.0,0.0,0.0,84566000.0,93442000.0,0.262,93442000.0,84566000.0,84566000.0,0.86,0.85,0.86,1078288000.0,,1078288000.0,11798313761.0,44.0,39.284,91991000.0,1.147,1.0,270917000.0,0.76,91308000.0,0.0,676901000.0,,35133000.0,360129000.0,243786000.0,116343000.0,472899000.0,424796000.0,48103000.0,12059340761.0,97182000.0,0.0,-34767000.0,0.0,0.0,-51239000.0,36744000.0,57310000.0,110467000.0,1210000.0,69179000.0,69179000.0,69179000.0,0.0,0.0,0.194,187348000.0,83569000.0,45953000.0,0.0,11.184,50.758,50.545,255539000.0,0.0,150.12,9.736,9.719,291694000.0,232876000.0,356482000.0,356482000.0,24384000.0,,,,,14245000.0,162964000.0,1.0,80331340.0,80188000.0,81631000.0,4.446,1459879000.0,61783000.0,15387000.0,44581000.0,18.206,578426000.0
17,ALGN,MRQ,2017-03-31,2017-03-31,2017-03-31,2021-08-04,-1382000.0,1459293000.0,,918167000.0,541126000.0,,13.077,-59569000.0,261027000.0,261027000.0,74716000.0,69420000.0,2.512,0.397,0.0,0.0,0.0,0.0,202895000.0,7867000.0,0.0,0.0,0.0,62197000.0,70064000.0,0.226,70064000.0,62197000.0,62197000.0,0.87,0.85,0.87,1044875000.0,,1044875000.0,8819199528.0,35.0,31.81,-11948000.0,-0.15,1.0,235625000.0,0.759,92447000.0,0.0,740265000.0,,35174000.0,427073000.0,284559000.0,142514000.0,414418000.0,365554000.0,48864000.0,9208474528.0,-131412000.0,-8953000.0,3495000.0,0.0,0.0,-33001000.0,-148462000.0,-79090000.0,47621000.0,2430000.0,69420000.0,69420000.0,69420000.0,0.0,0.0,0.224,173952000.0,61673000.0,37028000.0,0.0,8.813,42.133,41.865,231692000.0,0.0,114.71,7.997,7.96,267128000.0,196157000.0,310341000.0,310341000.0,22804000.0,,,,,14812000.0,151148000.0,1.0,80276127.0,79904000.0,81534000.0,3.884,1366846000.0,60068000.0,-7223000.0,46322000.0,17.106,552613000.0
18,ALGN,MRQ,2016-12-31,2016-12-31,2016-12-31,2021-08-04,-938000.0,1396151000.0,,952978000.0,443173000.0,,12.495,-14208000.0,389275000.0,389275000.0,72954000.0,47621000.0,2.689,0.403,0.0,0.0,0.0,0.0,191407000.0,7216000.0,0.0,0.0,0.0,59649000.0,66865000.0,0.228,66865000.0,59649000.0,59649000.0,0.6,0.59,0.6,995389000.0,,995389000.0,7240594214.0,30.0,27.335,66772000.0,0.838,1.0,220249000.0,0.751,81998000.0,0.0,570543000.0,,27131000.0,355825000.0,250981000.0,104844000.0,400762000.0,354335000.0,46427000.0,7660542214.0,-30450000.0,0.0,-37143000.0,0.0,0.0,-37905000.0,-69831000.0,-55623000.0,80980000.0,-3694000.0,47621000.0,47621000.0,47621000.0,0.0,0.0,0.162,151877000.0,68372000.0,28596000.0,0.0,7.696,40.386,40.391,175167000.0,0.0,96.13,7.094,7.109,247415000.0,131448000.0,293203000.0,293203000.0,21609000.0,,,,,14215000.0,130268000.0,1.0,79689402.0,79664000.0,81367000.0,3.68,1314153000.0,67844000.0,12028000.0,45133000.0,16.496,598643000.0
19,ALGN,MRQ,2016-09-30,2016-09-30,2016-09-30,2021-08-04,-85000.0,1358893000.0,,911768000.0,447125000.0,,12.157,-17343000.0,419948000.0,419948000.0,69387000.0,51367000.0,2.658,0.398,0.0,0.0,0.0,0.0,177409000.0,6901000.0,0.0,0.0,0.0,63065000.0,69966000.0,0.251,69966000.0,63065000.0,63065000.0,0.64,0.63,0.64,972310000.0,,972310000.0,7336660031.0,30.0,27.946,42484000.0,0.531,1.0,209202000.0,0.751,82987000.0,0.0,512907000.0,,26341000.0,302106000.0,193018000.0,109088000.0,386583000.0,343051000.0,43532000.0,7504366031.0,252242000.0,0.0,-17299000.0,0.0,0.0,-2111000.0,194362000.0,213705000.0,59827000.0,164000.0,51367000.0,51367000.0,51367000.0,0.0,0.0,0.184,147123000.0,62079000.0,33104000.0,0.0,7.718,39.303,39.226,172658000.0,0.0,93.75,7.379,7.373,244992000.0,117965000.0,278589000.0,278589000.0,20415000.0,,,,,13711000.0,126708000.0,1.0,80046571.0,79977000.0,81466000.0,3.483,1275906000.0,68918000.0,11698000.0,42539000.0,15.953,568717000.0
20,ALGN,MRQ,2016-06-30,2016-06-30,2016-06-30,2021-08-04,428000.0,1251273000.0,,825407000.0,425866000.0,,11.38,-18818000.0,167706000.0,167706000.0,64146000.0,50148000.0,2.761,0.375,0.0,0.0,0.0,0.0,160557000.0,5093000.0,0.0,0.0,0.0,65261000.0,70354000.0,0.261,70354000.0,65261000.0,65261000.0,0.63,0.62,0.63,909858000.0,,909858000.0,6304424062.0,29.0,26.994,57349000.0,0.717,1.0,205216000.0,0.762,83749000.0,0.0,700829000.0,,22992000.0,517265000.0,404107000.0,113158000.0,341415000.0,298989000.0,42426000.0,6458842062.0,13288000.0,0.0,-33382000.0,0.0,0.0,-46402000.0,-16187000.0,8662000.0,76167000.0,-290000.0,50148000.0,50148000.0,50148000.0,0.0,0.0,0.186,140080000.0,65136000.0,30927000.0,0.0,7.099,38.632,38.357,161685000.0,0.0,80.55,6.828,6.808,192660000.0,87607000.0,269362000.0,269362000.0,18613000.0,,,,,13675000.0,121467000.0,1.0,80184259.0,79951000.0,81281000.0,3.369,1167524000.0,60051000.0,15113000.0,41244000.0,14.603,526418000.0
21,ALGN,MRQ,2016-03-31,2016-03-31,2016-03-31,2021-08-04,22000.0,1207560000.0,,783003000.0,424557000.0,,11.174,-20207000.0,154418000.0,154418000.0,58093000.0,40546000.0,2.85,0.354,0.0,0.0,0.0,0.0,145769000.0,4792000.0,0.0,0.0,0.0,52907000.0,57699000.0,0.242,57699000.0,52907000.0,52907000.0,0.51,0.5,0.51,892030000.0,,892030000.0,5620273772.0,29.0,26.76,10473000.0,0.131,1.0,180627000.0,0.757,78606000.0,0.0,699786000.0,,22618000.0,526350000.0,393660000.0,132690000.0,315530000.0,274750000.0,40780000.0,5787987772.0,-13296000.0,0.0,5384000.0,0.0,0.0,-9106000.0,-35316000.0,-15109000.0,30680000.0,446000.0,40546000.0,40546000.0,40546000.0,0.0,0.0,0.17,127293000.0,53334000.0,36258000.0,0.0,6.489,39.006,39.081,148029000.0,0.0,72.69,6.532,6.549,178000000.0,67937000.0,238720000.0,238720000.0,15083000.0,,,,,11662000.0,112210000.0,1.0,79625640.0,79831000.0,81320000.0,2.99,1128954000.0,57527000.0,12361000.0,39269000.0,14.142,508253000.0
22,ALGN,MRQ,2015-12-31,2015-12-31,2015-12-31,2021-08-04,-980000.0,1158633000.0,,732010000.0,426623000.0,,10.669,-16788000.0,167714000.0,167714000.0,57466000.0,48877000.0,2.694,0.366,0.0,0.0,0.0,0.0,129553000.0,4863000.0,0.0,0.0,0.0,59652000.0,64515000.0,0.28,64515000.0,59652000.0,59652000.0,0.61,0.6,0.61,847926000.0,,847926000.0,5060386246.0,27.0,24.793,62567000.0,0.787,1.0,172810000.0,0.75,79162000.0,0.0,640085000.0,,19465000.0,510951000.0,359581000.0,151370000.0,310707000.0,271672000.0,39035000.0,5234426246.0,-6326000.0,0.0,-10422000.0,0.0,0.0,-11831000.0,-73736000.0,-56948000.0,79355000.0,-114000.0,48877000.0,48877000.0,48877000.0,0.0,0.0,0.212,113471000.0,59339000.0,34354000.0,0.0,6.173,36.345,36.583,136473000.0,0.0,65.85,6.191,6.231,158550000.0,27391000.0,230276000.0,230276000.0,13889000.0,,,,,13636000.0,99582000.0,1.0,79490148.0,79473000.0,81356000.0,2.898,1079471000.0,51416000.0,10775000.0,37512000.0,13.583,460338000.0
23,ALGN,MRQ,2015-09-30,2015-09-30,2015-09-30,2021-08-04,25000.0,1079562000.0,,711733000.0,367829000.0,,10.002,-10491000.0,174040000.0,174040000.0,50060000.0,27616000.0,2.911,0.352,0.0,0.0,0.0,0.0,115998000.0,4503000.0,0.0,0.0,0.0,36478000.0,40981000.0,0.197,40981000.0,36478000.0,36478000.0,0.35,0.34,0.35,798259000.0,,798259000.0,4383495451.0,25.0,22.624,49566000.0,0.621,1.0,157576000.0,0.759,79715000.0,0.0,581296000.0,,18939000.0,455961000.0,310715000.0,145246000.0,281303000.0,244511000.0,36792000.0,4545248451.0,12287000.0,0.0,-35299000.0,0.0,0.0,-14028000.0,-32303000.0,-21812000.0,60057000.0,-1439000.0,27616000.0,27616000.0,27616000.0,0.0,0.0,0.133,119530000.0,38046000.0,32599000.0,0.0,5.694,33.748,33.586,120738000.0,0.0,56.76,5.585,5.566,148395000.0,-11890000.0,207636000.0,207636000.0,17779000.0,,,,,14661000.0,101751000.0,1.0,80078373.0,79808000.0,81092000.0,2.602,999847000.0,44632000.0,8862000.0,34916000.0,12.528,467222000.0
24,ALGN,MRQ,2015-06-30,2015-06-30,2015-06-30,2021-08-04,-187000.0,1028581000.0,,657906000.0,370675000.0,,9.592,-10560000.0,161753000.0,161753000.0,50854000.0,31350000.0,2.951,0.336,0.0,0.0,0.0,0.0,101420000.0,4330000.0,0.0,0.0,0.0,42499000.0,46829000.0,0.224,46829000.0,42499000.0,42499000.0,0.39,0.39,0.39,769801000.0,,769801000.0,4873867481.0,26.0,23.584,52380000.0,0.653,1.0,158634000.0,0.757,80590000.0,0.0,563313000.0,,16415000.0,434950000.0,276789000.0,158161000.0,258780000.0,222925000.0,35855000.0,5063845481.0,-28225000.0,0.0,-47516000.0,0.0,0.0,-67830000.0,-23661000.0,-13101000.0,62940000.0,326000.0,31350000.0,31350000.0,31350000.0,0.0,0.0,0.15,116309000.0,42325000.0,29513000.0,0.0,6.578,34.847,34.646,108029000.0,0.0,62.71,6.361,6.322,146466000.0,-5826000.0,209488000.0,209488000.0,15684000.0,,,,,12826000.0,100625000.0,1.0,80750207.0,80257000.0,81394000.0,2.61,947991000.0,45986000.0,11149000.0,33726000.0,11.812,434981000.0
25,ALGN,MRQ,2015-03-31,2015-03-31,2015-03-31,2021-08-04,-106000.0,1028405000.0,,657312000.0,371093000.0,,9.863,-15612000.0,189978000.0,189978000.0,46996000.0,36177000.0,3.277,0.296,0.0,0.0,0.0,0.0,93868000.0,4308000.0,0.0,0.0,0.0,47472000.0,51780000.0,0.261,51780000.0,47472000.0,47472000.0,0.45,0.44,0.45,793534000.0,,793534000.0,4142070871.0,21.0,19.462,20033000.0,0.249,1.0,151090000.0,0.763,81274000.0,0.0,556578000.0,,14572000.0,422994000.0,254823000.0,168171000.0,234871000.0,200575000.0,34296000.0,4341941871.0,-9893000.0,0.0,2771000.0,0.0,0.0,-7097000.0,-36661000.0,-21095000.0,35645000.0,-1780000.0,36177000.0,36177000.0,36177000.0,0.0,0.0,0.183,102166000.0,48924000.0,24996000.0,0.0,5.472,29.03,28.919,99764000.0,0.0,53.79,5.573,5.555,138159000.0,4179000.0,198086000.0,198086000.0,13885000.0,,,,,11648000.0,88281000.0,1.0,80720243.0,80459000.0,81824000.0,2.462,947131000.0,44541000.0,11295000.0,31831000.0,11.772,456737000.0
26,ALGN,MRQ,2014-12-31,2014-12-31,2014-12-31,2021-08-04,-140000.0,987997000.0,,657160000.0,330837000.0,,9.381,-7135000.0,199871000.0,199871000.0,47938000.0,39541000.0,3.256,0.312,0.0,0.0,0.0,0.0,90684000.0,4387000.0,0.0,0.0,0.0,49777000.0,54164000.0,0.273,54164000.0,49777000.0,49777000.0,0.5,0.48,0.5,752771000.0,,752771000.0,4308327501.0,23.0,20.691,64470000.0,0.803,1.0,150662000.0,0.759,82056000.0,0.0,504259000.0,,15928000.0,402679000.0,254787000.0,147892000.0,235226000.0,201811000.0,33415000.0,4489003501.0,19195000.0,0.0,-20161000.0,0.0,0.0,-19502000.0,-30254000.0,-23118000.0,71605000.0,-2654000.0,39541000.0,39541000.0,39541000.0,0.0,0.0,0.199,99169000.0,51493000.0,23247000.0,0.0,5.963,30.782,30.89,90125000.0,0.0,55.91,5.894,5.928,129751000.0,-30507000.0,198600000.0,198600000.0,13276000.0,,,,,29362000.0,85893000.0,1.0,80289814.0,80244000.0,81803000.0,2.475,905941000.0,40152000.0,10236000.0,30483000.0,11.29,455349000.0
27,ALGN,MRQ,2014-09-30,2014-09-30,2014-09-30,2021-08-04,60000.0,948289000.0,,615672000.0,332617000.0,,8.96,-6997000.0,180676000.0,180676000.0,44822000.0,38247000.0,3.101,0.313,0.0,0.0,0.0,0.0,87443000.0,4339000.0,0.0,0.0,0.0,49548000.0,53887000.0,0.284,53887000.0,49548000.0,49548000.0,0.47,0.47,0.47,722456000.0,,722456000.0,4007914961.0,21.0,18.998,60574000.0,0.751,1.0,145054000.0,0.764,82926000.0,0.0,486127000.0,,15983000.0,380837000.0,244820000.0,136017000.0,225833000.0,198560000.0,27273000.0,4175385961.0,13205000.0,0.0,-23666000.0,0.0,0.0,-1051000.0,-53790000.0,-46744000.0,67571000.0,475000.0,38247000.0,38247000.0,38247000.0,0.0,0.0,0.201,93507000.0,51547000.0,24517000.0,0.0,5.779,28.077,28.087,86447000.0,0.0,51.68,5.632,5.621,130047000.0,-53135000.0,189876000.0,189876000.0,12854000.0,,,,,7184000.0,80653000.0,1.0,80793072.0,80629000.0,82014000.0,2.355,865363000.0,19714000.0,11301000.0,0.0,10.733,417112000.0
28,ALGN,MRQ,2014-06-30,2014-06-30,2014-06-30,2021-08-04,508000.0,885433000.0,,554512000.0,330921000.0,,8.34,-4964000.0,167471000.0,167471000.0,47055000.0,35600000.0,2.964,0.31,0.0,0.0,0.0,0.0,85125000.0,4354000.0,0.0,0.0,0.0,48639000.0,52993000.0,0.275,52993000.0,48639000.0,48639000.0,0.44,0.43,0.44,675796000.0,,675796000.0,4392082040.0,24.0,21.652,64766000.0,0.799,1.0,145476000.0,0.756,83795000.0,0.0,447054000.0,,13115000.0,335207000.0,198059000.0,137148000.0,209637000.0,187113000.0,22524000.0,4574848040.0,-15295000.0,0.0,-48324000.0,0.0,0.0,-66928000.0,-18236000.0,-13272000.0,69730000.0,139000.0,35600000.0,35600000.0,35600000.0,0.0,0.0,0.185,96744000.0,48732000.0,20939000.0,0.0,6.77,31.55,31.133,81312000.0,0.0,56.04,6.39,6.342,131028000.0,-67606000.0,192531000.0,192531000.0,13289000.0,,,,,7713000.0,83455000.0,1.0,81635404.0,81027000.0,82341000.0,2.376,801638000.0,20456000.0,13039000.0,0.0,9.893,367399000.0
29,ALGN,MRQ,2014-03-31,2014-03-31,2014-03-31,2021-08-04,442000.0,885641000.0,,552177000.0,333464000.0,,8.589,-4996000.0,182766000.0,182766000.0,43395000.0,32444000.0,3.232,0.271,0.0,0.0,0.0,0.0,81000000.0,4776000.0,0.0,0.0,0.0,42405000.0,47181000.0,0.261,47181000.0,42405000.0,42405000.0,0.4,0.39,0.4,696753000.0,,696753000.0,3976943795.0,23.0,20.793,12997000.0,0.16,1.0,137251000.0,0.76,84388000.0,0.0,447632000.0,,15840000.0,322606000.0,183677000.0,138929000.0,188888000.0,170855000.0,18033000.0,4219896795.0,-60187000.0,0.0,11946000.0,0.0,0.0,21061000.0,-99347000.0,-94218000.0,17993000.0,106000.0,32444000.0,32444000.0,32444000.0,0.0,0.0,0.18,95447000.0,41804000.0,18506000.0,0.0,6.057,30.42,30.11,79093000.0,0.0,51.79,6.14,6.113,126183000.0,-63465000.0,180646000.0,180646000.0,13380000.0,,,,,-4436000.0,82067000.0,1.0,81480919.0,81120000.0,82817000.0,2.227,801253000.0,22739000.0,9961000.0,0.0,9.877,381322000.0
30,ALGN,MRQ,2013-12-31,2013-12-31,2013-12-31,2021-08-04,294000.0,832147000.0,,544676000.0,287471000.0,,7.882,-4240000.0,242953000.0,242953000.0,41816000.0,42421000.0,3.106,0.313,0.0,0.0,0.0,0.0,77275000.0,4178000.0,0.0,0.0,0.0,52723000.0,56901000.0,0.319,56901000.0,52723000.0,52723000.0,0.53,0.52,0.53,633970000.0,,633970000.0,4413573975.0,47.0,40.137,62872000.0,0.782,1.0,136476000.0,0.765,85362000.0,0.0,328494000.0,,13968000.0,229018000.0,127040000.0,101978000.0,198177000.0,175338000.0,22839000.0,4589412975.0,67114000.0,0.0,5903000.0,0.0,0.0,10731000.0,-10745000.0,-6441000.0,67112000.0,16000.0,42421000.0,42421000.0,42421000.0,0.0,0.0,0.238,83554000.0,52922000.0,17718000.0,0.0,7.239,71.381,71.425,75743000.0,0.0,57.14,6.951,6.972,113250000.0,-95910000.0,178292000.0,178292000.0,10970000.0,,,,,27022000.0,72584000.0,1.0,80318743.0,80428000.0,82709000.0,2.217,746785000.0,44402000.0,10302000.0,18326000.0,9.285,369338000.0
31,ALGN,MRQ,2013-09-30,2013-09-30,2013-09-30,2021-08-04,332000.0,759206000.0,,482259000.0,276947000.0,,7.199,-5783000.0,175839000.0,175839000.0,39416000.0,34537000.0,2.954,0.319,0.0,0.0,0.0,0.0,70397000.0,3858000.0,0.0,0.0,0.0,41913000.0,45771000.0,0.278,45771000.0,41913000.0,41913000.0,0.43,0.42,0.43,575684000.0,,575684000.0,3675161996.0,65.0,49.18,49355000.0,0.617,1.0,125090000.0,0.76,86107000.0,0.0,333992000.0,,14662000.0,224576000.0,147740000.0,76836000.0,183522000.0,163268000.0,20254000.0,3840174996.0,11342000.0,0.0,7166000.0,0.0,0.0,12994000.0,-56217000.0,-47172000.0,55138000.0,-573000.0,34537000.0,34537000.0,34537000.0,0.0,0.0,0.21,83626000.0,41464000.0,19157000.0,0.0,6.671,122.17,123.333,76552000.0,0.0,48.1,6.147,6.157,109179000.0,-138332000.0,164506000.0,164506000.0,10915000.0,,,,,1072000.0,72711000.0,1.0,79837318.0,79967000.0,81848000.0,2.057,673099000.0,28822000.0,7376000.0,0.0,8.417,318991000.0
32,ALGN,MRQ,2013-06-30,2013-06-30,2013-06-30,2021-08-04,-44000.0,703894000.0,,442093000.0,261801000.0,,6.456,-3781000.0,165013000.0,165013000.0,40137000.0,29320000.0,2.752,0.353,0.0,0.0,0.0,0.0,63322000.0,3845000.0,0.0,0.0,0.0,37566000.0,41411000.0,0.253,41411000.0,37566000.0,37566000.0,0.36,0.36,0.36,520198000.0,,520198000.0,2691623577.0,141.0,71.775,49527000.0,0.615,1.0,123691000.0,0.755,86688000.0,0.0,291539000.0,,15704000.0,176818000.0,113933000.0,62885000.0,183696000.0,160654000.0,23042000.0,3020876577.0,-164248000.0,-7652000.0,-84810000.0,0.0,0.0,-77319000.0,-140327000.0,-128730000.0,53308000.0,90000.0,29320000.0,29320000.0,29320000.0,0.0,0.0,0.179,85790000.0,37901000.0,21556000.0,0.0,5.807,-876.124,-926.0,76932000.0,0.0,37.04,5.062,5.001,112367000.0,-172868000.0,163828000.0,163828000.0,10916000.0,,,,,-327000.0,74874000.0,1.0,81557143.0,80576000.0,82149000.0,2.033,617206000.0,30622000.0,8246000.0,0.0,7.66,281439000.0
33,ALGN,MRQ,2013-03-31,2013-03-31,2013-03-31,2021-08-04,151000.0,726245000.0,,527331000.0,198914000.0,,6.906,-5608000.0,329253000.0,329253000.0,40731000.0,-41983000.0,3.666,0.294,0.0,0.0,0.0,0.0,59472000.0,4944000.0,0.0,0.0,0.0,-39063000.0,-34119000.0,-0.222,-34119000.0,-39063000.0,-39063000.0,-0.52,-0.52,-0.52,561118000.0,,561118000.0,2431759599.0,135.0,65.91,4810000.0,0.059,1.0,112849000.0,0.735,83972000.0,0.0,169165000.0,,15442000.0,48655000.0,37975000.0,10680000.0,165127000.0,143855000.0,21272000.0,2739720599.0,22359000.0,0.0,10830000.0,0.0,0.0,15423000.0,-3445000.0,1084000.0,10418000.0,-37000.0,-41983000.0,-41983000.0,-41983000.0,0.0,0.0,-0.273,150924000.0,-38075000.0,19748000.0,0.0,4.883,-640.72,-670.2,72672000.0,0.0,33.51,4.736,4.706,108672000.0,-133375000.0,153580000.0,153580000.0,11282000.0,,,,,-1329000.0,72629000.0,1.0,81758299.0,81248000.0,81248000.0,1.89,642273000.0,28417000.0,2920000.0,0.0,7.905,383476000.0
34,ALGN,MRQ,2012-12-31,2012-12-31,2012-12-31,2021-08-04,203000.0,756312000.0,,485793000.0,270519000.0,,7.173,-6848000.0,306386000.0,306386000.0,36362000.0,9559000.0,3.119,0.301,0.0,0.0,0.0,0.0,61975000.0,5267000.0,0.0,0.0,0.0,16399000.0,21666000.0,0.152,21666000.0,16399000.0,16399000.0,0.12,0.12,0.12,581317000.0,,581317000.0,1951952344.0,23.0,19.117,43910000.0,0.542,1.0,106478000.0,0.745,145013000.0,0.0,149142000.0,,15122000.0,49737000.0,28485000.0,21252000.0,174995000.0,155771000.0,19224000.0,2258423344.0,1479000.0,0.0,-35274000.0,0.0,0.0,-36614000.0,-12652000.0,-5814000.0,50758000.0,-13000.0,9559000.0,9559000.0,9559000.0,0.0,0.0,0.067,89407000.0,17071000.0,19549000.0,0.0,3.885,38.48,38.014,79191000.0,0.0,27.75,4.033,3.99,98992000.0,-89626000.0,142840000.0,142840000.0,11711000.0,,,,,6932000.0,65770000.0,1.0,81384625.0,81048000.0,83112000.0,1.762,611299000.0,21609000.0,6840000.0,0.0,7.542,330022000.0
35,ALGN,MRQ,2012-09-30,2012-09-30,2012-09-30,2021-08-04,-19000.0,768164000.0,,484246000.0,283918000.0,,7.394,-5707000.0,306471000.0,306471000.0,36146000.0,-344000.0,3.192,0.276,0.0,0.0,0.0,0.0,65324000.0,4393000.0,0.0,0.0,0.0,4150000.0,8543000.0,0.063,8543000.0,4150000.0,4150000.0,0.0,0.0,0.0,602165000.0,,602165000.0,2743632615.0,29.0,24.682,34558000.0,0.424,1.0,100350000.0,0.735,157979000.0,0.0,152026000.0,,15137000.0,43944000.0,23142000.0,20802000.0,165999000.0,151688000.0,14311000.0,3007609615.0,42108000.0,0.0,9233000.0,0.0,0.0,10536000.0,-8738000.0,-2644000.0,40265000.0,45000.0,-344000.0,-344000.0,-344000.0,0.0,0.0,-0.003,95847000.0,4503000.0,14415000.0,,4.995,43.225,42.494,75248000.0,0.0,36.97,5.507,5.513,105902000.0,-74429000.0,136496000.0,136496000.0,9952000.0,,,,,3967000.0,61230000.0,1.0,81352708.0,81437000.0,81437000.0,1.676,610185000.0,27189000.0,4494000.0,0.0,7.493,332558000.0
36,ALGN,MRQ,2012-06-30,2012-06-30,2012-06-30,2021-08-04,-340000.0,744163000.0,,435135000.0,309028000.0,,7.294,-13219000.0,263977000.0,263977000.0,36826000.0,28492000.0,3.025,0.269,0.0,0.0,0.0,0.0,59403000.0,4252000.0,0.0,0.0,0.0,36553000.0,40805000.0,0.28,40805000.0,36553000.0,36553000.0,0.35,0.34,0.35,586295000.0,,586295000.0,2460510652.0,21.0,18.413,22155000.0,0.276,1.0,108800000.0,0.747,183728000.0,0.0,152622000.0,,14623000.0,41227000.0,20752000.0,20475000.0,157868000.0,143836000.0,14032000.0,2688894652.0,38438000.0,0.0,13509000.0,0.0,0.0,21992000.0,-18915000.0,-8416000.0,35374000.0,-13000.0,28492000.0,28492000.0,28492000.0,0.0,0.0,0.196,72788000.0,36012000.0,15226000.0,0.0,4.586,30.148,29.875,72207000.0,0.0,33.46,5.021,5.023,102149000.0,-68680000.0,145626000.0,145626000.0,10680000.0,,,,,-3423000.0,62108000.0,1.0,80361466.0,80384000.0,82954000.0,1.812,560435000.0,29853000.0,8061000.0,0.0,6.972,291299000.0
37,ALGN,MRQ,2012-03-31,2012-03-31,2012-03-31,2021-08-04,193000.0,670436000.0,,385496000.0,284940000.0,,6.601,-12559000.0,228384000.0,228384000.0,34319000.0,20984000.0,2.838,0.282,0.0,0.0,0.0,0.0,54650000.0,3899000.0,0.0,0.0,0.0,27194000.0,31093000.0,0.23,31093000.0,27194000.0,27194000.0,0.26,0.26,0.26,523022000.0,,523022000.0,1941911203.0,20.0,17.076,-5178000.0,-0.065,1.0,100760000.0,0.746,184703000.0,0.0,121521000.0,,13434000.0,32822000.0,16018000.0,16804000.0,147414000.0,135828000.0,11586000.0,2186612203.0,-16314000.0,0.0,7656000.0,0.0,0.0,14291000.0,-37995000.0,-25439000.0,7381000.0,9000.0,20984000.0,20984000.0,20984000.0,0.0,0.0,0.155,72754000.0,28006000.0,14640000.0,0.0,4.181,30.429,30.275,62912000.0,0.0,27.55,4.288,4.281,94441000.0,-97170000.0,135079000.0,135079000.0,10526000.0,,,,,-3180000.0,62228000.0,1.0,79368864.0,79235000.0,81856000.0,1.705,485733000.0,17612000.0,6210000.0,0.0,6.13,249668000.0
38,ALGN,MRQ,2011-12-31,2011-12-31,2011-12-31,2021-08-04,46000.0,649264000.0,,384816000.0,264448000.0,,6.232,-9375000.0,244701000.0,244701000.0,33355000.0,20449000.0,2.598,0.323,0.0,0.0,0.0,0.0,52252000.0,4370000.0,0.0,0.0,0.0,26346000.0,30716000.0,0.238,30716000.0,26346000.0,26346000.0,0.26,0.25,0.26,490781000.0,,490781000.0,1661636612.0,18.0,15.469,38603000.0,0.49,1.0,95550000.0,0.741,185405000.0,0.0,71041000.0,,9402000.0,7395000.0,7395000.0,0.0,158483000.0,148117000.0,10366000.0,1863865612.0,38446000.0,-668000.0,-2135000.0,0.0,0.0,2852000.0,-12309000.0,1475000.0,47978000.0,-75000.0,20449000.0,20449000.0,20449000.0,0.0,0.0,0.159,69120000.0,26430000.0,19265000.0,0.0,3.798,27.937,27.593,53965000.0,0.0,23.73,3.885,3.858,91537000.0,-116513000.0,128905000.0,128905000.0,9568000.0,,,,,-444000.0,61012000.0,1.0,78544695.0,78747000.0,87971000.0,1.637,463859000.0,22337000.0,5897000.0,0.0,5.89,236699000.0
39,ALGN,MRQ,2011-09-30,2011-09-30,2011-09-30,2021-08-04,346000.0,585920000.0,,327134000.0,258786000.0,,5.823,-12507000.0,202229000.0,202229000.0,33524000.0,19264000.0,2.722,0.282,0.0,0.0,0.0,0.0,47768000.0,4823000.0,0.0,0.0,0.0,26194000.0,31017000.0,0.246,31017000.0,26194000.0,26194000.0,0.25,0.24,0.25,456876000.0,,456876000.0,1021899072.0,13.0,10.801,23040000.0,0.294,1.0,92370000.0,0.734,186022000.0,0.0,77482000.0,,8278000.0,8862000.0,8185000.0,677000.0,129044000.0,120187000.0,8857000.0,1190506072.0,33622000.0,29000.0,3334000.0,0.0,0.0,9261000.0,-11091000.0,1983000.0,35547000.0,-95000.0,19264000.0,19264000.0,19264000.0,0.0,0.0,0.153,66058000.0,26312000.0,14138000.0,0.0,2.606,21.194,20.781,46388000.0,0.0,15.17,2.683,2.682,86648000.0,-131979000.0,125894000.0,125894000.0,8926000.0,,,,,-1034000.0,56264000.0,1.0,78477658.0,78455000.0,78455000.0,1.605,399898000.0,22945000.0,6930000.0,0.0,5.097,206947000.0
40,ALGN,MRQ,2011-06-30,2011-06-30,2011-06-30,2021-08-04,743000.0,547049000.0,,286573000.0,260476000.0,,5.518,-5697000.0,168607000.0,168607000.0,28949000.0,11162000.0,2.618,0.273,0.0,0.0,0.0,0.0,43024000.0,4605000.0,0.0,0.0,0.0,16289000.0,20894000.0,0.174,20894000.0,16289000.0,16289000.0,0.14,0.14,0.14,429782000.0,,429782000.0,1457625522.0,20.0,16.401,23999000.0,0.308,1.0,91137000.0,0.759,187881000.0,0.0,81110000.0,,6272000.0,10867000.0,6755000.0,4112000.0,117267000.0,109451000.0,7816000.0,1774224522.0,-140001000.0,-186949000.0,11480000.0,0.0,0.0,11379000.0,-180980000.0,3092000.0,29696000.0,-96000.0,11162000.0,11162000.0,11162000.0,0.0,0.0,0.093,74542000.0,16595000.0,10407000.0,0.0,4.128,33.025,32.571,37122000.0,0.0,22.8,4.288,4.292,82130000.0,-151243000.0,120086000.0,120086000.0,9270000.0,,,,,4973000.0,64680000.0,1.0,77816865.0,77888000.0,77888000.0,1.542,359168000.0,28546000.0,5127000.0,0.0,4.611,177122000.0
41,ALGN,MRQ,2011-03-31,2011-03-31,2011-03-31,2021-08-04,624000.0,496982000.0,,417941000.0,79041000.0,,5.233,-2825000.0,316599000.0,316599000.0,22630000.0,15841000.0,4.75,0.236,0.0,0.0,0.0,0.0,37199000.0,3679000.0,0.0,0.0,0.0,21112000.0,24791000.0,0.236,24791000.0,21112000.0,21112000.0,0.21,0.2,0.21,402105000.0,,402105000.0,1279799283.0,12.0,10.921,14423000.0,0.188,1.0,82226000.0,0.784,1966000.0,0.0,90423000.0,,2867000.0,13943000.0,8328000.0,5615000.0,94877000.0,87994000.0,6883000.0,1574463283.0,13944000.0,0.0,5068000.0,0.0,0.0,3749000.0,-7226000.0,3767000.0,17248000.0,173000.0,15841000.0,15841000.0,15841000.0,0.0,0.0,0.151,61203000.0,21023000.0,6594000.0,0.0,3.916,20.947,20.687,30722000.0,0.0,20.48,3.918,3.916,73904000.0,-162405000.0,104856000.0,104856000.0,9390000.0,,,,,4279000.0,51813000.0,1.0,76878090.0,76844000.0,76844000.0,1.365,495016000.0,38024000.0,5271000.0,0.0,6.442,329947000.0
42,ALGN,MRQ,2010-12-31,2010-12-31,2010-12-31,2021-08-04,134000.0,476943000.0,,388611000.0,88332000.0,,4.948,-6099000.0,294664000.0,294664000.0,21137000.0,9905000.0,4.18,0.263,0.0,0.0,0.0,0.0,33848000.0,3392000.0,0.0,0.0,0.0,14519000.0,17911000.0,0.193,17911000.0,14519000.0,14519000.0,0.13,0.12,0.13,377747000.0,,377747000.0,1226198704.0,12.0,10.553,26426000.0,0.346,1.0,71756000.0,0.772,2666000.0,0.0,86639000.0,,2544000.0,17704000.0,8615000.0,9089000.0,99196000.0,92974000.0,6222000.0,1491122704.0,29740000.0,0.0,915000.0,0.0,0.0,4689000.0,-7364000.0,-2476000.0,32525000.0,-110000.0,9905000.0,9905000.0,9905000.0,0.0,0.0,0.107,56986000.0,14770000.0,7768000.0,0.0,3.947,20.082,19.939,30684000.0,0.0,19.54,3.852,3.827,65430000.0,-178246000.0,92893000.0,92893000.0,6893000.0,,,,,-31000.0,48854000.0,1.0,76311295.0,76341000.0,85361000.0,1.217,474277000.0,42439000.0,4614000.0,0.0,6.213,295637000.0
43,ALGN,MRQ,2010-09-30,2010-09-30,2010-09-30,2021-08-04,317000.0,445235000.0,,357942000.0,87293000.0,,4.724,-3083000.0,264924000.0,264924000.0,21014000.0,16815000.0,4.472,0.239,0.0,0.0,0.0,0.0,30136000.0,3439000.0,0.0,0.0,0.0,21840000.0,25279000.0,0.263,25279000.0,21840000.0,21840000.0,0.22,0.22,0.22,359402000.0,,359402000.0,1255457147.0,12.0,10.822,32680000.0,0.43,1.0,74933000.0,0.781,3366000.0,0.0,96909000.0,,2382000.0,15225000.0,7396000.0,7829000.0,85833000.0,80036000.0,5797000.0,1491258147.0,29123000.0,0.0,3694000.0,0.0,0.0,3654000.0,-10515000.0,-6248000.0,35763000.0,221000.0,16815000.0,16815000.0,16815000.0,0.0,0.0,0.175,53010000.0,21923000.0,5826000.0,0.0,4.149,19.663,18.827,28102000.0,0.0,19.58,3.916,3.911,63811000.0,-188151000.0,95947000.0,95947000.0,6592000.0,,,,,4414000.0,43108000.0,1.0,76162316.0,76081000.0,76081000.0,1.261,441869000.0,43778000.0,5025000.0,0.0,5.808,277906000.0
44,ALGN,MRQ,2010-06-30,2010-06-30,2010-06-30,2021-08-04,-249000.0,408692000.0,,331097000.0,77595000.0,,4.411,-4319000.0,235801000.0,235801000.0,21178000.0,32603000.0,4.486,0.224,0.0,0.0,0.0,0.0,27036000.0,3711000.0,0.0,0.0,0.0,45500000.0,49211000.0,0.455,49211000.0,45500000.0,45500000.0,0.43,0.42,0.43,333953000.0,,333953000.0,934913767.0,48.0,27.846,38277000.0,0.506,1.0,87018000.0,0.804,4066000.0,0.0,95018000.0,,2487000.0,8998000.0,8998000.0,0.0,74739000.0,73807000.0,932000.0,1125320767.0,45394000.0,0.0,1197000.0,0.0,0.0,1103000.0,1747000.0,5992000.0,42596000.0,-52000.0,32603000.0,32603000.0,32603000.0,0.0,0.0,0.301,41674000.0,45344000.0,5316000.0,0.0,3.37,123.893,148.7,27249000.0,0.0,14.87,3.09,3.091,62930000.0,-204966000.0,108196000.0,108196000.0,6396000.0,,,,,4251000.0,43944000.0,1.0,75677254.0,75703000.0,75703000.0,1.429,404626000.0,44171000.0,12897000.0,0.0,5.345,257290000.0
45,ALGN,MRQ,2010-03-31,2010-03-31,2010-03-31,2021-08-04,109000.0,373552000.0,,284610000.0,88942000.0,,3.943,-4530000.0,190407000.0,190407000.0,20380000.0,14930000.0,3.733,0.26,0.0,0.0,0.0,0.0,37047000.0,3644000.0,0.0,0.0,0.0,20144000.0,23788000.0,0.264,23788000.0,20144000.0,20144000.0,0.2,0.19,0.2,296356000.0,,296356000.0,1289389211.0,-68.0,-230.619,14115000.0,0.188,1.0,69710000.0,0.774,4766000.0,0.0,102129000.0,,2356000.0,14991000.0,14991000.0,0.0,77196000.0,76250000.0,946000.0,1455876211.0,23920000.0,0.0,6016000.0,0.0,0.0,5261000.0,212000.0,4988000.0,18645000.0,-198000.0,14930000.0,14930000.0,14930000.0,0.0,0.0,0.166,49013000.0,20697000.0,4513000.0,0.0,4.913,-76.726,-74.385,25418000.0,0.0,19.34,4.381,4.375,58801000.0,-237569000.0,90090000.0,90090000.0,6116000.0,,,,,3473000.0,42897000.0,1.0,75277984.0,75166000.0,75166000.0,1.199,368786000.0,56560000.0,5214000.0,0.0,4.906,208360000.0
46,ALGN,MRQ,2009-12-31,2009-12-31,2009-12-31,2021-08-04,455000.0,355240000.0,,261299000.0,93941000.0,,3.663,-3108000.0,166487000.0,166487000.0,22810000.0,11492000.0,3.216,0.301,0.0,0.0,0.0,0.0,32299000.0,3322000.0,0.0,0.0,0.0,14415000.0,17737000.0,0.205,17737000.0,14415000.0,14330000.0,0.19,0.19,0.19,273036000.0,,273036000.0,1190939740.0,-35.0,-57.246,31151000.0,0.418,1.0,63806000.0,0.737,5466000.0,85000.0,102044000.0,,2046000.0,19978000.0,19978000.0,0.0,82204000.0,81243000.0,961000.0,1326900740.0,30526000.0,0.0,1721000.0,0.0,0.0,861000.0,-4477000.0,-1000000.0,34259000.0,-117000.0,11492000.0,11492000.0,11492000.0,0.0,0.0,0.133,49536000.0,14270000.0,6122000.0,0.0,4.86,-42.435,-39.6,24971000.0,0.0,17.82,4.248,3.942,54537000.0,-252499000.0,86616000.0,86616000.0,5781000.0,,,,,3714000.0,43380000.0,1.0,74461321.0,74542000.0,74542000.0,1.162,349774000.0,61535000.0,2838000.0,0.0,4.692,180056000.0
47,ALGN,MRQ,2009-09-30,2009-09-30,2009-09-30,2021-08-04,531000.0,330784000.0,,237538000.0,93246000.0,,3.706,-1040000.0,135961000.0,135961000.0,20268000.0,-49942000.0,3.258,0.284,0.0,0.0,0.0,0.0,27920000.0,3303000.0,0.0,0.0,0.0,-60465000.0,-57162000.0,-0.721,-57162000.0,-60465000.0,-60465000.0,-0.72,-0.72,-0.72,257680000.0,,257680000.0,825725717.0,-18.0,-24.283,9753000.0,0.14,1.0,59001000.0,0.744,6166000.0,0.0,115755000.0,,1892000.0,18979000.0,18979000.0,0.0,73104000.0,72902000.0,202000.0,947907717.0,13779000.0,0.0,2191000.0,0.0,0.0,2126000.0,810000.0,1915000.0,10793000.0,50000.0,-49942000.0,-49942000.0,-49942000.0,0.0,0.0,-0.63,119195000.0,-60194000.0,7498000.0,0.0,3.679,41.694,37.421,24429000.0,0.0,14.22,3.161,3.297,55035000.0,-263991000.0,79269000.0,79269000.0,5611000.0,,,,,3987000.0,43911000.0,1.0,66660177.0,69528000.0,69528000.0,1.14,324618000.0,61048000.0,-10523000.0,0.0,4.669,164636000.0
48,ALGN,MRQ,2009-06-30,2009-06-30,2009-06-30,2021-08-04,316000.0,307794000.0,,213748000.0,94046000.0,,3.587,-1158000.0,122182000.0,122182000.0,18338000.0,4545000.0,3.062,0.294,0.0,0.0,0.0,0.0,23138000.0,3236000.0,0.0,0.0,0.0,6810000.0,10046000.0,0.132,10046000.0,6810000.0,6810000.0,0.07,0.07,0.07,237778000.0,,237778000.0,605074280.0,31.0,18.684,17352000.0,0.262,1.0,57978000.0,0.76,6866000.0,0.0,108935000.0,,2111000.0,20895000.0,20895000.0,0.0,70016000.0,69811000.0,205000.0,702125280.0,25131000.0,0.0,933000.0,0.0,0.0,841000.0,5645000.0,6739000.0,18510000.0,135000.0,4545000.0,4545000.0,4545000.0,0.0,0.0,0.06,51725000.0,6253000.0,6473000.0,0.0,2.953,9.021,8.983,24518000.0,0.0,10.6,2.374,2.376,53236000.0,-214049000.0,76316000.0,76316000.0,5669000.0,,,,,4309000.0,45647000.0,1.0,66238234.0,66285000.0,66285000.0,1.151,300928000.0,61133000.0,2265000.0,0.0,4.54,143937000.0
49,ALGN,MRQ,2009-03-31,2009-03-31,2009-03-31,2021-08-04,-68000.0,289277000.0,,193005000.0,96272000.0,,3.451,-1886000.0,97051000.0,97051000.0,17425000.0,2636000.0,3.145,0.27,0.0,0.0,0.0,0.0,19654000.0,3143000.0,0.0,0.0,0.0,5432000.0,8575000.0,0.122,8575000.0,5432000.0,5432000.0,0.04,0.04,0.04,227699000.0,,227699000.0,436717284.0,26.0,14.649,8717000.0,0.132,1.0,52707000.0,0.752,7566000.0,0.0,123286000.0,,2068000.0,27633000.0,27633000.0,0.0,61578000.0,61374000.0,204000.0,523817284.0,9951000.0,0.0,3252000.0,-136000.0,0.0,3009000.0,-3534000.0,-1684000.0,10603000.0,-127000.0,2636000.0,2636000.0,2636000.0,0.0,0.0,0.038,47423000.0,5284000.0,6064000.0,0.0,2.3,6.775,6.778,26000000.0,0.0,7.93,1.75,1.748,51665000.0,-218594000.0,70132000.0,70132000.0,5191000.0,,,,,3715000.0,41322000.0,1.0,66055143.0,65983000.0,65983000.0,1.063,281711000.0,61133000.0,2796000.0,0.0,4.269,131631000.0
50,ALGN,MRQ,2008-12-31,2008-12-31,2008-12-31,2021-08-04,269000.0,279341000.0,,177907000.0,101434000.0,,3.51,-1973000.0,87100000.0,87100000.0,20233000.0,65496000.0,2.937,0.278,0.0,0.0,0.0,0.0,16710000.0,3299000.0,0.0,0.0,0.0,1238000.0,4537000.0,0.061,4537000.0,1238000.0,1214000.0,0.99,0.97,0.99,218540000.0,,218540000.0,506851236.0,30.0,16.957,6782000.0,0.109,1.0,53892000.0,0.727,8266000.0,24000.0,123403000.0,,1965000.0,23066000.0,23066000.0,0.0,60801000.0,60572000.0,229000.0,586607236.0,7365000.0,0.0,-10422000.0,-136000.0,0.0,-10715000.0,9476000.0,11507000.0,8755000.0,-151000.0,65496000.0,65496000.0,65496000.0,0.0,0.0,0.884,54033000.0,-141000.0,5580000.0,0.0,2.684,7.334,7.292,26979000.0,0.0,8.75,1.93,1.923,52362000.0,-221230000.0,74125000.0,74125000.0,5951000.0,,,,,4603000.0,42574000.0,1.0,67040827.0,62258000.0,62258000.0,1.191,271075000.0,61696000.0,-64282000.0,0.0,4.354,117335000.0
51,ALGN,MRQ,2008-09-30,2008-09-30,2008-09-30,2021-08-04,447000.0,216520000.0,,173554000.0,42966000.0,,2.37,-2723000.0,79756000.0,79756000.0,18766000.0,5157000.0,3.059,0.356,0.0,0.0,0.0,0.0,15380000.0,3271000.0,0.0,0.0,0.0,5955000.0,9226000.0,0.123,9226000.0,5955000.0,5955000.0,0.08,0.08,0.08,159654000.0,,159654000.0,667932143.0,30.0,19.3,14636000.0,0.217,1.0,56407000.0,0.75,8966000.0,0.0,71056000.0,,3015000.0,34499000.0,34499000.0,0.0,56866000.0,56742000.0,124000.0,732271143.0,15417000.0,0.0,-9045000.0,-271000.0,0.0,-9323000.0,7587000.0,10208000.0,17359000.0,-206000.0,5157000.0,5157000.0,5157000.0,0.0,0.0,0.069,50716000.0,5691000.0,7485000.0,0.0,4.587,36.325,36.1,29568000.0,0.0,10.83,2.422,2.413,48872000.0,-286726000.0,75173000.0,75173000.0,5918000.0,,,,,4288000.0,42609000.0,1.0,67615064.0,67367000.0,67367000.0,1.116,207554000.0,0.0,798000.0,0.0,3.081,116812000.0
52,ALGN,MRQ,2008-06-30,2008-06-30,2008-06-30,2021-08-04,919000.0,217169000.0,,174384000.0,42785000.0,,2.322,-4442000.0,64339000.0,64339000.0,20243000.0,4030000.0,3.016,0.364,0.0,0.0,0.0,0.0,14144000.0,3159000.0,0.0,0.0,0.0,4315000.0,7474000.0,0.094,7474000.0,4315000.0,4315000.0,0.06,0.06,0.06,159219000.0,,159219000.0,616084365.0,24.0,16.119,6028000.0,0.088,1.0,59659000.0,0.747,9675000.0,0.0,85338000.0,,3017000.0,45723000.0,45723000.0,0.0,57950000.0,57817000.0,133000.0,729764365.0,-49341000.0,0.0,-26412000.0,0.0,0.0,-26439000.0,-33353000.0,-28973000.0,10470000.0,-19000.0,4030000.0,4030000.0,4030000.0,0.0,0.0,0.05,55787000.0,3872000.0,8965000.0,0.0,4.583,29.833,29.139,29525000.0,0.0,10.49,2.444,2.409,51173000.0,-288430000.0,79902000.0,79902000.0,7001000.0,,,,,4734000.0,48786000.0,1.0,69567623.0,68581000.0,68581000.0,1.165,207494000.0,0.0,285000.0,0.0,3.026,116567000.0
53,ALGN,MRQ,2008-03-31,2008-03-31,2008-03-31,2021-08-04,999000.0,231050000.0,,191150000.0,39900000.0,,2.562,-5007000.0,113680000.0,113680000.0,19608000.0,5304000.0,3.543,0.306,0.0,0.0,0.0,0.0,13295000.0,3062000.0,0.0,0.0,0.0,5592000.0,8654000.0,0.116,8654000.0,5592000.0,5592000.0,0.08,0.07,0.08,176933000.0,,176933000.0,679181427.0,19.0,14.01,-1845000.0,-0.027,1.0,55168000.0,0.738,10384000.0,0.0,53028000.0,,3010000.0,18683000.0,18683000.0,0.0,54117000.0,53958000.0,159000.0,768321427.0,24540000.0,0.0,6247000.0,0.0,0.0,6122000.0,15235000.0,20134000.0,3162000.0,21000.0,5304000.0,5304000.0,5304000.0,0.0,0.0,0.071,50542000.0,4626000.0,10100000.0,0.0,4.342,22.565,22.22,27762000.0,0.0,11.11,2.601,2.598,47475000.0,-284346000.0,74776000.0,74776000.0,7295000.0,,,,,3966000.0,43247000.0,1.0,69155844.0,69053000.0,69053000.0,1.083,220666000.0,0.0,288000.0,0.0,3.196,137192000.0
54,ALGN,MRQ,2007-12-31,2007-12-31,2007-12-31,2021-08-04,657000.0,222761000.0,,184517000.0,38244000.0,,2.35,-1124000.0,89140000.0,89140000.0,19127000.0,5668000.0,3.002,0.382,0.0,0.0,0.0,0.0,12362000.0,3047000.0,0.0,0.0,0.0,6206000.0,9253000.0,0.128,9253000.0,6206000.0,5864000.0,0.08,0.08,0.08,161154000.0,,161154000.0,1055042327.0,28.0,20.819,15870000.0,0.231,1.0,53390000.0,0.736,11093000.0,342000.0,61069000.0,,2910000.0,38771000.0,38771000.0,0.0,61607000.0,61459000.0,148000.0,1143031327.0,1150000.0,0.0,1172000.0,0.0,0.0,1226000.0,-17815000.0,-16793000.0,16994000.0,745000.0,5668000.0,5668000.0,5668000.0,0.0,0.0,0.078,49136000.0,4254000.0,9222000.0,0.0,7.093,31.996,31.472,25320000.0,0.0,16.68,4.02,3.941,44850000.0,-289650000.0,72517000.0,72517000.0,6610000.0,,,,,3326000.0,41768000.0,1.0,68527058.0,68577000.0,68577000.0,1.057,211668000.0,0.0,196000.0,0.0,3.087,123058000.0
55,ALGN,MRQ,2007-09-30,2007-09-30,2007-09-30,2021-08-04,540000.0,206894000.0,,167147000.0,39747000.0,,2.217,-2879000.0,87989000.0,87989000.0,18132000.0,9460000.0,2.985,0.373,0.0,0.0,0.0,0.0,12942000.0,3336000.0,0.0,0.0,0.0,9503000.0,12839000.0,0.18,12839000.0,9503000.0,9503000.0,0.14,0.13,0.14,150707000.0,,150707000.0,1655169673.0,116.0,59.391,19197000.0,0.282,1.0,53319000.0,0.746,11802000.0,0.0,51111000.0,,3542000.0,22022000.0,22022000.0,0.0,56187000.0,55992000.0,195000.0,1720858673.0,22375000.0,0.0,9337000.0,0.0,0.0,9155000.0,-8434000.0,-5690000.0,22076000.0,-422000.0,9460000.0,9460000.0,9460000.0,0.0,0.0,0.132,44924000.0,8395000.0,6344000.0,0.0,11.419,134.579,140.722,26014000.0,0.0,25.33,6.445,6.448,46002000.0,-295318000.0,71451000.0,71451000.0,6749000.0,,,,,3458000.0,38175000.0,1.0,67937571.0,67970000.0,67970000.0,1.051,195092000.0,0.0,43000.0,0.0,2.87,111155000.0
56,ALGN,MRQ,2007-06-30,2007-06-30,2007-06-30,2021-08-04,166000.0,182355000.0,,138425000.0,43930000.0,,1.924,-1664000.0,65689000.0,65689000.0,20247000.0,13618000.0,2.571,0.421,0.0,0.0,0.0,0.0,12159000.0,3605000.0,0.0,0.0,0.0,14128000.0,17733000.0,0.231,17733000.0,14128000.0,14128000.0,0.2,0.19,0.2,128330000.0,,128330000.0,1558310439.0,-295.0,216.733,11306000.0,0.17,1.0,56356000.0,0.736,12511000.0,0.0,50319000.0,,3388000.0,16327000.0,13551000.0,2776000.0,54025000.0,53836000.0,189000.0,1606614439.0,9383000.0,0.0,12452000.0,-8000000.0,0.0,4791000.0,-8439000.0,-6953000.0,12970000.0,61000.0,13618000.0,13618000.0,13618000.0,0.0,0.0,0.178,42908000.0,13448000.0,5728000.0,0.0,12.519,-229.746,-201.333,26675000.0,0.0,24.16,6.569,6.588,47237000.0,-304778000.0,76603000.0,76603000.0,6675000.0,,,,,2456000.0,36233000.0,1.0,66498942.0,66696000.0,66696000.0,1.149,169844000.0,0.0,510000.0,0.0,2.547,84589000.0
57,ALGN,MRQ,2007-03-31,2007-03-31,2007-03-31,2021-08-04,98000.0,157039000.0,,115240000.0,41799000.0,,1.513,-1762000.0,56304000.0,56304000.0,17529000.0,6978000.0,1.993,0.586,8000000.0,8000000.0,0.0,8000000.0,11226000.0,3397000.0,0.0,0.0,0.0,7455000.0,10852000.0,0.17,10852000.0,7455000.0,7455000.0,0.11,0.1,0.11,98988000.0,,98988000.0,1000478669.0,-46.0,-95.557,-1025000.0,-0.016,1.0,46232000.0,0.725,13457000.0,0.0,37460000.0,,3725000.0,9384000.0,9384000.0,0.0,58051000.0,57818000.0,233000.0,1044184669.0,1098000.0,0.0,6032000.0,-3500000.0,0.0,2337000.0,-2091000.0,-453000.0,737000.0,115000.0,6978000.0,6978000.0,6978000.0,0.0,0.0,0.109,39232000.0,7000000.0,6761000.0,0.0,10.549,-44.967,-44.056,26208000.0,0.0,15.86,4.72,4.691,38203000.0,-318396000.0,63761000.0,63761000.0,5693000.0,,,,,2522000.0,35335000.0,1.0,65837621.0,65433000.0,65433000.0,0.974,143582000.0,0.0,477000.0,0.0,2.194,57422000.0
58,ALGN,MRQ,2006-12-31,2006-12-31,2006-12-31,2021-08-04,3000.0,151558000.0,,108089000.0,43469000.0,,1.3,-2552000.0,55206000.0,55206000.0,17197000.0,-17269000.0,1.595,0.814,11500000.0,11500000.0,0.0,11500000.0,10942000.0,3208000.0,0.0,0.0,0.0,-16763000.0,-13555000.0,-0.246,-13555000.0,-16763000.0,-17059000.0,-0.27,-0.27,-0.27,83556000.0,,83556000.0,835900843.0,-25.0,-35.468,-12313000.0,-0.192,1.0,37994000.0,0.688,14302000.0,296000.0,25767000.0,,3090000.0,8931000.0,8931000.0,0.0,68002000.0,67783000.0,219000.0,895095843.0,-18921000.0,0.0,8240000.0,-3500000.0,0.0,4740000.0,-13900000.0,2966000.0,-9761000.0,0.0,-17269000.0,-17269000.0,-17269000.0,0.0,0.0,-0.313,56061000.0,-18067000.0,5034000.0,0.0,10.713,-25.601,-25.4,26904000.0,0.0,13.97,4.338,4.282,33635000.0,-325374000.0,55191000.0,55191000.0,4948000.0,,,,,2162000.0,36770000.0,1.0,64072716.0,64263000.0,64263000.0,0.859,137256000.0,0.0,210000.0,0.0,2.136,40306000.0
59,ALGN,MRQ,2006-09-30,2006-09-30,2006-09-30,2021-08-04,4000.0,156891000.0,,126664000.0,30227000.0,,1.43,-2709000.0,74195000.0,74195000.0,16789000.0,-10320000.0,1.914,0.735,15000000.0,15000000.0,0.0,15000000.0,12143000.0,2271000.0,0.0,0.0,0.0,-10111000.0,-7840000.0,-0.16,-7840000.0,-10111000.0,-10111000.0,-0.16,-0.16,-0.16,90424000.0,,90424000.0,662211387.0,-41.0,-104.996,-596000.0,-0.009,1.0,32245000.0,0.658,1010000.0,0.0,30515000.0,,2665000.0,11898000.0,11898000.0,0.0,66467000.0,66171000.0,296000.0,719856387.0,16548000.0,0.0,1741000.0,15000000.0,0.0,16741000.0,-2306000.0,381000.0,2113000.0,0.0,-10320000.0,-10320000.0,-10320000.0,0.0,0.0,-0.21,43210000.0,-10965000.0,7137000.0,0.0,7.961,-41.935,-42.148,27336000.0,0.0,11.38,3.558,3.556,32607000.0,-308105000.0,49034000.0,49034000.0,4807000.0,,,,,2277000.0,38403000.0,1.0,63256273.0,63230000.0,63230000.0,0.775,155881000.0,0.0,209000.0,0.0,2.465,60493000.0
60,ALGN,MRQ,2006-06-30,2006-06-30,2006-06-30,2021-08-04,-6000.0,141757000.0,,111923000.0,29834000.0,,1.536,-2256000.0,57645000.0,57645000.0,16492000.0,-2610000.0,2.506,0.466,0.0,0.0,0.0,0.0,13250000.0,2523000.0,0.0,0.0,0.0,-2450000.0,73000.0,0.001,73000.0,-2450000.0,-2450000.0,-0.04,-0.04,-0.04,96715000.0,,96715000.0,393221224.0,-55.0,153.362,-3018000.0,-0.048,1.0,36729000.0,0.69,1024000.0,0.0,38425000.0,,2733000.0,12268000.0,12268000.0,0.0,45042000.0,44663000.0,379000.0,465157224.0,-14297000.0,0.0,895000.0,0.0,0.0,895000.0,-14430000.0,-12282000.0,-762000.0,0.0,-2610000.0,-2610000.0,-2610000.0,0.0,0.0,-0.049,40020000.0,-3291000.0,4813000.0,0.0,4.81,-55.628,-56.846,26610000.0,0.0,7.39,2.278,2.279,32790000.0,-297785000.0,53221000.0,53221000.0,4025000.0,,,,,2266000.0,35995000.0,1.0,62944144.0,62966000.0,62966000.0,0.845,140733000.0,0.0,160000.0,0.0,2.235,67260000.0
61,ALGN,MRQ,2006-03-31,2006-03-31,2006-03-31,2021-08-04,6000.0,144988000.0,,113532000.0,31456000.0,,1.538,-2145000.0,71936000.0,71936000.0,14297000.0,-4764000.0,2.338,0.508,0.0,0.0,0.0,0.0,15122000.0,2269000.0,0.0,0.0,0.0,-4515000.0,-2246000.0,-0.046,-2246000.0,-4515000.0,-4515000.0,-0.08,-0.08,-0.08,96177000.0,,96177000.0,500368590.0,-134.0,80.874,-7765000.0,-0.124,1.0,34611000.0,0.708,1111000.0,0.0,23382000.0,,3094000.0,0.0,0.0,0.0,48811000.0,48559000.0,252000.0,574737590.0,-2436000.0,0.0,5299000.0,0.0,0.0,5299000.0,-2115000.0,0.0,-5620000.0,0.0,-4764000.0,-4764000.0,-4764000.0,0.0,0.0,-0.097,39824000.0,-5213000.0,2892000.0,0.0,5.976,-110.23,-114.625,28022000.0,0.0,9.17,2.805,2.798,32057000.0,-295175000.0,48908000.0,48908000.0,4694000.0,,,,,2205000.0,35130000.0,1.0,62675855.0,62518000.0,62518000.0,0.782,143877000.0,0.0,249000.0,0.0,2.301,64973000.0
62,ALGN,MRQ,2005-12-31,2005-12-31,2005-12-31,2021-08-04,7000.0,142110000.0,,111586000.0,30524000.0,,1.506,-3487000.0,74369000.0,74369000.0,16711000.0,528000.0,2.296,0.521,0.0,0.0,0.0,0.0,16747000.0,2678000.0,0.0,0.0,0.0,1028000.0,3706000.0,0.072,3706000.0,1028000.0,918000.0,0.01,0.01,0.01,93438000.0,,93438000.0,324284494.0,114.0,24.401,-4419000.0,-0.071,1.0,34453000.0,0.673,1296000.0,110000.0,17837000.0,,2930000.0,0.0,0.0,0.0,48672000.0,48608000.0,64000.0,401486494.0,-3135000.0,0.0,515000.0,-417000.0,0.0,98000.0,-2301000.0,1999000.0,-932000.0,0.0,528000.0,528000.0,528000.0,0.0,0.0,0.01,33790000.0,663000.0,2489000.0,0.0,4.297,284.138,323.5,26427000.0,0.0,6.47,1.938,1.926,29305000.0,-290411000.0,51164000.0,51164000.0,3927000.0,,,,,13000.0,29863000.0,1.0,62053554.0,62049000.0,62049000.0,0.825,140814000.0,0.0,390000.0,0.0,2.269,62978000.0
63,ALGN,MRQ,2005-09-30,2005-09-30,2005-09-30,2021-08-04,41000.0,145014000.0,,117397000.0,27617000.0,,1.494,-4375000.0,77619000.0,77619000.0,14975000.0,-1516000.0,2.23,0.571,417000.0,417000.0,0.0,417000.0,19705000.0,2244000.0,0.0,0.0,0.0,-1213000.0,1031000.0,0.02,1031000.0,-1213000.0,-1213000.0,-0.02,-0.02,-0.02,92315000.0,,92315000.0,342306301.0,125.0,25.332,4591000.0,0.074,1.0,35891000.0,0.706,1283000.0,0.0,13884000.0,,3594000.0,1990000.0,1990000.0,0.0,52699000.0,52645000.0,54000.0,414875301.0,4340000.0,0.0,1929000.0,-448000.0,0.0,1481000.0,-6107000.0,-1990000.0,8966000.0,0.0,-1516000.0,-1516000.0,-1516000.0,0.0,0.0,-0.03,37430000.0,-1539000.0,3653000.0,0.0,4.494,206.817,168.0,24326000.0,0.0,6.72,2.078,2.08,29155000.0,-290939000.0,50866000.0,50866000.0,4400000.0,,,,,9000.0,33030000.0,1.0,61737396.0,61788000.0,61788000.0,0.823,143731000.0,0.0,303000.0,0.0,2.326,64752000.0
64,ALGN,MRQ,2005-06-30,2005-06-30,2005-06-30,2021-08-04,18000.0,145235000.0,,119605000.0,25630000.0,,1.494,-2782000.0,73416000.0,73416000.0,16620000.0,538000.0,2.243,0.581,847000.0,847000.0,0.0,847000.0,20196000.0,2741000.0,0.0,0.0,0.0,955000.0,3696000.0,0.069,3696000.0,955000.0,955000.0,0.01,0.01,0.01,91870000.0,,91870000.0,385032674.0,49.0,20.69,3770000.0,0.061,1.0,37320000.0,0.692,1369000.0,0.0,17975000.0,,3125000.0,0.0,0.0,0.0,53365000.0,53322000.0,43000.0,452964674.0,4026000.0,0.0,544000.0,-484000.0,0.0,60000.0,-2586000.0,250000.0,6552000.0,0.0,538000.0,538000.0,538000.0,0.0,0.0,0.01,36127000.0,1193000.0,4256000.0,0.0,4.93,66.223,61.417,22150000.0,0.0,7.37,2.329,2.33,35207000.0,-289423000.0,53940000.0,53940000.0,5355000.0,,,,,78000.0,30772000.0,1.0,61460607.0,61484000.0,61484000.0,0.877,143866000.0,0.0,417000.0,0.0,2.34,66283000.0
65,ALGN,MRQ,2005-03-31,2005-03-31,2005-03-31,2021-08-04,14000.0,136671000.0,,110927000.0,25744000.0,,1.481,-3157000.0,69281000.0,69281000.0,15478000.0,1863000.0,2.415,0.507,1349000.0,1349000.0,0.0,1349000.0,17996000.0,2788000.0,0.0,0.0,0.0,2069000.0,4857000.0,0.095,4857000.0,2069000.0,2069000.0,0.03,0.03,0.03,90706000.0,,90706000.0,315033683.0,28.0,14.705,-1664000.0,-0.027,1.0,35677000.0,0.697,1456000.0,0.0,21353000.0,,3071000.0,250000.0,250000.0,0.0,45965000.0,45930000.0,35000.0,383146683.0,-671000.0,-856000.0,2597000.0,-500000.0,0.0,2097000.0,-4261000.0,-250000.0,1493000.0,0.0,1863000.0,1863000.0,1863000.0,0.0,0.0,0.036,33548000.0,2129000.0,3018000.0,0.0,4.224,38.033,36.706,22105000.0,0.0,6.24,2.074,2.068,31875000.0,-289961000.0,51155000.0,51155000.0,4903000.0,,,,,12000.0,28645000.0,1.0,61401712.0,61246000.0,61246000.0,0.835,135215000.0,0.0,206000.0,0.0,2.208,64997000.0
66,ALGN,MRQ,2004-12-31,2004-12-31,2004-12-31,2021-08-04,-2000.0,130712000.0,,106834000.0,23878000.0,,1.412,-1655000.0,69962000.0,69962000.0,14961000.0,1121000.0,2.377,0.525,1849000.0,1849000.0,0.0,1849000.0,16257000.0,3005000.0,0.0,0.0,0.0,924000.0,3929000.0,0.09,3929000.0,924000.0,1272000.0,0.02,0.02,0.02,85739000.0,,85739000.0,590622074.0,59.0,30.033,5458000.0,0.09,1.0,28694000.0,0.657,0.0,-348000.0,17651000.0,,2852000.0,0.0,0.0,0.0,44973000.0,44948000.0,25000.0,651758074.0,6444000.0,0.0,1019000.0,-511000.0,0.0,508000.0,-1177000.0,515000.0,7113000.0,0.0,1121000.0,1121000.0,1121000.0,0.0,0.0,0.026,28038000.0,656000.0,3361000.0,0.0,7.602,74.334,71.667,21702000.0,0.0,10.75,3.771,3.73,28809000.0,-291824000.0,43655000.0,43655000.0,4006000.0,,,,,203000.0,24032000.0,1.0,60628658.0,60743000.0,60743000.0,0.719,130712000.0,0.0,151000.0,0.0,2.152,61886000.0
67,ALGN,MRQ,2004-09-30,2004-09-30,2004-09-30,2021-08-04,-4000.0,125184000.0,,99683000.0,25501000.0,,1.383,-2347000.0,63496000.0,63496000.0,14922000.0,3318000.0,2.41,0.501,2360000.0,1932000.0,428000.0,2360000.0,13798000.0,2277000.0,0.0,0.0,0.0,3851000.0,6128000.0,0.134,6128000.0,3851000.0,3634000.0,0.06,0.05,0.06,83394000.0,,83394000.0,868723918.0,87.0,46.204,6163000.0,0.102,1.0,30844000.0,0.674,0.0,217000.0,22686000.0,,2150000.0,519000.0,519000.0,0.0,41790000.0,41362000.0,428000.0,922258918.0,7116000.0,0.0,2240000.0,-485000.0,0.0,1755000.0,-3149000.0,-519000.0,8510000.0,0.0,3318000.0,3318000.0,3318000.0,0.0,0.0,0.072,26993000.0,3851000.0,3899000.0,0.0,11.059,113.873,109.143,23304000.0,0.0,15.28,5.567,5.563,27663000.0,-292945000.0,45766000.0,45766000.0,4846000.0,,,,,1666000.0,22147000.0,1.0,60357259.0,60319000.0,60319000.0,0.759,125184000.0,0.0,316000.0,0.0,2.075,58321000.0
68,ALGN,MRQ,2004-06-30,2004-06-30,2004-06-30,2021-08-04,-5000.0,114956000.0,,89868000.0,25088000.0,,1.276,-2546000.0,56380000.0,56380000.0,14250000.0,3772000.0,2.374,0.509,2845000.0,1914000.0,931000.0,2845000.0,13132000.0,2169000.0,0.0,0.0,0.0,4341000.0,6510000.0,0.147,6510000.0,4341000.0,4166000.0,0.06,0.06,0.06,76169000.0,,76169000.0,1087833635.0,271.0,84.643,6689000.0,0.112,1.0,29954000.0,0.678,0.0,175000.0,23565000.0,,1359000.0,0.0,0.0,0.0,38787000.0,37856000.0,931000.0,1132659635.0,8283000.0,0.0,1848000.0,-497000.0,0.0,1351000.0,-2303000.0,80000.0,9235000.0,0.0,3772000.0,3772000.0,3772000.0,0.0,0.0,0.085,25613000.0,4341000.0,3314000.0,0.0,14.87,429.526,475.0,23174000.0,0.0,19.0,7.357,7.367,25737000.0,-296263000.0,44204000.0,44204000.0,3558000.0,,,,,1782000.0,22055000.0,1.0,59613665.0,59692000.0,59692000.0,0.741,114956000.0,0.0,394000.0,0.0,1.926,52012000.0
69,ALGN,MRQ,2004-03-31,2004-03-31,2004-03-31,2021-08-04,0.0,103704000.0,,79112000.0,24592000.0,,1.164,-1655000.0,48168000.0,48168000.0,13393000.0,557000.0,2.356,0.508,3342000.0,1994000.0,1348000.0,3342000.0,13067000.0,2182000.0,0.0,0.0,0.0,917000.0,3099000.0,0.079,3099000.0,917000.0,690000.0,0.01,0.01,0.01,68772000.0,,68772000.0,1089366896.0,-135.0,1176.422,-1911000.0,-0.032,1.0,25812000.0,0.658,0.0,227000.0,25294000.0,,1272000.0,80000.0,80000.0,0.0,34932000.0,33584000.0,1348000.0,1130906896.0,2877000.0,0.0,3007000.0,-496000.0,0.0,2528000.0,605000.0,2212000.0,-256000.0,0.0,557000.0,557000.0,557000.0,0.0,0.0,0.014,24895000.0,917000.0,2307000.0,0.0,16.444,-127.154,-126.733,22586000.0,0.0,19.01,8.138,8.083,23256000.0,-300035000.0,39205000.0,39205000.0,3346000.0,,,,,2217000.0,21549000.0,1.0,59490105.0,59091000.0,59091000.0,0.663,103704000.0,0.0,133000.0,0.0,1.755,45528000.0
70,ALGN,MRQ,2003-12-31,2003-12-31,2003-12-31,2021-08-04,2000.0,102202000.0,,77114000.0,25088000.0,,1.078,-3066000.0,45378000.0,45378000.0,12926000.0,452000.0,2.063,0.623,3656000.0,1989000.0,1667000.0,3656000.0,13113000.0,2203000.0,0.0,0.0,0.0,862000.0,3065000.0,0.084,3065000.0,862000.0,498000.0,0.01,0.01,0.01,62976000.0,,62976000.0,930495738.0,-47.0,-88.232,4172000.0,0.071,1.0,23576000.0,0.646,0.0,364000.0,23103000.0,,2334000.0,2292000.0,2292000.0,0.0,39226000.0,37377000.0,1849000.0,966777738.0,7689000.0,0.0,1067000.0,-551000.0,0.0,846000.0,-395000.0,-294000.0,7238000.0,0.0,452000.0,452000.0,452000.0,0.0,0.0,0.012,23374000.0,202000.0,3095000.0,0.0,15.352,-48.046,-47.171,23121000.0,0.0,16.51,7.878,7.77,21265000.0,-300592000.0,36502000.0,36502000.0,3302000.0,,,,,3041000.0,19804000.0,1.0,58557101.0,58403000.0,58403000.0,0.625,102202000.0,0.0,46000.0,0.0,1.75,39737000.0
71,ALGN,MRQ,2003-09-30,2003-09-30,2003-09-30,2021-08-04,0.0,95850000.0,,71559000.0,24291000.0,,1.002,-943000.0,40670000.0,40670000.0,13446000.0,-2144000.0,2.021,0.65,4388000.0,2040000.0,2348000.0,4388000.0,13301000.0,2285000.0,0.0,0.0,0.0,-2107000.0,178000.0,0.005,178000.0,-2107000.0,-2107000.0,-0.04,-0.04,-0.04,58087000.0,,58087000.0,699834607.0,-20.0,-27.05,3390000.0,0.059,1.0,20592000.0,0.605,0.0,0.0,24153000.0,,1578000.0,1998000.0,1998000.0,0.0,37763000.0,35415000.0,2348000.0,729888607.0,5535000.0,0.0,1078000.0,-546000.0,0.0,550000.0,652000.0,1402000.0,4333000.0,0.0,-2144000.0,-2144000.0,-2144000.0,0.0,0.0,-0.063,22340000.0,-1748000.0,1755000.0,0.0,12.565,-20.292,-19.246,22331000.0,0.0,12.51,6.823,6.777,20794000.0,-301044000.0,34038000.0,34038000.0,3113000.0,,,,,3379000.0,19227000.0,1.0,58344413.0,57948000.0,57948000.0,0.587,95850000.0,0.0,37000.0,0.0,1.654,36144000.0
72,ALGN,MRQ,2003-06-30,2003-06-30,2003-06-30,2021-08-04,0.0,91795000.0,,65764000.0,26031000.0,,0.97,-2881000.0,34989000.0,34989000.0,13269000.0,-7759000.0,1.982,0.646,4935000.0,2089000.0,2846000.0,4935000.0,13166000.0,2343000.0,0.0,0.0,0.0,-7759000.0,-5416000.0,-0.185,-5416000.0,-7759000.0,-7759000.0,-0.13,-0.13,-0.13,55764000.0,,55764000.0,697117802.0,-14.0,-17.51,926000.0,0.016,1.0,15956000.0,0.546,0.0,0.0,28556000.0,,1661000.0,3392000.0,3392000.0,0.0,36031000.0,33185000.0,2846000.0,728900802.0,-2282000.0,0.0,490000.0,-544000.0,0.0,399000.0,-6488000.0,-3392000.0,3807000.0,0.0,-7759000.0,-7759000.0,-7759000.0,0.0,0.0,-0.265,24142000.0,-8186000.0,1872000.0,0.0,13.071,-14.117,-12.727,23732000.0,0.0,12.6,8.071,8.021,18573000.0,-298900000.0,29225000.0,29225000.0,3712000.0,,,,,4348000.0,20430000.0,1.0,57849270.0,57489000.0,57489000.0,0.508,91795000.0,0.0,0.0,0.0,1.597,32579000.0
73,ALGN,MRQ,2003-03-31,2003-03-31,2003-03-31,2021-08-04,0.0,89663000.0,,63783000.0,25880000.0,,1.019,-630000.0,37262000.0,37262000.0,11924000.0,-10671000.0,2.272,0.539,5479000.0,2137000.0,3342000.0,5479000.0,11541000.0,2297000.0,0.0,0.0,0.0,-10670000.0,-8373000.0,-0.365,-8373000.0,-10670000.0,-10670000.0,-0.19,-0.19,-0.19,58252000.0,,58252000.0,316809414.0,-5.0,-6.141,-3877000.0,-0.068,1.0,11036000.0,0.481,0.0,0.0,29811000.0,,1762000.0,0.0,0.0,0.0,31411000.0,28069000.0,3342000.0,349602414.0,-1555000.0,0.0,225000.0,-541000.0,0.0,-196000.0,1888000.0,2669000.0,-3247000.0,0.0,-10671000.0,-10671000.0,-10671000.0,0.0,0.0,-0.465,21509000.0,-10473000.0,2078000.0,0.0,6.002,-5.447,-4.654,23787000.0,0.0,6.05,4.552,4.505,17078000.0,-291141000.0,22960000.0,22960000.0,2985000.0,,,,,4263000.0,18524000.0,1.0,57785523.0,57189000.0,57189000.0,0.401,89663000.0,0.0,1000.0,0.0,1.568,35714000.0
74,ALGN,MRQ,2002-12-31,2002-12-31,2002-12-31,2021-08-04,17000.0,92856000.0,,65832000.0,27024000.0,,1.241,-1318000.0,38813000.0,38813000.0,11639000.0,-15396000.0,2.668,0.443,6020000.0,2183000.0,3837000.0,6020000.0,9403000.0,2973000.0,0.0,0.0,0.0,-15234000.0,-12261000.0,-0.591,-12261000.0,-15234000.0,-15396000.0,-0.29,-0.29,-0.29,64347000.0,,64347000.0,116361526.0,-2.0,-1.952,-4857000.0,-0.094,1.0,9112000.0,0.439,0.0,162000.0,35391000.0,,1533000.0,2693000.0,2693000.0,0.0,28509000.0,24672000.0,3837000.0,132836526.0,18806000.0,0.0,18289000.0,4871000.0,0.0,23336000.0,-991000.0,2924000.0,-3539000.0,0.0,-15396000.0,-15396000.0,-15396000.0,0.0,0.0,-0.742,25007000.0,-15895000.0,3403000.0,0.0,2.064,-1.824,-1.816,25078000.0,0.0,2.76,1.906,1.896,16766000.0,-280470000.0,20751000.0,20751000.0,3235000.0,,,,,3817000.0,21071000.0,1.0,48129176.0,51844000.0,51844000.0,0.4,92856000.0,0.0,0.0,0.0,1.791,41160000.0
75,ALGN,MRQ,2002-09-30,2002-09-30,2002-09-30,2021-08-04,33000.0,78589000.0,,47618000.0,30971000.0,,1.327,-2367000.0,17119000.0,17119000.0,10598000.0,-17806000.0,3.042,0.262,644000.0,0.0,644000.0,644000.0,2016000.0,4044000.0,0.0,0.0,0.0,-17806000.0,-13762000.0,-0.792,-13762000.0,-17806000.0,-17806000.0,-0.38,-0.38,-0.38,62291000.0,,62291000.0,105370117.0,-1.0,-1.615,-12830000.0,-0.273,1.0,6777000.0,0.39,0.0,0.0,46460000.0,,1461000.0,5665000.0,5665000.0,0.0,16298000.0,15654000.0,644000.0,132051117.0,-10370000.0,0.0,226000.0,-124000.0,0.0,102000.0,-9000.0,2627000.0,-10463000.0,0.0,-17806000.0,-17806000.0,-17806000.0,0.0,0.0,-1.025,24566000.0,-17789000.0,1941000.0,0.0,2.12,-1.656,-1.608,28734000.0,0.0,2.75,2.213,2.163,16072000.0,-260284000.0,17375000.0,17375000.0,3208000.0,,,,,5020000.0,21358000.0,1.0,48018588.0,46934000.0,46934000.0,0.37,78589000.0,0.0,0.0,0.0,1.674,31964000.0
76,ALGN,MRQ,2002-06-30,2002-06-30,2002-06-30,2021-08-04,-57000.0,91946000.0,,59307000.0,32639000.0,,1.586,-1714000.0,27454000.0,27454000.0,10730000.0,-20313000.0,3.428,0.245,773000.0,0.0,773000.0,773000.0,2377000.0,3121000.0,0.0,0.0,0.0,-20313000.0,-17192000.0,-1.094,-17192000.0,-20313000.0,-20313000.0,-0.44,-0.44,-0.44,73871000.0,,73871000.0,152338056.0,-2.0,-2.115,-13428000.0,-0.288,1.0,4984000.0,0.317,0.0,0.0,47963000.0,,1604000.0,8235000.0,8066000.0,169000.0,18075000.0,17302000.0,773000.0,187990056.0,-9053000.0,0.0,35000.0,-73000.0,0.0,-8000.0,2669000.0,4470000.0,-11714000.0,0.0,-20313000.0,-20313000.0,-20313000.0,0.0,0.0,-1.293,25226000.0,-20242000.0,3657000.0,0.0,2.545,-2.227,-2.142,30467000.0,0.0,3.92,3.405,3.307,15938000.0,-243394000.0,15714000.0,15714000.0,3275000.0,,,,,5850000.0,21951000.0,1.0,47956647.0,46576000.0,46576000.0,0.337,91946000.0,0.0,0.0,0.0,1.974,42005000.0
77,ALGN,MRQ,2002-03-31,2002-03-31,2002-03-31,2021-08-04,60000.0,104329000.0,,70537000.0,33792000.0,,1.883,-2713000.0,36505000.0,36505000.0,12024000.0,-19304000.0,4.259,0.2,853000.0,0.0,853000.0,853000.0,1778000.0,2913000.0,0.0,0.0,0.0,-19304000.0,-16391000.0,-1.034,-16391000.0,-19304000.0,-19304000.0,-0.42,-0.42,-0.42,86914000.0,,86914000.0,205223986.0,-2.0,-2.723,-17396000.0,-0.377,1.0,3834000.0,0.242,0.0,0.0,52115000.0,,1454000.0,12830000.0,12830000.0,0.0,17415000.0,16562000.0,853000.0,255033986.0,-14381000.0,0.0,381000.0,-117000.0,0.0,459000.0,-157000.0,2100000.0,-14683000.0,0.0,-19304000.0,-19304000.0,-19304000.0,0.0,0.0,-1.217,23544000.0,-19710000.0,2498000.0,0.0,2.934,-2.952,-2.804,31874000.0,0.0,5.3,4.814,4.617,14473000.0,-224578000.0,15858000.0,15858000.0,3346000.0,,,,,5598000.0,20198000.0,1.0,48119620.0,46152000.0,46152000.0,0.344,104329000.0,0.0,0.0,0.0,2.261,53975000.0
78,ALGN,MRQ,2001-12-31,2001-12-31,2001-12-31,2021-08-04,226000.0,118218000.0,,81583000.0,36635000.0,,2.141,-8695000.0,51273000.0,51273000.0,10181000.0,-22294000.0,4.203,0.208,1463000.0,483000.0,980000.0,1463000.0,3127000.0,2371000.0,0.0,0.0,0.0,-20285000.0,-17914000.0,-1.67,-17914000.0,-20285000.0,-22284000.0,-0.47,-0.47,-0.47,97827000.0,,97827000.0,150566063.0,-2.0,-1.683,-20965000.0,-0.459,1.0,543000.0,0.051,0.0,1999000.0,48997000.0,,1549000.0,15121000.0,12494000.0,2627000.0,20391000.0,19411000.0,980000.0,215586063.0,-14844000.0,0.0,10891000.0,-111000.0,0.0,135000.0,-2709000.0,3930000.0,-12270000.0,0.0,-22294000.0,-22294000.0,-22294000.0,0.0,0.0,-2.079,23826000.0,-23283000.0,4376000.0,0.0,2.204,-1.956,-1.724,32021000.0,0.0,4.5,4.811,4.243,11556000.0,-207651000.0,10724000.0,10724000.0,4440000.0,,,,,5429000.0,19254000.0,1.0,47908014.0,45694000.0,45694000.0,0.235,118218000.0,0.0,10000.0,0.0,2.587,62172000.0
79,ALGN,MRQ,2001-09-30,2001-09-30,2001-09-30,2021-08-04,357000.0,130737000.0,,93319000.0,37418000.0,,2.545,-2060000.0,66598000.0,66598000.0,11265000.0,-22503000.0,6.215,0.141,1578000.0,473000.0,1105000.0,1578000.0,1049000.0,1978000.0,0.0,0.0,0.0,-22503000.0,-20525000.0,-1.59,-20525000.0,-22503000.0,-22503000.0,-0.5,-0.5,-0.5,114616000.0,,114616000.0,63192432.0,-1.0,-0.652,-15464000.0,-0.343,1.0,1647000.0,0.128,0.0,0.0,50701000.0,,1908000.0,19281000.0,11214000.0,8067000.0,16121000.0,15016000.0,1105000.0,104324432.0,25893000.0,0.0,267000.0,-114000.0,0.0,204000.0,39093000.0,39628000.0,-13404000.0,0.0,-22503000.0,-22503000.0,-22503000.0,0.0,0.0,-1.743,24673000.0,-23026000.0,2962000.0,0.0,0.91,-0.786,-0.218,25789000.0,0.0,2.18,2.792,2.628,9368000.0,-185357000.0,12912000.0,12912000.0,3444000.0,,,,,5219000.0,21229000.0,1.0,47855244.0,45035000.0,45035000.0,0.287,130737000.0,0.0,0.0,0.0,2.903,78303000.0
80,ALGN,MRQ,2001-06-30,2001-06-30,2001-06-30,2021-08-04,141000.0,148216000.0,,108513000.0,39703000.0,,2.952,-5835000.0,42824000.0,42824000.0,13830000.0,-22294000.0,6.965,0.128,1692000.0,465000.0,1227000.0,1692000.0,2313000.0,1744000.0,0.0,0.0,0.0,-22294000.0,-20550000.0,-1.524,-20550000.0,-22294000.0,-22294000.0,-0.5,-0.5,-0.5,131409000.0,,131409000.0,310918772.0,-3.0,-3.216,-26314000.0,-0.591,1.0,-347000.0,-0.026,0.0,0.0,91504000.0,,2335000.0,58392000.0,47442000.0,10950000.0,16807000.0,15580000.0,1227000.0,374673772.0,-17104000.0,0.0,-258000.0,-114000.0,0.0,-344000.0,3719000.0,5034000.0,-20479000.0,0.0,-22294000.0,-22294000.0,-22294000.0,0.0,0.0,-1.653,23220000.0,-23567000.0,626000.0,0.0,2.851,-2.837,-0.588,25785000.0,0.0,7.84,14.473,13.482,9875000.0,-162854000.0,13483000.0,13483000.0,3816000.0,,,,,6127000.0,19004000.0,1.0,47790022.0,44518000.0,44518000.0,0.303,148216000.0,0.0,0.0,0.0,3.329,92933000.0
81,ALGN,MRQ,2001-03-31,2001-03-31,2001-03-31,2021-08-04,119000.0,171551000.0,,136167000.0,35384000.0,,4.399,-2585000.0,65544000.0,65544000.0,11554000.0,-31958000.0,6.044,0.162,1789000.0,452000.0,1337000.0,1789000.0,2951000.0,1499000.0,0.0,0.0,0.0,-31958000.0,-30459000.0,-3.961,-30459000.0,-31958000.0,-31958000.0,-1.29,-1.29,-1.29,147683000.0,,147683000.0,280656914.0,-3.0,-2.831,-34287000.0,-1.021,1.0,-3865000.0,-0.503,0.0,0.0,85265000.0,,2614000.0,62920000.0,55910000.0,7010000.0,23868000.0,22531000.0,1337000.0,330718914.0,53777000.0,0.0,127653000.0,-111000.0,0.0,127542000.0,-42063000.0,-46501000.0,-31702000.0,0.0,-31958000.0,-43149000.0,-43149000.0,0.0,0.0,-5.612,27560000.0,-31425000.0,2180000.0,0.0,2.239,-1.865,-0.288,26502000.0,11191000.0,7.25,23.963,17.637,6718000.0,-140560000.0,7689000.0,7689000.0,3944000.0,,,,,5658000.0,23616000.0,1.0,45616402.0,33574000.0,33574000.0,0.229,171551000.0,0.0,0.0,0.0,5.11,113636000.0
82,ALGN,MRQ,2000-12-31,2000-12-31,2000-12-31,2021-08-04,73000.0,70561000.0,,41362000.0,29199000.0,,-14.376,-5694000.0,18814000.0,18814000.0,8709000.0,-35437000.0,1.791,-0.29,1900000.0,445000.0,1455000.0,1900000.0,2350000.0,272000.0,0.0,,0.0,-25630000.0,-25358000.0,-7.741,-25358000.0,-25630000.0,-35437000.0,-7.7,-7.7,-7.7,-84674000.0,,-84674000.0,,,,-33334000.0,-5.659,1.0,-5433000.0,-1.658,0.0,9807000.0,30558000.0,,2024000.0,15884000.0,9633000.0,6251000.0,24544000.0,23089000.0,1455000.0,,-31112000.0,0.0,347000.0,-105000.0,0.0,13823000.0,-17295000.0,-11894000.0,-27640000.0,0.0,-35437000.0,-44803000.0,-44803000.0,0.0,0.0,-13.676,29820000.0,-35253000.0,5541000.0,0.0,,,,21100000.0,9366000.0,,,,4465000.0,-108602000.0,3276000.0,3276000.0,3448000.0,,,,,5493000.0,26240000.0,1.0,45616402.0,5890000.0,5890000.0,0.556,70561000.0,0.0,0.0,0.0,11.98,18273000.0
83,ALGN,MRQ,2000-09-30,2000-09-30,2000-09-30,2021-08-04,0.0,75567000.0,,62134000.0,13433000.0,,-9.871,-5123000.0,52067000.0,52067000.0,5309000.0,-21839000.0,4.322,-0.284,2005000.0,436000.0,1569000.0,2005000.0,1145000.0,1533000.0,0.0,,0.0,-21839000.0,-20306000.0,-14.111,-20306000.0,-21839000.0,-21839000.0,-3.84,-3.84,-3.84,-56086000.0,,-56086000.0,,,,-19043000.0,-3.351,1.0,-3870000.0,-2.689,0.0,0.0,11129000.0,,667000.0,3927000.0,3927000.0,0.0,15945000.0,14376000.0,1569000.0,,-28947000.0,0.0,368000.0,-4735000.0,0.0,-4420000.0,-10607000.0,-1000000.0,-13920000.0,0.0,-21839000.0,-21839000.0,-21839000.0,0.0,0.0,-15.177,18257000.0,-22127000.0,10762000.0,0.0,,,,11938000.0,0.0,,,,2179000.0,-73165000.0,1439000.0,1439000.0,2834000.0,,,,,4760000.0,15423000.0,1.0,45616402.0,5682000.0,5682000.0,0.253,75567000.0,0.0,0.0,0.0,13.299,47758000.0
84,ALGN,MRQ,2000-06-30,2000-06-30,2000-06-30,2021-08-04,,,,,,,,-2579000.0,,,4207000.0,-23392000.0,,,,,,,,395000.0,,,0.0,-23392000.0,-22997000.0,-16.462,-22997000.0,-23392000.0,-23392000.0,-12.31,-12.31,-12.31,,,,,,,-10771000.0,-1.962,1.0,-2810000.0,-2.011,,0.0,,,,,,,,,,,62359000.0,0.0,260000.0,18548000.0,0.0,86262000.0,-15711000.0,77000.0,-8192000.0,0.0,-23392000.0,-67542000.0,-67542000.0,0.0,0.0,-48.348,13009000.0,-15819000.0,,0.0,,,,,44150000.0,,,,,,1397000.0,1397000.0,2013000.0,,,,,2882000.0,10996000.0,1.0,,5489000.0,5489000.0,0.255,,,0.0,,,
85,ALGN,MRQ,2000-03-31,2000-03-31,2000-03-31,2021-08-04,,,,,,,,-175000.0,,,2026000.0,-8080000.0,,,,,,,,313000.0,,,0.0,-8080000.0,-7767000.0,-12.348,-7767000.0,-8080000.0,-8080000.0,-1.55,-1.55,-1.55,,,,,,,-9223000.0,-1.765,1.0,-1397000.0,-2.221,,0.0,,,,,,,,,,,-6304000.0,0.0,14000.0,-26000.0,0.0,764000.0,1980000.0,2249000.0,-9048000.0,0.0,-8080000.0,-8080000.0,-8080000.0,0.0,0.0,-12.846,6651000.0,-8048000.0,,0.0,,,,,0.0,,,,,,629000.0,629000.0,1057000.0,,,,,666000.0,5594000.0,1.0,,5225000.0,5225000.0,0.12,,,0.0,,,
86,ALGN,MRQ,1999-12-31,1999-12-31,1999-12-31,2021-08-04,0.0,17091000.0,,13774000.0,3317000.0,,-4.603,-811000.0,7172000.0,7172000.0,1397000.0,-6842000.0,3.676,-0.193,9000.0,6000.0,3000.0,9000.0,119000.0,228000.0,0.0,,0.0,-6495000.0,-6267000.0,-18.763,-6267000.0,-6495000.0,-6842000.0,,,,-19414000.0,,-19414000.0,,,,-5669000.0,-1.344,1.0,-1063000.0,-3.183,0.0,347000.0,6181000.0,,366000.0,5253000.0,5253000.0,0.0,3750000.0,3747000.0,3000.0,,-8558000.0,0.0,42000.0,747000.0,0.0,1678000.0,-5378000.0,-4233000.0,-4858000.0,0.0,-6842000.0,-6842000.0,-6842000.0,0.0,0.0,-20.485,5646000.0,-6709000.0,1572000.0,,,,,3317000.0,0.0,,,,314000.0,-19854000.0,334000.0,334000.0,1132000.0,,,,,210000.0,4436000.0,1.0,,4218000.0,4218000.0,0.079,17091000.0,0.0,0.0,0.0,4.052,10027000.0
87,ALGN,MRQ,1999-09-30,1999-09-30,1999-09-30,2021-08-04,0.0,17091000.0,,13774000.0,3317000.0,,,,7172000.0,7172000.0,,,3.676,-0.193,9000.0,6000.0,3000.0,9000.0,119000.0,,0.0,,0.0,,,,,,,,,,-19414000.0,,-19414000.0,,,,,,1.0,,,0.0,,6181000.0,,366000.0,5253000.0,5253000.0,0.0,3750000.0,3747000.0,3000.0,,,,,,,,,,,,,,,,,,,,1572000.0,,,,,3317000.0,,,,,314000.0,-19854000.0,,,,,,,,,,1.0,,,,,17091000.0,0.0,,0.0,,10027000.0
88,ALGN,MRQ,1998-12-31,1998-12-31,1998-12-31,2021-08-04,0.0,8117000.0,,7208000.0,909000.0,,-1.56,,2471000.0,2471000.0,,,18.341,-0.091,17000.0,7000.0,10000.0,17000.0,0.0,,0.0,,0.0,,,,,,,,,,-4433000.0,,-4433000.0,,,,,,1.0,,,0.0,,5270000.0,,0.0,4452000.0,4452000.0,0.0,403000.0,393000.0,10000.0,,,,,,,,,,,,,,,,,,,,257000.0,,,,,770000.0,,,,,0.0,-4439000.0,,,,,,,,,,1.0,,2842000.0,,,8117000.0,0.0,,0.0,2.856,6815000.0
0,ALGN,MRT,2021-06-30,2021-06-30,2021-06-30,2021-08-04,29616000.0,5395568000.0,4927531000.0,2231825000.0,3163743000.0,0.705,42.836,-242082000.0,1086357000.0,1086357000.0,894056000.0,698449000.0,1.315,0.594,74184000.0,0.0,74184000.0,74184000.0,975930000.0,124514000.0,0.0,0.0,0.0,929510000.0,1054024000.0,0.303,1054024000.0,929510000.0,929510000.0,8.85,8.74,8.85,3384410000.0,3261330500.0,3384410000.0,47284594325.0,51.0,44.861,895099000.0,11.329,1.0,2580187000.0,0.743,549900000.0,0.0,2136914000.0,2104273250.0,178751000.0,0.0,0.0,0.0,2011158000.0,1696581000.0,314577000.0,48352447325.0,682034000.0,0.0,-137215000.0,0.0,0.0,-286188000.0,-183100000.0,20432000.0,1137181000.0,14141000.0,698449000.0,698449000.0,698449000.0,0.0,0.0,0.201,1695586000.0,884601000.0,225079000.0,0.0,14.287,69.228,69.04,1054277000.0,0.0,611.0,13.917,13.895,808079000.0,2458955000.0,3474243000.0,3474243000.0,205666000.0,0.142,0.214,0.442,0.268,106589000.0,1489920000.0,1.0,79136575.0,79008000.0,79638000.0,43.973,4845668000.0,1512285000.0,231061000.0,113306000.0,61.331,535244000.0
1,ALGN,MRT,2021-03-31,2021-03-31,2021-03-31,2021-08-04,29030000.0,5069782000.0,4585103250.0,2115555000.0,2954227000.0,0.614,42.957,-152262000.0,1131698000.0,1131698000.0,769772000.0,458133000.0,1.518,0.494,63845000.0,0.0,63845000.0,63845000.0,862872000.0,121267000.0,0.0,0.0,0.0,587215000.0,708482000.0,0.252,708482000.0,587215000.0,587215000.0,5.8,5.71,5.8,3393576000.0,3126489250.0,3393576000.0,41956345486.0,71.0,59.22,727315000.0,9.207,1.0,2045977000.0,0.727,548040000.0,0.0,2060047000.0,2116873250.0,150643000.0,0.0,0.0,0.0,1676206000.0,1393842000.0,282364000.0,42852743486.0,340916000.0,-420788000.0,22785000.0,0.0,0.0,-49510000.0,-503151000.0,27100000.0,879577000.0,14000000.0,458133000.0,458133000.0,458133000.0,0.0,0.0,0.163,1503278000.0,542699000.0,124298000.0,0.0,12.628,93.538,93.367,846305000.0,0.0,541.53,15.219,15.193,718957000.0,2416176000.0,2815749000.0,2815749000.0,188312000.0,0.1,0.147,0.277,0.209,102741000.0,1314966000.0,1.0,79132723.0,79000000.0,79798000.0,35.642,4521742000.0,1521922000.0,129082000.0,109668000.0,57.237,721713000.0
2,ALGN,MRT,2020-12-31,2020-12-31,2020-12-31,2021-08-04,43501000.0,4829683000.0,4308867750.0,1849538000.0,2980145000.0,0.574,41.06,-154916000.0,960843000.0,960843000.0,708706000.0,1775888000.0,1.395,0.493,64445000.0,0.0,64445000.0,64445000.0,777887000.0,116005000.0,0.0,0.0,0.0,378949000.0,494954000.0,0.2,494954000.0,378949000.0,378949000.0,22.55,22.41,22.55,3233865000.0,2991342500.0,3233865000.0,41586058477.0,110.0,84.02,507258000.0,6.441,1.0,1763235000.0,0.713,574889000.0,0.0,2032795000.0,2162724500.0,139237000.0,0.0,0.0,0.0,1595818000.0,1325601000.0,270217000.0,42136072477.0,410340000.0,-420788000.0,20314000.0,0.0,0.0,-30808000.0,-231506000.0,343042000.0,662174000.0,10480000.0,1775888000.0,1775888000.0,1775888000.0,0.0,0.0,0.718,1376064000.0,387171000.0,142132000.0,0.0,13.03,23.727,23.698,817274000.0,0.0,534.38,17.046,17.026,657704000.0,2215800000.0,2471941000.0,2471941000.0,175307000.0,0.412,0.594,0.175,0.153,98427000.0,1200757000.0,1.0,78850392.0,78760000.0,79230000.0,31.386,4254794000.0,1552831000.0,-1396939000.0,105748000.0,54.022,523937000.0
3,ALGN,MRT,2020-09-30,2020-09-30,2020-09-30,2021-08-04,24911000.0,4415091000.0,3726622500.0,1473247000.0,2941844000.0,0.614,38.484,-144307000.0,615532000.0,615532000.0,662478000.0,1738162000.0,1.313,0.455,65518000.0,0.0,65518000.0,65518000.0,684139000.0,112259000.0,0.0,0.0,0.0,320204000.0,432463000.0,0.189,432463000.0,320204000.0,320204000.0,22.11,21.98,22.11,3033471000.0,2519418500.0,3033471000.0,25437868547.0,79.0,58.821,354626000.0,4.499,1.0,1624730000.0,0.71,555946000.0,0.0,2187337000.0,1891295250.0,123093000.0,0.0,0.0,0.0,1381620000.0,1121794000.0,259826000.0,25791608547.0,125057000.0,-420788000.0,-80181000.0,0.0,0.0,-130737000.0,-246951000.0,317026000.0,498933000.0,3812000.0,1738162000.0,1738162000.0,1738162000.0,0.0,0.0,0.76,1299593000.0,325137000.0,119184000.0,0.0,8.502,14.838,14.806,787043000.0,0.0,327.36,11.276,11.282,626046000.0,2056812000.0,2287208000.0,2287208000.0,167747000.0,0.466,0.69,0.169,0.14,93660000.0,1131846000.0,1.0,78786683.0,78824000.0,79163000.0,29.017,3859145000.0,1566227000.0,-1417958000.0,108669000.0,48.959,351453000.0
4,ALGN,MRT,2020-06-30,2020-06-30,2020-06-30,2021-08-04,9101000.0,4025857000.0,3210444750.0,1149244000.0,2876613000.0,0.673,36.119,-149611000.0,404359000.0,404359000.0,632209000.0,1701315000.0,1.221,0.415,50619000.0,0.0,50619000.0,50619000.0,601831000.0,106727000.0,0.0,0.0,0.0,264078000.0,370805000.0,0.172,370805000.0,264078000.0,264078000.0,21.63,21.5,21.63,2845045000.0,2087438000.0,2845045000.0,20878755194.0,79.0,56.307,372782000.0,4.733,1.0,1528196000.0,0.707,543211000.0,0.0,2187314000.0,1583517750.0,131276000.0,0.0,0.0,0.0,1180812000.0,941592000.0,239220000.0,21615706194.0,-19249000.0,-420788000.0,-281540000.0,0.0,0.0,-333535000.0,-201750000.0,367091000.0,522393000.0,-6357000.0,1701315000.0,1701315000.0,1701315000.0,0.0,0.0,0.787,1252976000.0,275220000.0,94987000.0,0.0,7.598,12.705,12.688,737529000.0,0.0,274.44,10.005,10.006,473314000.0,1917441000.0,2160405000.0,2160405000.0,162900000.0,0.53,0.815,0.167,0.122,92607000.0,1096868000.0,1.0,78762958.0,78769000.0,78769000.0,27.427,3482646000.0,1568293000.0,-1437237000.0,115257000.0,44.213,207652000.0
5,ALGN,MRT,2020-03-31,2020-03-31,2020-03-31,2021-08-04,-193000.0,3964840000.0,2790484750.0,1576525000.0,2388315000.0,0.863,36.301,-160531000.0,790696000.0,790696000.0,672631000.0,1889059000.0,1.731,0.39,53745000.0,0.0,53745000.0,53745000.0,578537000.0,101071000.0,0.0,0.0,0.0,527834000.0,628905000.0,0.261,628905000.0,527834000.0,527834000.0,23.99,23.85,23.99,2852989000.0,1719597250.0,2852989000.0,13192150356.0,25.0,20.976,479316000.0,6.099,1.0,1736157000.0,0.721,73751000.0,0.0,2243452000.0,1315129000.0,120977000.0,0.0,0.0,0.0,1111851000.0,910686000.0,201165000.0,13699112356.0,202707000.0,0.0,-331039000.0,-45773000.0,0.0,-427511000.0,185000.0,171293000.0,639847000.0,-9814000.0,1889059000.0,1889059000.0,1889059000.0,0.0,0.0,0.784,1211447000.0,524710000.0,72690000.0,0.0,4.802,7.252,7.251,733857000.0,0.0,173.95,5.687,5.676,533004000.0,1958043000.0,2408788000.0,2408788000.0,161390000.0,0.677,1.099,0.401,0.219,90067000.0,1107849000.0,1.0,78753161.0,78592000.0,79028000.0,30.649,3891089000.0,1551141000.0,-1361225000.0,109128000.0,49.51,665839000.0
6,ALGN,MRT,2019-12-31,2019-12-31,2019-12-31,2021-08-04,-688000.0,2500702000.0,2357882250.0,1633419000.0,867283000.0,1.021,16.949,-149707000.0,550425000.0,550425000.0,662899000.0,442776000.0,1.682,0.858,43463000.0,0.0,43463000.0,43463000.0,563762000.0,97465000.0,0.0,0.0,0.0,555123000.0,652588000.0,0.271,652588000.0,555123000.0,555123000.0,5.57,5.53,5.57,1346169000.0,1320276000.0,1346169000.0,21544970800.0,39.0,33.015,597563000.0,7.524,1.0,1743897000.0,0.725,75692000.0,0.0,947078000.0,973421750.0,112051000.0,318202000.0,318202000.0,0.0,1154533000.0,970970000.0,183563000.0,21991967800.0,-86432000.0,0.0,-382092000.0,-45773000.0,0.0,-485540000.0,-350444000.0,-186033000.0,747270000.0,2282000.0,442776000.0,442776000.0,442776000.0,0.0,0.0,0.184,1201404000.0,542493000.0,87250000.0,0.0,16.337,49.668,50.097,687974000.0,0.0,279.04,9.137,9.208,550291000.0,439912000.0,2406796000.0,2406796000.0,157361000.0,0.188,0.335,0.57,0.231,88184000.0,1072053000.0,1.0,78812958.0,79424000.0,80100000.0,30.303,2425010000.0,64007000.0,112347000.0,102794000.0,30.532,662449000.0
7,ALGN,MRT,2019-09-30,2019-09-30,2019-09-30,2021-08-04,-1927000.0,2350380000.0,2245821250.0,1505579000.0,844801000.0,1.02,16.457,-161436000.0,490362000.0,490362000.0,635994000.0,418906000.0,1.73,0.8,43365000.0,0.0,43365000.0,43365000.0,520712000.0,87336000.0,0.0,0.0,0.0,519235000.0,606571000.0,0.265,606571000.0,519235000.0,519235000.0,5.25,5.21,5.25,1305549000.0,1296956500.0,1305549000.0,14085879791.0,27.0,23.222,608952000.0,7.676,1.0,1655035000.0,0.722,77012000.0,0.0,956227000.0,897036500.0,94795000.0,292011000.0,292011000.0,0.0,1044831000.0,870144000.0,174687000.0,14450239791.0,69616000.0,0.0,-331569000.0,-45773000.0,0.0,-437446000.0,-259385000.0,-84048000.0,770388000.0,-3941000.0,418906000.0,418906000.0,418906000.0,0.0,0.0,0.183,1143219000.0,511816000.0,63300000.0,0.0,11.068,34.495,34.461,660504000.0,0.0,180.92,6.307,6.265,531816000.0,415159000.0,2291029000.0,2291029000.0,151838000.0,0.187,0.323,0.579,0.227,86532000.0,1019391000.0,1.0,79870881.0,79332000.0,79825000.0,28.879,2273368000.0,63150000.0,100329000.0,101914000.0,28.656,635435000.0
8,ALGN,MRT,2019-06-30,2019-06-30,2019-06-30,2021-08-04,-1876000.0,2346017000.0,2140327500.0,1457374000.0,888643000.0,1.023,17.183,-188615000.0,423500000.0,423500000.0,599715000.0,417254000.0,1.847,0.708,59140000.0,0.0,59140000.0,59140000.0,481462000.0,76830000.0,0.0,0.0,0.0,516289000.0,593119000.0,0.271,593119000.0,516289000.0,516289000.0,5.22,5.17,5.22,1373682000.0,1268815000.0,1373682000.0,21424744940.0,41.0,36.122,443506000.0,5.548,1.0,1589262000.0,0.726,78852000.0,0.0,1113759000.0,859412000.0,81124000.0,342391000.0,297422000.0,44969000.0,972335000.0,789046000.0,183289000.0,21897338940.0,-124388000.0,0.0,-281842000.0,-45773000.0,0.0,-387070000.0,-368096000.0,-165076000.0,632121000.0,-1343000.0,417254000.0,417254000.0,417254000.0,0.0,0.0,0.191,1079390000.0,509872000.0,61950000.0,0.0,15.941,52.48,52.433,656880000.0,0.0,273.7,10.003,9.996,520094000.0,501275000.0,2188977000.0,2188977000.0,144858000.0,0.195,0.329,0.601,0.236,81554000.0,955750000.0,1.0,80004892.0,79943000.0,80590000.0,27.382,2267165000.0,59050000.0,99035000.0,98182000.0,28.36,668328000.0
9,ALGN,MRT,2019-03-31,2019-03-31,2019-03-31,2021-08-04,-2281000.0,2234430000.0,2032970500.0,1439113000.0,795317000.0,1.022,15.724,-200995000.0,588001000.0,588001000.0,555984000.0,376217000.0,1.788,0.779,115407000.0,56100000.0,59307000.0,115407000.0,433518000.0,65971000.0,0.0,0.0,0.0,439834000.0,505805000.0,0.243,505805000.0,439834000.0,439834000.0,4.7,4.64,4.7,1255704000.0,1230134250.0,1255704000.0,22106472033.0,50.0,43.706,393561000.0,4.928,1.0,1522555000.0,0.733,80329000.0,0.0,876623000.0,760133000.0,68489000.0,186509000.0,186509000.0,0.0,978726000.0,804884000.0,173842000.0,22743371033.0,90063000.0,0.0,-231778000.0,0.0,0.0,-322374000.0,-176760000.0,26299000.0,594556000.0,-5359000.0,376217000.0,376217000.0,376217000.0,0.0,0.0,0.181,1066482000.0,456073000.0,62512000.0,0.0,18.112,60.453,60.496,631651000.0,0.0,284.33,10.942,10.924,479281000.0,402021000.0,2078539000.0,2078539000.0,136811000.0,0.185,0.306,0.579,0.212,75977000.0,899889000.0,1.0,79989347.0,79860000.0,80687000.0,26.027,2154101000.0,57151000.0,63617000.0,93463000.0,26.973,634229000.0
10,ALGN,MRT,2018-12-31,2018-12-31,2018-12-31,2021-08-04,-2774000.0,2052458000.0,1920045750.0,1302479000.0,749979000.0,1.024,15.649,-223312000.0,636899000.0,636899000.0,518625000.0,400235000.0,1.882,0.638,0.0,0.0,0.0,0.0,393138000.0,54727000.0,0.0,0.0,0.0,457958000.0,512685000.0,0.261,512685000.0,457958000.0,457958000.0,5.0,4.92,5.0,1252891000.0,1198073250.0,1252891000.0,16330268913.0,36.0,31.852,331369000.0,4.139,1.0,1447867000.0,0.736,81949000.0,0.0,641537000.0,710755750.0,55641000.0,153485000.0,98460000.0,55025000.0,799567000.0,692073000.0,107494000.0,16751128913.0,187441000.0,0.0,-283367000.0,0.0,0.0,-369434000.0,6927000.0,229474000.0,554681000.0,-4733000.0,400235000.0,400235000.0,400235000.0,0.0,0.0,0.204,981303000.0,466564000.0,64256000.0,0.0,13.37,41.853,41.886,521329000.0,0.0,209.43,8.518,8.527,439009000.0,378143000.0,1966492000.0,1966492000.0,128899000.0,0.208,0.334,0.644,0.233,70763000.0,852404000.0,1.0,79984381.0,80064000.0,81357000.0,24.562,1970509000.0,64689000.0,57723000.0,78008000.0,24.612,610406000.0
11,ALGN,MRT,2018-09-30,2018-09-30,2018-09-30,2021-08-04,-728000.0,1928405000.0,1852933500.0,1224182000.0,704223000.0,1.0,14.892,-238578000.0,420860000.0,420860000.0,471107000.0,313107000.0,1.98,0.616,0.0,0.0,0.0,0.0,356109000.0,49209000.0,0.0,0.0,0.0,451967000.0,501176000.0,0.27,501176000.0,451967000.0,451967000.0,3.91,3.83,3.91,1192983000.0,1173422500.0,1192983000.0,30874829480.0,68.0,61.605,237134000.0,2.96,1.0,1382688000.0,0.746,83607000.0,0.0,805729000.0,736716250.0,48858000.0,240384000.0,184297000.0,56087000.0,735422000.0,618209000.0,117213000.0,31422822480.0,58231000.0,0.0,-282784000.0,0.0,0.0,-371615000.0,-43714000.0,194090000.0,475712000.0,-2152000.0,313107000.0,313107000.0,313107000.0,0.0,0.0,0.169,926991000.0,455697000.0,43065000.0,0.0,26.34,100.358,100.056,491630000.0,0.0,391.22,16.951,16.906,420276000.0,328432000.0,1853795000.0,1853795000.0,119265000.0,0.169,0.267,0.613,0.244,66748000.0,807726000.0,1.0,80320082.0,80111000.0,81359000.0,23.14,1844798000.0,47435000.0,138860000.0,95655000.0,23.028,605973000.0
12,ALGN,MRT,2018-06-30,2018-06-30,2018-06-30,2021-08-04,911000.0,1916589000.0,1795238000.0,1260999000.0,655590000.0,0.966,15.196,-232945000.0,547993000.0,547993000.0,430378000.0,294790000.0,2.225,0.572,0.0,0.0,0.0,0.0,321148000.0,45062000.0,0.0,0.0,0.0,427393000.0,472455000.0,0.273,472455000.0,427393000.0,427393000.0,3.68,3.6,3.68,1218959000.0,1170666250.0,1218959000.0,26924395172.0,63.0,56.988,264627000.0,3.299,1.0,1303395000.0,0.752,85307000.0,0.0,716643000.0,731176750.0,47252000.0,221818000.0,164629000.0,57189000.0,697630000.0,566646000.0,130984000.0,27422398172.0,189792000.0,0.0,-149475000.0,0.0,0.0,-222005000.0,-85756000.0,146178000.0,497572000.0,-19000.0,294790000.0,294790000.0,294790000.0,0.0,0.0,0.17,874143000.0,429252000.0,48744000.0,0.0,22.497,93.024,92.973,447933000.0,0.0,342.14,15.817,15.83,374371000.0,373441000.0,1733773000.0,1733773000.0,110766000.0,0.164,0.252,0.585,0.247,62517000.0,763377000.0,1.0,80149641.0,80216000.0,81471000.0,21.614,1831282000.0,45859000.0,132603000.0,115701000.0,22.829,694353000.0
13,ALGN,MRT,2018-03-31,2018-03-31,2018-03-31,2021-08-04,1484000.0,1782731000.0,1703887500.0,1168776000.0,613955000.0,0.939,14.087,-193704000.0,498003000.0,498003000.0,391266000.0,257864000.0,2.256,0.581,0.0,0.0,0.0,0.0,296011000.0,41306000.0,0.0,0.0,0.0,398151000.0,439457000.0,0.275,439457000.0,398151000.0,398151000.0,3.22,3.15,3.22,1127460000.0,1135498500.0,1127460000.0,19674849059.0,49.0,44.771,274546000.0,3.43,1.0,1208730000.0,0.755,87629000.0,0.0,679114000.0,721241250.0,35866000.0,227781000.0,164740000.0,63041000.0,655271000.0,517985000.0,137286000.0,20124360059.0,237012000.0,0.0,-184807000.0,0.0,0.0,-242321000.0,6254000.0,201243000.0,468250000.0,4829000.0,257864000.0,257864000.0,257864000.0,0.0,0.0,0.161,818600000.0,390130000.0,41881000.0,0.0,17.849,78.043,77.991,400528000.0,0.0,251.13,12.578,12.562,361459000.0,267336000.0,1599996000.0,1599996000.0,104346000.0,0.151,0.227,0.552,0.249,59872000.0,714254000.0,1.0,80135229.0,80036000.0,81628000.0,19.991,1695102000.0,45524000.0,140287000.0,119349000.0,21.179,650791000.0
14,ALGN,MRT,2017-12-31,2017-12-31,2017-12-31,2021-08-04,571000.0,1784009000.0,1623028000.0,1158367000.0,625642000.0,0.908,14.413,-195695000.0,449511000.0,449511000.0,356466000.0,231418000.0,2.316,0.546,0.0,0.0,0.0,0.0,267713000.0,37739000.0,0.0,0.0,0.0,361580000.0,399319000.0,0.271,399319000.0,361580000.0,361580000.0,2.89,2.83,2.89,1154288000.0,1114852250.0,1154288000.0,17452071052.0,48.0,43.705,242844000.0,3.032,1.0,1116947000.0,0.758,89068000.0,0.0,745379000.0,736529000.0,31688000.0,366585000.0,272031000.0,94554000.0,629721000.0,500051000.0,129670000.0,17814684052.0,57106000.0,-8953000.0,-89332000.0,0.0,0.0,-135500000.0,-251477000.0,-44232000.0,438539000.0,5544000.0,231418000.0,231418000.0,231418000.0,0.0,0.0,0.157,763336000.0,353611000.0,36776000.0,0.0,15.433,76.981,76.882,348793000.0,0.0,222.19,12.091,12.077,324189000.0,267274000.0,1473413000.0,1473413000.0,97559000.0,0.143,0.208,0.491,0.245,58854000.0,665777000.0,1.0,80177704.0,80085000.0,81832000.0,18.398,1694941000.0,49334000.0,130162000.0,114091000.0,21.164,658316000.0
15,ALGN,MRT,2017-09-30,2017-09-30,2017-09-30,2021-08-04,788000.0,1697623000.0,1526063500.0,1101003000.0,596620000.0,0.882,14.744,-140358000.0,362613000.0,362613000.0,326014000.0,268775000.0,2.386,0.436,0.0,0.0,0.0,0.0,241576000.0,33931000.0,0.0,0.0,0.0,307311000.0,341242000.0,0.254,341242000.0,307311000.0,307311000.0,3.36,3.3,3.36,1181958000.0,1075127500.0,1181958000.0,14571469144.0,47.0,42.701,216835000.0,2.705,1.0,1019279000.0,0.758,90070000.0,0.0,783571000.0,692820000.0,36941000.0,428171000.0,316454000.0,111717000.0,515665000.0,461369000.0,54296000.0,14929651144.0,-60251000.0,-8953000.0,-77086000.0,0.0,0.0,-116941000.0,-301615000.0,-149537000.0,357193000.0,1112000.0,268775000.0,268775000.0,268775000.0,0.0,0.0,0.2,706902000.0,312377000.0,45942000.0,0.0,12.631,55.547,55.438,295901000.0,0.0,186.27,11.098,11.099,321328000.0,301117000.0,1345293000.0,1345293000.0,92998000.0,0.176,0.25,0.444,0.228,58239000.0,613904000.0,1.0,80150594.0,80163000.0,81789000.0,16.782,1607553000.0,73532000.0,38536000.0,45375000.0,20.054,639634000.0
16,ALGN,MRT,2017-06-30,2017-06-30,2017-06-30,2021-08-04,-156000.0,1551187000.0,1441381000.0,1003222000.0,547965000.0,0.859,13.447,-109596000.0,358182000.0,358182000.0,302622000.0,237587000.0,2.362,0.439,0.0,0.0,0.0,0.0,220005000.0,30860000.0,0.0,0.0,0.0,269477000.0,300337000.0,0.242,300337000.0,269477000.0,269477000.0,2.97,2.92,2.97,1078288000.0,1022715500.0,1078288000.0,11798313761.0,44.0,39.284,189299000.0,2.361,1.0,935993000.0,0.756,91308000.0,0.0,676901000.0,625154000.0,35133000.0,360129000.0,243786000.0,116343000.0,472899000.0,424796000.0,48103000.0,12059340761.0,187562000.0,-8953000.0,-85714000.0,0.0,0.0,-124256000.0,12813000.0,136302000.0,298895000.0,110000.0,237587000.0,237587000.0,237587000.0,0.0,0.0,0.192,660300000.0,275693000.0,45953000.0,0.0,11.184,50.758,50.545,255539000.0,0.0,150.12,9.736,9.719,291694000.0,232876000.0,1238615000.0,1238615000.0,89212000.0,0.165,0.232,0.431,0.218,56983000.0,571088000.0,1.0,80331340.0,80188000.0,81631000.0,15.446,1459879000.0,61783000.0,31890000.0,44581000.0,18.206,578426000.0
17,ALGN,MRT,2017-03-31,2017-03-31,2017-03-31,2021-08-04,-1382000.0,1459293000.0,1366402500.0,918167000.0,541126000.0,0.843,13.077,-109938000.0,261027000.0,261027000.0,281203000.0,218556000.0,2.512,0.397,0.0,0.0,0.0,0.0,202895000.0,27077000.0,0.0,0.0,0.0,250172000.0,277249000.0,0.241,277249000.0,250172000.0,250172000.0,2.74,2.69,2.74,1044875000.0,980608000.0,1044875000.0,8819199528.0,35.0,31.81,154657000.0,1.936,1.0,870292000.0,0.756,92447000.0,0.0,740265000.0,631136000.0,35174000.0,427073000.0,284559000.0,142514000.0,414418000.0,365554000.0,48864000.0,9208474528.0,103668000.0,-8953000.0,-84329000.0,0.0,0.0,-119419000.0,-40118000.0,87654000.0,264595000.0,-1390000.0,218556000.0,218556000.0,218556000.0,0.0,0.0,0.19,613032000.0,257260000.0,37028000.0,0.0,8.813,42.133,41.865,231692000.0,0.0,114.71,7.997,7.96,267128000.0,196157000.0,1151495000.0,1151495000.0,83441000.0,0.16,0.223,0.396,0.217,56413000.0,529591000.0,1.0,80276127.0,79904000.0,81534000.0,14.411,1366846000.0,60068000.0,31616000.0,46322000.0,17.106,552613000.0
18,ALGN,MRT,2016-12-31,2016-12-31,2016-12-31,2021-08-04,-938000.0,1396151000.0,1303469250.0,952978000.0,443173000.0,0.828,12.465,-70576000.0,389275000.0,389275000.0,264580000.0,189682000.0,2.689,0.403,0.0,0.0,0.0,0.0,191407000.0,24002000.0,0.0,0.0,0.0,240882000.0,264884000.0,0.245,264884000.0,240882000.0,240882000.0,2.38,2.33,2.38,995389000.0,942396750.0,995389000.0,7240594214.0,30.0,27.335,177078000.0,2.217,1.0,815294000.0,0.755,81998000.0,0.0,570543000.0,621016250.0,27131000.0,355825000.0,250981000.0,104844000.0,400762000.0,354335000.0,46427000.0,7660542214.0,221784000.0,0.0,-82440000.0,0.0,0.0,-95524000.0,73028000.0,151635000.0,247654000.0,-3374000.0,189682000.0,189682000.0,189682000.0,0.0,0.0,0.176,566373000.0,248921000.0,28596000.0,0.0,7.696,40.386,40.391,175167000.0,0.0,96.13,7.094,7.109,247415000.0,131448000.0,1079874000.0,1079874000.0,75720000.0,0.146,0.201,0.388,0.223,53263000.0,490653000.0,1.0,79689402.0,79856000.0,81484000.0,13.523,1314153000.0,67844000.0,51200000.0,45133000.0,16.457,598643000.0
19,ALGN,MRT,2016-09-30,2016-09-30,2016-09-30,2021-08-04,-85000.0,1358893000.0,1244089750.0,911768000.0,447125000.0,0.817,12.157,-73156000.0,419948000.0,419948000.0,249092000.0,190938000.0,2.658,0.398,0.0,0.0,0.0,0.0,177409000.0,21649000.0,0.0,0.0,0.0,240885000.0,262534000.0,0.258,262534000.0,240885000.0,240885000.0,2.39,2.35,2.39,972310000.0,905531000.0,972310000.0,7336660031.0,30.0,27.946,172873000.0,2.162,1.0,767855000.0,0.755,82987000.0,0.0,512907000.0,638401750.0,26341000.0,302106000.0,193018000.0,109088000.0,386583000.0,343051000.0,43532000.0,7504366031.0,245908000.0,0.0,-55719000.0,0.0,0.0,-69450000.0,69123000.0,150310000.0,246029000.0,206000.0,190938000.0,190938000.0,190938000.0,0.0,0.0,0.188,527967000.0,239888000.0,33104000.0,0.0,7.718,39.303,39.226,172658000.0,0.0,93.75,7.379,7.373,244992000.0,117965000.0,1016947000.0,1016947000.0,68000000.0,0.153,0.211,0.377,0.237,52684000.0,459967000.0,1.0,80046571.0,79977000.0,81466000.0,12.715,1275906000.0,68918000.0,49947000.0,42539000.0,15.953,568717000.0
20,ALGN,MRT,2016-06-30,2016-06-30,2016-06-30,2021-08-04,428000.0,1251273000.0,1174257000.0,825407000.0,425866000.0,0.806,11.38,-66304000.0,167706000.0,167706000.0,229765000.0,167187000.0,2.761,0.375,0.0,0.0,0.0,0.0,160557000.0,19251000.0,0.0,0.0,0.0,214298000.0,233549000.0,0.247,233549000.0,214298000.0,214298000.0,2.1,2.06,2.1,909858000.0,862018250.0,909858000.0,6304424062.0,29.0,26.994,179955000.0,2.251,1.0,716229000.0,0.757,83749000.0,0.0,700829000.0,655499000.0,22992000.0,517265000.0,404107000.0,113158000.0,341415000.0,298989000.0,42426000.0,6458842062.0,5953000.0,0.0,-73719000.0,0.0,0.0,-81367000.0,-157542000.0,-85207000.0,246259000.0,-1397000.0,167187000.0,167187000.0,167187000.0,0.0,0.0,0.177,500374000.0,215855000.0,30927000.0,0.0,7.099,38.632,38.357,161685000.0,0.0,80.55,6.828,6.808,192660000.0,87607000.0,945994000.0,945994000.0,65364000.0,0.142,0.194,0.327,0.227,53634000.0,435010000.0,1.0,80184259.0,79951000.0,81281000.0,11.832,1167524000.0,60051000.0,47111000.0,41244000.0,14.603,526418000.0
21,ALGN,MRT,2016-03-31,2016-03-31,2016-03-31,2021-08-04,22000.0,1207560000.0,1118584000.0,783003000.0,424557000.0,0.792,11.174,-58046000.0,154418000.0,154418000.0,216473000.0,148389000.0,2.85,0.354,0.0,0.0,0.0,0.0,145769000.0,18488000.0,0.0,0.0,0.0,191536000.0,210024000.0,0.237,210024000.0,191536000.0,191536000.0,1.86,1.83,1.86,892030000.0,827004000.0,892030000.0,5620273772.0,29.0,26.76,174986000.0,2.192,1.0,669647000.0,0.756,78606000.0,0.0,699786000.0,621120000.0,22618000.0,526350000.0,393660000.0,132690000.0,315530000.0,274750000.0,40780000.0,5787987772.0,-35560000.0,0.0,-87853000.0,0.0,0.0,-102795000.0,-165016000.0,-106970000.0,233032000.0,-781000.0,148389000.0,148389000.0,148389000.0,0.0,0.0,0.167,476603000.0,193044000.0,36258000.0,0.0,6.489,39.006,39.081,148029000.0,0.0,72.69,6.532,6.549,178000000.0,67937000.0,886120000.0,886120000.0,62435000.0,0.133,0.179,0.308,0.216,52785000.0,414168000.0,1.0,79625640.0,79831000.0,81320000.0,11.1,1128954000.0,57527000.0,43147000.0,39269000.0,14.142,508253000.0
22,ALGN,MRT,2015-12-31,2015-12-31,2015-12-31,2021-08-04,-980000.0,1158633000.0,1073795250.0,732010000.0,426623000.0,0.787,10.599,-53451000.0,167714000.0,167714000.0,205376000.0,144020000.0,2.694,0.366,0.0,0.0,0.0,0.0,129553000.0,18004000.0,0.0,0.0,0.0,186101000.0,204105000.0,0.241,204105000.0,186101000.0,186101000.0,1.8,1.77,1.8,847926000.0,802380000.0,847926000.0,5060386246.0,27.0,24.793,184546000.0,2.307,1.0,640110000.0,0.757,79162000.0,0.0,640085000.0,585318000.0,19465000.0,510951000.0,359581000.0,151370000.0,310707000.0,271672000.0,39035000.0,5234426246.0,-32157000.0,0.0,-90466000.0,0.0,0.0,-100786000.0,-166361000.0,-112956000.0,237997000.0,-3007000.0,144020000.0,144020000.0,144020000.0,0.0,0.0,0.17,451476000.0,188634000.0,34354000.0,0.0,6.173,36.345,36.583,136473000.0,0.0,65.85,6.191,6.231,158550000.0,27391000.0,845486000.0,845486000.0,61237000.0,0.134,0.179,0.318,0.22,52771000.0,390239000.0,1.0,79490148.0,79998000.0,81521000.0,10.569,1079471000.0,51416000.0,42081000.0,37512000.0,13.494,460338000.0
23,ALGN,MRT,2015-09-30,2015-09-30,2015-09-30,2021-08-04,25000.0,1079562000.0,1031136250.0,711733000.0,367829000.0,0.789,10.002,-43798000.0,174040000.0,174040000.0,195848000.0,134684000.0,2.911,0.352,0.0,0.0,0.0,0.0,115998000.0,17528000.0,0.0,0.0,0.0,176226000.0,193754000.0,0.238,193754000.0,176226000.0,176226000.0,1.69,1.65,1.69,798259000.0,778591250.0,798259000.0,4383495451.0,25.0,22.624,186449000.0,2.336,1.0,617962000.0,0.759,79715000.0,0.0,581296000.0,551361500.0,18939000.0,455961000.0,310715000.0,145246000.0,281303000.0,244511000.0,36792000.0,4545248451.0,-6636000.0,0.0,-100205000.0,0.0,0.0,-108457000.0,-122879000.0,-79126000.0,230247000.0,-5547000.0,134684000.0,134684000.0,134684000.0,0.0,0.0,0.165,437174000.0,180788000.0,32599000.0,0.0,5.694,33.748,33.586,120738000.0,0.0,56.76,5.585,5.566,148395000.0,-11890000.0,813810000.0,813810000.0,60624000.0,0.131,0.173,0.32,0.217,68497000.0,376550000.0,1.0,80078373.0,79808000.0,81092000.0,10.197,999847000.0,44632000.0,41542000.0,34916000.0,12.528,467222000.0
24,ALGN,MRT,2015-06-30,2015-06-30,2015-06-30,2021-08-04,-187000.0,1028581000.0,998318000.0,657906000.0,370675000.0,0.797,9.592,-40304000.0,161753000.0,161753000.0,190610000.0,145315000.0,2.951,0.336,0.0,0.0,0.0,0.0,101420000.0,17364000.0,0.0,0.0,0.0,189296000.0,206660000.0,0.26,206660000.0,189296000.0,189296000.0,1.81,1.78,1.81,769801000.0,759640500.0,769801000.0,4873867481.0,26.0,23.584,197457000.0,2.46,1.0,605440000.0,0.761,80590000.0,0.0,563313000.0,527569250.0,16415000.0,434950000.0,276789000.0,158161000.0,258780000.0,222925000.0,35855000.0,5063845481.0,-5718000.0,0.0,-88572000.0,0.0,0.0,-95480000.0,-144366000.0,-104058000.0,237761000.0,-3633000.0,145315000.0,145315000.0,145315000.0,0.0,0.0,0.183,411151000.0,194289000.0,29513000.0,0.0,6.578,34.847,34.646,108029000.0,0.0,62.71,6.361,6.322,146466000.0,-5826000.0,796050000.0,796050000.0,55699000.0,0.146,0.191,0.359,0.238,61020000.0,355452000.0,1.0,80750207.0,80257000.0,81394000.0,9.919,947991000.0,45986000.0,43981000.0,33726000.0,11.812,434981000.0
25,ALGN,MRT,2015-03-31,2015-03-31,2015-03-31,2021-08-04,-106000.0,1028405000.0,962531000.0,657312000.0,371093000.0,0.809,9.863,-34708000.0,189978000.0,189978000.0,186811000.0,149565000.0,3.277,0.296,0.0,0.0,0.0,0.0,93868000.0,17388000.0,0.0,0.0,0.0,195436000.0,212824000.0,0.273,212824000.0,195436000.0,195436000.0,1.86,1.82,1.86,793534000.0,736139250.0,793534000.0,4142070871.0,21.0,19.462,209843000.0,2.608,1.0,592282000.0,0.76,81274000.0,0.0,556578000.0,498504500.0,14572000.0,422994000.0,254823000.0,168171000.0,234871000.0,200575000.0,34296000.0,4341941871.0,7212000.0,0.0,-89380000.0,0.0,0.0,-94578000.0,-138941000.0,-104229000.0,244551000.0,-3820000.0,149565000.0,149565000.0,149565000.0,0.0,0.0,0.192,391586000.0,200696000.0,24996000.0,0.0,5.472,29.03,28.919,99764000.0,0.0,53.79,5.573,5.555,138159000.0,4179000.0,779093000.0,779093000.0,53304000.0,0.155,0.203,0.392,0.251,55907000.0,338282000.0,1.0,80720243.0,80459000.0,81824000.0,9.683,947131000.0,44541000.0,45871000.0,31831000.0,11.772,456737000.0
26,ALGN,MRT,2014-12-31,2014-12-31,2014-12-31,2021-08-04,-140000.0,987997000.0,926840000.0,657160000.0,330837000.0,0.822,9.322,-24092000.0,199871000.0,199871000.0,183210000.0,145832000.0,3.256,0.312,0.0,0.0,0.0,0.0,90684000.0,17856000.0,0.0,0.0,0.0,190369000.0,208225000.0,0.273,208225000.0,190369000.0,190369000.0,1.81,1.77,1.81,752771000.0,711944000.0,752771000.0,4308327501.0,23.0,20.691,202807000.0,2.511,1.0,578443000.0,0.759,82056000.0,0.0,504259000.0,471268000.0,15928000.0,402679000.0,254787000.0,147892000.0,235226000.0,201811000.0,33415000.0,4489003501.0,-43082000.0,0.0,-80205000.0,0.0,0.0,-66420000.0,-201627000.0,-177352000.0,226899000.0,-1934000.0,145832000.0,145832000.0,145832000.0,0.0,0.0,0.191,384867000.0,193576000.0,23247000.0,0.0,5.963,30.782,30.89,90125000.0,0.0,55.91,5.894,5.928,129751000.0,-30507000.0,761653000.0,761653000.0,52799000.0,0.157,0.205,0.404,0.25,39823000.0,332068000.0,1.0,80289814.0,80754000.0,82283000.0,9.432,905941000.0,40152000.0,44537000.0,30483000.0,11.219,455349000.0
27,ALGN,MRT,2014-09-30,2014-09-30,2014-09-30,2021-08-04,60000.0,948289000.0,887877500.0,615672000.0,332617000.0,0.835,8.96,-21197000.0,180676000.0,180676000.0,177088000.0,148712000.0,3.101,0.313,0.0,0.0,0.0,0.0,87443000.0,17647000.0,0.0,0.0,0.0,193315000.0,210962000.0,0.285,210962000.0,193315000.0,193315000.0,1.84,1.81,1.84,722456000.0,682243750.0,722456000.0,4007914961.0,21.0,18.998,201209000.0,2.495,1.0,564257000.0,0.761,82926000.0,0.0,486127000.0,427326750.0,15983000.0,380837000.0,244820000.0,136017000.0,225833000.0,198560000.0,27273000.0,4175385961.0,4837000.0,0.0,-54141000.0,0.0,0.0,-36187000.0,-182118000.0,-160675000.0,222406000.0,736000.0,148712000.0,148712000.0,148712000.0,0.0,0.0,0.201,369252000.0,195005000.0,24517000.0,0.0,5.779,28.077,28.087,86447000.0,0.0,51.68,5.632,5.621,130047000.0,-53135000.0,741345000.0,741345000.0,50493000.0,0.167,0.218,0.452,0.261,37483000.0,318759000.0,1.0,80793072.0,80629000.0,82014000.0,9.195,865363000.0,19714000.0,44603000.0,0.0,10.733,417112000.0
28,ALGN,MRT,2014-06-30,2014-06-30,2014-06-30,2021-08-04,508000.0,885433000.0,840606750.0,554512000.0,330921000.0,0.852,8.34,-19983000.0,167471000.0,167471000.0,171682000.0,145002000.0,2.964,0.31,0.0,0.0,0.0,0.0,85125000.0,17166000.0,0.0,0.0,0.0,185680000.0,202846000.0,0.283,202846000.0,185680000.0,185680000.0,1.8,1.76,1.8,675796000.0,645550750.0,675796000.0,4392082040.0,24.0,21.652,189990000.0,2.345,1.0,544293000.0,0.76,83795000.0,0.0,447054000.0,389293000.0,13115000.0,335207000.0,198059000.0,137148000.0,209637000.0,187113000.0,22524000.0,4574848040.0,2974000.0,0.0,-23309000.0,0.0,0.0,-22142000.0,-184545000.0,-161103000.0,209973000.0,-312000.0,145002000.0,145002000.0,145002000.0,0.0,0.0,0.203,359371000.0,184922000.0,20939000.0,0.0,6.77,31.55,31.133,81312000.0,0.0,56.04,6.39,6.342,131028000.0,-67606000.0,715975000.0,715975000.0,48554000.0,0.172,0.225,0.477,0.259,31371000.0,310817000.0,1.0,81635404.0,81027000.0,82341000.0,8.836,801638000.0,20456000.0,40678000.0,0.0,9.893,367399000.0
29,ALGN,MRT,2014-03-31,2014-03-31,2014-03-31,2021-08-04,442000.0,885641000.0,795222000.0,552177000.0,333464000.0,0.864,8.589,-18800000.0,182766000.0,182766000.0,164764000.0,138722000.0,3.232,0.271,0.0,0.0,0.0,0.0,81000000.0,16657000.0,0.0,0.0,0.0,174607000.0,191264000.0,0.278,191264000.0,174607000.0,174607000.0,1.72,1.69,1.72,696753000.0,606651250.0,696753000.0,3976943795.0,23.0,20.793,174751000.0,2.154,1.0,522508000.0,0.76,84388000.0,0.0,447632000.0,350414250.0,15840000.0,322606000.0,183677000.0,138929000.0,188888000.0,170855000.0,18033000.0,4219896795.0,-145979000.0,-7652000.0,-59795000.0,0.0,0.0,-32533000.0,-306636000.0,-276561000.0,193551000.0,-361000.0,138722000.0,138722000.0,138722000.0,0.0,0.0,0.202,348417000.0,174091000.0,18506000.0,0.0,6.057,30.42,30.11,79093000.0,0.0,51.79,6.14,6.113,126183000.0,-63465000.0,687272000.0,687272000.0,46181000.0,0.174,0.229,0.498,0.254,23331000.0,302236000.0,1.0,81480919.0,81120000.0,82817000.0,8.472,801253000.0,22739000.0,35885000.0,0.0,9.877,381322000.0
30,ALGN,MRT,2013-12-31,2013-12-31,2013-12-31,2021-08-04,294000.0,832147000.0,755373000.0,544676000.0,287471000.0,0.874,7.87,-19412000.0,242953000.0,242953000.0,162100000.0,64295000.0,3.106,0.313,0.0,0.0,0.0,0.0,77275000.0,16825000.0,0.0,0.0,0.0,93139000.0,109964000.0,0.167,109964000.0,93139000.0,93139000.0,0.8,0.78,0.8,633970000.0,572742500.0,633970000.0,4413573975.0,47.0,40.137,166564000.0,2.068,1.0,498106000.0,0.754,85362000.0,0.0,328494000.0,280797500.0,13968000.0,229018000.0,127040000.0,101978000.0,198177000.0,175338000.0,22839000.0,4589412975.0,-63433000.0,-7652000.0,-60911000.0,0.0,0.0,-38171000.0,-210734000.0,-181259000.0,185976000.0,-504000.0,64295000.0,64295000.0,64295000.0,0.0,0.0,0.097,403894000.0,94212000.0,17718000.0,0.0,7.239,71.381,71.425,75743000.0,0.0,57.14,6.951,6.972,113250000.0,-95910000.0,660206000.0,660206000.0,44083000.0,0.085,0.112,0.332,0.141,26438000.0,292798000.0,1.0,80318743.0,80551000.0,82589000.0,8.196,746785000.0,44402000.0,28844000.0,18326000.0,9.271,369338000.0
31,ALGN,MRT,2013-09-30,2013-09-30,2013-09-30,2021-08-04,332000.0,759206000.0,736414250.0,482259000.0,276947000.0,0.848,7.199,-22020000.0,175839000.0,175839000.0,156646000.0,31433000.0,2.954,0.319,0.0,0.0,0.0,0.0,70397000.0,17914000.0,0.0,0.0,0.0,56815000.0,74729000.0,0.12,74729000.0,56815000.0,56815000.0,0.39,0.38,0.39,575684000.0,559579250.0,575684000.0,3675161996.0,65.0,49.18,147602000.0,1.846,1.0,468108000.0,0.749,86107000.0,0.0,333992000.0,235959500.0,14662000.0,224576000.0,147740000.0,76836000.0,183522000.0,163268000.0,20254000.0,3840174996.0,-129068000.0,-7652000.0,-102088000.0,0.0,0.0,-85516000.0,-212641000.0,-180632000.0,169622000.0,-533000.0,31433000.0,31433000.0,31433000.0,0.0,0.0,0.05,409747000.0,58361000.0,19157000.0,0.0,6.671,122.17,123.333,76552000.0,0.0,48.1,6.147,6.157,109179000.0,-138332000.0,624754000.0,624754000.0,44824000.0,0.043,0.056,0.241,0.091,6348000.0,285984000.0,1.0,79837318.0,79967000.0,81848000.0,7.813,673099000.0,28822000.0,25382000.0,0.0,8.417,318991000.0
32,ALGN,MRT,2013-06-30,2013-06-30,2013-06-30,2021-08-04,-44000.0,703894000.0,738653750.0,442093000.0,261801000.0,0.808,6.456,-21944000.0,165013000.0,165013000.0,153376000.0,-3448000.0,2.752,0.353,0.0,0.0,0.0,0.0,63322000.0,18449000.0,0.0,0.0,0.0,19052000.0,37501000.0,0.063,37501000.0,19052000.0,19052000.0,-0.04,-0.04,-0.04,520198000.0,566199500.0,520198000.0,2691623577.0,141.0,71.775,132805000.0,1.648,1.0,443368000.0,0.743,86688000.0,0.0,291539000.0,190468000.0,15704000.0,176818000.0,113933000.0,62885000.0,183696000.0,160654000.0,23042000.0,3020876577.0,-98302000.0,-7652000.0,-100021000.0,0.0,0.0,-87974000.0,-165162000.0,-136104000.0,154749000.0,85000.0,-3448000.0,-3448000.0,-3448000.0,0.0,0.0,-0.006,421968000.0,21400000.0,21556000.0,0.0,5.807,-876.124,-926.0,76932000.0,0.0,37.04,5.062,5.001,112367000.0,-172868000.0,596744000.0,596744000.0,43861000.0,-0.005,-0.006,0.1,0.032,9243000.0,274503000.0,1.0,81557143.0,80576000.0,82149000.0,7.406,617206000.0,30622000.0,22500000.0,0.0,7.66,281439000.0
33,ALGN,MRT,2013-03-31,2013-03-31,2013-03-31,2021-08-04,151000.0,726245000.0,748721000.0,527331000.0,198914000.0,0.773,6.906,-31382000.0,329253000.0,329253000.0,150065000.0,-4276000.0,3.666,0.294,0.0,0.0,0.0,0.0,59472000.0,18856000.0,0.0,0.0,0.0,18039000.0,36895000.0,0.064,36895000.0,18039000.0,18039000.0,-0.05,-0.06,-0.05,561118000.0,582723750.0,561118000.0,2431759599.0,135.0,65.91,105433000.0,1.298,1.0,428477000.0,0.741,83972000.0,0.0,169165000.0,155738750.0,15442000.0,48655000.0,37975000.0,10680000.0,165127000.0,143855000.0,21272000.0,2739720599.0,104384000.0,0.0,-1702000.0,0.0,0.0,11337000.0,-43750000.0,-15790000.0,136815000.0,-18000.0,-4276000.0,-4276000.0,-4276000.0,0.0,0.0,-0.007,408966000.0,19511000.0,19748000.0,0.0,4.883,-640.72,-670.2,72672000.0,0.0,33.51,4.736,4.706,108672000.0,-133375000.0,578542000.0,578542000.0,43625000.0,-0.006,-0.007,0.116,0.031,6147000.0,261737000.0,1.0,81758299.0,81248000.0,81248000.0,7.121,642273000.0,28417000.0,22315000.0,0.0,7.905,383476000.0
34,ALGN,MRT,2012-12-31,2012-12-31,2012-12-31,2021-08-04,203000.0,756312000.0,734768750.0,485793000.0,270519000.0,0.762,7.219,-38333000.0,306386000.0,306386000.0,143653000.0,58691000.0,3.119,0.301,0.0,0.0,0.0,0.0,61975000.0,17811000.0,0.0,0.0,0.0,84296000.0,102107000.0,0.182,102107000.0,84296000.0,84296000.0,0.73,0.71,0.73,581317000.0,573199750.0,581317000.0,1951952344.0,23.0,19.117,95445000.0,1.185,1.0,416388000.0,0.743,145013000.0,0.0,149142000.0,143827750.0,15122000.0,49737000.0,28485000.0,21252000.0,174995000.0,155771000.0,19224000.0,2258423344.0,65711000.0,0.0,-4876000.0,0.0,0.0,10205000.0,-78300000.0,-42313000.0,133778000.0,28000.0,58691000.0,58691000.0,58691000.0,0.0,0.0,0.105,330796000.0,85592000.0,19549000.0,0.0,3.885,38.48,38.014,79191000.0,0.0,27.75,4.033,3.99,98992000.0,-89626000.0,560041000.0,560041000.0,42869000.0,0.08,0.102,0.586,0.151,4296000.0,251336000.0,1.0,81384625.0,80529000.0,83040000.0,6.955,611299000.0,21609000.0,25605000.0,0.0,7.591,330022000.0
35,ALGN,MRT,2012-09-30,2012-09-30,2012-09-30,2021-08-04,-19000.0,768164000.0,708006750.0,484246000.0,283918000.0,0.771,7.394,-40860000.0,306471000.0,306471000.0,140646000.0,69581000.0,3.192,0.276,0.0,0.0,0.0,0.0,65324000.0,16914000.0,0.0,0.0,0.0,94243000.0,111157000.0,0.204,111157000.0,94243000.0,94243000.0,0.87,0.85,0.87,602165000.0,550565750.0,602165000.0,2743632615.0,29.0,24.682,90138000.0,1.107,1.0,405460000.0,0.742,157979000.0,0.0,152026000.0,124302500.0,15137000.0,43944000.0,23142000.0,20802000.0,165999000.0,151688000.0,14311000.0,3007609615.0,102678000.0,-668000.0,28263000.0,0.0,0.0,49671000.0,-77957000.0,-35024000.0,130998000.0,-34000.0,69581000.0,69581000.0,69581000.0,0.0,0.0,0.127,310509000.0,94951000.0,14415000.0,0.0,4.995,43.225,42.494,75248000.0,0.0,36.97,5.507,5.513,105902000.0,-74429000.0,546106000.0,546106000.0,40726000.0,0.098,0.126,0.758,0.173,-3080000.0,246578000.0,1.0,81352708.0,81437000.0,81437000.0,6.706,610185000.0,27189000.0,24662000.0,0.0,7.493,332558000.0
36,ALGN,MRT,2012-06-30,2012-06-30,2012-06-30,2021-08-04,-340000.0,744163000.0,662445750.0,435135000.0,309028000.0,0.808,7.294,-47660000.0,263977000.0,263977000.0,138024000.0,89189000.0,3.025,0.269,0.0,0.0,0.0,0.0,59403000.0,17344000.0,0.0,0.0,0.0,116287000.0,133631000.0,0.25,133631000.0,116287000.0,116287000.0,1.12,1.09,1.12,586295000.0,514243500.0,586295000.0,2460510652.0,21.0,18.413,78620000.0,0.978,1.0,397480000.0,0.742,183728000.0,0.0,152622000.0,105666500.0,14623000.0,41227000.0,20752000.0,20475000.0,157868000.0,143836000.0,14032000.0,2688894652.0,94192000.0,-639000.0,22364000.0,0.0,0.0,48396000.0,-80310000.0,-30397000.0,126280000.0,-174000.0,89189000.0,89189000.0,89189000.0,0.0,0.0,0.167,280720000.0,116760000.0,15226000.0,0.0,4.586,30.148,29.875,72207000.0,0.0,33.46,5.021,5.023,102149000.0,-68680000.0,535504000.0,535504000.0,39700000.0,0.135,0.173,1.101,0.217,-8081000.0,241612000.0,1.0,80361466.0,80384000.0,82954000.0,6.662,560435000.0,29853000.0,27098000.0,0.0,6.972,291299000.0
37,ALGN,MRT,2012-03-31,2012-03-31,2012-03-31,2021-08-04,193000.0,670436000.0,613167250.0,385496000.0,284940000.0,0.832,6.601,-40138000.0,228384000.0,228384000.0,130147000.0,71859000.0,2.838,0.282,0.0,0.0,0.0,0.0,54650000.0,17697000.0,0.0,0.0,0.0,96023000.0,113720000.0,0.223,113720000.0,96023000.0,96023000.0,0.91,0.89,0.91,523022000.0,475115250.0,523022000.0,1941911203.0,20.0,17.076,80464000.0,1.016,1.0,379817000.0,0.745,184703000.0,0.0,121521000.0,87788500.0,13434000.0,32822000.0,16018000.0,16804000.0,147414000.0,135828000.0,11586000.0,2186612203.0,-84247000.0,-187588000.0,20335000.0,0.0,0.0,37783000.0,-242375000.0,-18889000.0,120602000.0,-257000.0,71859000.0,71859000.0,71859000.0,0.0,0.0,0.141,282474000.0,97343000.0,14640000.0,0.0,4.181,30.429,30.275,62912000.0,0.0,27.55,4.288,4.281,94441000.0,-97170000.0,509964000.0,509964000.0,38290000.0,0.117,0.151,1.094,0.188,315000.0,244184000.0,1.0,79368864.0,79235000.0,81856000.0,6.436,485733000.0,17612000.0,24164000.0,0.0,6.13,249668000.0
38,ALGN,MRT,2011-12-31,2011-12-31,2011-12-31,2021-08-04,46000.0,649264000.0,569803750.0,384816000.0,264448000.0,0.842,6.293,-30404000.0,244701000.0,244701000.0,118458000.0,66716000.0,2.598,0.323,0.0,0.0,0.0,0.0,52252000.0,17477000.0,0.0,0.0,0.0,89941000.0,107418000.0,0.224,107418000.0,89941000.0,89941000.0,0.86,0.83,0.86,490781000.0,444886000.0,490781000.0,1661636612.0,18.0,15.469,100065000.0,1.283,1.0,361283000.0,0.753,185405000.0,0.0,71041000.0,80014000.0,9402000.0,7395000.0,7395000.0,0.0,158483000.0,148117000.0,10366000.0,1863865612.0,-53989000.0,-187588000.0,17747000.0,0.0,0.0,27241000.0,-211606000.0,10317000.0,130469000.0,-93000.0,66716000.0,66716000.0,66716000.0,0.0,0.0,0.139,270923000.0,90360000.0,19265000.0,0.0,3.798,27.937,27.593,53965000.0,0.0,23.73,3.885,3.858,91537000.0,-116513000.0,479741000.0,479741000.0,37154000.0,0.117,0.15,1.124,0.187,7774000.0,233769000.0,1.0,78544695.0,77988000.0,80294000.0,6.151,463859000.0,22337000.0,23225000.0,0.0,5.948,236699000.0
39,ALGN,MRT,2011-09-30,2011-09-30,2011-09-30,2021-08-04,346000.0,585920000.0,526723500.0,327134000.0,258786000.0,0.842,5.823,-27128000.0,202229000.0,202229000.0,106240000.0,56172000.0,2.722,0.282,0.0,0.0,0.0,0.0,47768000.0,16499000.0,0.0,0.0,0.0,78114000.0,94613000.0,0.213,94613000.0,78114000.0,78114000.0,0.73,0.7,0.73,456876000.0,416627500.0,456876000.0,1021899072.0,13.0,10.801,87888000.0,1.12,1.0,337489000.0,0.761,186022000.0,0.0,77482000.0,83913500.0,8278000.0,8862000.0,8185000.0,677000.0,129044000.0,120187000.0,8857000.0,1190506072.0,-62695000.0,-186920000.0,20797000.0,0.0,0.0,29078000.0,-206661000.0,6366000.0,115016000.0,-128000.0,56172000.0,56172000.0,56172000.0,0.0,0.0,0.127,258789000.0,78700000.0,14138000.0,0.0,2.606,21.194,20.781,46388000.0,0.0,15.17,2.683,2.682,86648000.0,-131979000.0,443729000.0,443729000.0,34479000.0,0.107,0.135,0.931,0.176,8187000.0,221611000.0,1.0,78477658.0,78455000.0,78455000.0,5.656,399898000.0,22945000.0,21942000.0,0.0,5.097,206947000.0
40,ALGN,MRT,2011-06-30,2011-06-30,2011-06-30,2021-08-04,743000.0,547049000.0,491552250.0,286573000.0,260476000.0,0.842,5.518,-17704000.0,168607000.0,168607000.0,93730000.0,53723000.0,2.618,0.273,0.0,0.0,0.0,0.0,43024000.0,15115000.0,0.0,0.0,0.0,73760000.0,88875000.0,0.215,88875000.0,73760000.0,73760000.0,0.7,0.68,0.7,429782000.0,392259000.0,429782000.0,1457625522.0,20.0,16.401,97528000.0,1.252,1.0,320052000.0,0.773,187881000.0,0.0,81110000.0,88770250.0,6272000.0,10867000.0,6755000.0,4112000.0,117267000.0,109451000.0,7816000.0,1774224522.0,-67194000.0,-186949000.0,21157000.0,0.0,0.0,23471000.0,-206085000.0,-1865000.0,115232000.0,188000.0,53723000.0,53723000.0,53723000.0,0.0,0.0,0.13,245741000.0,74311000.0,10407000.0,0.0,4.128,33.025,32.571,37122000.0,0.0,22.8,4.288,4.292,82130000.0,-151243000.0,413782000.0,413782000.0,32145000.0,0.109,0.137,0.831,0.178,13635000.0,208455000.0,1.0,77816865.0,77888000.0,77888000.0,5.313,359168000.0,28546000.0,20037000.0,0.0,4.611,177122000.0
41,ALGN,MRT,2011-03-31,2011-03-31,2011-03-31,2021-08-04,624000.0,496982000.0,456963000.0,417941000.0,79041000.0,0.879,5.233,-16326000.0,316599000.0,316599000.0,85959000.0,75164000.0,4.75,0.236,0.0,0.0,0.0,0.0,37199000.0,14221000.0,0.0,0.0,0.0,102971000.0,117192000.0,0.292,117192000.0,102971000.0,102971000.0,0.99,0.96,0.99,402105000.0,368301750.0,402105000.0,1279799283.0,12.0,10.921,111806000.0,1.455,1.0,315933000.0,0.786,1966000.0,0.0,90423000.0,92247250.0,2867000.0,13943000.0,8328000.0,5615000.0,94877000.0,87994000.0,6883000.0,1574463283.0,118201000.0,0.0,10874000.0,0.0,0.0,13195000.0,-23358000.0,1035000.0,128132000.0,232000.0,75164000.0,75164000.0,75164000.0,0.0,0.0,0.187,212873000.0,103060000.0,6594000.0,0.0,3.916,20.947,20.687,30722000.0,0.0,20.48,3.918,3.916,73904000.0,-162405000.0,401892000.0,401892000.0,29271000.0,0.164,0.204,1.116,0.256,12913000.0,187719000.0,1.0,76878090.0,76844000.0,76844000.0,5.23,495016000.0,38024000.0,27807000.0,0.0,6.442,329947000.0
42,ALGN,MRT,2010-12-31,2010-12-31,2010-12-31,2021-08-04,134000.0,476943000.0,426105500.0,388611000.0,88332000.0,0.909,4.982,-18031000.0,294664000.0,294664000.0,83709000.0,74253000.0,4.18,0.263,0.0,0.0,0.0,0.0,33848000.0,14186000.0,0.0,0.0,0.0,102003000.0,116189000.0,0.3,116189000.0,102003000.0,102003000.0,0.98,0.95,0.98,377747000.0,341864500.0,377747000.0,1226198704.0,12.0,10.553,111498000.0,1.47,1.0,303417000.0,0.784,2666000.0,0.0,86639000.0,95173750.0,2544000.0,17704000.0,8615000.0,9089000.0,99196000.0,92974000.0,6222000.0,1491122704.0,128177000.0,0.0,11822000.0,0.0,0.0,14707000.0,-15920000.0,2256000.0,129529000.0,-139000.0,74253000.0,74253000.0,74253000.0,0.0,0.0,0.192,200683000.0,102734000.0,7768000.0,0.0,3.947,20.082,19.939,30684000.0,0.0,19.54,3.852,3.827,65430000.0,-178246000.0,387126000.0,387126000.0,25997000.0,0.174,0.217,1.072,0.263,12107000.0,178803000.0,1.0,76311295.0,75825000.0,78080000.0,5.106,474277000.0,42439000.0,27750000.0,0.0,6.255,295637000.0
43,ALGN,MRT,2010-09-30,2010-09-30,2010-09-30,2021-08-04,317000.0,445235000.0,395679750.0,357942000.0,87293000.0,0.963,4.724,-15040000.0,264924000.0,264924000.0,85382000.0,75840000.0,4.472,0.239,0.0,0.0,0.0,0.0,30136000.0,14116000.0,0.0,0.0,0.0,101899000.0,116015000.0,0.305,116015000.0,101899000.0,101814000.0,1.04,1.02,1.04,359402000.0,315686750.0,359402000.0,1255457147.0,12.0,10.822,116223000.0,1.528,1.0,295467000.0,0.776,3366000.0,85000.0,96909000.0,99025000.0,2382000.0,15225000.0,7396000.0,7829000.0,85833000.0,80036000.0,5797000.0,1491258147.0,128963000.0,0.0,12628000.0,0.0,0.0,10879000.0,-13033000.0,3732000.0,131263000.0,-146000.0,75840000.0,75840000.0,75840000.0,0.0,0.0,0.199,193233000.0,102234000.0,5826000.0,0.0,4.149,19.663,18.827,28102000.0,0.0,19.58,3.916,3.911,63811000.0,-188151000.0,380849000.0,380849000.0,24885000.0,0.192,0.24,1.029,0.268,15852000.0,173329000.0,1.0,76162316.0,76081000.0,76081000.0,5.006,441869000.0,43778000.0,25974000.0,0.0,5.808,277906000.0
44,ALGN,MRT,2010-06-30,2010-06-30,2010-06-30,2021-08-04,-249000.0,408692000.0,367067000.0,331097000.0,77595000.0,0.992,4.411,-12997000.0,235801000.0,235801000.0,84636000.0,9083000.0,4.486,0.224,0.0,0.0,0.0,0.0,27036000.0,13980000.0,0.0,0.0,0.0,19594000.0,33574000.0,0.092,33574000.0,19594000.0,19509000.0,0.1,0.08,0.1,333953000.0,290256250.0,333953000.0,934913767.0,48.0,27.846,93296000.0,1.232,1.0,279535000.0,0.768,4066000.0,85000.0,95018000.0,103736500.0,2487000.0,8998000.0,8998000.0,0.0,74739000.0,73807000.0,932000.0,1125320767.0,113619000.0,0.0,11125000.0,0.0,0.0,9351000.0,-1708000.0,11895000.0,106293000.0,-317000.0,9083000.0,9083000.0,9083000.0,0.0,0.0,0.025,259418000.0,20117000.0,5316000.0,0.0,3.37,123.893,148.7,27249000.0,0.0,14.87,3.09,3.091,62930000.0,-204966000.0,364171000.0,364171000.0,23904000.0,0.025,0.031,0.189,0.054,15425000.0,174132000.0,1.0,75677254.0,75703000.0,75703000.0,4.811,404626000.0,44171000.0,10426000.0,0.0,5.345,257290000.0
45,ALGN,MRT,2010-03-31,2010-03-31,2010-03-31,2021-08-04,109000.0,373552000.0,341842500.0,284610000.0,88942000.0,0.972,3.943,-9836000.0,190407000.0,190407000.0,81796000.0,-18975000.0,3.733,0.26,0.0,0.0,0.0,0.0,37047000.0,13505000.0,0.0,0.0,0.0,-19096000.0,-5591000.0,-0.017,-5591000.0,-19096000.0,-19181000.0,-0.26,-0.27,-0.26,296356000.0,266212500.0,296356000.0,1289389211.0,-68.0,-230.619,72371000.0,0.963,1.0,250495000.0,0.754,4766000.0,85000.0,102129000.0,107215750.0,2356000.0,14991000.0,14991000.0,0.0,77196000.0,76250000.0,946000.0,1455876211.0,93356000.0,0.0,10861000.0,0.0,0.0,9089000.0,2190000.0,12642000.0,82207000.0,-130000.0,-18975000.0,-18975000.0,-18975000.0,0.0,0.0,-0.057,269469000.0,-18974000.0,4513000.0,0.0,4.913,-76.726,-74.385,25418000.0,0.0,19.34,4.381,4.375,58801000.0,-237569000.0,332291000.0,332291000.0,23177000.0,-0.056,-0.071,-0.178,-0.057,15483000.0,175835000.0,1.0,75277984.0,75166000.0,75166000.0,4.421,368786000.0,56560000.0,-206000.0,0.0,4.906,208360000.0
46,ALGN,MRT,2009-12-31,2009-12-31,2009-12-31,2021-08-04,455000.0,355240000.0,320773750.0,261299000.0,93941000.0,0.974,3.952,-7192000.0,166487000.0,166487000.0,78841000.0,-31269000.0,3.216,0.301,0.0,0.0,0.0,0.0,32299000.0,13004000.0,0.0,0.0,0.0,-33808000.0,-20804000.0,-0.067,-20804000.0,-33808000.0,-33893000.0,-0.45,-0.45,-0.45,273036000.0,249048250.0,273036000.0,1190939740.0,-35.0,-57.246,66973000.0,0.969,1.0,233492000.0,0.748,5466000.0,85000.0,102044000.0,112505000.0,2046000.0,19978000.0,19978000.0,0.0,82204000.0,81243000.0,961000.0,1326900740.0,79387000.0,0.0,8097000.0,-136000.0,0.0,6837000.0,-1556000.0,5970000.0,74165000.0,-59000.0,-31269000.0,-31269000.0,-31269000.0,0.0,0.0,-0.1,267879000.0,-34387000.0,6122000.0,0.0,4.86,-42.435,-39.6,24971000.0,0.0,17.82,4.248,3.942,54537000.0,-252499000.0,312333000.0,312333000.0,22252000.0,-0.097,-0.126,-0.301,-0.108,15725000.0,174260000.0,1.0,74461321.0,69094000.0,69094000.0,4.52,349774000.0,61535000.0,-2624000.0,0.0,5.062,180056000.0
47,ALGN,MRT,2009-09-30,2009-09-30,2009-09-30,2021-08-04,531000.0,330784000.0,301799000.0,237538000.0,93246000.0,0.994,3.706,-6057000.0,135961000.0,135961000.0,76264000.0,22735000.0,3.258,0.284,0.0,0.0,0.0,0.0,27920000.0,12981000.0,0.0,0.0,0.0,-46985000.0,-34004000.0,-0.113,-34004000.0,-46985000.0,-47009000.0,0.38,0.36,0.38,257680000.0,235424250.0,257680000.0,825725717.0,-18.0,-24.283,42604000.0,0.613,1.0,223578000.0,0.746,6166000.0,24000.0,115755000.0,117844750.0,1892000.0,18979000.0,18979000.0,0.0,73104000.0,72902000.0,202000.0,947907717.0,56226000.0,0.0,-4046000.0,-272000.0,0.0,-4739000.0,12397000.0,18477000.0,48661000.0,-93000.0,22735000.0,22735000.0,22735000.0,0.0,0.0,0.076,272376000.0,-48798000.0,7498000.0,0.0,3.679,41.694,37.421,24429000.0,0.0,14.22,3.161,3.297,55035000.0,-263991000.0,299842000.0,299842000.0,22422000.0,0.075,0.097,-0.399,-0.157,16614000.0,173454000.0,1.0,66660177.0,69528000.0,69528000.0,4.313,324618000.0,61048000.0,-69744000.0,0.0,4.669,164636000.0
48,ALGN,MRT,2009-06-30,2009-06-30,2009-06-30,2021-08-04,316000.0,307794000.0,273233000.0,213748000.0,94046000.0,1.082,3.587,-7740000.0,122182000.0,122182000.0,74762000.0,77834000.0,3.062,0.294,0.0,0.0,0.0,0.0,23138000.0,12949000.0,0.0,0.0,0.0,19435000.0,32384000.0,0.109,32384000.0,19435000.0,19411000.0,1.18,1.16,1.18,237778000.0,210917750.0,237778000.0,605074280.0,31.0,18.684,47487000.0,0.716,1.0,220984000.0,0.747,6866000.0,24000.0,108935000.0,106670000.0,2111000.0,20895000.0,20895000.0,0.0,70016000.0,69811000.0,205000.0,702125280.0,57864000.0,0.0,-15282000.0,-543000.0,0.0,-16188000.0,19174000.0,26770000.0,55227000.0,-349000.0,77834000.0,77834000.0,77834000.0,0.0,0.0,0.263,203897000.0,17087000.0,6473000.0,0.0,2.953,9.021,8.983,24518000.0,0.0,10.6,2.374,2.376,53236000.0,-214049000.0,295746000.0,295746000.0,22729000.0,0.285,0.369,0.182,0.066,16915000.0,172152000.0,1.0,66238234.0,66285000.0,66285000.0,4.462,300928000.0,61133000.0,-58423000.0,0.0,4.54,143937000.0
49,ALGN,MRT,2009-03-31,2009-03-31,2009-03-31,2021-08-04,-68000.0,289277000.0,250576750.0,193005000.0,96272000.0,1.195,3.451,-11024000.0,97051000.0,97051000.0,76667000.0,77319000.0,3.145,0.27,0.0,0.0,0.0,0.0,19654000.0,12872000.0,0.0,0.0,0.0,16940000.0,29812000.0,0.1,29812000.0,16940000.0,16916000.0,1.17,1.15,1.17,227699000.0,191278000.0,227699000.0,436717284.0,26.0,14.649,36163000.0,0.548,1.0,222665000.0,0.744,7566000.0,24000.0,123286000.0,100770750.0,2068000.0,27633000.0,27633000.0,0.0,61578000.0,61374000.0,204000.0,523817284.0,-16608000.0,0.0,-42627000.0,-543000.0,0.0,-43468000.0,-19824000.0,-8942000.0,47187000.0,-503000.0,77319000.0,77319000.0,77319000.0,0.0,0.0,0.258,207959000.0,14706000.0,6064000.0,0.0,2.3,6.775,6.778,26000000.0,0.0,7.93,1.75,1.748,51665000.0,-218594000.0,299332000.0,299332000.0,24061000.0,0.309,0.404,0.168,0.057,17340000.0,175291000.0,1.0,66055143.0,65983000.0,65983000.0,4.537,281711000.0,61133000.0,-60403000.0,0.0,4.269,131631000.0
50,ALGN,MRT,2008-12-31,2008-12-31,2008-12-31,2021-08-04,269000.0,279341000.0,236020000.0,177907000.0,101434000.0,1.288,3.271,-14145000.0,87100000.0,87100000.0,78850000.0,79987000.0,2.937,0.278,0.0,0.0,0.0,0.0,16710000.0,12791000.0,0.0,0.0,0.0,17100000.0,29891000.0,0.098,29891000.0,17100000.0,17076000.0,1.2,1.18,1.2,218540000.0,178586500.0,218540000.0,506851236.0,30.0,16.957,25601000.0,0.383,1.0,225126000.0,0.741,8266000.0,24000.0,123403000.0,83206250.0,1965000.0,23066000.0,23066000.0,0.0,60801000.0,60572000.0,229000.0,586607236.0,-2019000.0,0.0,-39632000.0,-407000.0,0.0,-40355000.0,-1055000.0,12876000.0,39746000.0,-355000.0,79987000.0,79987000.0,79987000.0,0.0,0.0,0.263,211078000.0,14048000.0,5580000.0,0.0,2.684,7.334,7.292,26979000.0,0.0,8.75,1.93,1.923,52362000.0,-221230000.0,303976000.0,303976000.0,26165000.0,0.339,0.448,0.206,0.056,17591000.0,177216000.0,1.0,67040827.0,66812000.0,66812000.0,4.55,271075000.0,61696000.0,-62911000.0,0.0,4.057,117335000.0
51,ALGN,MRT,2008-09-30,2008-09-30,2008-09-30,2021-08-04,447000.0,216520000.0,221875000.0,173554000.0,42966000.0,1.363,2.37,-13296000.0,79756000.0,79756000.0,77744000.0,20159000.0,3.059,0.356,0.0,0.0,0.0,0.0,15380000.0,12539000.0,0.0,0.0,0.0,22068000.0,34607000.0,0.114,34607000.0,22068000.0,21726000.0,0.3,0.29,0.3,159654000.0,164240000.0,159654000.0,667932143.0,30.0,19.3,34689000.0,0.515,1.0,224624000.0,0.743,8966000.0,342000.0,71056000.0,67622750.0,3015000.0,34499000.0,34499000.0,0.0,56866000.0,56742000.0,124000.0,732271143.0,-8234000.0,0.0,-28038000.0,-271000.0,0.0,-28414000.0,-28346000.0,-15424000.0,47985000.0,541000.0,20159000.0,20159000.0,20159000.0,0.0,0.0,0.067,206181000.0,18443000.0,7485000.0,0.0,4.587,36.325,36.1,29568000.0,0.0,10.83,2.422,2.413,48872000.0,-286726000.0,302368000.0,302368000.0,26824000.0,0.091,0.123,0.326,0.073,16314000.0,176410000.0,1.0,67615064.0,67367000.0,67367000.0,4.488,207554000.0,0.0,1567000.0,0.0,3.081,116812000.0
52,ALGN,MRT,2008-06-30,2008-06-30,2008-06-30,2021-08-04,919000.0,217169000.0,219468500.0,174384000.0,42785000.0,1.361,2.322,-13452000.0,64339000.0,64339000.0,77110000.0,24462000.0,3.016,0.364,0.0,0.0,0.0,0.0,14144000.0,12604000.0,0.0,0.0,0.0,25616000.0,38220000.0,0.128,38220000.0,25616000.0,25274000.0,0.36,0.34,0.36,159219000.0,162003250.0,159219000.0,616084365.0,24.0,16.119,39250000.0,0.572,1.0,221536000.0,0.742,9675000.0,342000.0,85338000.0,62636500.0,3017000.0,45723000.0,45723000.0,0.0,57950000.0,57817000.0,133000.0,729764365.0,-1276000.0,0.0,-9656000.0,0.0,0.0,-9936000.0,-44367000.0,-31322000.0,52702000.0,325000.0,24462000.0,24462000.0,24462000.0,0.0,0.0,0.082,200389000.0,21147000.0,8965000.0,0.0,4.583,29.833,29.139,29525000.0,0.0,10.49,2.444,2.409,51173000.0,-288430000.0,298646000.0,298646000.0,27655000.0,0.111,0.151,0.409,0.086,15484000.0,171976000.0,1.0,69567623.0,68581000.0,68581000.0,4.355,207494000.0,0.0,812000.0,0.0,3.026,116567000.0
53,ALGN,MRT,2008-03-31,2008-03-31,2008-03-31,2021-08-04,999000.0,231050000.0,210765000.0,191150000.0,39900000.0,1.401,2.562,-10674000.0,113680000.0,113680000.0,77114000.0,34050000.0,3.543,0.306,0.0,0.0,0.0,0.0,13295000.0,13050000.0,0.0,0.0,0.0,35429000.0,48479000.0,0.164,48479000.0,35429000.0,35087000.0,0.5,0.47,0.5,176933000.0,154281000.0,176933000.0,679181427.0,19.0,14.01,44528000.0,0.645,1.0,218233000.0,0.739,10384000.0,342000.0,53028000.0,53881750.0,3010000.0,18683000.0,18683000.0,0.0,54117000.0,53958000.0,159000.0,768321427.0,57448000.0,0.0,29208000.0,-8000000.0,0.0,21294000.0,-19453000.0,-9302000.0,55202000.0,405000.0,34050000.0,34050000.0,34050000.0,0.0,0.0,0.115,187510000.0,30723000.0,10100000.0,0.0,4.342,22.565,22.22,27762000.0,0.0,11.11,2.601,2.598,47475000.0,-284346000.0,295347000.0,295347000.0,27329000.0,0.162,0.221,0.658,0.12,13206000.0,159423000.0,1.0,69155844.0,69053000.0,69053000.0,4.277,220666000.0,0.0,1037000.0,0.0,3.196,137192000.0
54,ALGN,MRT,2007-12-31,2007-12-31,2007-12-31,2021-08-04,657000.0,222761000.0,192262250.0,184517000.0,38244000.0,1.479,2.399,-7429000.0,89140000.0,89140000.0,75035000.0,35724000.0,3.002,0.382,0.0,0.0,0.0,0.0,12362000.0,13385000.0,0.0,0.0,0.0,37292000.0,50677000.0,0.178,50677000.0,37292000.0,36950000.0,0.53,0.5,0.53,161154000.0,134794750.0,161154000.0,1055042327.0,28.0,20.819,45348000.0,0.675,1.0,209297000.0,0.736,11093000.0,342000.0,61069000.0,49989750.0,2910000.0,38771000.0,38771000.0,0.0,61607000.0,61459000.0,148000.0,1143031327.0,34006000.0,0.0,28993000.0,-11500000.0,0.0,17509000.0,-36779000.0,-29889000.0,52777000.0,499000.0,35724000.0,35724000.0,35724000.0,0.0,0.0,0.126,176200000.0,33097000.0,9222000.0,0.0,7.093,31.996,31.472,25320000.0,0.0,16.68,4.02,3.941,44850000.0,-289650000.0,284332000.0,284332000.0,25727000.0,0.186,0.265,0.746,0.131,11762000.0,151511000.0,1.0,68527058.0,67176000.0,67176000.0,4.233,211668000.0,0.0,1226000.0,0.0,3.151,123058000.0
55,ALGN,MRT,2007-09-30,2007-09-30,2007-09-30,2021-08-04,540000.0,206894000.0,174461500.0,167147000.0,39747000.0,1.53,2.217,-8857000.0,87989000.0,87989000.0,73105000.0,12787000.0,2.985,0.373,0.0,0.0,0.0,0.0,12942000.0,13546000.0,0.0,0.0,0.0,14323000.0,27869000.0,0.104,27869000.0,14323000.0,14027000.0,0.18,0.15,0.18,150707000.0,115395250.0,150707000.0,1655169673.0,116.0,59.391,17165000.0,0.253,1.0,193901000.0,0.726,11802000.0,296000.0,51111000.0,41164250.0,3542000.0,22022000.0,22022000.0,0.0,56187000.0,55992000.0,195000.0,1720858673.0,13935000.0,0.0,36061000.0,-15000000.0,0.0,21023000.0,-32864000.0,-10130000.0,26022000.0,-246000.0,12787000.0,12787000.0,12787000.0,0.0,0.0,0.048,183125000.0,10776000.0,6344000.0,0.0,11.419,134.579,140.722,26014000.0,0.0,25.33,6.445,6.448,46002000.0,-295318000.0,267006000.0,267006000.0,24065000.0,0.073,0.111,0.348,0.054,10598000.0,146513000.0,1.0,67937571.0,67970000.0,67970000.0,3.928,195092000.0,0.0,1240000.0,0.0,2.87,111155000.0
56,ALGN,MRT,2007-06-30,2007-06-30,2007-06-30,2021-08-04,166000.0,182355000.0,161960750.0,138425000.0,43930000.0,1.51,1.924,-8687000.0,65689000.0,65689000.0,71762000.0,-6993000.0,2.571,0.421,0.0,0.0,0.0,0.0,12159000.0,12481000.0,0.0,0.0,0.0,-5291000.0,7190000.0,0.029,7190000.0,-5291000.0,-5587000.0,-0.12,-0.14,-0.12,128330000.0,100324500.0,128330000.0,1558310439.0,-295.0,216.733,-2628000.0,-0.039,1.0,172827000.0,0.707,12511000.0,296000.0,50319000.0,36015250.0,3388000.0,16327000.0,13551000.0,2776000.0,54025000.0,53836000.0,189000.0,1606614439.0,8108000.0,0.0,28465000.0,0.0,0.0,28609000.0,-26736000.0,-4059000.0,6059000.0,176000.0,-6993000.0,-6993000.0,-6993000.0,0.0,0.0,-0.029,181411000.0,-8584000.0,5728000.0,0.0,12.519,-229.746,-201.333,26675000.0,0.0,24.16,6.569,6.588,47237000.0,-304778000.0,244589000.0,244589000.0,22123000.0,-0.043,-0.07,-0.147,-0.022,9417000.0,146741000.0,1.0,66498942.0,66696000.0,66696000.0,3.667,169844000.0,0.0,1406000.0,0.0,2.547,84589000.0
57,ALGN,MRT,2007-03-31,2007-03-31,2007-03-31,2021-08-04,98000.0,157039000.0,151811250.0,115240000.0,41799000.0,1.457,1.513,-9279000.0,56304000.0,56304000.0,68007000.0,-23221000.0,1.993,0.586,8000000.0,8000000.0,0.0,8000000.0,11226000.0,11399000.0,0.0,0.0,0.0,-21869000.0,-10470000.0,-0.047,-10470000.0,-21869000.0,-22165000.0,-0.36,-0.37,-0.36,98988000.0,92420750.0,98988000.0,1000478669.0,-46.0,-95.557,-16952000.0,-0.259,1.0,153200000.0,0.693,13457000.0,296000.0,37460000.0,33041750.0,3725000.0,9384000.0,9384000.0,0.0,58051000.0,57818000.0,233000.0,1044184669.0,-15572000.0,0.0,16908000.0,8000000.0,0.0,24713000.0,-32727000.0,-9388000.0,-7673000.0,115000.0,-23221000.0,-23221000.0,-23221000.0,0.0,0.0,-0.105,178523000.0,-25323000.0,6761000.0,0.0,10.549,-44.967,-44.056,26208000.0,0.0,15.86,4.72,4.691,38203000.0,-318396000.0,221207000.0,221207000.0,19473000.0,-0.153,-0.251,-0.662,-0.099,9227000.0,146503000.0,1.0,65837621.0,65433000.0,65433000.0,3.381,143582000.0,0.0,1056000.0,0.0,2.194,57422000.0
58,ALGN,MRT,2006-12-31,2006-12-31,2006-12-31,2021-08-04,3000.0,151558000.0,148798500.0,108089000.0,43469000.0,1.387,1.321,-9662000.0,55206000.0,55206000.0,64775000.0,-34963000.0,1.595,0.814,11500000.0,11500000.0,0.0,11500000.0,10942000.0,10271000.0,0.0,0.0,0.0,-33839000.0,-23568000.0,-0.114,-23568000.0,-33839000.0,-34135000.0,-0.55,-0.55,-0.55,83556000.0,91718000.0,83556000.0,835900843.0,-25.0,-35.468,-23692000.0,-0.375,1.0,141579000.0,0.686,14302000.0,296000.0,25767000.0,29522250.0,3090000.0,8931000.0,8931000.0,0.0,68002000.0,67783000.0,219000.0,895095843.0,-19106000.0,0.0,16175000.0,11500000.0,0.0,27675000.0,-32751000.0,-8935000.0,-14030000.0,0.0,-34963000.0,-34963000.0,-34963000.0,0.0,0.0,-0.169,179115000.0,-37536000.0,5034000.0,0.0,10.713,-25.601,-25.4,26904000.0,0.0,13.97,4.338,4.282,33635000.0,-325374000.0,206354000.0,206354000.0,18474000.0,-0.235,-0.381,-1.146,-0.164,8910000.0,146298000.0,1.0,64072716.0,63246000.0,63246000.0,3.263,137256000.0,0.0,828000.0,0.0,2.17,40306000.0
59,ALGN,MRT,2006-09-30,2006-09-30,2006-09-30,2021-08-04,4000.0,156891000.0,146436500.0,126664000.0,30227000.0,1.382,1.43,-10597000.0,74195000.0,74195000.0,64289000.0,-17166000.0,1.914,0.735,15000000.0,15000000.0,0.0,15000000.0,12143000.0,9741000.0,0.0,0.0,0.0,-16048000.0,-6307000.0,-0.031,-6307000.0,-16048000.0,-16158000.0,-0.27,-0.27,-0.27,90424000.0,94188500.0,90424000.0,662211387.0,-41.0,-104.996,-15798000.0,-0.25,1.0,138038000.0,0.682,1010000.0,110000.0,30515000.0,27539750.0,2665000.0,11898000.0,11898000.0,0.0,66467000.0,66171000.0,296000.0,719856387.0,-3320000.0,0.0,8450000.0,14583000.0,0.0,23033000.0,-21152000.0,-9902000.0,-5201000.0,0.0,-17166000.0,-17166000.0,-17166000.0,0.0,0.0,-0.085,156844000.0,-18806000.0,7137000.0,0.0,7.961,-41.935,-42.148,27336000.0,0.0,11.38,3.558,3.556,32607000.0,-308105000.0,202327000.0,202327000.0,17453000.0,-0.117,-0.182,-0.583,-0.079,6761000.0,139391000.0,1.0,63256273.0,63230000.0,63230000.0,3.2,155881000.0,0.0,1008000.0,0.0,2.465,60493000.0
60,ALGN,MRT,2006-06-30,2006-06-30,2006-06-30,2021-08-04,-6000.0,141757000.0,143467250.0,111923000.0,29834000.0,1.423,1.536,-12263000.0,57645000.0,57645000.0,62475000.0,-8362000.0,2.506,0.466,0.0,0.0,0.0,0.0,13250000.0,9714000.0,0.0,0.0,0.0,-7150000.0,2564000.0,0.013,2564000.0,-7150000.0,-7260000.0,-0.13,-0.13,-0.13,96715000.0,94661250.0,96715000.0,393221224.0,-55.0,153.362,-10611000.0,-0.169,1.0,141684000.0,0.694,1024000.0,110000.0,38425000.0,23382000.0,2733000.0,12268000.0,12268000.0,0.0,45042000.0,44663000.0,379000.0,465157224.0,-15528000.0,0.0,8638000.0,-865000.0,0.0,7773000.0,-24953000.0,-12273000.0,1652000.0,0.0,-8362000.0,-8362000.0,-8362000.0,0.0,0.0,-0.041,151064000.0,-9380000.0,4813000.0,0.0,4.81,-55.628,-56.846,26610000.0,0.0,7.39,2.278,2.279,32790000.0,-297785000.0,204159000.0,204159000.0,17046000.0,-0.058,-0.088,-0.306,-0.035,4493000.0,134018000.0,1.0,62944144.0,62966000.0,62966000.0,3.242,140733000.0,0.0,1102000.0,0.0,2.235,67260000.0
61,ALGN,MRT,2006-03-31,2006-03-31,2006-03-31,2021-08-04,6000.0,144988000.0,144336750.0,113532000.0,31456000.0,1.419,1.538,-12789000.0,71936000.0,71936000.0,62603000.0,-5214000.0,2.338,0.508,0.0,0.0,0.0,0.0,15122000.0,9932000.0,0.0,0.0,0.0,-3745000.0,6187000.0,0.03,6187000.0,-3745000.0,-3855000.0,-0.08,-0.08,-0.08,96177000.0,93450000.0,96177000.0,500368590.0,-134.0,80.874,-3823000.0,-0.061,1.0,142275000.0,0.694,1111000.0,110000.0,23382000.0,18269500.0,3094000.0,0.0,0.0,0.0,48811000.0,48559000.0,252000.0,574737590.0,2795000.0,0.0,8287000.0,-1349000.0,0.0,6938000.0,-13109000.0,259000.0,8966000.0,0.0,-5214000.0,-5214000.0,-5214000.0,0.0,0.0,-0.025,147171000.0,-4896000.0,2892000.0,0.0,5.976,-110.23,-114.625,28022000.0,0.0,9.17,2.805,2.798,32057000.0,-295175000.0,204878000.0,204878000.0,18376000.0,-0.036,-0.056,-0.205,-0.018,2305000.0,128795000.0,1.0,62675855.0,62518000.0,62518000.0,3.277,143877000.0,0.0,1359000.0,0.0,2.301,64973000.0
62,ALGN,MRT,2005-12-31,2005-12-31,2005-12-31,2021-08-04,7000.0,142110000.0,142257500.0,111586000.0,30524000.0,1.456,1.516,-13801000.0,74369000.0,74369000.0,63784000.0,1413000.0,2.296,0.521,0.0,0.0,0.0,0.0,16747000.0,10451000.0,0.0,0.0,0.0,2839000.0,13290000.0,0.064,13290000.0,2839000.0,2729000.0,0.02,0.02,0.02,93438000.0,92082250.0,93438000.0,324284494.0,114.0,24.401,2278000.0,0.037,1.0,143341000.0,0.692,1296000.0,110000.0,17837000.0,17762250.0,2930000.0,0.0,0.0,0.0,48672000.0,48608000.0,64000.0,401486494.0,4560000.0,-856000.0,5585000.0,-1849000.0,0.0,3736000.0,-15255000.0,9000.0,16079000.0,0.0,1413000.0,1413000.0,1413000.0,0.0,0.0,0.007,140895000.0,2446000.0,2489000.0,0.0,4.297,284.138,323.5,26427000.0,0.0,6.47,1.938,1.926,29305000.0,-290411000.0,207125000.0,207125000.0,18585000.0,0.01,0.015,0.16,0.014,112000.0,122310000.0,1.0,62053554.0,61644000.0,61644000.0,3.36,140814000.0,0.0,1316000.0,0.0,2.284,62978000.0
63,ALGN,MRT,2005-09-30,2005-09-30,2005-09-30,2021-08-04,41000.0,145014000.0,139408000.0,117397000.0,27617000.0,1.432,1.494,-11969000.0,77619000.0,77619000.0,62034000.0,2006000.0,2.23,0.571,417000.0,417000.0,0.0,417000.0,19705000.0,10778000.0,0.0,0.0,0.0,2735000.0,13513000.0,0.068,13513000.0,2735000.0,3083000.0,0.04,0.04,0.04,92315000.0,90157500.0,92315000.0,342306301.0,125.0,25.332,12155000.0,0.197,1.0,137582000.0,0.689,1283000.0,-348000.0,13884000.0,17715750.0,3594000.0,1990000.0,1990000.0,0.0,52699000.0,52645000.0,54000.0,414875301.0,14139000.0,-856000.0,6089000.0,-1943000.0,0.0,4146000.0,-14131000.0,-1475000.0,24124000.0,0.0,2006000.0,2006000.0,2006000.0,0.0,0.0,0.01,135143000.0,2439000.0,3653000.0,0.0,4.494,206.817,168.0,24326000.0,0.0,6.72,2.078,2.08,29155000.0,-290939000.0,199616000.0,199616000.0,18664000.0,0.014,0.022,0.154,0.014,302000.0,116479000.0,1.0,61737396.0,61788000.0,61788000.0,3.231,143731000.0,0.0,1077000.0,0.0,2.326,64752000.0
64,ALGN,MRT,2005-06-30,2005-06-30,2005-06-30,2021-08-04,18000.0,145235000.0,134450500.0,119605000.0,25630000.0,1.447,1.494,-9941000.0,73416000.0,73416000.0,61981000.0,6840000.0,2.243,0.581,847000.0,847000.0,0.0,847000.0,20196000.0,10811000.0,0.0,0.0,0.0,7799000.0,18610000.0,0.096,18610000.0,7799000.0,7930000.0,0.12,0.11,0.12,91870000.0,87927250.0,91870000.0,385032674.0,49.0,20.69,13727000.0,0.223,1.0,132535000.0,0.681,1369000.0,-131000.0,17975000.0,19916250.0,3125000.0,0.0,0.0,0.0,53365000.0,53322000.0,43000.0,452964674.0,16915000.0,-856000.0,6400000.0,-1980000.0,0.0,4420000.0,-11173000.0,-4000.0,23668000.0,0.0,6840000.0,6840000.0,6840000.0,0.0,0.0,0.035,124706000.0,7829000.0,4256000.0,0.0,4.93,66.223,61.417,22150000.0,0.0,7.37,2.329,2.33,35207000.0,-289423000.0,194516000.0,194516000.0,19110000.0,0.051,0.078,0.392,0.04,1959000.0,105596000.0,1.0,61460607.0,61484000.0,61484000.0,3.164,143866000.0,0.0,1090000.0,0.0,2.34,66283000.0
65,ALGN,MRT,2005-03-31,2005-03-31,2005-03-31,2021-08-04,14000.0,136671000.0,126880750.0,110927000.0,25744000.0,1.456,1.481,-9705000.0,69281000.0,69281000.0,59611000.0,10074000.0,2.415,0.507,1349000.0,1349000.0,0.0,1349000.0,17996000.0,10239000.0,0.0,0.0,0.0,11185000.0,21424000.0,0.116,21424000.0,11185000.0,11141000.0,0.17,0.16,0.17,90706000.0,84002000.0,90706000.0,315033683.0,28.0,14.705,16646000.0,0.272,1.0,125169000.0,0.677,1456000.0,44000.0,21353000.0,21313750.0,3071000.0,250000.0,250000.0,0.0,45965000.0,45930000.0,35000.0,383146683.0,21172000.0,-856000.0,7704000.0,-1993000.0,0.0,5711000.0,-10890000.0,-174000.0,26351000.0,0.0,10074000.0,10074000.0,10074000.0,0.0,0.0,0.055,114192000.0,10977000.0,3018000.0,0.0,4.224,38.033,36.706,22105000.0,0.0,6.24,2.074,2.068,31875000.0,-289961000.0,184780000.0,184780000.0,17313000.0,0.079,0.12,0.525,0.061,3663000.0,96879000.0,1.0,61401712.0,61246000.0,61246000.0,3.017,135215000.0,0.0,1067000.0,0.0,2.208,64997000.0
66,ALGN,MRT,2004-12-31,2004-12-31,2004-12-31,2021-08-04,-2000.0,130712000.0,118639000.0,106834000.0,23878000.0,1.457,1.43,-8203000.0,69962000.0,69962000.0,57526000.0,8768000.0,2.377,0.525,1849000.0,1849000.0,0.0,1849000.0,16257000.0,9633000.0,0.0,0.0,0.0,10033000.0,19666000.0,0.114,19666000.0,10033000.0,9762000.0,0.15,0.14,0.15,85739000.0,78518500.0,85739000.0,590622074.0,59.0,30.033,16399000.0,0.273,1.0,115304000.0,0.667,0.0,271000.0,17651000.0,22299000.0,2852000.0,0.0,0.0,0.0,44973000.0,44948000.0,25000.0,651758074.0,24720000.0,0.0,8114000.0,-1989000.0,0.0,6142000.0,-6024000.0,2288000.0,24602000.0,0.0,8768000.0,8768000.0,8768000.0,0.0,0.0,0.051,105539000.0,9765000.0,3361000.0,0.0,7.602,74.334,71.667,21702000.0,0.0,10.75,3.771,3.73,28809000.0,-291824000.0,172830000.0,172830000.0,15756000.0,0.074,0.112,0.45,0.058,5868000.0,89783000.0,1.0,60628658.0,59963000.0,59963000.0,2.882,130712000.0,0.0,994000.0,0.0,2.18,61886000.0
67,ALGN,MRT,2004-09-30,2004-09-30,2004-09-30,2021-08-04,-4000.0,125184000.0,111511500.0,99683000.0,25501000.0,1.486,1.383,-9614000.0,63496000.0,63496000.0,55491000.0,8099000.0,2.41,0.501,2360000.0,1932000.0,428000.0,2360000.0,13798000.0,8831000.0,0.0,0.0,0.0,9971000.0,18802000.0,0.113,18802000.0,9971000.0,8988000.0,0.14,0.13,0.14,83394000.0,72827750.0,83394000.0,868723918.0,87.0,46.204,15113000.0,0.251,1.0,110186000.0,0.665,0.0,983000.0,22686000.0,23662000.0,2150000.0,519000.0,519000.0,0.0,41790000.0,41362000.0,428000.0,922258918.0,25965000.0,0.0,8162000.0,-2029000.0,0.0,6480000.0,-5242000.0,1479000.0,24727000.0,0.0,8099000.0,8099000.0,8099000.0,0.0,0.0,0.049,100875000.0,9311000.0,3899000.0,0.0,11.059,113.873,109.143,23304000.0,0.0,15.28,5.567,5.563,27663000.0,-292945000.0,165677000.0,165677000.0,15052000.0,0.073,0.111,0.421,0.06,8706000.0,85555000.0,1.0,60357259.0,60319000.0,60319000.0,2.747,125184000.0,0.0,889000.0,0.0,2.075,58321000.0
68,ALGN,MRT,2004-06-30,2004-06-30,2004-06-30,2021-08-04,-5000.0,114956000.0,104178000.0,89868000.0,25088000.0,1.478,1.276,-8210000.0,56380000.0,56380000.0,54015000.0,2637000.0,2.374,0.509,2845000.0,1914000.0,931000.0,2845000.0,13132000.0,8839000.0,0.0,0.0,0.0,4013000.0,12852000.0,0.083,12852000.0,4013000.0,3247000.0,0.04,0.04,0.04,76169000.0,66501000.0,76169000.0,1087833635.0,271.0,84.643,12340000.0,0.207,1.0,99934000.0,0.649,0.0,766000.0,23565000.0,24028750.0,1359000.0,0.0,0.0,0.0,38787000.0,37856000.0,931000.0,1132659635.0,24384000.0,0.0,7000000.0,-2090000.0,0.0,5275000.0,-1441000.0,3400000.0,20550000.0,0.0,2637000.0,2637000.0,2637000.0,0.0,0.0,0.017,96222000.0,3712000.0,3314000.0,0.0,14.87,429.526,475.0,23174000.0,0.0,19.0,7.357,7.367,25737000.0,-296263000.0,153949000.0,153949000.0,13319000.0,0.025,0.04,0.167,0.026,10419000.0,82635000.0,1.0,59613665.0,59692000.0,59692000.0,2.579,114956000.0,0.0,610000.0,0.0,1.926,52012000.0
69,ALGN,MRT,2004-03-31,2004-03-31,2004-03-31,2021-08-04,0.0,103704000.0,98387750.0,79112000.0,24592000.0,1.412,1.164,-8545000.0,48168000.0,48168000.0,53034000.0,-8894000.0,2.356,0.508,3342000.0,1994000.0,1348000.0,3342000.0,13067000.0,9013000.0,0.0,0.0,0.0,-8087000.0,926000.0,0.007,926000.0,-8087000.0,-8678000.0,-0.15,-0.15,-0.15,68772000.0,61399750.0,68772000.0,1089366896.0,-135.0,1176.422,6577000.0,0.111,1.0,85936000.0,0.618,0.0,591000.0,25294000.0,25276500.0,1272000.0,80000.0,80000.0,0.0,34932000.0,33584000.0,1348000.0,1130906896.0,13819000.0,0.0,5642000.0,-2137000.0,0.0,4323000.0,-5626000.0,-72000.0,15122000.0,0.0,-8894000.0,-8894000.0,-8894000.0,0.0,0.0,-0.064,94751000.0,-8815000.0,2307000.0,0.0,16.444,-127.154,-126.733,22586000.0,0.0,19.01,8.138,8.083,23256000.0,-300035000.0,138970000.0,138970000.0,13473000.0,-0.09,-0.145,-0.32,-0.058,12985000.0,81010000.0,1.0,59490105.0,59091000.0,59091000.0,2.352,103704000.0,0.0,216000.0,0.0,1.755,45528000.0
70,ALGN,MRT,2003-12-31,2003-12-31,2003-12-31,2021-08-04,2000.0,102202000.0,94877500.0,77114000.0,25088000.0,1.294,1.09,-7520000.0,45378000.0,45378000.0,51565000.0,-20122000.0,2.063,0.623,3656000.0,1989000.0,1667000.0,3656000.0,13113000.0,9128000.0,0.0,0.0,0.0,-19674000.0,-10546000.0,-0.086,-10546000.0,-19674000.0,-20038000.0,-0.35,-0.35,-0.35,62976000.0,58769750.0,62976000.0,930495738.0,-47.0,-88.232,4611000.0,0.08,1.0,71160000.0,0.58,0.0,364000.0,23103000.0,26405750.0,2334000.0,2292000.0,2292000.0,0.0,39226000.0,37377000.0,1849000.0,966777738.0,9387000.0,0.0,2860000.0,-2182000.0,0.0,1599000.0,-4343000.0,385000.0,12131000.0,0.0,-20122000.0,-20122000.0,-20122000.0,0.0,0.0,-0.164,91365000.0,-20205000.0,3095000.0,0.0,15.352,-48.046,-47.171,23121000.0,0.0,16.51,7.878,7.77,21265000.0,-300592000.0,122725000.0,122725000.0,13112000.0,-0.212,-0.342,-0.745,-0.16,15031000.0,77985000.0,1.0,58557101.0,57758000.0,57758000.0,2.125,102202000.0,0.0,84000.0,0.0,1.769,39737000.0
71,ALGN,MRT,2003-09-30,2003-09-30,2003-09-30,2021-08-04,0.0,95850000.0,92541000.0,71559000.0,24291000.0,1.156,1.002,-5772000.0,40670000.0,40670000.0,50278000.0,-35970000.0,2.021,0.65,4388000.0,2040000.0,2348000.0,4388000.0,13301000.0,9898000.0,0.0,0.0,0.0,-35770000.0,-25872000.0,-0.242,-25872000.0,-35770000.0,-35932000.0,-0.65,-0.65,-0.65,58087000.0,59112500.0,58087000.0,699834607.0,-20.0,-27.05,-4418000.0,-0.076,1.0,56696000.0,0.53,0.0,162000.0,24153000.0,29477750.0,1578000.0,1998000.0,1998000.0,0.0,37763000.0,35415000.0,2348000.0,729888607.0,20504000.0,0.0,20082000.0,3240000.0,0.0,24089000.0,-4939000.0,3603000.0,1354000.0,0.0,-35970000.0,-35970000.0,-35970000.0,0.0,0.0,-0.336,92998000.0,-36302000.0,1755000.0,0.0,12.565,-20.292,-19.246,22331000.0,0.0,12.51,6.823,6.777,20794000.0,-301044000.0,106974000.0,106974000.0,13045000.0,-0.389,-0.609,-1.213,-0.334,15807000.0,79252000.0,1.0,58344413.0,57948000.0,57948000.0,1.846,95850000.0,0.0,38000.0,0.0,1.654,36144000.0
72,ALGN,MRT,2003-06-30,2003-06-30,2003-06-30,2021-08-04,0.0,91795000.0,88225750.0,65764000.0,26031000.0,1.024,0.97,-7196000.0,34989000.0,34989000.0,47430000.0,-51632000.0,1.982,0.646,4935000.0,2089000.0,2846000.0,4935000.0,13166000.0,11657000.0,0.0,0.0,0.0,-51469000.0,-39812000.0,-0.441,-39812000.0,-51469000.0,-51631000.0,-0.99,-0.99,-0.99,55764000.0,60163500.0,55764000.0,697117802.0,-14.0,-17.51,-20638000.0,-0.359,1.0,42881000.0,0.475,0.0,162000.0,28556000.0,35054500.0,1661000.0,3392000.0,3392000.0,0.0,36031000.0,33185000.0,2846000.0,728900802.0,4599000.0,0.0,19230000.0,3662000.0,0.0,23641000.0,-5600000.0,4828000.0,-13442000.0,0.0,-51632000.0,-51632000.0,-51632000.0,0.0,0.0,-0.572,95224000.0,-52343000.0,1872000.0,0.0,13.071,-14.117,-12.727,23732000.0,0.0,12.6,8.071,8.021,18573000.0,-298900000.0,90311000.0,90311000.0,13140000.0,-0.585,-0.858,-1.468,-0.57,17448000.0,81383000.0,1.0,57849270.0,57489000.0,57489000.0,1.571,91795000.0,0.0,1000.0,0.0,1.597,32579000.0
73,ALGN,MRT,2003-03-31,2003-03-31,2003-03-31,2021-08-04,0.0,89663000.0,88263500.0,63783000.0,25880000.0,0.87,1.019,-6029000.0,37262000.0,37262000.0,44891000.0,-64186000.0,2.272,0.539,5479000.0,2137000.0,3342000.0,5479000.0,11541000.0,12435000.0,0.0,0.0,0.0,-64023000.0,-51588000.0,-0.672,-51588000.0,-64023000.0,-64185000.0,-1.3,-1.3,-1.3,58252000.0,64690250.0,58252000.0,316809414.0,-5.0,-6.141,-34992000.0,-0.612,1.0,31909000.0,0.415,0.0,162000.0,29811000.0,39906250.0,1762000.0,0.0,0.0,0.0,31411000.0,28069000.0,3342000.0,349602414.0,-2172000.0,0.0,18775000.0,4133000.0,0.0,23234000.0,3557000.0,12690000.0,-28963000.0,0.0,-64186000.0,-64186000.0,-64186000.0,0.0,0.0,-0.836,96308000.0,-64399000.0,2078000.0,0.0,6.002,-5.447,-4.654,23787000.0,0.0,6.05,4.552,4.505,17078000.0,-291141000.0,76800000.0,76800000.0,12703000.0,-0.727,-0.992,-1.604,-0.834,18950000.0,82904000.0,1.0,57785523.0,57189000.0,57189000.0,1.343,89663000.0,0.0,1000.0,0.0,1.568,35714000.0
74,ALGN,MRT,2002-12-31,2002-12-31,2002-12-31,2021-08-04,17000.0,92856000.0,91930000.0,65832000.0,27024000.0,0.758,1.344,-8112000.0,38813000.0,38813000.0,44991000.0,-72819000.0,2.668,0.443,6020000.0,2183000.0,3837000.0,6020000.0,9403000.0,13051000.0,0.0,0.0,0.0,-72657000.0,-59606000.0,-0.855,-59606000.0,-72657000.0,-72819000.0,-1.52,-1.52,-1.52,64347000.0,71855750.0,64347000.0,116361526.0,-2.0,-1.952,-48511000.0,-1.013,1.0,24707000.0,0.354,0.0,162000.0,35391000.0,45482250.0,1533000.0,2693000.0,2693000.0,0.0,28509000.0,24672000.0,3837000.0,132836526.0,-14998000.0,0.0,18931000.0,4557000.0,0.0,23889000.0,1512000.0,12121000.0,-40399000.0,0.0,-72819000.0,-72819000.0,-72819000.0,0.0,0.0,-1.045,98343000.0,-73636000.0,3403000.0,0.0,2.064,-1.824,-1.816,25078000.0,0.0,2.76,1.906,1.896,16766000.0,-280470000.0,69698000.0,69698000.0,13064000.0,-0.792,-1.013,-1.597,-1.042,20285000.0,84578000.0,1.0,48129176.0,47878000.0,47878000.0,1.456,92856000.0,0.0,0.0,0.0,1.939,41160000.0
75,ALGN,MRT,2002-09-30,2002-09-30,2002-09-30,2021-08-04,33000.0,78589000.0,98270500.0,47618000.0,30971000.0,0.607,1.327,-15489000.0,17119000.0,17119000.0,43533000.0,-79717000.0,3.042,0.262,644000.0,0.0,644000.0,644000.0,2016000.0,12449000.0,0.0,0.0,0.0,-77708000.0,-65259000.0,-1.094,-65259000.0,-77708000.0,-79707000.0,-1.71,-1.71,-1.71,62291000.0,80225750.0,62291000.0,105370117.0,-1.0,-1.615,-64619000.0,-1.377,1.0,16138000.0,0.27,0.0,1999000.0,46460000.0,48883750.0,1461000.0,5665000.0,5665000.0,0.0,16298000.0,15654000.0,644000.0,132051117.0,-48648000.0,0.0,11533000.0,-425000.0,0.0,688000.0,-206000.0,13127000.0,-49130000.0,0.0,-79717000.0,-79717000.0,-79717000.0,0.0,0.0,-1.336,97162000.0,-81024000.0,1941000.0,0.0,2.12,-1.656,-1.608,28734000.0,0.0,2.75,2.213,2.163,16072000.0,-260284000.0,59671000.0,59671000.0,14269000.0,-0.811,-0.994,-1.59,-1.302,21897000.0,82761000.0,1.0,48018588.0,46934000.0,46934000.0,1.271,78589000.0,0.0,10000.0,0.0,1.674,31964000.0
76,ALGN,MRT,2002-06-30,2002-06-30,2002-06-30,2021-08-04,-57000.0,91946000.0,111307500.0,59307000.0,32639000.0,0.496,1.586,-15182000.0,27454000.0,27454000.0,44200000.0,-84414000.0,3.428,0.245,773000.0,0.0,773000.0,773000.0,2377000.0,10383000.0,0.0,0.0,0.0,-82405000.0,-72022000.0,-1.305,-72022000.0,-82405000.0,-84404000.0,-1.83,-1.83,-1.83,73871000.0,93307000.0,73871000.0,152338056.0,-2.0,-2.115,-67253000.0,-1.444,1.0,11008000.0,0.199,0.0,1999000.0,47963000.0,49944000.0,1604000.0,8235000.0,8066000.0,169000.0,18075000.0,17302000.0,773000.0,187990056.0,-12385000.0,0.0,11574000.0,-415000.0,0.0,790000.0,38896000.0,50128000.0,-52071000.0,0.0,-84414000.0,-84414000.0,-84414000.0,0.0,0.0,-1.529,97269000.0,-86261000.0,3657000.0,0.0,2.545,-2.227,-2.142,30467000.0,0.0,3.92,3.405,3.307,15938000.0,-243394000.0,55208000.0,55208000.0,14505000.0,-0.758,-0.905,-1.65,-1.493,22096000.0,82632000.0,1.0,47956647.0,46576000.0,46576000.0,1.185,91946000.0,0.0,10000.0,0.0,1.974,42005000.0
77,ALGN,MRT,2002-03-31,2002-03-31,2002-03-31,2021-08-04,60000.0,104329000.0,125375000.0,70537000.0,33792000.0,0.423,1.883,-19303000.0,36505000.0,36505000.0,47300000.0,-86395000.0,4.259,0.2,853000.0,0.0,853000.0,853000.0,1778000.0,9006000.0,0.0,0.0,0.0,-84386000.0,-75380000.0,-1.423,-75380000.0,-84386000.0,-86385000.0,-1.89,-1.89,-1.89,86914000.0,107691500.0,86914000.0,205223986.0,-2.0,-2.723,-80139000.0,-1.736,1.0,5677000.0,0.107,0.0,1999000.0,52115000.0,60829250.0,1454000.0,12830000.0,12830000.0,0.0,17415000.0,16562000.0,853000.0,255033986.0,-20436000.0,0.0,11281000.0,-456000.0,0.0,454000.0,39946000.0,50692000.0,-60836000.0,0.0,-86395000.0,-86395000.0,-86395000.0,0.0,0.0,-1.631,95263000.0,-89586000.0,2498000.0,0.0,2.934,-2.952,-2.804,31874000.0,0.0,5.3,4.814,4.617,14473000.0,-224578000.0,52977000.0,52977000.0,15046000.0,-0.689,-0.802,-1.387,-1.593,22373000.0,79685000.0,1.0,48119620.0,46152000.0,46152000.0,1.148,104329000.0,0.0,10000.0,0.0,2.261,53975000.0
78,ALGN,MRT,2001-12-31,2001-12-31,2001-12-31,2021-08-04,226000.0,118218000.0,142180500.0,81583000.0,36635000.0,0.315,2.316,-19175000.0,51273000.0,51273000.0,46830000.0,-99049000.0,4.203,0.208,1463000.0,483000.0,980000.0,1463000.0,3127000.0,7592000.0,0.0,0.0,0.0,-97040000.0,-89448000.0,-1.996,-89448000.0,-97040000.0,-99039000.0,-2.61,-2.61,-2.61,97827000.0,122883750.0,97827000.0,150566063.0,-2.0,-1.683,-97030000.0,-2.297,1.0,-2022000.0,-0.045,0.0,1999000.0,48997000.0,69116750.0,1549000.0,15121000.0,12494000.0,2627000.0,20391000.0,19411000.0,980000.0,215586063.0,47722000.0,0.0,138553000.0,-450000.0,0.0,127537000.0,-1960000.0,2091000.0,-77855000.0,0.0,-99049000.0,-110240000.0,-110240000.0,0.0,0.0,-2.46,99279000.0,-101301000.0,4376000.0,0.0,2.204,-1.956,-1.724,32021000.0,11191000.0,4.5,4.811,4.243,11556000.0,-207651000.0,44808000.0,44808000.0,15644000.0,-0.775,-0.897,-1.404,-2.166,22433000.0,83103000.0,1.0,47908014.0,42247000.0,42247000.0,1.061,118218000.0,0.0,10000.0,0.0,2.798,62172000.0
79,ALGN,MRT,2001-09-30,2001-09-30,2001-09-30,2021-08-04,357000.0,130737000.0,130266250.0,93319000.0,37418000.0,0.287,2.545,-16174000.0,66598000.0,66598000.0,45358000.0,-112192000.0,6.215,0.141,1578000.0,473000.0,1105000.0,1578000.0,1049000.0,5493000.0,0.0,0.0,0.0,-102385000.0,-96892000.0,-2.593,-96892000.0,-102385000.0,-112192000.0,-9.99,-9.99,-9.99,114616000.0,77258500.0,114616000.0,63192432.0,-1.0,-0.652,-109399000.0,-2.429,1.0,-7998000.0,-0.214,0.0,9807000.0,50701000.0,64507000.0,1908000.0,19281000.0,11214000.0,8067000.0,16121000.0,15016000.0,1105000.0,104324432.0,31454000.0,0.0,128009000.0,-444000.0,0.0,141225000.0,-16546000.0,-13733000.0,-93225000.0,0.0,-112192000.0,-132749000.0,-132749000.0,0.0,0.0,-3.553,105273000.0,-113271000.0,2962000.0,0.0,0.91,-0.786,-0.218,25789000.0,20557000.0,2.18,2.792,2.628,9368000.0,-185357000.0,37360000.0,37360000.0,14652000.0,-1.019,-1.718,-1.587,-2.74,22497000.0,90089000.0,1.0,47855244.0,45035000.0,45035000.0,0.83,130737000.0,0.0,0.0,0.0,2.903,78303000.0
80,ALGN,MRT,2001-06-30,2001-06-30,2001-06-30,2021-08-04,141000.0,148216000.0,116473750.0,108513000.0,39703000.0,0.222,2.952,-19237000.0,42824000.0,42824000.0,39402000.0,-111528000.0,6.965,0.128,1692000.0,465000.0,1227000.0,1692000.0,2313000.0,5048000.0,0.0,0.0,0.0,-101721000.0,-96673000.0,-3.734,-96673000.0,-101721000.0,-111528000.0,-13.33,-13.33,-13.33,131409000.0,34583000.0,131409000.0,310918772.0,-3.0,-3.216,-112978000.0,-2.538,1.0,-13515000.0,-0.522,0.0,9807000.0,91504000.0,54614000.0,2335000.0,58392000.0,47442000.0,10950000.0,16807000.0,15580000.0,1227000.0,374673772.0,-23386000.0,0.0,128110000.0,-5065000.0,0.0,136601000.0,-66246000.0,-54361000.0,-93741000.0,0.0,-111528000.0,-132085000.0,-132085000.0,0.0,0.0,-5.102,98857000.0,-112372000.0,626000.0,0.0,2.851,-2.837,-0.588,25785000.0,20557000.0,7.84,14.473,13.482,9875000.0,-162854000.0,25887000.0,25887000.0,14042000.0,-1.134,-3.819,-1.863,-3.929,22038000.0,84283000.0,1.0,47790022.0,44518000.0,44518000.0,0.581,148216000.0,0.0,0.0,0.0,3.329,92933000.0
81,ALGN,MRT,2001-03-31,2001-03-31,2001-03-31,2021-08-04,119000.0,171551000.0,,136167000.0,35384000.0,,4.399,-15981000.0,65544000.0,65544000.0,29779000.0,-112626000.0,6.044,0.162,1789000.0,452000.0,1337000.0,1789000.0,2951000.0,3699000.0,0.0,0.0,0.0,-102819000.0,-99120000.0,-7.182,-99120000.0,-102819000.0,-112626000.0,-25.14,-25.14,-25.14,147683000.0,,147683000.0,280656914.0,-3.0,-2.831,-97435000.0,-2.902,1.0,-15978000.0,-1.158,0.0,9807000.0,85265000.0,,2614000.0,62920000.0,55910000.0,7010000.0,23868000.0,22531000.0,1337000.0,330718914.0,56077000.0,0.0,128628000.0,13597000.0,0.0,223207000.0,-85676000.0,-59318000.0,-81454000.0,0.0,-112626000.0,-177333000.0,-177333000.0,0.0,0.0,-12.849,88646000.0,-104624000.0,2180000.0,0.0,2.239,-1.865,-0.288,26502000.0,64707000.0,7.25,23.963,17.637,6718000.0,-140560000.0,13801000.0,13801000.0,12239000.0,,,,-7.45,18793000.0,76275000.0,1.0,45616402.0,33574000.0,33574000.0,0.411,171551000.0,0.0,0.0,0.0,5.11,113636000.0
82,ALGN,MRT,2000-12-31,2000-12-31,2000-12-31,2021-08-04,73000.0,70561000.0,43826000.0,41362000.0,29199000.0,0.154,-15.262,-13571000.0,18814000.0,18814000.0,20251000.0,-88748000.0,1.791,-0.29,1900000.0,445000.0,1455000.0,1900000.0,2350000.0,2513000.0,0.0,,0.0,-78941000.0,-76428000.0,-11.338,-76428000.0,-78941000.0,-88748000.0,-25.64,-25.64,-25.64,-84674000.0,-52044000.0,-84674000.0,,,,-72371000.0,-13.045,1.0,-13510000.0,-2.004,0.0,9807000.0,30558000.0,18369500.0,2024000.0,15884000.0,9633000.0,6251000.0,24544000.0,23089000.0,1455000.0,,-4004000.0,0.0,989000.0,13682000.0,0.0,96429000.0,-41633000.0,-10568000.0,-58800000.0,0.0,-88748000.0,-142264000.0,-142264000.0,0.0,0.0,-21.104,67737000.0,-81247000.0,5541000.0,0.0,,,,21100000.0,53516000.0,,,,4465000.0,-108602000.0,6741000.0,6741000.0,9352000.0,-3.246,2.734,-4.297,-11.711,13801000.0,58253000.0,1.0,45616402.0,5548000.0,5548000.0,1.215,70561000.0,0.0,0.0,0.0,12.718,18273000.0
83,ALGN,MRT,2000-09-30,2000-09-30,2000-09-30,2021-08-04,0.0,75567000.0,46329000.0,62134000.0,13433000.0,0.082,-9.871,-8688000.0,52067000.0,52067000.0,12939000.0,-60153000.0,4.322,-0.284,2005000.0,436000.0,1569000.0,2005000.0,1145000.0,2469000.0,0.0,,0.0,-59806000.0,-57337000.0,-15.093,-57337000.0,-59806000.0,-60153000.0,,,,-56086000.0,-37750000.0,-56086000.0,,,,-44706000.0,-7.868,1.0,-9140000.0,-2.406,0.0,347000.0,11129000.0,8655000.0,667000.0,3927000.0,3927000.0,0.0,15945000.0,14376000.0,1569000.0,,18550000.0,0.0,684000.0,14534000.0,0.0,84284000.0,-29716000.0,-2907000.0,-36018000.0,0.0,-60153000.0,-104303000.0,-104303000.0,0.0,0.0,-27.455,43563000.0,-52703000.0,10762000.0,,,,,11938000.0,44150000.0,,,,2179000.0,-73165000.0,3799000.0,3799000.0,7036000.0,-2.251,2.763,-6.91,-15.743,8518000.0,36449000.0,1.0,45616402.0,5682000.0,5682000.0,0.669,75567000.0,0.0,0.0,0.0,13.299,47758000.0
84,ALGN,MRT,2000-06-30,2000-06-30,2000-06-30,2021-08-04,,,,,,,,,,,,,,,,,,,,,,,0.0,,,,,,,,,,,,,,,,,,1.0,,,,,,,,,,,,,,,,,,,,,,,,,,,,,,,,,,,,,,,,,,,,,,,,,,,,,,1.0,,5489000.0,,,,,,,,
85,ALGN,MRT,2000-03-31,2000-03-31,2000-03-31,2021-08-04,,,,,,,,,,,,,,,,,,,,,,,0.0,,,,,,,,,,,,,,,,,,1.0,,,,,,,,,,,,,,,,,,,,,,,,,,,,,,,,,,,,,,,,,,,,,,,,,,,,,,1.0,,5225000.0,,,,,,,,
86,ALGN,MRT,1999-12-31,1999-12-31,1999-12-31,2021-08-04,0.0,17091000.0,12604000.0,13774000.0,3317000.0,0.033,-4.603,-2463000.0,7172000.0,7172000.0,1754000.0,-15415000.0,3.676,-0.193,9000.0,6000.0,3000.0,9000.0,119000.0,559000.0,0.0,,0.0,-14429000.0,-13870000.0,-33.747,-13870000.0,-14429000.0,-15415000.0,-3.65,-3.65,-3.65,-19414000.0,-11923500.0,-19414000.0,,,,-14096000.0,-3.342,1.0,-1343000.0,-3.268,0.0,986000.0,6181000.0,5725500.0,366000.0,5253000.0,5253000.0,0.0,3750000.0,3747000.0,3000.0,,4361000.0,0.0,40000.0,742000.0,0.0,19598000.0,-3604000.0,-801000.0,-11633000.0,0.0,-15415000.0,-15415000.0,-15415000.0,0.0,0.0,-37.506,13448000.0,-14791000.0,1572000.0,0.0,,,,3317000.0,0.0,,,,314000.0,-19854000.0,411000.0,411000.0,4200000.0,-1.223,1.293,-2.52,-35.107,394000.0,9162000.0,1.0,,4218000.0,4218000.0,0.097,17091000.0,0.0,0.0,0.0,4.052,10027000.0
87,ALGN,MRT,1999-09-30,1999-09-30,1999-09-30,2021-08-04,0.0,17091000.0,,13774000.0,3317000.0,,,,7172000.0,7172000.0,,,3.676,-0.193,9000.0,6000.0,3000.0,9000.0,119000.0,,0.0,,,,,,,,,,,,-19414000.0,,-19414000.0,,,,,,1.0,,,0.0,,6181000.0,,366000.0,5253000.0,5253000.0,0.0,3750000.0,3747000.0,3000.0,,,,,,,,,,,,,,,,,,,,1572000.0,,,,,3317000.0,,,,,314000.0,-19854000.0,,,,,,,,,,1.0,,,,,17091000.0,0.0,,0.0,,10027000.0
88,ALGN,MRT,1998-12-31,1998-12-31,1998-12-31,2021-08-04,0.0,8117000.0,,7208000.0,909000.0,,-1.56,-775000.0,2471000.0,2471000.0,0.0,-3775000.0,18.341,-0.091,17000.0,7000.0,10000.0,17000.0,0.0,115000.0,0.0,,0.0,-3775000.0,-3660000.0,,-3660000.0,-3775000.0,-3775000.0,-1.33,-1.33,-1.33,-4433000.0,,-4433000.0,,,,-4567000.0,-1.607,1.0,0.0,,0.0,0.0,5270000.0,,0.0,4452000.0,4452000.0,0.0,403000.0,393000.0,10000.0,,2434000.0,0.0,3000.0,-3000.0,0.0,9983000.0,-3757000.0,-2982000.0,-3792000.0,0.0,-3775000.0,-3775000.0,-3775000.0,0.0,0.0,,3960000.0,-3960000.0,257000.0,0.0,,,,770000.0,0.0,,,,0.0,-4439000.0,0.0,0.0,1474000.0,,,,,0.0,2477000.0,1.0,,2842000.0,2842000.0,0.0,8117000.0,0.0,0.0,0.0,2.856,6815000.0
