None,ticker,dimension,calendardate,datekey,reportperiod,lastupdated,accoci,assets,assetsavg,assetsc,assetsnc,assetturnover,bvps,capex,cashneq,cashnequsd,cor,consolinc,currentratio,de,debt,debtc,debtnc,debtusd,deferredrev,depamor,deposits,divyield,dps,ebit,ebitda,ebitdamargin,ebitdausd,ebitusd,ebt,eps,epsdil,epsusd,equity,equityavg,equityusd,ev,evebit,evebitda,fcf,fcfps,fxusd,gp,grossmargin,intangibles,intexp,invcap,invcapavg,inventory,investments,investmentsc,investmentsnc,liabilities,liabilitiesc,liabilitiesnc,marketcap,ncf,ncfbus,ncfcommon,ncfdebt,ncfdiv,ncff,ncfi,ncfinv,ncfo,ncfx,netinc,netinccmn,netinccmnusd,netincdis,netincnci,netmargin,opex,opinc,payables,payoutratio,pb,pe,pe1,ppnenet,prefdivis,price,ps,ps1,receivables,retearn,revenue,revenueusd,rnd,roa,roe,roic,ros,sbcomp,sgna,sharefactor,sharesbas,shareswa,shareswadil,sps,tangibles,taxassets,taxexp,taxliabilities,tbvps,workingcapital
0,FTRCQ,MRY,2020-12-31,2020-12-31,2020-12-31,2021-09-13,-755000000.0,16795000000.0,17134250000.0,2654000000.0,14141000000.0,0.418,-46.905,-1181000000.0,1829000000.0,1829000000.0,975000000.0,-402000000.0,0.372,-4.428,17346000000.0,5781000000.0,11565000000.0,17346000000.0,202000000.0,1598000000.0,0.0,0.0,0.0,276000000.0,1874000000.0,0.262,1874000000.0,276000000.0,-486000000.0,-3.85,-3.85,-3.85,-4900000000.0,-4854000000.0,-4900000000.0,15530431370.0,56.0,8.287,808000000.0,7.734,1.0,6180000000.0,0.864,677000000.0,762000000.0,24495000000.0,21801750000.0,0.0,0.0,0.0,0.0,21695000000.0,7140000000.0,14555000000.0,9431370.0,1077000000.0,1158000000.0,0.0,-770000000.0,0.0,-893000000.0,-19000000.0,0.0,1989000000.0,0.0,-402000000.0,-402000000.0,-402000000.0,0.0,0.0,-0.056,5789000000.0,391000000.0,540000000.0,0.0,-0.002,-0.023,-0.023,12931000000.0,0.0,0.09,0.001,0.001,553000000.0,-8975000000.0,7155000000.0,7155000000.0,0.0,-0.023,0.083,0.013,0.039,3000000.0,3374000000.0,1.0,104793000.0,104467000.0,104467000.0,68.491,16118000000.0,85000000.0,-84000000.0,547000000.0,154.288,-4486000000.0
1,FTRCQ,MRY,2019-12-31,2019-12-31,2019-12-31,2021-09-13,-650000000.0,17488000000.0,18994000000.0,3037000000.0,14451000000.0,0.427,-42.224,-1226000000.0,760000000.0,760000000.0,1247000000.0,-5911000000.0,1.083,-4.98,17302000000.0,994000000.0,16308000000.0,17302000000.0,219000000.0,1780000000.0,0.0,0.0,0.0,-4987000000.0,-3207000000.0,-0.396,-3207000000.0,-4987000000.0,-6522000000.0,-56.8,-56.8,-56.8,-4394000000.0,-2683250000.0,-4394000000.0,16709737152.0,-3.0,-5.21,282000000.0,2.71,1.0,6860000000.0,0.846,1020000000.0,1535000000.0,30206000000.0,30306500000.0,0.0,0.0,0.0,0.0,21882000000.0,2804000000.0,19078000000.0,93737152.0,406000000.0,88000000.0,0.0,81000000.0,0.0,32000000.0,-1134000000.0,0.0,1508000000.0,0.0,-5911000000.0,-5911000000.0,-5911000000.0,0.0,0.0,-0.729,11790000000.0,-4930000000.0,437000000.0,0.0,-0.021,-0.016,-0.016,12963000000.0,0.0,0.89,0.012,0.011,629000000.0,-8573000000.0,8107000000.0,8107000000.0,0.0,-0.311,2.203,-0.165,-0.615,15000000.0,3614000000.0,1.0,105370000.0,104065000.0,104065000.0,77.903,16468000000.0,53000000.0,-611000000.0,668000000.0,158.247,233000000.0
2,FTRCQ,MRY,2018-12-31,2018-12-31,2018-12-31,2021-09-13,-463000000.0,23659000000.0,24275000000.0,1330000000.0,22329000000.0,0.355,17.841,-1192000000.0,354000000.0,354000000.0,1441000000.0,-643000000.0,0.519,13.787,17172000000.0,814000000.0,16358000000.0,17172000000.0,256000000.0,1954000000.0,0.0,0.0,0.0,831000000.0,2785000000.0,0.323,2785000000.0,831000000.0,-705000000.0,-8.37,-8.37,-8.37,1600000000.0,2085000000.0,1600000000.0,17420206620.0,21.0,6.255,620000000.0,6.913,1.0,7170000000.0,0.833,7877000000.0,1536000000.0,30039000000.0,30184500000.0,0.0,0.0,0.0,0.0,22059000000.0,2561000000.0,19498000000.0,251206620.0,28000000.0,11000000.0,0.0,-453000000.0,0.0,-608000000.0,-1176000000.0,0.0,1812000000.0,0.0,-643000000.0,-750000000.0,-750000000.0,0.0,0.0,-0.087,6384000000.0,786000000.0,495000000.0,0.0,0.157,-0.335,-0.284,14187000000.0,107000000.0,2.38,0.029,0.025,723000000.0,-2752000000.0,8611000000.0,8611000000.0,0.0,-0.031,-0.36,0.028,0.097,18000000.0,3713000000.0,1.0,105549000.0,89683000.0,89683000.0,96.016,15782000000.0,60000000.0,-62000000.0,1291000000.0,175.975,-1231000000.0
3,FTRCQ,MRY,2017-12-31,2017-12-31,2017-12-31,2021-09-13,-366000000.0,24884000000.0,26980000000.0,1323000000.0,23561000000.0,0.338,29.253,-1188000000.0,362000000.0,362000000.0,1597000000.0,-1804000000.0,0.528,9.943,17626000000.0,656000000.0,16970000000.0,17626000000.0,270000000.0,2184000000.0,0.0,0.499,3.375,-1653000000.0,531000000.0,0.058,531000000.0,-1653000000.0,-3187000000.0,-25.99,-25.99,-25.99,2274000000.0,3394000000.0,2274000000.0,18014376080.0,-11.0,33.925,662000000.0,8.516,1.0,7531000000.0,0.825,9087000000.0,1534000000.0,30553000000.0,31271000000.0,0.0,0.0,0.0,0.0,22610000000.0,2508000000.0,20102000000.0,530376080.0,-146000000.0,110000000.0,0.0,-439000000.0,-266000000.0,-942000000.0,-1054000000.0,0.0,1850000000.0,0.0,-1804000000.0,-2018000000.0,-2018000000.0,0.0,0.0,-0.221,9097000000.0,-1566000000.0,564000000.0,-0.13,0.233,-0.263,-0.26,14377000000.0,214000000.0,6.76,0.058,0.058,819000000.0,-2263000000.0,9128000000.0,9128000000.0,0.0,-0.075,-0.595,-0.053,-0.181,14000000.0,3975000000.0,1.0,78458000.0,77736000.0,77736000.0,117.423,15797000000.0,64000000.0,-1383000000.0,1295000000.0,203.213,-1185000000.0
4,FTRCQ,MRY,2016-12-31,2016-12-31,2016-12-31,2021-09-13,-387000000.0,29013000000.0,28492000000.0,1656000000.0,27357000000.0,0.312,58.229,-1401000000.0,522000000.0,522000000.0,1470000000.0,-373000000.0,0.678,5.42,17923000000.0,363000000.0,17560000000.0,17923000000.0,301000000.0,2031000000.0,0.0,0.124,6.3,908000000.0,2939000000.0,0.33,2939000000.0,908000000.0,-623000000.0,-7.61,-7.61,-7.61,4519000000.0,4898000000.0,4519000000.0,21576831260.0,24.0,7.342,275000000.0,3.543,1.0,7426000000.0,0.835,12336000000.0,1531000000.0,31634000000.0,29814500000.0,0.0,0.0,0.0,0.0,24494000000.0,2444000000.0,22050000000.0,3964831260.0,-8858000000.0,-9863000000.0,0.0,1479000000.0,-493000000.0,725000000.0,-11259000000.0,0.0,1676000000.0,0.0,-373000000.0,-587000000.0,-587000000.0,0.0,0.0,-0.066,6515000000.0,911000000.0,698000000.0,-0.828,0.877,-6.754,-6.662,14902000000.0,214000000.0,50.7,0.446,0.442,938000000.0,-460000000.0,8896000000.0,8896000000.0,0.0,-0.021,-0.12,0.03,0.102,24000000.0,3957000000.0,1.0,78201800.0,77607000.0,77607000.0,114.629,16677000000.0,108000000.0,-250000000.0,2650000000.0,214.89,-788000000.0
5,FTRCQ,MRY,2015-12-31,2015-12-31,2015-12-31,2021-09-13,-353000000.0,27084000000.0,23614000000.0,10131000000.0,16953000000.0,0.236,77.64,-863000000.0,9380000000.0,9380000000.0,640000000.0,-196000000.0,5.352,3.824,15892000000.0,384000000.0,15508000000.0,15892000000.0,160000000.0,1320000000.0,0.0,0.09,6.3,752000000.0,2072000000.0,0.372,2072000000.0,752000000.0,-361000000.0,-4.41,-4.41,-4.41,5614000000.0,5256000000.0,5614000000.0,12117550040.0,16.0,5.848,452000000.0,6.251,1.0,4936000000.0,0.885,8309000000.0,1113000000.0,23394000000.0,20802500000.0,0.0,0.0,0.0,0.0,21470000000.0,1893000000.0,19577000000.0,5455550040.0,8698000000.0,5000000.0,799000000.0,6305000000.0,-456000000.0,8261000000.0,-878000000.0,0.0,1315000000.0,0.0,-196000000.0,-316000000.0,-316000000.0,0.0,0.0,-0.057,4191000000.0,745000000.0,467000000.0,-1.429,0.972,-17.264,-15.884,8493000000.0,120000000.0,70.05,0.978,0.908,571000000.0,-87000000.0,5576000000.0,5576000000.0,0.0,-0.013,-0.06,0.036,0.135,27000000.0,2633000000.0,1.0,77880800.0,72308000.0,72308000.0,77.115,18775000000.0,80000000.0,-165000000.0,2753000000.0,259.653,8238000000.0
6,FTRCQ,MRY,2014-12-31,2014-12-31,2014-12-31,2021-09-13,-404000000.0,18810000000.0,17274460000.0,1415000000.0,17395000000.0,0.276,55.178,-688000000.0,682000000.0,682000000.0,465000000.0,133000000.0,0.936,4.142,9691000000.0,298000000.0,9393000000.0,9691000000.0,179000000.0,1139000000.0,0.0,0.06,6.0,859000000.0,1998000000.0,0.419,1998000000.0,859000000.0,163000000.0,1.95,1.95,1.95,3658000000.0,3872835250.0,3658000000.0,13804499270.0,16.0,6.909,582000000.0,8.779,1.0,4307000000.0,0.903,8705000000.0,696000000.0,17602000000.0,15778105500.0,0.0,0.0,0.0,0.0,15152000000.0,1512000000.0,13640000000.0,6683880270.0,-209000000.0,-1979000000.0,0.0,1651000000.0,-401000000.0,1208000000.0,-2687000000.0,0.0,1270000000.0,0.0,133000000.0,133000000.0,133000000.0,0.0,0.0,0.028,3487000000.0,820000000.0,379000000.0,3.077,1.827,50.255,51.308,8566000000.0,0.0,100.05,1.401,1.39,614000000.0,109000000.0,4772000000.0,4772000000.0,0.0,0.008,0.034,0.054,0.18,23000000.0,2204000000.0,1.0,66805400.0,66294533.0,66544133.0,71.982,10105000000.0,58000000.0,30000000.0,2948000000.0,152.426,-97000000.0
7,FTRCQ,MRY,2013-12-31,2013-12-31,2013-12-31,2021-09-13,-260530000.0,16635484000.0,16684631500.0,1618839000.0,15016645000.0,0.285,61.282,-635000000.0,880039000.0,880039000.0,431000000.0,115000000.0,1.244,3.102,8131583000.0,257916000.0,7873667000.0,8131583000.0,137319000.0,1170000000.0,0.0,0.086,6.0,828000000.0,1998000000.0,0.42,1998000000.0,828000000.0,161000000.0,1.65,1.65,1.65,4055481000.0,3989753000.0,4055481000.0,12111230550.0,15.0,6.062,861000000.0,13.011,1.0,4331000000.0,0.909,7552651000.0,667000000.0,15032790000.0,15344388250.0,0.0,0.0,0.0,0.0,12580003000.0,1301587000.0,11278416000.0,4647893550.0,-447000000.0,18000000.0,0.0,-972000000.0,-400000000.0,-1400000000.0,-543000000.0,0.0,1496000000.0,0.0,113000000.0,113000000.0,113000000.0,0.0,2000000.0,0.024,3365000000.0,966000000.0,327256000.0,3.636,1.146,41.132,42.273,7255762000.0,0.0,69.75,0.976,0.969,479210000.0,76108000.0,4762000000.0,4762000000.0,0.0,0.007,0.028,0.054,0.174,17000000.0,2141000000.0,1.0,66636467.0,66177267.0,66266467.0,71.958,9082833000.0,191017000.0,48000000.0,2483384000.0,137.25,317252000.0
8,FTRCQ,MRY,2012-12-31,2012-12-31,2012-12-31,2021-09-13,-483576000.0,17733631000.0,17483990500.0,2087203000.0,15646428000.0,0.287,61.71,-802504000.0,1369192000.0,1369192000.0,441588000.0,153314000.0,1.344,3.314,8942497000.0,560550000.0,8381947000.0,8942497000.0,146317000.0,1266807000.0,0.0,0.093,6.0,900259000.0,2167066000.0,0.432,2167066000.0,900259000.0,212274000.0,2.1,1.95,2.1,4107596000.0,4274449250.0,4107596000.0,11930675600.0,13.0,5.505,749969000.0,11.267,1.0,4570265000.0,0.912,7880458000.0,687985000.0,15872958000.0,15617491000.0,0.0,0.0,0.0,0.0,13614360000.0,1553520000.0,12060840000.0,4273344600.0,1000438000.0,0.0,0.0,531382000.0,-399390000.0,82904000.0,-634939000.0,0.0,1552473000.0,0.0,136636000.0,136636000.0,136636000.0,0.0,16678000.0,0.027,3583097000.0,987168000.0,338148000.0,2.857,1.04,31.275,30.571,7504896000.0,0.0,64.2,0.853,0.853,533704000.0,63205000.0,5011853000.0,5011853000.0,0.0,0.008,0.032,0.058,0.18,16775000.0,2234553000.0,1.0,66563000.0,66563000.0,,75.295,9853173000.0,144587000.0,75638000.0,2423552000.0,148.028,533683000.0
9,FTRCQ,MRY,2011-12-31,2011-12-31,2011-12-31,2021-09-13,-386963000.0,17448319000.0,17595795000.0,1239030000.0,16209289000.0,0.298,67.154,-824839000.0,470774000.0,470774000.0,518682000.0,157608000.0,1.075,2.913,8318408000.0,94016000.0,8224392000.0,8318408000.0,152784000.0,1403175000.0,0.0,0.146,11.25,903153000.0,2306328000.0,0.44,2306328000.0,903153000.0,237957000.0,2.25,2.25,2.25,4455137000.0,4801481250.0,4455137000.0,12952866050.0,14.0,5.616,747842000.0,11.273,1.0,4724361000.0,0.901,8302224000.0,665196000.0,15841513000.0,15611042250.0,0.0,0.0,0.0,0.0,12979185000.0,1152216000.0,11826969000.0,5124904050.0,74831000.0,0.0,0.0,22606000.0,-746387000.0,-735178000.0,-762672000.0,0.0,1572681000.0,0.0,149614000.0,149614000.0,149614000.0,0.0,7994000.0,0.029,3824740000.0,899621000.0,519548000.0,5.0,1.15,34.254,34.333,7547523000.0,0.0,77.25,0.977,0.977,585157000.0,226721000.0,5243043000.0,5243043000.0,0.0,0.009,0.031,0.058,0.172,14209000.0,2278419000.0,1.0,66341800.0,66341800.0,,79.031,9146095000.0,264357000.0,88343000.0,2522410000.0,137.863,86814000.0
10,FTRCQ,MRY,2010-12-31,2010-12-31,2010-12-31,2021-09-13,-229549000.0,17890230000.0,12368653250.0,1128419000.0,16761811000.0,0.307,78.432,-577879000.0,438752000.0,438752000.0,383679000.0,155717000.0,0.784,2.44,8263616000.0,280002000.0,7983614000.0,8263616000.0,171602000.0,893719000.0,0.0,0.09,13.125,789492000.0,1683211000.0,0.443,1683211000.0,789492000.0,267672000.0,3.45,3.45,3.45,5196740000.0,2768739250.0,5196740000.0,17393519020.0,22.0,10.334,644301000.0,9.724,1.0,3413996000.0,0.899,8783389000.0,521820000.0,15492348000.0,11797630750.0,0.0,0.0,0.0,0.0,12680487000.0,1439357000.0,11241130000.0,9670394020.0,-107430000.0,-82560000.0,0.0,-7236000.0,-529389000.0,-555655000.0,-773955000.0,0.0,1222180000.0,0.0,152673000.0,152673000.0,152673000.0,0.0,3044000.0,0.04,2641998000.0,771998000.0,436886000.0,3.804,1.861,63.341,42.304,7590614000.0,0.0,145.95,2.546,2.546,568308000.0,77107000.0,3797675000.0,3797675000.0,0.0,0.012,0.055,0.067,0.208,14473000.0,1611137000.0,1.0,66258267.0,66258267.0,,57.316,9106841000.0,208245000.0,114999000.0,2388534000.0,137.445,-310938000.0
11,FTRCQ,MRY,2009-12-31,2009-12-31,2009-12-31,2021-09-13,-245519000.0,6878255000.0,6923784500.0,680080000.0,6198175000.0,0.306,15.734,-255965000.0,358693000.0,358693000.0,225907000.0,123181000.0,1.732,19.96,4801365000.0,7236000.0,4794129000.0,4801365000.0,49589000.0,476391000.0,0.0,0.128,15.0,568925000.0,1045316000.0,0.494,1045316000.0,568925000.0,190711000.0,5.7,5.7,5.7,327611000.0,416427000.0,327611000.0,6907913782.0,12.0,6.608,486755000.0,23.377,1.0,1891987000.0,0.893,2889850000.0,378214000.0,8038400000.0,8136507250.0,0.0,0.0,0.0,0.0,6539185000.0,392677000.0,6146508000.0,2439279782.0,195066000.0,0.0,751000.0,23200000.0,-312366000.0,-292362000.0,-255292000.0,0.0,742720000.0,0.0,120783000.0,120783000.0,120783000.0,0.0,2398000.0,0.057,1285822000.0,606165000.0,139556000.0,2.632,7.446,20.196,20.553,3133521000.0,0.0,117.15,1.152,1.152,190745000.0,2756000.0,2117894000.0,2117894000.0,0.0,0.017,0.29,0.07,0.269,9368000.0,781097000.0,1.0,20821850.0,20821850.0,,101.715,3988405000.0,102561000.0,69928000.0,750942000.0,191.549,287403000.0
12,FTRCQ,MRY,2008-12-31,2008-12-31,2008-12-31,2021-09-13,-237152000.0,6888676000.0,6977808000.0,467959000.0,6420717000.0,0.321,25.009,-288264000.0,163627000.0,163627000.0,222013000.0,184274000.0,1.223,12.251,4725542000.0,3857000.0,4721685000.0,4725542000.0,51225000.0,561801000.0,0.0,0.114,15.0,651790000.0,1213591000.0,0.543,1213591000.0,651790000.0,289156000.0,8.55,8.55,8.55,519045000.0,752182500.0,519045000.0,7378818814.0,11.0,6.08,451002000.0,21.73,1.0,2015005000.0,0.901,3001997000.0,362634000.0,8065819000.0,8117108000.0,0.0,0.0,0.0,0.0,6359070000.0,382775000.0,5976295000.0,2720901814.0,-62839000.0,0.0,-198602000.0,-13770000.0,-318437000.0,-519330000.0,-282775000.0,0.0,739266000.0,0.0,182660000.0,182660000.0,182660000.0,0.0,1614000.0,0.082,1372549000.0,642456000.0,141940000.0,1.754,5.242,14.896,15.333,3239973000.0,0.0,131.1,1.216,1.216,222247000.0,38163000.0,2237018000.0,2237018000.0,0.0,0.026,0.243,0.08,0.291,7788000.0,810748000.0,1.0,20754400.0,20754400.0,,107.785,3886679000.0,48820000.0,106496000.0,696074000.0,187.27,85184000.0
13,FTRCQ,MRY,2007-12-31,2007-12-31,2007-12-31,2021-09-13,-77995000.0,7256069000.0,7587639250.0,524154000.0,6731915000.0,0.302,45.667,-315793000.0,226466000.0,226466000.0,228242000.0,216514000.0,1.176,6.271,4739345000.0,2448000.0,4736897000.0,4739345000.0,44722000.0,545856000.0,0.0,0.079,15.0,723364000.0,1269220000.0,0.555,1269220000.0,723364000.0,342668000.0,9.6,9.6,9.6,997899000.0,1148305500.0,997899000.0,8652944085.0,12.0,6.818,505890000.0,23.151,1.0,2059773000.0,0.9,3182294000.0,380696000.0,8140763000.0,8115951500.0,0.0,21191000.0,0.0,21191000.0,6258170000.0,445891000.0,5812279000.0,4172570085.0,-814640000.0,-725548000.0,-236192000.0,-16256000.0,-336025000.0,-601611000.0,-1034712000.0,0.0,821683000.0,0.0,214654000.0,214654000.0,214654000.0,0.0,1860000.0,0.094,1354357000.0,705416000.0,179402000.0,1.562,4.181,19.439,19.891,3335244000.0,0.0,190.95,1.824,1.824,234762000.0,14001000.0,2288015000.0,2288015000.0,0.0,0.028,0.187,0.089,0.316,9022000.0,808501000.0,1.0,21851637.0,21851637.0,,104.707,4073775000.0,0.0,128014000.0,733045000.0,186.429,78263000.0
14,FTRCQ,MRY,2006-12-31,2006-12-31,2006-12-31,2021-09-13,-81899000.0,6797536000.0,6375635500.0,1272993000.0,5524543000.0,0.318,49.303,-268806000.0,1041106000.0,1041106000.0,171247000.0,344555000.0,2.991,5.425,4506357000.0,39271000.0,4467086000.0,4506357000.0,39417000.0,476487000.0,0.0,0.07,15.0,817480000.0,1293967000.0,0.639,1293967000.0,817480000.0,481034000.0,16.05,15.9,16.05,1058032000.0,989897750.0,1058032000.0,8193971781.0,10.0,6.332,578210000.0,26.944,1.0,1854120000.0,0.915,2350104000.0,336446000.0,7487040000.0,7220774000.0,0.0,16474000.0,0.0,16474000.0,5739504000.0,425643000.0,5313861000.0,4625638781.0,777357000.0,255305000.0,-108039000.0,315359000.0,-323671000.0,-116615000.0,53549000.0,0.0,847016000.0,0.0,344555000.0,344555000.0,344555000.0,-90547000.0,0.0,0.17,1209630000.0,644490000.0,153890000.0,0.935,4.372,13.425,13.43,2983504000.0,0.0,215.55,2.284,2.284,187737000.0,134705000.0,2025367000.0,2025367000.0,0.0,0.054,0.348,0.113,0.404,10340000.0,733143000.0,1.0,21459702.0,21459702.0,,94.38,4447432000.0,0.0,136479000.0,545461000.0,207.246,847350000.0
15,FTRCQ,MRY,2005-12-31,2005-12-31,2005-12-31,2021-09-13,-123242000.0,6427567000.0,6531575750.0,669735000.0,5757832000.0,0.309,46.802,-259448000.0,263749000.0,263749000.0,156822000.0,202375000.0,1.044,5.17,4222823000.0,227693000.0,3995130000.0,4222823000.0,29245000.0,520204000.0,0.0,0.082,15.0,616380000.0,1136584000.0,0.563,1136584000.0,616380000.0,277645000.0,9.0,9.0,9.0,1041809000.0,1209629500.0,1041809000.0,8031690559.0,13.0,7.067,583516000.0,26.214,1.0,1860219000.0,0.922,2480198000.0,338735000.0,7264684000.0,7395647750.0,0.0,15999000.0,0.0,15999000.0,5385758000.0,641759000.0,4743999000.0,4083570559.0,91952000.0,67760000.0,-202450000.0,-6299000.0,-338364000.0,-548775000.0,-190715000.0,0.0,842964000.0,0.0,202375000.0,202375000.0,202375000.0,-14433000.0,0.0,0.1,1271251000.0,588968000.0,140494000.0,1.667,3.92,20.178,20.383,3058312000.0,0.0,183.45,2.025,2.025,203070000.0,-85344000.0,2017041000.0,2017041000.0,0.0,0.031,0.167,0.083,0.306,8427000.0,751047000.0,1.0,22259856.0,22259856.0,,90.613,3947369000.0,0.0,75270000.0,351361000.0,177.331,27976000.0
16,FTRCQ,MRY,2004-12-31,2004-12-31,2004-12-31,2021-09-13,-99569000.0,6668419000.0,7241645000.0,470880000.0,6197539000.0,0.279,60.914,-263949000.0,163759000.0,163759000.0,160914000.0,72150000.0,1.128,3.895,4273378000.0,6380000.0,4266998000.0,4273378000.0,29446000.0,549381000.0,0.0,0.181,37.5,454688000.0,1004069000.0,0.496,1004069000.0,454688000.0,76397000.0,3.6,3.45,3.6,1362240000.0,1429105750.0,1362240000.0,8758031826.0,19.0,8.723,417300000.0,18.66,1.0,1861464000.0,0.92,2606576000.0,378291000.0,7753942000.0,8040690750.0,0.0,23062000.0,0.0,23062000.0,5306179000.0,417520000.0,4888659000.0,4625875826.0,-422285000.0,30959000.0,544562000.0,-584385000.0,-832768000.0,-874680000.0,-234710000.0,26514000.0,681249000.0,0.0,72150000.0,72150000.0,72150000.0,-15086000.0,0.0,0.036,1401163000.0,460301000.0,169754000.0,10.417,3.396,64.115,57.458,3335850000.0,0.0,206.85,2.287,2.287,233690000.0,-287719000.0,2022378000.0,2022378000.0,0.0,0.01,0.05,0.057,0.225,47581000.0,761150000.0,1.0,22363432.0,22363432.0,,90.432,4061843000.0,0.0,4247000.0,290391000.0,181.629,53360000.0
17,FTRCQ,MRY,2003-12-31,2003-12-31,2003-12-31,2021-09-13,-71676000.0,7445545000.0,7827499500.0,906633000.0,6538912000.0,0.31,74.631,-277371000.0,583671000.0,583671000.0,365563000.0,187852000.0,1.54,4.261,4283631000.0,88002000.0,4195629000.0,4283631000.0,151508000.0,593161000.0,2105000.0,0.0,0.0,669148000.0,1262309000.0,0.521,1262309000.0,669148000.0,252628000.0,10.05,9.6,10.05,1415183000.0,1362230500.0,1415183000.0,7328205498.0,11.0,5.805,464849000.0,24.514,1.0,2058611000.0,0.849,2752725000.0,416520000.0,7804026000.0,8430536000.0,0.0,57103000.0,0.0,57103000.0,6030362000.0,588754000.0,5441608000.0,3532698498.0,190494000.0,388079000.0,13209000.0,-664293000.0,0.0,-661114000.0,109096000.0,-1680000.0,742220000.0,0.0,187852000.0,187852000.0,187852000.0,-4380000.0,0.0,0.077,1507879000.0,550732000.0,192607000.0,0.0,2.496,18.806,18.537,3530542000.0,0.0,186.3,1.457,1.457,248750000.0,-365181000.0,2424174000.0,2424174000.0,0.0,0.024,0.138,0.079,0.276,8956000.0,894108000.0,1.0,18962418.0,18962418.0,,127.841,4692820000.0,0.0,64776000.0,307510000.0,247.48,317879000.0
18,FTRCQ,MRY,2002-12-31,2002-12-31,2002-12-31,2021-09-13,-102169000.0,8222705000.0,9184425250.0,1200984000.0,7021721000.0,0.291,62.298,-468742000.0,393177000.0,393177000.0,476920000.0,-682897000.0,1.541,6.015,5016272000.0,58911000.0,4957361000.0,5016272000.0,146661000.0,755522000.0,2632000.0,0.0,0.0,-629542000.0,125980000.0,0.047,125980000.0,-629542000.0,-1097771000.0,-36.45,-36.45,-36.45,1172139000.0,1622586250.0,1172139000.0,7858789813.0,-12.0,62.381,162575000.0,8.641,1.0,2192412000.0,0.821,2812318000.0,468229000.0,9253906000.0,10195128750.0,0.0,29846000.0,0.0,29846000.0,7050566000.0,779576000.0,6270990000.0,2977459813.0,177308000.0,1083742000.0,14943000.0,-1062169000.0,0.0,-1046571000.0,-241086000.0,9051000.0,631317000.0,0.0,-682897000.0,-682897000.0,-682897000.0,-179891000.0,0.0,-0.256,2880001000.0,-687589000.0,195278000.0,0.0,2.54,-4.36,-4.342,3690056000.0,0.0,158.25,1.115,1.115,310929000.0,-553033000.0,2669332000.0,2669332000.0,0.0,-0.074,-0.421,-0.062,-0.236,7029000.0,1002355000.0,1.0,18814912.0,18814912.0,,141.873,5410387000.0,0.0,-414874000.0,341296000.0,287.558,421408000.0
19,FTRCQ,MRY,2001-12-31,2001-12-31,2001-12-31,2021-09-13,4907000.0,10553600000.0,9649030500.0,2533048000.0,8020552000.0,0.255,104.23,-487271000.0,215869000.0,215869000.0,599378000.0,-89682000.0,1.627,4.423,6018812000.0,483906000.0,5534906000.0,6018812000.0,183319000.0,632336000.0,18246000.0,0.0,0.0,273154000.0,905490000.0,0.369,905490000.0,273154000.0,-104487000.0,-5.7,-5.7,-5.7,1946142000.0,1919695500.0,1946142000.0,8886231407.0,33.0,9.814,-10335000.0,-0.554,1.0,1857615000.0,0.756,2978942000.0,377641000.0,11821008000.0,11322547250.0,0.0,141208000.0,0.0,141208000.0,8607458000.0,1556593000.0,7050865000.0,2985595407.0,145783000.0,-3000879000.0,749561000.0,2557895000.0,0.0,3141389000.0,-3487468000.0,43000.0,476936000.0,0.0,-89682000.0,-103332000.0,-103332000.0,-17875000.0,0.0,-0.042,1485269000.0,372346000.0,239676000.0,0.0,1.534,-28.893,-28.053,4512038000.0,13650000.0,159.9,1.215,1.215,311878000.0,129864000.0,2456993000.0,2456993000.0,0.0,-0.011,-0.054,0.024,0.111,0.0,951710000.0,1.0,18671641.0,18671641.0,,131.59,7574658000.0,0.0,-14805000.0,560082000.0,405.677,976455000.0
20,FTRCQ,MRY,2000-12-31,2000-12-31,2000-12-31,2021-09-13,418000.0,6955006000.0,6301711500.0,2365689000.0,4589317000.0,0.286,97.281,-544829000.0,31223000.0,31223000.0,481673000.0,-28394000.0,2.266,3.044,3243303000.0,181014000.0,3062289000.0,3243303000.0,205604000.0,0.0,18683000.0,0.0,0.0,142840000.0,142840000.0,0.079,142840000.0,142840000.0,-44526000.0,-1.65,-1.65,-1.65,1720001000.0,1829544250.0,1720001000.0,6443478342.0,45.0,45.11,-237136000.0,-13.412,1.0,1320685000.0,0.733,633268000.0,187366000.0,8489756000.0,8210019250.0,0.0,253222000.0,38863000.0,214359000.0,5235005000.0,1044062000.0,4190943000.0,3479574342.0,32945000.0,-986029000.0,-49209000.0,1016186000.0,0.0,1017434000.0,-1242854000.0,326648000.0,307693000.0,0.0,-28394000.0,-28394000.0,-28394000.0,-11677000.0,0.0,-0.016,1198884000.0,121801000.0,171002000.0,0.0,2.023,-122.546,-119.273,3520712000.0,0.0,196.8,1.931,1.931,243304000.0,233196000.0,1802358000.0,1802358000.0,0.0,-0.005,-0.016,0.017,0.079,0.0,811926000.0,1.0,17680764.0,17680764.0,,101.939,6321738000.0,0.0,-16132000.0,485876000.0,357.549,1321627000.0
21,FTRCQ,MRY,1999-12-31,1999-12-31,1999-12-31,2021-09-13,0.0,5771745000.0,5538986250.0,1965038000.0,3806707000.0,0.289,109.591,-573330000.0,37141000.0,37141000.0,397181000.0,144486000.0,2.528,2.018,2138616000.0,31156000.0,2107460000.0,2138616000.0,179831000.0,0.0,32842000.0,0.0,0.0,339061000.0,339061000.0,0.212,339061000.0,339061000.0,219386000.0,8.4,8.25,8.4,1908823000.0,1864814000.0,1908823000.0,5773882507.0,17.0,17.029,-207313000.0,-11.902,1.0,1201055000.0,0.751,30187000.0,119675000.0,7065752000.0,7051358750.0,12624000.0,591386000.0,0.0,591386000.0,3851810000.0,777281000.0,3074529000.0,3707369507.0,5217000.0,0.0,-6625000.0,183884000.0,0.0,192009000.0,-552940000.0,17363000.0,366017000.0,0.0,144486000.0,144486000.0,144486000.0,-7887000.0,0.0,0.09,1130695000.0,70360000.0,187984000.0,0.0,1.942,25.659,25.339,2888718000.0,0.0,212.85,2.32,2.32,241519000.0,261590000.0,1598236000.0,1598236000.0,0.0,0.026,0.077,0.048,0.212,0.0,809302000.0,1.0,17417757.0,17417757.0,,91.759,5741558000.0,0.0,74900000.0,563192000.0,329.638,1187757000.0
22,FTRCQ,MRY,1998-12-31,1998-12-31,1998-12-31,2021-09-13,0.0,5292932000.0,5075434500.0,306562000.0,4986370000.0,0.285,102.257,-477976000.0,31922000.0,31922000.0,359762000.0,57060000.0,0.625,1.985,1893010000.0,117672000.0,1775338000.0,1893010000.0,0.0,0.0,30797000.0,0.0,0.0,175516000.0,175516000.0,0.121,175516000.0,175516000.0,73720000.0,3.3,2.7,3.3,1762986000.0,1752824500.0,1762986000.0,3890155896.0,22.0,22.164,-228077000.0,-13.229,1.0,1088826000.0,0.752,0.0,101796000.0,6663422000.0,6460364000.0,13706000.0,464146000.0,0.0,464146000.0,3500161000.0,490598000.0,3009563000.0,2068884896.0,-3241000.0,-88863000.0,-7722000.0,275183000.0,0.0,307693000.0,-531096000.0,42141000.0,249899000.0,0.0,57060000.0,57060000.0,57060000.0,-12950000.0,0.0,0.039,937864000.0,150962000.0,175304000.0,0.0,1.174,36.258,36.364,2705087000.0,0.0,120.0,1.428,1.428,233735000.0,117104000.0,1448588000.0,1448588000.0,0.0,0.011,0.033,0.027,0.121,0.0,692389000.0,1.0,17240707.0,17240707.0,,84.021,5292932000.0,0.0,16660000.0,518598000.0,307.002,-184036000.0
23,FTRCQ,MRY,1997-12-31,1997-12-31,1997-12-31,2021-09-13,0.0,4872852000.0,4588742500.0,281869000.0,4590983000.0,0.187,99.748,-414656000.0,35163000.0,35163000.0,110057000.0,10100000.0,0.696,1.944,1588991000.0,5089000.0,1583902000.0,1588991000.0,0.0,0.0,19401000.0,0.0,0.0,77807000.0,77807000.0,0.09,77807000.0,77807000.0,12028000.0,0.6,0.6,0.6,1642585000.0,1625790250.0,1642585000.0,3945977869.0,51.0,50.715,-274800000.0,-16.687,1.0,750275000.0,0.872,0.0,65779000.0,6021422000.0,5784360500.0,11411000.0,447695000.0,0.0,447695000.0,3193641000.0,405258000.0,2788383000.0,2378719869.0,10933000.0,0.0,-43727000.0,140567000.0,0.0,215394000.0,-228473000.0,160497000.0,139856000.0,0.0,10100000.0,10100000.0,10100000.0,-14023000.0,0.0,0.012,801056000.0,-50781000.0,214713000.0,0.0,1.448,235.517,240.75,2394787000.0,0.0,144.45,2.765,2.765,191424000.0,132217000.0,860332000.0,860332000.0,0.0,0.002,0.006,0.013,0.09,0.0,614526000.0,1.0,16467427.0,16467427.0,,52.244,4872852000.0,0.0,1928000.0,487015000.0,295.909,-123389000.0
24,FTRCQ,MRY,1996-12-31,1996-12-31,1996-12-31,2021-09-13,0.0,4523148000.0,4220667500.0,369770000.0,4153378000.0,0.31,,-530744000.0,24230000.0,24230000.0,285749000.0,178660000.0,0.903,1.695,1513290000.0,3593000.0,1509697000.0,1513290000.0,115291000.0,0.0,21400000.0,0.0,0.0,356292000.0,356292000.0,0.273,356292000.0,356292000.0,263597000.0,10.2,10.2,10.2,1678183000.0,1619048000.0,1678183000.0,,,,-300312000.0,,1.0,1020768000.0,0.781,0.0,92695000.0,5602719000.0,5165410500.0,27159000.0,539152000.0,0.0,539152000.0,2844965000.0,409489000.0,2435476000.0,,10933000.0,-105039000.0,-43727000.0,156482000.0,0.0,229929000.0,-449428000.0,160669000.0,230432000.0,0.0,178660000.0,178660000.0,178660000.0,0.0,0.0,0.137,725082000.0,295686000.0,168299000.0,0.0,,,16.353,3138052000.0,0.0,166.8,,,281650000.0,244066000.0,1306517000.0,1306517000.0,0.0,0.042,0.11,0.069,0.273,0.0,531349000.0,1.0,,,,,4523148000.0,0.0,84937000.0,457833000.0,,-39719000.0
25,FTRCQ,MRY,1995-12-31,1995-12-31,1995-12-31,2021-09-13,0.0,3918187000.0,3747376500.0,252702000.0,3665485000.0,0.285,,-245241000.0,17922000.0,17922000.0,209179000.0,159536000.0,0.502,1.512,1331515000.0,144515000.0,1187000000.0,1331515000.0,101300000.0,0.0,20501000.0,0.0,0.0,314128000.0,314128000.0,0.294,314128000.0,314128000.0,226353000.0,9.9,9.75,9.9,1559913000.0,1358404500.0,1559913000.0,,,,93370000.0,,1.0,859853000.0,0.804,0.0,87775000.0,4728102000.0,4480999000.0,18191000.0,329090000.0,0.0,329090000.0,2358274000.0,503678000.0,1854596000.0,,3698000.0,-223926000.0,250659000.0,-245300000.0,0.0,5359000.0,-342255000.0,126857000.0,338611000.0,0.0,159536000.0,159536000.0,159536000.0,0.0,0.0,0.149,605680000.0,254173000.0,178384000.0,0.0,,,19.318,2908030000.0,0.0,191.25,,,199813000.0,,1069032000.0,1069032000.0,0.0,0.043,0.117,0.07,0.294,0.0,446745000.0,1.0,,,,,3918187000.0,0.0,66817000.0,404783000.0,,-250976000.0
26,FTRCQ,MRY,1994-12-31,1994-12-31,1994-12-31,2021-09-13,0.0,3576566000.0,,314054000.0,3262512000.0,,,-263162000.0,14224000.0,14224000.0,442227000.0,143997000.0,0.369,2.092,1523375000.0,529186000.0,994189000.0,1523375000.0,77950000.0,0.0,19919000.0,0.0,0.0,281064000.0,281064000.0,0.31,281064000.0,281064000.0,208320000.0,10.2,10.2,10.2,1156896000.0,,1156896000.0,,,,-846000.0,,1.0,463923000.0,0.512,0.0,72744000.0,4233896000.0,,18330000.0,433829000.0,108818000.0,325011000.0,2419670000.0,851821000.0,1567849000.0,,-7514000.0,-700222000.0,18465000.0,592521000.0,0.0,612205000.0,-882035000.0,95144000.0,262316000.0,0.0,143997000.0,143997000.0,143997000.0,0.0,0.0,0.159,235799000.0,228124000.0,122404000.0,0.0,,,18.559,2569655000.0,0.0,189.3,,,166795000.0,,906150000.0,906150000.0,0.0,,,,0.31,0.0,0.0,1.0,,,,,3576566000.0,0.0,64323000.0,340516000.0,,-537767000.0
0,FTRCQ,MRQ,2021-03-31,2021-03-31,2021-03-31,2021-09-13,-744000000.0,16960000000.0,,2847000000.0,14113000000.0,,-46.195,-384000000.0,2107000000.0,2107000000.0,198000000.0,60000000.0,0.398,-4.511,17352000000.0,5782000000.0,11570000000.0,17352000000.0,210000000.0,387000000.0,0.0,0.0,0.0,236000000.0,623000000.0,0.372,623000000.0,236000000.0,147000000.0,0.57,0.57,0.57,-4830000000.0,,-4830000000.0,15546338120.0,46.0,8.148,281000000.0,2.688,1.0,1478000000.0,0.882,598000000.0,89000000.0,24456000000.0,,0.0,0.0,0.0,0.0,21790000000.0,7151000000.0,14639000000.0,29338120.0,278000000.0,2000000.0,0.0,-5000000.0,0.0,-7000000.0,-380000000.0,0.0,665000000.0,0.0,60000000.0,60000000.0,60000000.0,0.0,0.0,0.036,1244000000.0,234000000.0,507000000.0,0.0,-0.006,-0.188,-0.187,12987000000.0,0.0,0.28,0.004,0.004,519000000.0,-8915000000.0,1676000000.0,1676000000.0,0.0,,,,,-1000000.0,830000000.0,1.0,104779000.0,104556000.0,104896000.0,16.03,16362000000.0,43000000.0,87000000.0,632000000.0,156.49,-4304000000.0
1,FTRCQ,MRQ,2020-12-31,2020-12-31,2020-12-31,2021-09-13,-755000000.0,16795000000.0,,2654000000.0,14141000000.0,,-46.895,-356000000.0,1829000000.0,1829000000.0,208000000.0,-50000000.0,0.372,-4.428,17346000000.0,5781000000.0,11565000000.0,17346000000.0,202000000.0,394000000.0,0.0,0.0,0.0,55000000.0,449000000.0,0.265,449000000.0,55000000.0,-43000000.0,-0.48,-0.48,-0.48,-4900000000.0,,-4900000000.0,15530431370.0,56.0,8.287,141000000.0,1.349,1.0,1487000000.0,0.877,677000000.0,98000000.0,24495000000.0,,0.0,0.0,0.0,0.0,21695000000.0,7140000000.0,14555000000.0,9431370.0,61000000.0,20000000.0,0.0,2000000.0,0.0,-102000000.0,-334000000.0,0.0,497000000.0,0.0,-50000000.0,-50000000.0,-50000000.0,0.0,0.0,-0.029,1346000000.0,141000000.0,540000000.0,0.0,-0.002,-0.023,-0.023,12931000000.0,0.0,0.09,0.001,0.001,553000000.0,-8975000000.0,1695000000.0,1695000000.0,0.0,,,,,0.0,814000000.0,1.0,104793000.0,104488000.0,104488000.0,16.222,16118000000.0,85000000.0,7000000.0,547000000.0,154.257,-4486000000.0
2,FTRCQ,MRQ,2020-09-30,2020-09-30,2020-09-30,2021-09-13,-832000000.0,16787000000.0,,2638000000.0,14149000000.0,,-47.127,-314000000.0,1767000000.0,1767000000.0,226000000.0,15000000.0,0.371,-4.408,17288000000.0,5701000000.0,11587000000.0,17288000000.0,214000000.0,392000000.0,0.0,0.0,0.0,125000000.0,517000000.0,0.3,517000000.0,125000000.0,4000000.0,0.14,0.14,0.14,-4926000000.0,,-4926000000.0,15769903068.0,42.0,7.885,228000000.0,2.181,1.0,1500000000.0,0.869,757000000.0,121000000.0,24439000000.0,,0.0,0.0,0.0,0.0,21713000000.0,7112000000.0,14601000000.0,16903068.0,-525000000.0,2000000.0,0.0,-754000000.0,0.0,-754000000.0,-313000000.0,0.0,542000000.0,0.0,15000000.0,15000000.0,15000000.0,0.0,0.0,0.009,1361000000.0,139000000.0,564000000.0,0.0,-0.003,-0.033,-0.033,12858000000.0,0.0,0.161,0.002,0.002,562000000.0,-8925000000.0,1726000000.0,1726000000.0,0.0,,,,,1000000.0,835000000.0,1.0,104988000.0,104526000.0,104866000.0,16.513,16030000000.0,104000000.0,-11000000.0,565000000.0,153.359,-4474000000.0
3,FTRCQ,MRQ,2020-06-30,2020-06-30,2020-06-30,2021-09-13,-987000000.0,17467000000.0,,3219000000.0,14248000000.0,,-48.763,-225000000.0,2290000000.0,2290000000.0,255000000.0,-181000000.0,0.412,-4.427,18043000000.0,6446000000.0,11597000000.0,18043000000.0,234000000.0,397000000.0,0.0,0.0,0.0,-78000000.0,319000000.0,0.177,319000000.0,-78000000.0,-238000000.0,-1.73,-1.73,-1.73,-5097000000.0,,-5097000000.0,16375498800.0,61.0,8.524,248000000.0,2.373,1.0,1546000000.0,0.858,838000000.0,160000000.0,24570000000.0,,0.0,0.0,0.0,0.0,22564000000.0,7812000000.0,14752000000.0,10498800.0,1359000000.0,1134000000.0,0.0,-5000000.0,0.0,-24000000.0,910000000.0,0.0,473000000.0,0.0,-181000000.0,-181000000.0,-181000000.0,0.0,0.0,-0.1,1604000000.0,-58000000.0,534000000.0,0.0,-0.002,-0.012,-0.012,12845000000.0,0.0,0.1,0.001,0.001,602000000.0,-8940000000.0,1801000000.0,1801000000.0,0.0,,,,,1000000.0,837000000.0,1.0,104988000.0,104525000.0,104525000.0,17.23,16629000000.0,79000000.0,-57000000.0,527000000.0,159.091,-4593000000.0
4,FTRCQ,MRQ,2020-03-31,2020-03-31,2020-03-31,2021-09-13,-564000000.0,17488000000.0,,3202000000.0,14286000000.0,,-43.052,-286000000.0,941000000.0,941000000.0,286000000.0,-186000000.0,0.167,-4.892,17306000000.0,17306000000.0,0.0,17306000000.0,221000000.0,415000000.0,0.0,0.0,0.0,174000000.0,589000000.0,0.305,589000000.0,174000000.0,-209000000.0,-1.78,-1.78,-1.78,-4493000000.0,,-4493000000.0,16581895420.0,-3.0,-4.86,191000000.0,1.83,1.0,1647000000.0,0.852,921000000.0,383000000.0,13703000000.0,,0.0,0.0,0.0,0.0,21981000000.0,19229000000.0,2752000000.0,39895420.0,182000000.0,2000000.0,0.0,-13000000.0,0.0,-13000000.0,-282000000.0,0.0,477000000.0,0.0,-186000000.0,-186000000.0,-186000000.0,0.0,0.0,-0.096,1478000000.0,169000000.0,357000000.0,0.0,-0.009,-0.007,-0.007,12890000000.0,0.0,0.38,0.005,0.005,596000000.0,-8759000000.0,1933000000.0,1933000000.0,0.0,,,,,1000000.0,888000000.0,1.0,104987947.0,104363000.0,104363000.0,18.522,16567000000.0,56000000.0,-23000000.0,686000000.0,158.744,-16027000000.0
5,FTRCQ,MRQ,2019-12-31,2019-12-31,2019-12-31,2021-09-13,-650000000.0,17488000000.0,,3037000000.0,14451000000.0,,-42.182,-328000000.0,760000000.0,760000000.0,284000000.0,-162000000.0,1.083,-4.98,17302000000.0,994000000.0,16308000000.0,17302000000.0,219000000.0,420000000.0,0.0,0.0,0.0,155000000.0,575000000.0,0.296,575000000.0,155000000.0,-236000000.0,-1.54,-1.54,-1.54,-4394000000.0,,-4394000000.0,16709737152.0,-3.0,-5.21,77000000.0,0.739,1.0,1658000000.0,0.854,1020000000.0,391000000.0,30206000000.0,,0.0,0.0,0.0,0.0,21882000000.0,2804000000.0,19078000000.0,93737152.0,77000000.0,12000000.0,0.0,-14000000.0,0.0,-14000000.0,-314000000.0,0.0,405000000.0,0.0,-162000000.0,-162000000.0,-162000000.0,0.0,0.0,-0.083,1494000000.0,164000000.0,437000000.0,0.0,-0.021,-0.016,-0.016,12963000000.0,0.0,0.89,0.012,0.011,629000000.0,-8573000000.0,1942000000.0,1942000000.0,0.0,,,,,5000000.0,903000000.0,1.0,105370000.0,104167000.0,104167000.0,18.643,16468000000.0,53000000.0,-74000000.0,668000000.0,158.092,233000000.0
6,FTRCQ,MRQ,2019-09-30,2019-09-30,2019-09-30,2021-09-13,-517000000.0,17561000000.0,,3009000000.0,14552000000.0,,-39.401,-318000000.0,683000000.0,683000000.0,307000000.0,-345000000.0,1.098,-5.28,17299000000.0,994000000.0,16305000000.0,17299000000.0,227000000.0,422000000.0,0.0,0.0,0.0,16000000.0,438000000.0,0.219,438000000.0,16000000.0,-366000000.0,-3.31,-3.31,-3.31,-4103000000.0,,-4103000000.0,16621356657.0,-3.0,-5.24,-72000000.0,-0.691,1.0,1690000000.0,0.846,1120000000.0,382000000.0,30317000000.0,,0.0,0.0,0.0,0.0,21664000000.0,2740000000.0,18924000000.0,91356657.0,416000000.0,2000000.0,0.0,486000000.0,0.0,485000000.0,-315000000.0,0.0,246000000.0,0.0,-345000000.0,-345000000.0,-345000000.0,0.0,0.0,-0.173,1664000000.0,26000000.0,453000000.0,0.0,-0.022,-0.015,-0.015,12973000000.0,0.0,0.867,0.011,0.011,654000000.0,-8411000000.0,1997000000.0,1997000000.0,0.0,,,,,3000000.0,909000000.0,1.0,105371000.0,104135000.0,104135000.0,19.177,16441000000.0,55000000.0,-21000000.0,793000000.0,157.882,269000000.0
7,FTRCQ,MRQ,2019-06-30,2019-06-30,2019-06-30,2021-09-13,-525000000.0,17565000000.0,,2614000000.0,14951000000.0,,-36.219,-275000000.0,267000000.0,267000000.0,318000000.0,-5317000000.0,1.137,-5.658,16797000000.0,440000000.0,16357000000.0,16797000000.0,232000000.0,454000000.0,0.0,0.0,0.0,-5468000000.0,-5014000000.0,-2.426,-5014000000.0,-5468000000.0,-5851000000.0,-51.07,-51.07,-51.07,-3771000000.0,,-3771000000.0,16984259250.0,-3.0,-5.341,300000000.0,2.881,1.0,1749000000.0,0.846,1497000000.0,383000000.0,30298000000.0,,0.0,0.0,0.0,0.0,21336000000.0,2300000000.0,19036000000.0,184259250.0,148000000.0,0.0,0.0,-138000000.0,0.0,-153000000.0,-274000000.0,0.0,575000000.0,0.0,-5317000000.0,-5317000000.0,-5317000000.0,0.0,0.0,-2.572,7208000000.0,-5459000000.0,452000000.0,0.0,-0.049,-0.03,-0.03,12999000000.0,0.0,1.75,0.022,0.022,674000000.0,-8067000000.0,2067000000.0,2067000000.0,0.0,,,,,4000000.0,890000000.0,1.0,105291000.0,104118000.0,104118000.0,19.852,16068000000.0,60000000.0,-534000000.0,787000000.0,154.325,314000000.0
8,FTRCQ,MRQ,2019-03-31,2019-03-31,2019-03-31,2021-09-13,-534000000.0,23362000000.0,,1110000000.0,22252000000.0,,14.776,-305000000.0,119000000.0,119000000.0,338000000.0,-87000000.0,0.552,14.22,16919000000.0,393000000.0,16526000000.0,16919000000.0,260000000.0,484000000.0,0.0,0.0,0.0,310000000.0,794000000.0,0.378,794000000.0,310000000.0,-69000000.0,-0.84,-0.84,-0.84,1535000000.0,,1535000000.0,17027552970.0,23.0,6.385,-23000000.0,-0.221,1.0,1763000000.0,0.839,7747000000.0,379000000.0,30405000000.0,,0.0,0.0,0.0,0.0,21827000000.0,2010000000.0,19817000000.0,209552970.0,-235000000.0,74000000.0,0.0,-253000000.0,0.0,-286000000.0,-231000000.0,0.0,282000000.0,0.0,-87000000.0,-87000000.0,-87000000.0,0.0,0.0,-0.041,1424000000.0,339000000.0,473000000.0,0.0,0.137,-0.261,-0.244,14034000000.0,0.0,1.99,0.025,0.024,715000000.0,-2749000000.0,2101000000.0,2101000000.0,0.0,,,,,3000000.0,912000000.0,1.0,105303000.0,103885000.0,103885000.0,20.224,15615000000.0,61000000.0,18000000.0,1330000000.0,150.31,-900000000.0
9,FTRCQ,MRQ,2018-12-31,2018-12-31,2018-12-31,2021-09-13,-463000000.0,23659000000.0,,1330000000.0,22329000000.0,,16.441,-245000000.0,354000000.0,354000000.0,347000000.0,-219000000.0,0.519,13.787,17172000000.0,814000000.0,16358000000.0,17172000000.0,256000000.0,492000000.0,0.0,0.0,0.0,118000000.0,610000000.0,0.287,610000000.0,118000000.0,-270000000.0,-2.28,-2.28,-2.28,1600000000.0,,1600000000.0,17420206620.0,21.0,6.255,358000000.0,3.679,1.0,1777000000.0,0.837,7877000000.0,388000000.0,30039000000.0,,0.0,0.0,0.0,0.0,22059000000.0,2561000000.0,19498000000.0,251206620.0,116000000.0,0.0,0.0,-249000000.0,0.0,-243000000.0,-244000000.0,0.0,603000000.0,0.0,-219000000.0,-219000000.0,-219000000.0,0.0,0.0,-0.103,1657000000.0,120000000.0,495000000.0,0.0,0.157,-0.335,-0.284,14187000000.0,0.0,2.38,0.029,0.025,723000000.0,-2752000000.0,2124000000.0,2124000000.0,0.0,,,,,4000000.0,902000000.0,1.0,105549000.0,97318000.0,97318000.0,21.825,15782000000.0,60000000.0,-51000000.0,1291000000.0,162.169,-1231000000.0
10,FTRCQ,MRQ,2018-09-30,2018-09-30,2018-09-30,2021-09-13,-330000000.0,24033000000.0,,1282000000.0,22751000000.0,,18.743,-329000000.0,238000000.0,238000000.0,353000000.0,-426000000.0,0.49,11.369,17407000000.0,1005000000.0,16402000000.0,17407000000.0,261000000.0,471000000.0,0.0,0.092,0.0,-41000000.0,430000000.0,0.202,430000000.0,-41000000.0,-430000000.0,-4.11,-4.11,-4.11,1943000000.0,,1943000000.0,17739706900.0,-17.0,18.993,-43000000.0,-0.415,1.0,1773000000.0,0.834,8250000000.0,389000000.0,30335000000.0,,0.0,0.0,0.0,0.0,22090000000.0,2617000000.0,19473000000.0,686706900.0,-146000000.0,0.0,0.0,-56000000.0,0.0,-117000000.0,-315000000.0,0.0,286000000.0,0.0,-426000000.0,-426000000.0,-426000000.0,0.0,0.0,-0.2,1815000000.0,-42000000.0,457000000.0,0.0,0.353,-0.426,-0.335,14268000000.0,0.0,6.49,0.079,0.077,744000000.0,-2533000000.0,2126000000.0,2126000000.0,0.0,,,,,5000000.0,921000000.0,1.0,105810000.0,103665000.0,103665000.0,20.508,15783000000.0,103000000.0,-4000000.0,1401000000.0,152.25,-1335000000.0
11,FTRCQ,MRQ,2018-06-30,2018-06-30,2018-06-30,2021-09-13,-296000000.0,24730000000.0,,1428000000.0,23302000000.0,,30.772,-321000000.0,384000000.0,384000000.0,369000000.0,-18000000.0,0.467,9.3,17437000000.0,1228000000.0,16209000000.0,17437000000.0,265000000.0,486000000.0,0.0,0.224,0.0,347000000.0,833000000.0,0.385,833000000.0,347000000.0,-38000000.0,-0.92,-0.92,-0.92,2401000000.0,,2401000000.0,17758539680.0,-26.0,13.106,351000000.0,4.499,1.0,1793000000.0,0.829,8784000000.0,385000000.0,29943000000.0,,0.0,0.0,0.0,0.0,22329000000.0,3056000000.0,19273000000.0,429539680.0,233000000.0,1000000.0,0.0,-95000000.0,0.0,-111000000.0,-328000000.0,0.0,672000000.0,0.0,-18000000.0,-72000000.0,-72000000.0,0.0,0.0,-0.033,1451000000.0,342000000.0,513000000.0,0.0,0.179,-0.336,-0.325,14282000000.0,54000000.0,5.36,0.049,0.047,751000000.0,-2107000000.0,2162000000.0,2162000000.0,0.0,,,,,5000000.0,938000000.0,1.0,80138000.0,78026000.0,78026000.0,27.709,15946000000.0,106000000.0,-20000000.0,1378000000.0,204.368,-1628000000.0
12,FTRCQ,MRQ,2018-03-31,2018-03-31,2018-03-31,2021-09-13,-367000000.0,24678000000.0,,1202000000.0,23476000000.0,,30.95,-297000000.0,201000000.0,201000000.0,372000000.0,20000000.0,0.452,9.3,17530000000.0,1060000000.0,16470000000.0,17530000000.0,271000000.0,505000000.0,0.0,0.243,0.0,407000000.0,912000000.0,0.415,912000000.0,407000000.0,33000000.0,-0.44,-0.44,-0.44,2396000000.0,,2396000000.0,17845787360.0,-12.0,30.247,-46000000.0,-0.594,1.0,1827000000.0,0.831,8927000000.0,374000000.0,30421000000.0,,0.0,0.0,0.0,0.0,22282000000.0,2659000000.0,19623000000.0,581787360.0,-175000000.0,10000000.0,0.0,-53000000.0,0.0,-137000000.0,-289000000.0,0.0,251000000.0,0.0,20000000.0,-33000000.0,-33000000.0,0.0,0.0,-0.015,1461000000.0,366000000.0,537000000.0,0.0,0.243,-0.303,-0.3,14321000000.0,53000000.0,7.42,0.065,0.064,778000000.0,-2089000000.0,2199000000.0,2199000000.0,0.0,,,,,4000000.0,952000000.0,1.0,78408000.0,77416000.0,77416000.0,28.405,15751000000.0,54000000.0,13000000.0,1373000000.0,203.459,-1457000000.0
13,FTRCQ,MRQ,2017-12-31,2017-12-31,2017-12-31,2021-09-13,-366000000.0,24884000000.0,,1323000000.0,23561000000.0,,29.228,-323000000.0,362000000.0,362000000.0,388000000.0,-1029000000.0,0.528,9.943,17626000000.0,656000000.0,16970000000.0,17626000000.0,270000000.0,514000000.0,0.0,0.499,0.6,-1755000000.0,-1241000000.0,-0.56,-1241000000.0,-1755000000.0,-2132000000.0,-13.93,-13.93,-13.93,2274000000.0,,2274000000.0,18014376080.0,-11.0,33.925,342000000.0,4.396,1.0,1829000000.0,0.825,9087000000.0,377000000.0,30553000000.0,,0.0,0.0,0.0,0.0,22610000000.0,2508000000.0,20102000000.0,530376080.0,90000000.0,1000000.0,0.0,-167000000.0,-47000000.0,-271000000.0,-304000000.0,0.0,665000000.0,0.0,-1029000000.0,-1082000000.0,-1082000000.0,0.0,0.0,-0.488,3582000000.0,-1753000000.0,564000000.0,-0.043,0.233,-0.263,-0.26,14377000000.0,53000000.0,6.76,0.058,0.058,819000000.0,-2263000000.0,2217000000.0,2217000000.0,0.0,,,,,4000000.0,947000000.0,1.0,78458000.0,77802000.0,77319000.0,28.495,15797000000.0,64000000.0,-1103000000.0,1295000000.0,203.041,-1185000000.0
14,FTRCQ,MRQ,2017-09-30,2017-09-30,2017-09-30,2021-09-13,-349000000.0,27076000000.0,,1262000000.0,25814000000.0,,43.832,-282000000.0,286000000.0,286000000.0,390000000.0,-38000000.0,0.704,6.94,17770000000.0,166000000.0,17604000000.0,17770000000.0,277000000.0,539000000.0,0.0,0.369,0.6,312000000.0,851000000.0,0.378,851000000.0,312000000.0,-69000000.0,-1.19,-1.19,-1.19,3410000000.0,,3410000000.0,18384715430.0,50.0,7.066,74000000.0,0.951,1.0,1861000000.0,0.827,11325000000.0,381000000.0,31442000000.0,,0.0,0.0,0.0,0.0,23666000000.0,1793000000.0,21873000000.0,925715430.0,-101000000.0,15000000.0,0.0,-91000000.0,-47000000.0,-191000000.0,-266000000.0,0.0,356000000.0,0.0,-38000000.0,-92000000.0,-92000000.0,0.0,0.0,-0.041,1554000000.0,307000000.0,509000000.0,-0.504,0.271,-0.866,-0.854,14375000000.0,54000000.0,11.79,0.099,0.098,780000000.0,-1234000000.0,2251000000.0,2251000000.0,0.0,,,,,4000000.0,985000000.0,1.0,78517000.0,77797000.0,77797000.0,28.934,15751000000.0,98000000.0,-31000000.0,2430000000.0,202.463,-531000000.0
15,FTRCQ,MRQ,2017-06-30,2017-06-30,2017-06-30,2021-09-13,-329000000.0,27511000000.0,,1425000000.0,26086000000.0,,45.838,-267000000.0,387000000.0,387000000.0,408000000.0,-662000000.0,0.72,6.715,17846000000.0,166000000.0,17680000000.0,17846000000.0,286000000.0,552000000.0,0.0,0.306,0.6,-484000000.0,68000000.0,0.03,68000000.0,-484000000.0,-872000000.0,-9.2,-9.2,-9.2,3566000000.0,,3566000000.0,18914560040.0,59.0,7.306,262000000.0,3.368,1.0,1896000000.0,0.823,11488000000.0,388000000.0,31503000000.0,,0.0,0.0,0.0,0.0,23945000000.0,1979000000.0,21966000000.0,1366560040.0,46000000.0,24000000.0,0.0,-133000000.0,-48000000.0,-242000000.0,-241000000.0,0.0,529000000.0,0.0,-662000000.0,-715000000.0,-715000000.0,0.0,0.0,-0.31,2290000000.0,-394000000.0,523000000.0,-0.065,0.383,-1.23,-1.213,14482000000.0,53000000.0,17.4,0.142,0.141,789000000.0,-1196000000.0,2304000000.0,2304000000.0,0.0,,,,,3000000.0,1008000000.0,1.0,78537933.0,77795000.0,77951000.0,29.616,16023000000.0,140000000.0,-210000000.0,2443000000.0,205.964,-554000000.0
16,FTRCQ,MRQ,2017-03-31,2017-03-31,2017-03-31,2021-09-13,-326000000.0,28449000000.0,,1384000000.0,27065000000.0,,55.754,-316000000.0,341000000.0,341000000.0,411000000.0,-75000000.0,0.665,5.576,17889000000.0,363000000.0,17526000000.0,17889000000.0,290000000.0,579000000.0,0.0,0.196,1.575,274000000.0,853000000.0,0.362,853000000.0,274000000.0,-114000000.0,-1.67,-1.67,-1.67,4326000000.0,,4326000000.0,19910203500.0,18.0,5.844,-16000000.0,-0.206,1.0,1945000000.0,0.826,12331000000.0,388000000.0,31586000000.0,,0.0,0.0,0.0,0.0,24123000000.0,2080000000.0,22043000000.0,2509203500.0,-181000000.0,70000000.0,0.0,-48000000.0,-124000000.0,-238000000.0,-243000000.0,0.0,300000000.0,0.0,-75000000.0,-129000000.0,-129000000.0,0.0,0.0,-0.055,1671000000.0,274000000.0,532000000.0,-0.943,0.58,-5.271,-5.186,14616000000.0,54000000.0,32.1,0.254,0.252,836000000.0,-534000000.0,2356000000.0,2356000000.0,0.0,,,,,3000000.0,1035000000.0,1.0,78168333.0,77591000.0,77591000.0,30.364,16118000000.0,103000000.0,-39000000.0,2652000000.0,207.73,-696000000.0
17,FTRCQ,MRQ,2016-12-31,2016-12-31,2016-12-31,2021-09-13,-387000000.0,29013000000.0,,1656000000.0,27357000000.0,,58.232,-342000000.0,522000000.0,522000000.0,417000000.0,-80000000.0,0.678,5.42,17923000000.0,363000000.0,17560000000.0,17923000000.0,301000000.0,562000000.0,0.0,0.124,1.575,268000000.0,830000000.0,0.345,830000000.0,268000000.0,-118000000.0,-1.74,-1.74,-1.74,4519000000.0,,4519000000.0,21576831260.0,24.0,7.342,372000000.0,4.794,1.0,1992000000.0,0.827,12336000000.0,386000000.0,31634000000.0,,0.0,0.0,0.0,0.0,24494000000.0,2444000000.0,22050000000.0,3964831260.0,191000000.0,23000000.0,0.0,-25000000.0,-123000000.0,-209000000.0,-314000000.0,0.0,714000000.0,0.0,-80000000.0,-133000000.0,-133000000.0,0.0,0.0,-0.055,1714000000.0,278000000.0,698000000.0,-0.905,0.877,-6.754,-6.662,14902000000.0,53000000.0,50.7,0.446,0.442,938000000.0,-460000000.0,2409000000.0,2409000000.0,0.0,,,,,3000000.0,1023000000.0,1.0,78201800.0,77604000.0,77604000.0,31.042,16677000000.0,108000000.0,-38000000.0,2650000000.0,214.899,-788000000.0
18,FTRCQ,MRQ,2016-09-30,2016-09-30,2016-09-30,2021-09-13,-403000000.0,29045000000.0,,1644000000.0,27401000000.0,,61.292,-414000000.0,331000000.0,331000000.0,440000000.0,-80000000.0,0.683,5.106,17943000000.0,509000000.0,17434000000.0,17943000000.0,312000000.0,578000000.0,0.0,0.101,1.575,260000000.0,838000000.0,0.332,838000000.0,260000000.0,-126000000.0,-1.73,-1.73,-1.73,4757000000.0,,4757000000.0,22162975360.0,27.0,8.479,-93000000.0,-1.198,1.0,2084000000.0,0.826,12379000000.0,386000000.0,31872000000.0,,0.0,0.0,0.0,0.0,24288000000.0,2406000000.0,21882000000.0,4879975360.0,-352000000.0,0.0,0.0,-52000000.0,-124000000.0,-253000000.0,-420000000.0,0.0,321000000.0,0.0,-80000000.0,-134000000.0,-134000000.0,0.0,0.0,-0.053,1820000000.0,264000000.0,700000000.0,-0.91,1.026,-8.0,-7.713,14899000000.0,54000000.0,62.4,0.618,0.613,1004000000.0,-380000000.0,2524000000.0,2524000000.0,0.0,,,,,6000000.0,1109000000.0,1.0,78204733.0,77612000.0,77612000.0,32.521,16666000000.0,200000000.0,-46000000.0,2710000000.0,214.735,-762000000.0
19,FTRCQ,MRQ,2016-06-30,2016-06-30,2016-06-30,2021-09-13,-342000000.0,29456000000.0,,1881000000.0,27575000000.0,,65.211,-386000000.0,683000000.0,683000000.0,453000000.0,-27000000.0,0.589,4.819,17966000000.0,1043000000.0,16923000000.0,17966000000.0,323000000.0,575000000.0,0.0,0.085,1.575,311000000.0,886000000.0,0.34,886000000.0,311000000.0,-75000000.0,-1.05,-1.05,-1.05,5062000000.0,,5062000000.0,12808995440.0,17.0,5.547,307000000.0,3.955,1.0,2155000000.0,0.826,11296000000.0,386000000.0,32251000000.0,,0.0,0.0,0.0,0.0,24394000000.0,3192000000.0,21202000000.0,5794995440.0,-8169000000.0,-9886000000.0,0.0,1580000000.0,-123000000.0,1404000000.0,-10266000000.0,0.0,693000000.0,0.0,-27000000.0,-80000000.0,-80000000.0,0.0,0.0,-0.031,1844000000.0,311000000.0,722000000.0,-1.5,1.145,-10.404,-10.0,16161000000.0,53000000.0,74.1,0.852,0.846,1034000000.0,-300000000.0,2608000000.0,2608000000.0,0.0,,,,,7000000.0,1142000000.0,1.0,78205067.0,77625000.0,77625000.0,33.597,18160000000.0,56000000.0,-48000000.0,2627000000.0,233.945,-1311000000.0
20,FTRCQ,MRQ,2016-03-31,2016-03-31,2016-03-31,2021-09-13,-347000000.0,26454000000.0,,9576000000.0,16878000000.0,,67.704,-259000000.0,8852000000.0,8852000000.0,160000000.0,-186000000.0,5.522,4.035,15866000000.0,370000000.0,15496000000.0,15866000000.0,158000000.0,316000000.0,0.0,0.075,1.575,69000000.0,385000000.0,0.284,385000000.0,69000000.0,-304000000.0,-3.15,-3.15,-3.15,5254000000.0,,5254000000.0,13042120610.0,20.0,6.681,-311000000.0,-4.008,1.0,1195000000.0,0.882,8233000000.0,373000000.0,23501000000.0,,0.0,0.0,0.0,0.0,21200000000.0,1734000000.0,19466000000.0,6530120610.0,-528000000.0,0.0,0.0,-24000000.0,-123000000.0,-217000000.0,-259000000.0,0.0,-52000000.0,0.0,-186000000.0,-240000000.0,-240000000.0,0.0,0.0,-0.177,1137000000.0,58000000.0,474000000.0,-0.5,1.243,-12.931,-12.313,8495000000.0,54000000.0,83.85,1.174,1.17,544000000.0,-273000000.0,1355000000.0,1355000000.0,0.0,,,,,8000000.0,683000000.0,1.0,77878600.0,77602733.0,77602733.0,17.461,18221000000.0,51000000.0,-118000000.0,2638000000.0,234.798,7842000000.0
21,FTRCQ,MRQ,2015-12-31,2015-12-31,2015-12-31,2021-09-13,-353000000.0,27084000000.0,,10131000000.0,16953000000.0,,73.001,-237000000.0,9380000000.0,9380000000.0,165000000.0,-103000000.0,5.352,3.824,15892000000.0,384000000.0,15508000000.0,15892000000.0,160000000.0,319000000.0,0.0,0.09,1.575,186000000.0,505000000.0,0.357,505000000.0,186000000.0,-176000000.0,-2.16,-2.16,-2.16,5614000000.0,,5614000000.0,12117550040.0,16.0,5.848,117000000.0,1.521,1.0,1248000000.0,0.883,8309000000.0,362000000.0,23394000000.0,,0.0,0.0,0.0,0.0,21470000000.0,1893000000.0,19577000000.0,5455550040.0,8369000000.0,22000000.0,0.0,-24000000.0,-123000000.0,-214000000.0,8229000000.0,0.0,354000000.0,0.0,-103000000.0,-156000000.0,-156000000.0,0.0,0.0,-0.11,1066000000.0,182000000.0,467000000.0,-0.729,0.972,-17.264,-15.884,8493000000.0,53000000.0,70.05,0.978,0.908,571000000.0,-87000000.0,1413000000.0,1413000000.0,0.0,,,,,8000000.0,659000000.0,1.0,77880800.0,76903199.0,76903199.0,18.374,18775000000.0,80000000.0,-73000000.0,2753000000.0,244.138,8238000000.0
22,FTRCQ,MRQ,2015-09-30,2015-09-30,2015-09-30,2021-09-13,-391000000.0,27365000000.0,,10195000000.0,17170000000.0,,75.633,-240000000.0,9451000000.0,9451000000.0,159000000.0,-14000000.0,7.139,3.674,16113000000.0,97000000.0,16016000000.0,16113000000.0,165000000.0,325000000.0,0.0,0.087,1.575,208000000.0,533000000.0,0.374,533000000.0,208000000.0,-38000000.0,-1.05,-1.05,-1.05,5855000000.0,,5855000000.0,11999983250.0,16.0,5.78,105000000.0,1.356,1.0,1265000000.0,0.888,8386000000.0,246000000.0,24213000000.0,,0.0,0.0,0.0,0.0,21510000000.0,1428000000.0,20082000000.0,5548983250.0,-235000000.0,-1000000.0,0.0,6576000000.0,-122000000.0,6270000000.0,-6850000000.0,0.0,345000000.0,0.0,-14000000.0,-81000000.0,-81000000.0,0.0,0.0,-0.057,1058000000.0,207000000.0,335000000.0,-1.5,0.948,-38.007,-33.929,8439000000.0,67000000.0,71.25,1.01,1.004,554000000.0,16000000.0,1424000000.0,1424000000.0,0.0,,,,,7000000.0,675000000.0,1.0,77880467.0,77413800.0,77413800.0,18.395,18979000000.0,104000000.0,-24000000.0,2810000000.0,245.163,8767000000.0
23,FTRCQ,MRQ,2015-06-30,2015-06-30,2015-06-30,2021-09-13,-396000000.0,21286000000.0,,4088000000.0,17198000000.0,,87.449,-206000000.0,3086000000.0,3086000000.0,161000000.0,-28000000.0,2.903,2.52,9537000000.0,97000000.0,9440000000.0,9537000000.0,170000000.0,335000000.0,0.0,0.083,1.575,194000000.0,529000000.0,0.387,529000000.0,194000000.0,-66000000.0,-0.45,-0.45,-0.45,6048000000.0,,6048000000.0,14114374600.0,18.0,6.967,161000000.0,2.328,1.0,1207000000.0,0.882,8534000000.0,260000000.0,17795000000.0,,0.0,0.0,0.0,0.0,15238000000.0,1408000000.0,13830000000.0,4966374600.0,737000000.0,-16000000.0,799000000.0,-121000000.0,-106000000.0,2438000000.0,-2068000000.0,0.0,367000000.0,0.0,-28000000.0,-28000000.0,-28000000.0,0.0,0.0,-0.02,1014000000.0,193000000.0,324000000.0,-3.5,0.821,-215.929,-165.0,8432000000.0,0.0,74.25,0.953,0.986,541000000.0,30000000.0,1368000000.0,1368000000.0,0.0,,,,,5000000.0,644000000.0,1.0,66887200.0,69160467.0,69160467.0,19.78,12752000000.0,393000000.0,-38000000.0,3130000000.0,184.383,2680000000.0
24,FTRCQ,MRQ,2015-03-31,2015-03-31,2015-03-31,2021-09-13,-401000000.0,18721000000.0,,1408000000.0,17313000000.0,,52.884,-180000000.0,509000000.0,509000000.0,155000000.0,-51000000.0,0.978,4.338,9657000000.0,193000000.0,9464000000.0,9657000000.0,176000000.0,341000000.0,0.0,0.057,1.575,164000000.0,505000000.0,0.368,505000000.0,164000000.0,-81000000.0,-0.75,-0.75,-0.75,3507000000.0,,3507000000.0,16168509450.0,20.0,8.105,69000000.0,1.04,1.0,1216000000.0,0.887,8621000000.0,245000000.0,17808000000.0,,0.0,0.0,0.0,0.0,15214000000.0,1440000000.0,13774000000.0,7067406450.0,-173000000.0,0.0,0.0,-126000000.0,-105000000.0,-233000000.0,-189000000.0,0.0,249000000.0,0.0,-51000000.0,-51000000.0,-51000000.0,0.0,0.0,-0.037,1053000000.0,163000000.0,260000000.0,-2.1,2.015,164.358,176.25,8478000000.0,0.0,105.75,1.417,1.406,526000000.0,58000000.0,1371000000.0,1371000000.0,0.0,,,,,7000000.0,655000000.0,1.0,66831267.0,66314400.0,66314400.0,20.674,10100000000.0,311000000.0,-30000000.0,3001000000.0,152.305,-32000000.0
25,FTRCQ,MRQ,2014-12-31,2014-12-31,2014-12-31,2021-09-13,-404000000.0,18810000000.0,,1415000000.0,17395000000.0,,55.174,-193000000.0,682000000.0,682000000.0,144000000.0,14000000.0,0.936,4.142,9691000000.0,298000000.0,9393000000.0,9691000000.0,179000000.0,323000000.0,0.0,0.06,1.5,186000000.0,509000000.0,0.383,509000000.0,186000000.0,-2000000.0,0.15,0.15,0.15,3658000000.0,,3658000000.0,13804499270.0,16.0,6.909,135000000.0,2.036,1.0,1186000000.0,0.892,8705000000.0,188000000.0,17602000000.0,,0.0,0.0,0.0,0.0,15152000000.0,1512000000.0,13640000000.0,6683880270.0,-137000000.0,-2004000000.0,0.0,335000000.0,-100000000.0,234000000.0,-699000000.0,0.0,328000000.0,0.0,14000000.0,14000000.0,14000000.0,0.0,0.0,0.011,1013000000.0,173000000.0,379000000.0,10.0,1.827,50.255,51.308,8566000000.0,0.0,100.05,1.401,1.39,614000000.0,109000000.0,1330000000.0,1330000000.0,0.0,,,,,5000000.0,618000000.0,1.0,66805400.0,66299531.0,66627731.0,20.06,10105000000.0,58000000.0,-16000000.0,2948000000.0,152.414,-97000000.0
26,FTRCQ,MRQ,2014-09-30,2014-09-30,2014-09-30,2021-09-13,-252141000.0,17639688000.0,,2927349000.0,14712339000.0,,58.702,-192000000.0,2327518000.0,2327518000.0,108000000.0,42000000.0,2.187,3.532,9448137000.0,262534000.0,9185603000.0,9448137000.0,132848000.0,261000000.0,0.0,0.061,1.5,222000000.0,483000000.0,0.423,483000000.0,222000000.0,52000000.0,0.6,0.6,0.6,3892519000.0,,3892519000.0,13630153530.0,15.0,6.715,109000000.0,1.644,1.0,1033000000.0,0.905,7335016000.0,170000000.0,16086922000.0,,0.0,0.0,0.0,0.0,13747169000.0,1338369000.0,12408800000.0,6523690530.0,7000000.0,25000000.0,0.0,1535000000.0,-101000000.0,1401000000.0,-1695000000.0,0.0,301000000.0,0.0,42000000.0,42000000.0,42000000.0,0.0,0.0,0.037,836000000.0,197000000.0,282796000.0,2.5,1.676,34.901,34.263,7152461000.0,0.0,97.65,1.411,1.401,462299000.0,195055000.0,1141000000.0,1141000000.0,0.0,,,,,6000000.0,533000000.0,1.0,66806867.0,66309800.0,66523667.0,17.207,10304672000.0,66787000.0,10000000.0,2460896000.0,155.402,1588980000.0
27,FTRCQ,MRQ,2014-06-30,2014-06-30,2014-06-30,2021-09-13,-254601000.0,16179278000.0,,1411255000.0,14768023000.0,,59.013,-158000000.0,806897000.0,806897000.0,106000000.0,38000000.0,1.101,3.103,7913360000.0,262527000.0,7650833000.0,7913360000.0,133560000.0,274000000.0,0.0,0.068,1.5,224000000.0,498000000.0,0.434,498000000.0,224000000.0,57000000.0,0.6,0.6,0.6,3943150000.0,,3943150000.0,13013970880.0,14.0,6.378,170000000.0,2.544,1.0,1041000000.0,0.908,7400869000.0,167000000.0,14602618000.0,,0.0,0.0,0.0,0.0,12236128000.0,1282254000.0,10953874000.0,5853326880.0,-153000000.0,0.0,0.0,-216000000.0,-100000000.0,-322000000.0,-159000000.0,0.0,328000000.0,0.0,38000000.0,38000000.0,38000000.0,0.0,0.0,0.033,817000000.0,224000000.0,275119000.0,2.5,1.484,32.461,30.737,7162649000.0,0.0,87.6,1.254,1.254,463932000.0,153062000.0,1147000000.0,1147000000.0,0.0,,,,,6000000.0,524000000.0,1.0,66818800.0,66818800.0,,17.166,8778409000.0,77830000.0,19000000.0,2462873000.0,131.376,129001000.0
28,FTRCQ,MRQ,2014-03-31,2014-03-31,2014-03-31,2021-09-13,-257491000.0,16468874000.0,,1599414000.0,14869460000.0,,59.997,-145000000.0,967653000.0,967653000.0,107000000.0,39000000.0,1.201,3.12,8128297000.0,365625000.0,7762672000.0,8128297000.0,135246000.0,281000000.0,0.0,0.07,1.5,227000000.0,508000000.0,0.44,508000000.0,227000000.0,56000000.0,0.6,0.6,0.6,3997672000.0,,3997672000.0,12940063710.0,16.0,6.638,168000000.0,2.521,1.0,1047000000.0,0.907,7476760000.0,171000000.0,14820882000.0,,0.0,0.0,0.0,0.0,12471202000.0,1331876000.0,11139326000.0,5701930710.0,74000000.0,0.0,0.0,-3000000.0,-100000000.0,-105000000.0,-134000000.0,0.0,313000000.0,0.0,39000000.0,39000000.0,39000000.0,0.0,0.0,0.034,821000000.0,226000000.0,218022000.0,2.5,1.426,54.9,51.864,7190258000.0,0.0,85.575,1.21,1.21,463081000.0,115382000.0,1154000000.0,1154000000.0,0.0,,,,,6000000.0,529000000.0,1.0,66630800.0,66630800.0,,17.319,8992114000.0,108133000.0,17000000.0,2477524000.0,134.954,267538000.0
29,FTRCQ,MRQ,2013-12-31,2013-12-31,2013-12-31,2021-09-13,-260530000.0,16635484000.0,,1618839000.0,15016645000.0,,61.282,-150918000.0,880039000.0,880039000.0,110533000.0,67277000.0,1.244,3.102,8131583000.0,257916000.0,7873667000.0,8131583000.0,137319000.0,282775000.0,0.0,0.086,1.5,258137000.0,540912000.0,0.458,540912000.0,258137000.0,92939000.0,1.05,1.05,1.05,4055481000.0,,4055481000.0,12111230550.0,15.0,6.062,269741000.0,4.076,1.0,1070260000.0,0.906,7552651000.0,165198000.0,15032790000.0,,0.0,0.0,0.0,0.0,12580003000.0,1301587000.0,11278416000.0,4647893550.0,218535000.0,245000.0,0.0,-14023000.0,-100178000.0,-115171000.0,-86953000.0,0.0,420659000.0,0.0,67920000.0,67920000.0,67920000.0,0.0,-643000.0,0.058,812811000.0,257449000.0,327256000.0,1.429,1.146,41.132,42.273,7255762000.0,0.0,69.75,0.976,0.969,479210000.0,76108000.0,1180793000.0,1180793000.0,0.0,,,,,4439000.0,516345000.0,1.0,66636467.0,66177267.0,,17.843,9082833000.0,191017000.0,25019000.0,2483384000.0,137.25,317252000.0
30,FTRCQ,MRQ,2013-09-30,2013-09-30,2013-09-30,2021-09-13,-438779000.0,16493414000.0,,1323536000.0,15169878000.0,,58.607,-157560000.0,681869000.0,681869000.0,103955000.0,35400000.0,1.177,3.223,8145206000.0,257910000.0,7887296000.0,8145206000.0,139504000.0,285701000.0,0.0,0.096,1.5,207696000.0,493397000.0,0.416,493397000.0,207696000.0,43861000.0,0.6,0.6,0.6,3906062000.0,,3906062000.0,11768168140.0,15.0,5.96,237074000.0,3.557,1.0,1081323000.0,0.912,7629673000.0,163835000.0,15202187000.0,,0.0,0.0,0.0,0.0,12587352000.0,1124891000.0,11462461000.0,4178842140.0,112367000.0,0.0,0.0,-14474000.0,-99956000.0,-114711000.0,-167556000.0,0.0,394634000.0,0.0,35400000.0,35400000.0,35400000.0,0.0,0.0,0.03,875151000.0,206172000.0,231451000.0,2.5,1.07,59.733,52.25,7289567000.0,0.0,62.7,0.868,0.868,472223000.0,108285000.0,1185278000.0,1185278000.0,0.0,,,,,3634000.0,549141000.0,1.0,66648200.0,66648200.0,,17.784,8863741000.0,116564000.0,8461000.0,2370856000.0,132.993,198645000.0
31,FTRCQ,MRQ,2013-06-30,2013-06-30,2013-06-30,2021-09-13,-470084000.0,16600066000.0,,1276941000.0,15323125000.0,,59.158,-137513000.0,569501000.0,569501000.0,107114000.0,-38460000.0,1.112,3.219,8158827000.0,257905000.0,7900922000.0,8158827000.0,140005000.0,297849000.0,0.0,0.099,1.5,109332000.0,407181000.0,0.342,407181000.0,109332000.0,-57215000.0,-0.6,-0.6,-0.6,3935005000.0,,3935005000.0,11548947650.0,14.0,5.622,183902000.0,2.765,1.0,1083419000.0,0.91,7706654000.0,166547000.0,15334578000.0,,0.0,0.0,0.0,0.0,12665061000.0,1148160000.0,11516901000.0,4040899650.0,-328665000.0,17755000.0,0.0,-426374000.0,-100054000.0,-545898000.0,-104182000.0,0.0,321415000.0,0.0,-38460000.0,-38460000.0,-38460000.0,0.0,0.0,-0.032,831864000.0,251555000.0,271942000.0,-2.5,1.027,39.789,36.818,7361756000.0,0.0,60.75,0.828,0.828,486495000.0,72885000.0,1190533000.0,1190533000.0,0.0,,,,,5042000.0,534015000.0,1.0,66516867.0,66516867.0,,17.898,8893412000.0,162602000.0,-18755000.0,2382450000.0,133.702,128781000.0
32,FTRCQ,MRQ,2013-03-31,2013-03-31,2013-03-31,2021-09-13,-476830000.0,17009562000.0,,1548155000.0,15461407000.0,,61.042,-189009000.0,918580000.0,918580000.0,109398000.0,50783000.0,1.69,3.185,8426628000.0,57899000.0,8368729000.0,8426628000.0,143768000.0,303675000.0,0.0,0.1,1.5,252835000.0,556510000.0,0.462,556510000.0,252835000.0,81415000.0,0.75,0.75,0.75,4062464000.0,,4062464000.0,11556422250.0,12.0,5.36,170283000.0,2.559,1.0,1095998000.0,0.909,7793675000.0,171420000.0,15807998000.0,,0.0,0.0,0.0,0.0,12939180000.0,915937000.0,12023243000.0,3983117250.0,-449237000.0,0.0,0.0,-517129000.0,-99812000.0,-624220000.0,-184309000.0,0.0,359292000.0,0.0,48140000.0,48140000.0,48140000.0,0.0,2643000.0,0.04,845174000.0,250824000.0,219009000.0,2.0,0.98,25.208,23.471,7417746000.0,0.0,59.85,0.805,0.805,480746000.0,111345000.0,1205396000.0,1205396000.0,0.0,,,,,3885000.0,541499000.0,1.0,66551667.0,66551667.0,,18.112,9215887000.0,103612000.0,33275000.0,2409289000.0,138.477,632218000.0
33,FTRCQ,MRQ,2012-12-31,2012-12-31,2012-12-31,2021-09-13,-483576000.0,17733631000.0,,2087203000.0,15646428000.0,,61.71,-192629000.0,1369192000.0,1369192000.0,108535000.0,29199000.0,1.344,3.314,8942497000.0,560550000.0,8381947000.0,8942497000.0,146317000.0,304044000.0,0.0,0.093,1.5,213248000.0,517292000.0,0.42,517292000.0,213248000.0,34367000.0,0.45,0.3,0.45,4107596000.0,,4107596000.0,11930675600.0,13.0,5.505,199559000.0,2.998,1.0,1124018000.0,0.912,7880458000.0,178881000.0,15872958000.0,,0.0,0.0,0.0,0.0,13614360000.0,1553520000.0,12060840000.0,4273344600.0,227043000.0,0.0,0.0,55414000.0,-99843000.0,-57844000.0,-107301000.0,0.0,392188000.0,0.0,24879000.0,24879000.0,24879000.0,0.0,4320000.0,0.02,888288000.0,235730000.0,338148000.0,3.333,1.04,31.275,30.571,7504896000.0,0.0,64.2,0.853,0.853,533704000.0,63205000.0,1232553000.0,1232553000.0,0.0,,,,,3825000.0,570711000.0,1.0,66563000.0,66563000.0,,18.517,9853173000.0,144587000.0,9488000.0,2423552000.0,148.028,533683000.0
34,FTRCQ,MRQ,2012-09-30,2012-09-30,2012-09-30,2021-09-13,-374821000.0,17838486000.0,,2129226000.0,15709260000.0,,64.416,-205862000.0,1196813000.0,1196813000.0,102051000.0,71626000.0,1.4,3.156,8854144000.0,596545000.0,8257599000.0,8854144000.0,147228000.0,298416000.0,0.0,0.099,1.5,274927000.0,573343000.0,0.458,573343000.0,274927000.0,102739000.0,1.05,1.05,1.05,4288045000.0,,4288045000.0,12679237375.0,14.0,5.712,196630000.0,2.954,1.0,1150418000.0,0.919,7968684000.0,172188000.0,16006147000.0,,0.0,0.0,0.0,0.0,13535086000.0,1520986000.0,12014100000.0,4907750375.0,689475000.0,0.0,0.0,565014000.0,-99845000.0,437612000.0,-150629000.0,0.0,402492000.0,0.0,67000000.0,67000000.0,67000000.0,0.0,4626000.0,0.053,875222000.0,275196000.0,322811000.0,1.429,1.145,31.868,30.719,7482900000.0,0.0,73.725,0.969,0.969,557573000.0,38931000.0,1252469000.0,1252469000.0,0.0,,,,,5175000.0,572348000.0,1.0,66568333.0,66568333.0,,18.815,9869802000.0,347602000.0,35739000.0,2692046000.0,148.266,608240000.0
35,FTRCQ,MRQ,2012-06-30,2012-06-30,2012-06-30,2021-09-13,-377129000.0,17145595000.0,,1298779000.0,15846816000.0,,64.824,-179760000.0,515605000.0,515605000.0,115433000.0,21999000.0,0.844,2.97,8287092000.0,616575000.0,7670517000.0,8287092000.0,147641000.0,307047000.0,0.0,0.15,1.5,201760000.0,508807000.0,0.404,508807000.0,201760000.0,29706000.0,0.3,0.3,0.3,4314895000.0,,4314895000.0,11608124840.0,14.0,5.331,195520000.0,2.937,1.0,1143344000.0,0.908,8057153000.0,172054000.0,15320377000.0,,0.0,0.0,0.0,0.0,12813971000.0,1539552000.0,11274419000.0,3824055840.0,44200000.0,0.0,0.0,-74544000.0,-99851000.0,-178817000.0,-152263000.0,0.0,375280000.0,0.0,17989000.0,17989000.0,17989000.0,0.0,4010000.0,0.014,875560000.0,267784000.0,314706000.0,5.0,0.886,35.606,34.818,7481896000.0,0.0,57.45,0.75,0.75,545818000.0,71776000.0,1258777000.0,1258777000.0,0.0,,,,,4057000.0,539911000.0,1.0,66563200.0,66563200.0,,18.911,9088442000.0,279473000.0,11717000.0,2563255000.0,136.539,-240773000.0
36,FTRCQ,MRQ,2012-03-31,2012-03-31,2012-03-31,2021-09-13,-382696000.0,17218250000.0,,1217176000.0,16001074000.0,,66.136,-224253000.0,505069000.0,505069000.0,115569000.0,30490000.0,0.772,2.922,8289138000.0,674746000.0,7614392000.0,8289138000.0,150174000.0,357300000.0,0.0,0.159,1.5,210324000.0,567624000.0,0.448,567624000.0,210324000.0,45462000.0,0.45,0.45,0.45,4387261000.0,,4387261000.0,11978441500.0,14.0,5.291,158260000.0,2.386,1.0,1152485000.0,0.909,8155620000.0,164862000.0,15270482000.0,,0.0,0.0,0.0,0.0,12818270000.0,1576217000.0,11242053000.0,4149358500.0,39720000.0,0.0,0.0,-14502000.0,-99851000.0,-118047000.0,-224746000.0,0.0,382513000.0,0.0,26768000.0,26768000.0,26768000.0,0.0,3722000.0,0.021,944027000.0,208458000.0,327584000.0,3.333,0.946,34.103,34.75,7501149000.0,0.0,62.55,0.803,0.803,525252000.0,153638000.0,1268054000.0,1268054000.0,0.0,,,,,3718000.0,551583000.0,1.0,66336667.0,66336667.0,,19.115,9062630000.0,264161000.0,18694000.0,2551831000.0,136.616,-359041000.0
37,FTRCQ,MRQ,2011-12-31,2011-12-31,2011-12-31,2021-09-13,-386963000.0,17448319000.0,,1239030000.0,16209289000.0,,67.154,-125629000.0,470774000.0,470774000.0,120828000.0,45248000.0,1.075,2.913,8318408000.0,94016000.0,8224392000.0,8318408000.0,152784000.0,341025000.0,0.0,0.146,2.812,228943000.0,569968000.0,0.444,569968000.0,228943000.0,63781000.0,0.6,0.6,0.6,4455137000.0,,4455137000.0,12952866050.0,14.0,5.616,174398000.0,2.629,1.0,1162324000.0,0.906,8302224000.0,165162000.0,15841513000.0,,0.0,0.0,0.0,0.0,12979185000.0,1152216000.0,11826969000.0,5124904050.0,120277000.0,0.0,0.0,101596000.0,-186584000.0,-94052000.0,-85698000.0,0.0,300027000.0,0.0,42247000.0,42247000.0,42247000.0,0.0,3001000.0,0.033,931867000.0,230457000.0,519548000.0,4.687,1.15,34.254,34.333,7547523000.0,0.0,77.25,0.977,0.977,585157000.0,226721000.0,1283152000.0,1283152000.0,0.0,,,,,3480000.0,548595000.0,1.0,66341800.0,66341800.0,,19.342,9146095000.0,264357000.0,21534000.0,2522410000.0,137.863,86814000.0
38,FTRCQ,MRQ,2011-09-30,2011-09-30,2011-09-30,2021-09-13,-221225000.0,17493767000.0,,969746000.0,16524021000.0,,71.767,-266185000.0,366882000.0,366882000.0,119941000.0,22320000.0,0.83,2.671,8194844000.0,43763000.0,8151081000.0,8194844000.0,161944000.0,351907000.0,0.0,0.123,2.812,179202000.0,531109000.0,0.411,531109000.0,179202000.0,13447000.0,0.3,0.3,0.3,4761592000.0,,4761592000.0,13865444760.0,15.0,5.954,142238000.0,2.144,1.0,1170998000.0,0.907,8511693000.0,165755000.0,15641894000.0,,0.0,0.0,0.0,0.0,12717179000.0,1168142000.0,11549037000.0,6080769760.0,-26855000.0,0.0,0.0,-966000.0,-186588000.0,-186254000.0,-249024000.0,0.0,408423000.0,0.0,20395000.0,20395000.0,20395000.0,0.0,1925000.0,0.016,990707000.0,180291000.0,469219000.0,9.373,1.277,39.651,40.733,7630515000.0,0.0,91.65,1.143,1.143,527395000.0,184474000.0,1290939000.0,1290939000.0,0.0,,,,,3052000.0,571388000.0,1.0,66347733.0,66347733.0,,19.457,8982074000.0,152130000.0,-6948000.0,2449212000.0,135.379,-198396000.0
39,FTRCQ,MRQ,2011-06-30,2011-06-30,2011-06-30,2021-09-13,-224559000.0,17662571000.0,,1046255000.0,16616316000.0,,74.172,-223913000.0,407797000.0,407797000.0,126629000.0,33844000.0,0.799,2.586,8192472000.0,203659000.0,7988813000.0,8192472000.0,166839000.0,358986000.0,0.0,0.093,2.812,236315000.0,595301000.0,0.45,595301000.0,236315000.0,69451000.0,0.45,0.45,0.45,4921174000.0,,4921174000.0,15753949330.0,16.0,6.637,126204000.0,1.902,1.0,1195626000.0,0.904,8636898000.0,166864000.0,15501623000.0,,0.0,0.0,0.0,0.0,12728326000.0,1308725000.0,11419601000.0,8031417330.0,-126710000.0,0.0,0.0,-77055000.0,-186610000.0,-261196000.0,-215631000.0,0.0,350117000.0,0.0,32261000.0,32261000.0,32261000.0,0.0,1583000.0,0.024,957346000.0,238280000.0,438200000.0,6.249,1.632,49.589,50.438,7590723000.0,0.0,121.05,1.479,1.479,513852000.0,164079000.0,1322255000.0,1322255000.0,0.0,,,,,4093000.0,578096000.0,1.0,66347933.0,66347933.0,,19.929,9025673000.0,206494000.0,37190000.0,2473230000.0,136.035,-262470000.0
40,FTRCQ,MRQ,2011-03-31,2011-03-31,2011-03-31,2021-09-13,-227894000.0,17778523000.0,,1176888000.0,16601635000.0,,76.496,-209112000.0,543589000.0,543589000.0,151284000.0,56196000.0,0.835,2.505,8266121000.0,279873000.0,7986248000.0,8266121000.0,168065000.0,351257000.0,0.0,0.099,2.812,258693000.0,609950000.0,0.453,609950000.0,258693000.0,91278000.0,0.75,0.75,0.75,5068022000.0,,5068022000.0,15993798160.0,18.0,7.903,305002000.0,4.604,1.0,1195413000.0,0.888,8631660000.0,167415000.0,15459139000.0,,0.0,0.0,0.0,0.0,12697513000.0,1410256000.0,11287257000.0,8168855160.0,108119000.0,0.0,0.0,-969000.0,-186605000.0,-193676000.0,-212319000.0,0.0,514114000.0,0.0,54711000.0,54711000.0,54711000.0,0.0,1485000.0,0.041,944820000.0,250593000.0,385480000.0,3.749,1.612,49.563,34.25,7572985000.0,0.0,123.3,1.766,1.766,519239000.0,131818000.0,1346697000.0,1346697000.0,0.0,,,,,3584000.0,580340000.0,1.0,66251867.0,66251867.0,,20.327,9146863000.0,204983000.0,36567000.0,2413660000.0,138.062,-233368000.0
41,FTRCQ,MRQ,2010-12-31,2010-12-31,2010-12-31,2021-09-13,-229549000.0,17890230000.0,,1128419000.0,16761811000.0,,78.432,-247583000.0,438752000.0,438752000.0,140624000.0,46622000.0,0.784,2.44,8263616000.0,280002000.0,7983614000.0,8263616000.0,171602000.0,352802000.0,0.0,0.09,2.812,239697000.0,592499000.0,0.436,592499000.0,239697000.0,72239000.0,0.75,0.75,0.75,5196740000.0,,5196740000.0,17393519020.0,22.0,10.334,88427000.0,1.335,1.0,1218097000.0,0.897,8783389000.0,167458000.0,15492348000.0,,0.0,0.0,0.0,0.0,12680487000.0,1439357000.0,11241130000.0,9670394020.0,-99802000.0,0.0,0.0,-950000.0,-186347000.0,-191441000.0,-244371000.0,0.0,336010000.0,0.0,45992000.0,45992000.0,45992000.0,0.0,630000.0,0.034,978417000.0,239680000.0,436886000.0,3.749,1.861,63.341,42.304,7590614000.0,0.0,145.95,2.546,2.546,568308000.0,77107000.0,1358721000.0,1358721000.0,0.0,,,,,4543000.0,614340000.0,1.0,66258267.0,66258267.0,,20.506,9106841000.0,208245000.0,26247000.0,2388534000.0,137.445,-310938000.0
42,FTRCQ,MRQ,2010-09-30,2010-09-30,2010-09-30,2021-09-13,-241347000.0,17994938000.0,,1136249000.0,16858689000.0,,80.466,-174593000.0,538465000.0,538465000.0,136373000.0,29684000.0,0.856,2.379,8261590000.0,79987000.0,8181603000.0,8261590000.0,0.0,339894000.0,0.0,0.115,2.812,235960000.0,575854000.0,0.41,575854000.0,235960000.0,69353000.0,0.45,0.45,0.45,5321606000.0,,5321606000.0,12679685400.0,19.0,9.777,394007000.0,5.958,1.0,1266595000.0,0.903,8901365000.0,166607000.0,15488799000.0,,0.0,0.0,0.0,0.0,12660959000.0,1327899000.0,11333060000.0,8104803400.0,119910000.0,-82560000.0,0.0,-4331000.0,-186336000.0,-200461000.0,-248229000.0,0.0,568600000.0,0.0,28995000.0,28995000.0,28995000.0,0.0,689000.0,0.021,1032550000.0,234045000.0,346390000.0,6.249,1.523,72.961,28.172,7575800000.0,0.0,122.55,2.738,2.738,568914000.0,31115000.0,1402968000.0,1402968000.0,0.0,,,,,4702000.0,614123000.0,1.0,66134667.0,66134667.0,,21.214,9093573000.0,57070000.0,40358000.0,2043575000.0,137.501,-191650000.0
43,FTRCQ,MRQ,2010-06-30,2010-06-30,2010-06-30,2021-09-13,-237565000.0,6795822000.0,,640310000.0,6155512000.0,,12.437,-86097000.0,231155000.0,231155000.0,53139000.0,35939000.0,1.76,25.108,4806037000.0,7215000.0,4798822000.0,4806037000.0,0.0,99974000.0,0.0,0.141,3.75,145427000.0,245401000.0,0.475,245401000.0,145427000.0,51459000.0,1.65,1.65,1.65,259848000.0,,259848000.0,6700817010.0,11.0,6.688,108321000.0,5.185,1.0,462998000.0,0.897,2861945000.0,93968000.0,8144990000.0,,0.0,0.0,0.0,0.0,6524289000.0,363769000.0,6160520000.0,2228210010.0,-99940000.0,0.0,0.0,-978000.0,-78351000.0,-82467000.0,-211891000.0,0.0,194418000.0,0.0,35121000.0,35121000.0,35121000.0,0.0,818000.0,0.068,326587000.0,136411000.0,110424000.0,2.273,8.575,16.598,16.535,3116201000.0,0.0,106.65,1.069,1.069,201757000.0,2091000.0,516137000.0,516137000.0,0.0,,,,,2485000.0,189649000.0,1.0,20892733.0,20892733.0,,24.704,3933877000.0,60360000.0,16338000.0,736401000.0,188.289,276541000.0
44,FTRCQ,MRQ,2010-03-31,2010-03-31,2010-03-31,2021-09-13,-241542000.0,6793623000.0,,626928000.0,6166695000.0,,14.254,-69606000.0,331095000.0,331095000.0,53543000.0,43472000.0,1.923,21.856,4803702000.0,7228000.0,4796474000.0,4803702000.0,0.0,101049000.0,0.0,0.134,3.75,168408000.0,269457000.0,0.518,269457000.0,168408000.0,74621000.0,2.1,2.1,2.1,296763000.0,,296763000.0,6766064960.0,11.0,6.568,53546000.0,2.572,1.0,466306000.0,0.897,2875797000.0,93787000.0,8064386000.0,,0.0,0.0,0.0,0.0,6485994000.0,326047000.0,6159947000.0,2323392960.0,-27598000.0,0.0,0.0,-977000.0,-78355000.0,-81286000.0,-69464000.0,0.0,123152000.0,0.0,42565000.0,42565000.0,42565000.0,0.0,907000.0,0.082,304444000.0,161862000.0,110077000.0,1.786,7.829,18.288,18.146,3115991000.0,0.0,111.6,1.106,1.106,189503000.0,45321000.0,519849000.0,519849000.0,0.0,,,,,2743000.0,193025000.0,1.0,20818933.0,20818933.0,,24.97,3917826000.0,79837000.0,32056000.0,730371000.0,188.186,300881000.0
45,FTRCQ,MRQ,2009-12-31,2009-12-31,2009-12-31,2021-09-13,-245519000.0,6878255000.0,,680080000.0,6198175000.0,,15.734,-91465000.0,358693000.0,358693000.0,51471000.0,5170000.0,1.732,19.96,4801365000.0,7236000.0,4794129000.0,4801365000.0,49589000.0,102892000.0,0.0,0.128,3.75,103220000.0,206112000.0,0.396,206112000.0,103220000.0,9003000.0,0.15,0.15,0.15,327611000.0,,327611000.0,6907913782.0,12.0,6.608,160634000.0,7.715,1.0,469509000.0,0.901,2889850000.0,94217000.0,8038400000.0,,0.0,0.0,0.0,0.0,6539185000.0,392677000.0,6146508000.0,2439279782.0,-77462000.0,0.0,71000.0,-159715000.0,-78091000.0,-237818000.0,-91743000.0,0.0,252099000.0,0.0,4403000.0,4403000.0,4403000.0,0.0,767000.0,0.008,311960000.0,157549000.0,139556000.0,25.0,7.446,20.196,20.553,3133521000.0,0.0,117.15,1.152,1.152,190745000.0,2756000.0,520980000.0,520980000.0,0.0,,,,,2394000.0,195191000.0,1.0,20821850.0,20821850.0,,25.021,3988405000.0,102561000.0,4600000.0,750942000.0,191.549,287403000.0
46,FTRCQ,MRQ,2009-09-30,2009-09-30,2009-09-30,2021-09-13,-225777000.0,6998414000.0,,788590000.0,6209824000.0,,20.076,-54136000.0,436155000.0,436155000.0,54549000.0,52746000.0,2.196,15.714,4904789000.0,7254000.0,4897535000.0,4904789000.0,0.0,103123000.0,0.0,0.133,3.75,177758000.0,280881000.0,0.533,280881000.0,177758000.0,81180000.0,2.55,2.55,2.55,418069000.0,,418069000.0,6853347762.0,11.0,6.05,106155000.0,5.098,1.0,472267000.0,0.896,2903902000.0,96578000.0,8204017000.0,,0.0,0.0,0.0,0.0,6569653000.0,359129000.0,6210524000.0,2355194762.0,-17947000.0,0.0,0.0,-45961000.0,-78091000.0,-124425000.0,-53813000.0,0.0,160291000.0,0.0,52159000.0,52159000.0,52159000.0,0.0,587000.0,0.099,299777000.0,172490000.0,351875000.0,1.471,5.634,15.631,15.388,3130920000.0,0.0,113.1,1.098,1.098,209433000.0,76444000.0,526816000.0,526816000.0,0.0,,,,,2413000.0,192948000.0,1.0,20824003.0,20824003.0,,25.298,4094512000.0,0.0,29021000.0,734897000.0,196.625,429461000.0
47,FTRCQ,MRQ,2009-06-30,2009-06-30,2009-06-30,2021-09-13,-229103000.0,7018184000.0,,759021000.0,6259163000.0,,21.036,-55792000.0,454102000.0,454102000.0,59203000.0,28310000.0,2.116,14.998,4952255000.0,7266000.0,4944989000.0,4952255000.0,0.0,132818000.0,0.0,0.14,3.75,140842000.0,273660000.0,0.514,273660000.0,140842000.0,42172000.0,1.35,1.35,1.35,438056000.0,,438056000.0,6777379888.0,11.0,5.867,127463000.0,6.121,1.0,472939000.0,0.889,2917955000.0,98670000.0,8239656000.0,,0.0,0.0,0.0,0.0,6570023000.0,358726000.0,6211297000.0,2230225888.0,276671000.0,0.0,0.0,229838000.0,-78099000.0,148738000.0,-55322000.0,0.0,183255000.0,0.0,27918000.0,27918000.0,27918000.0,0.0,392000.0,0.052,336323000.0,136616000.0,351460000.0,2.778,5.091,15.327,15.191,3165917000.0,0.0,107.1,1.025,1.025,216611000.0,24285000.0,532142000.0,532142000.0,0.0,,,,,2439000.0,192754000.0,1.0,20823771.0,20823771.0,,25.555,4100229000.0,0.0,14254000.0,684881000.0,196.901,400295000.0
48,FTRCQ,MRQ,2009-03-31,2009-03-31,2009-03-31,2021-09-13,-233121000.0,6800285000.0,,465121000.0,6335164000.0,,23.223,-54572000.0,177431000.0,177431000.0,60684000.0,36955000.0,1.428,13.086,4724585000.0,3872000.0,4720713000.0,4724585000.0,0.0,137558000.0,0.0,0.139,3.75,147105000.0,284663000.0,0.529,284663000.0,147105000.0,58356000.0,1.8,1.8,1.8,481972000.0,,481972000.0,6797127980.0,11.0,5.692,92503000.0,4.457,1.0,477272000.0,0.887,2957726000.0,88749000.0,8063956000.0,,0.0,3118000.0,0.0,3118000.0,6307100000.0,325757000.0,5981343000.0,2235212980.0,13804000.0,0.0,680000.0,-962000.0,-78085000.0,-78857000.0,-54414000.0,0.0,147075000.0,0.0,36303000.0,36303000.0,36303000.0,0.0,652000.0,0.067,337762000.0,139510000.0,321885000.0,2.083,4.638,12.892,13.055,3201965000.0,0.0,107.7,1.013,1.013,217631000.0,74466000.0,537956000.0,537956000.0,0.0,,,,,2122000.0,200204000.0,1.0,20754067.0,20754067.0,,25.921,3842559000.0,0.0,22053000.0,676558000.0,185.147,139364000.0
49,FTRCQ,MRQ,2008-12-31,2008-12-31,2008-12-31,2021-09-13,-237152000.0,6888676000.0,,467959000.0,6420717000.0,,25.009,-84065000.0,163627000.0,163627000.0,54988000.0,34788000.0,1.223,12.251,4725542000.0,3857000.0,4721685000.0,4725542000.0,51225000.0,138815000.0,0.0,0.114,3.75,154808000.0,293623000.0,0.536,293623000.0,154808000.0,64077000.0,1.65,1.65,1.65,519045000.0,,519045000.0,7378818814.0,11.0,6.08,158111000.0,7.618,1.0,492404000.0,0.9,3001997000.0,90731000.0,8065819000.0,,0.0,0.0,0.0,0.0,6359070000.0,382775000.0,5976295000.0,2720901814.0,72541000.0,0.0,-3785000.0,-11249000.0,-77835000.0,-93163000.0,-76472000.0,0.0,242176000.0,0.0,34298000.0,34298000.0,34298000.0,0.0,490000.0,0.063,340470000.0,151934000.0,141940000.0,2.273,5.242,14.896,15.333,3239973000.0,0.0,131.1,1.216,1.216,222247000.0,38163000.0,547392000.0,547392000.0,0.0,,,,,-1423000.0,201655000.0,1.0,20754400.0,20754400.0,,26.375,3886679000.0,48820000.0,29779000.0,696074000.0,187.27,85184000.0
50,FTRCQ,MRQ,2008-09-30,2008-09-30,2008-09-30,2021-09-13,-75774000.0,6880726000.0,,369799000.0,6510927000.0,,34.165,-80476000.0,91086000.0,91086000.0,52478000.0,47343000.0,1.035,8.561,4749003000.0,3842000.0,4745161000.0,4749003000.0,0.0,137656000.0,0.0,0.087,3.75,165543000.0,303199000.0,0.543,303199000.0,165543000.0,75210000.0,2.25,2.25,2.25,719648000.0,,719648000.0,8205068257.0,12.0,6.578,77759000.0,3.692,1.0,505393000.0,0.906,3047118000.0,90333000.0,8134258000.0,,0.0,22561000.0,0.0,22561000.0,6161078000.0,357267000.0,5803811000.0,3633502257.0,-87788000.0,0.0,-83113000.0,-950000.0,-78278000.0,-164720000.0,-81303000.0,0.0,158235000.0,0.0,46995000.0,46995000.0,46995000.0,0.0,348000.0,0.084,341152000.0,164241000.0,353425000.0,1.667,5.049,17.521,18.254,3250897000.0,0.0,172.5,1.603,1.603,223203000.0,3865000.0,557871000.0,557871000.0,0.0,,,,,3047000.0,203496000.0,1.0,21063781.0,21063781.0,,26.485,3833608000.0,0.0,28215000.0,711375000.0,182.0,12532000.0
51,FTRCQ,MRQ,2008-06-30,2008-06-30,2008-06-30,2021-09-13,-77161000.0,7013229000.0,,448727000.0,6564502000.0,,38.409,-75737000.0,178874000.0,178874000.0,53998000.0,56226000.0,1.205,7.447,4750440000.0,3828000.0,4746612000.0,4750440000.0,0.0,144250000.0,0.0,0.088,3.75,168362000.0,312612000.0,0.556,312612000.0,168362000.0,77652000.0,2.55,2.55,2.55,830249000.0,,830249000.0,8200348668.0,12.0,6.533,121607000.0,5.626,1.0,508552000.0,0.904,3089227000.0,90710000.0,8123036000.0,,0.0,21703000.0,0.0,21703000.0,6182980000.0,372532000.0,5810448000.0,3676903668.0,-48760000.0,0.0,-87511000.0,-949000.0,-80221000.0,-168436000.0,-77668000.0,0.0,197344000.0,0.0,55778000.0,55778000.0,55778000.0,0.0,448000.0,0.099,346583000.0,161969000.0,368704000.0,1.471,4.429,17.695,18.29,3265260000.0,0.0,170.1,1.609,1.609,224463000.0,35147000.0,562550000.0,562550000.0,0.0,,,,,3145000.0,202333000.0,1.0,21616130.0,21616130.0,,26.025,3924002000.0,0.0,21874000.0,712597000.0,181.531,76195000.0
52,FTRCQ,MRQ,2008-03-31,2008-03-31,2008-03-31,2021-09-13,-77578000.0,7128601000.0,,494527000.0,6634074000.0,,43.009,-47986000.0,227634000.0,227634000.0,60549000.0,45917000.0,1.341,6.585,4751079000.0,3814000.0,4747265000.0,4751079000.0,0.0,141080000.0,0.0,0.095,3.75,163077000.0,304157000.0,0.534,304157000.0,163077000.0,72217000.0,2.1,2.1,2.1,939788000.0,,939788000.0,7951102380.0,12.0,6.372,93525000.0,4.28,1.0,508656000.0,0.894,3137959000.0,90860000.0,8145319000.0,,0.0,20530000.0,0.0,20530000.0,6188813000.0,368768000.0,5820045000.0,3438223380.0,1168000.0,0.0,-24193000.0,-622000.0,-82103000.0,-93011000.0,-47332000.0,0.0,141511000.0,0.0,45589000.0,45589000.0,45589000.0,0.0,328000.0,0.08,344344000.0,164312000.0,364954000.0,1.786,3.659,17.854,18.404,3288135000.0,0.0,157.35,1.494,1.494,213585000.0,59590000.0,569205000.0,569205000.0,0.0,,,,,3019000.0,203264000.0,1.0,21850800.0,21850800.0,,26.05,3990642000.0,0.0,26628000.0,712234000.0,182.631,125759000.0
53,FTRCQ,MRQ,2007-12-31,2007-12-31,2007-12-31,2021-09-13,-77995000.0,7256069000.0,,524154000.0,6731915000.0,,45.667,-113152000.0,226466000.0,226466000.0,66601000.0,60873000.0,1.176,6.271,4739345000.0,2448000.0,4736897000.0,4739345000.0,44722000.0,145156000.0,0.0,0.079,3.75,182167000.0,327323000.0,0.567,327323000.0,182167000.0,89242000.0,2.55,2.55,2.55,997899000.0,,997899000.0,8652944085.0,12.0,6.818,155267000.0,7.106,1.0,510627000.0,0.885,3182294000.0,92925000.0,8140763000.0,,0.0,21191000.0,0.0,21191000.0,6258170000.0,445891000.0,5812279000.0,4172570085.0,-20972000.0,-64467000.0,-30430000.0,-4630000.0,-81941000.0,-114000000.0,-175391000.0,0.0,268419000.0,0.0,59013000.0,59013000.0,59013000.0,0.0,1860000.0,0.102,335736000.0,174891000.0,179402000.0,1.471,4.181,19.439,19.891,3335244000.0,0.0,190.95,1.824,1.824,234762000.0,14001000.0,577228000.0,577228000.0,0.0,,,,,1213000.0,190580000.0,1.0,21851637.0,21851637.0,,26.416,4073775000.0,0.0,30229000.0,733045000.0,186.429,78263000.0
54,FTRCQ,MRQ,2007-09-30,2007-09-30,2007-09-30,2021-09-13,-79408000.0,7337423000.0,,533798000.0,6803625000.0,,46.498,-90872000.0,247438000.0,247438000.0,56566000.0,47415000.0,1.312,5.994,4727812000.0,2436000.0,4725376000.0,4727812000.0,0.0,138057000.0,0.0,0.07,3.75,173097000.0,311154000.0,0.54,311154000.0,173097000.0,77939000.0,2.1,2.1,2.1,1049112000.0,,1049112000.0,9159638496.0,13.0,7.442,92836000.0,4.115,1.0,519248000.0,0.902,3289454000.0,95158000.0,8121536000.0,,0.0,21788000.0,0.0,21788000.0,6288311000.0,406807000.0,5881504000.0,4846381496.0,-170662000.0,-3471000.0,-146504000.0,-30950000.0,-83243000.0,-260577000.0,-93793000.0,0.0,183708000.0,0.0,47415000.0,47415000.0,47415000.0,0.0,0.0,0.082,353323000.0,165925000.0,404371000.0,1.786,4.62,22.074,21.373,3305281000.0,0.0,214.8,2.188,2.188,231255000.0,36262000.0,575814000.0,575814000.0,0.0,,,,,2364000.0,215266000.0,1.0,22562297.0,22562297.0,,25.521,4047969000.0,0.0,30524000.0,771864000.0,179.413,126991000.0
55,FTRCQ,MRQ,2007-06-30,2007-06-30,2007-06-30,2021-09-13,-78755000.0,7527748000.0,,695475000.0,6832273000.0,,53.871,-66658000.0,418100000.0,418100000.0,53678000.0,40559000.0,1.59,5.121,4731357000.0,32774000.0,4698583000.0,4731357000.0,0.0,140462000.0,0.0,0.065,3.75,164781000.0,305243000.0,0.527,305243000.0,164781000.0,66132000.0,1.8,1.8,1.8,1229769000.0,,1229769000.0,9515980041.0,12.0,7.441,127611000.0,5.59,1.0,525148000.0,0.907,3336287000.0,98649000.0,8067345000.0,,0.0,21207000.0,0.0,21207000.0,6297979000.0,437373000.0,5860606000.0,5228713041.0,-619629000.0,-8103000.0,-52361000.0,-602861000.0,-85379000.0,-742417000.0,-71481000.0,0.0,194269000.0,0.0,40559000.0,40559000.0,40559000.0,0.0,0.0,0.07,353850000.0,171298000.0,404599000.0,2.083,4.252,17.394,16.419,3300549000.0,0.0,229.05,2.436,2.436,224308000.0,72090000.0,578826000.0,578826000.0,0.0,,,,,2038000.0,213388000.0,1.0,22827824.0,22827824.0,,25.356,4191461000.0,0.0,25573000.0,759538000.0,183.612,258102000.0
56,FTRCQ,MRQ,2007-03-31,2007-03-31,2007-03-31,2021-09-13,-81919000.0,8229317000.0,,1317225000.0,6912092000.0,,61.223,-45111000.0,1037729000.0,1037729000.0,51397000.0,67667000.0,1.326,5.251,5324996000.0,569848000.0,4755148000.0,5324996000.0,0.0,122181000.0,0.0,0.067,3.75,203319000.0,325500000.0,0.585,325500000.0,203319000.0,109355000.0,3.15,3.15,3.15,1316442000.0,,1316442000.0,8280863100.0,10.0,6.203,130176000.0,6.054,1.0,504750000.0,0.908,3388918000.0,93964000.0,8134162000.0,,0.0,20609000.0,0.0,20609000.0,6912875000.0,993504000.0,5919371000.0,4821943100.0,-3377000.0,-649507000.0,-6897000.0,622185000.0,-85462000.0,515383000.0,-694047000.0,0.0,175287000.0,0.0,67667000.0,67667000.0,67667000.0,0.0,0.0,0.122,311448000.0,193302000.0,423656000.0,1.19,3.663,13.33,13.23,3329687000.0,0.0,224.25,2.324,2.324,218174000.0,116910000.0,556147000.0,556147000.0,0.0,,,,,3407000.0,189267000.0,1.0,21502533.0,21502533.0,,25.864,4840399000.0,0.0,41688000.0,761083000.0,225.108,323721000.0
57,FTRCQ,MRQ,2006-12-31,2006-12-31,2006-12-31,2021-09-13,-81899000.0,6797536000.0,,1272993000.0,5524543000.0,,49.303,-105450000.0,1041106000.0,1041106000.0,49836000.0,63911000.0,2.991,5.425,4506357000.0,39271000.0,4467086000.0,4506357000.0,39417000.0,117923000.0,0.0,0.07,3.75,171013000.0,288936000.0,0.573,288936000.0,171013000.0,87487000.0,3.0,3.0,3.0,1058032000.0,,1058032000.0,8193971781.0,10.0,6.332,144767000.0,6.746,1.0,454560000.0,0.901,2350104000.0,83526000.0,7487040000.0,,0.0,16474000.0,0.0,16474000.0,5739504000.0,425643000.0,5313861000.0,4625638781.0,624001000.0,8021000.0,5806000.0,542820000.0,-80556000.0,467920000.0,-94136000.0,0.0,250217000.0,0.0,63911000.0,63911000.0,63911000.0,30000.0,0.0,0.127,297587000.0,156973000.0,153890000.0,1.25,4.372,13.425,13.43,2983504000.0,0.0,215.55,2.284,2.284,187737000.0,134705000.0,504396000.0,504396000.0,0.0,,,,,2380000.0,179664000.0,1.0,21459702.0,21459702.0,,23.504,4447432000.0,0.0,23576000.0,545461000.0,207.246,847350000.0
58,FTRCQ,MRQ,2006-09-30,2006-09-30,2006-09-30,2021-09-13,-123251000.0,6215593000.0,,657697000.0,5557896000.0,,45.971,-65072000.0,417105000.0,417105000.0,42791000.0,128459000.0,1.713,5.321,3985438000.0,37774000.0,3947664000.0,3985438000.0,0.0,117008000.0,0.0,0.071,3.75,242207000.0,359215000.0,0.708,359215000.0,242207000.0,160021000.0,6.0,6.0,6.0,983276000.0,,983276000.0,8361424161.0,10.0,6.42,134378000.0,6.283,1.0,464407000.0,0.916,2385413000.0,82186000.0,7014545000.0,,0.0,16521000.0,0.0,16521000.0,5232317000.0,383968000.0,4848349000.0,4504501161.0,280957000.0,247284000.0,8638000.0,-29335000.0,-80342000.0,-101170000.0,183725000.0,0.0,199450000.0,0.0,128459000.0,128459000.0,128459000.0,-77125000.0,0.0,0.253,303686000.0,160721000.0,346194000.0,0.625,4.581,12.603,12.764,2962604000.0,0.0,210.6,2.21,2.21,189979000.0,114958000.0,507198000.0,507198000.0,0.0,,,,,2625000.0,186678000.0,1.0,21388894.0,21388894.0,,23.713,3830180000.0,0.0,31562000.0,480669000.0,179.073,273729000.0
59,FTRCQ,MRQ,2006-06-30,2006-06-30,2006-06-30,2021-09-13,-123232000.0,6145297000.0,,536683000.0,5608614000.0,,42.67,-54519000.0,141316000.0,141316000.0,38402000.0,101702000.0,1.26,5.648,3998239000.0,47683000.0,3950556000.0,3998239000.0,0.0,119552000.0,0.0,0.077,3.75,241777000.0,361329000.0,0.713,361329000.0,241777000.0,156436000.0,4.8,4.65,4.8,924398000.0,,924398000.0,8159473409.0,11.0,6.698,169637000.0,7.83,1.0,468510000.0,0.924,2417008000.0,85341000.0,7159129000.0,,0.0,16599000.0,0.0,16599000.0,5220899000.0,426083000.0,4794816000.0,4240745409.0,-143121000.0,0.0,-94019000.0,-197886000.0,-80140000.0,-371555000.0,7401000.0,0.0,224156000.0,0.0,101702000.0,101702000.0,101702000.0,-6956000.0,0.0,0.201,299052000.0,169458000.0,334052000.0,0.781,4.588,15.863,16.111,2978064000.0,0.0,195.75,2.087,2.087,195226000.0,66841000.0,506912000.0,506912000.0,0.0,,,,,2658000.0,179500000.0,1.0,21664089.0,21664089.0,,23.399,3728289000.0,0.0,54734000.0,411844000.0,172.095,110600000.0
60,FTRCQ,MRQ,2006-03-31,2006-03-31,2006-03-31,2021-09-13,-123234000.0,6344116000.0,,677913000.0,5666203000.0,,45.389,-43765000.0,284437000.0,284437000.0,40218000.0,50483000.0,1.145,5.383,4203165000.0,227695000.0,3975470000.0,4203165000.0,0.0,122004000.0,0.0,0.075,3.75,162483000.0,284487000.0,0.561,284487000.0,162483000.0,77090000.0,2.25,2.25,2.25,993885000.0,,993885000.0,8319966091.0,13.0,7.328,129428000.0,5.911,1.0,466643000.0,0.921,2448603000.0,85393000.0,7222382000.0,,0.0,15529000.0,0.0,15529000.0,5350231000.0,591859000.0,4758372000.0,4358631091.0,15520000.0,0.0,-28464000.0,-240000.0,-82633000.0,-111810000.0,-43441000.0,0.0,173193000.0,0.0,50483000.0,50483000.0,50483000.0,-6496000.0,0.0,0.1,309305000.0,157338000.0,321099000.0,1.667,4.385,20.733,21.403,3011649000.0,0.0,199.05,2.156,2.156,190268000.0,-34861000.0,506861000.0,506861000.0,0.0,,,,,2677000.0,187301000.0,1.0,21897167.0,21897167.0,,23.147,3895513000.0,0.0,26607000.0,353220000.0,177.9,86054000.0
61,FTRCQ,MRQ,2005-12-31,2005-12-31,2005-12-31,2021-09-13,-123242000.0,6427567000.0,,669735000.0,5757832000.0,,46.802,-93081000.0,263749000.0,263749000.0,40224000.0,76781000.0,1.044,5.17,4222823000.0,227693000.0,3995130000.0,4222823000.0,29245000.0,124705000.0,0.0,0.082,3.75,172722000.0,297427000.0,0.575,297427000.0,172722000.0,86996000.0,3.45,3.45,3.45,1041809000.0,,1041809000.0,8031690559.0,13.0,7.067,141552000.0,6.359,1.0,477139000.0,0.922,2480198000.0,85726000.0,7264684000.0,,0.0,15999000.0,0.0,15999000.0,5385758000.0,641759000.0,4743999000.0,4083570559.0,-27153000.0,0.0,-87291000.0,-206000.0,-83037000.0,-170476000.0,-89553000.0,-1112000.0,234633000.0,0.0,76781000.0,76781000.0,76781000.0,-5017000.0,0.0,0.148,311853000.0,165286000.0,140494000.0,1.087,3.92,20.178,20.383,3058312000.0,0.0,183.45,2.025,2.025,203070000.0,-85344000.0,517363000.0,517363000.0,0.0,,,,,1994000.0,187148000.0,1.0,22259856.0,22259856.0,,23.242,3947369000.0,0.0,10215000.0,351361000.0,177.331,27976000.0
62,FTRCQ,MRQ,2005-09-30,2005-09-30,2005-09-30,2021-09-13,-100663000.0,6455417000.0,,536235000.0,5919182000.0,,50.338,-57347000.0,286609000.0,286609000.0,41281000.0,38376000.0,0.888,4.605,4234729000.0,227762000.0,4006967000.0,4234729000.0,92389000.0,128931000.0,0.0,0.074,3.75,146108000.0,275039000.0,0.549,275039000.0,146108000.0,60889000.0,1.65,1.65,1.65,1151634000.0,,1151634000.0,8527854779.0,16.0,8.041,131541000.0,5.75,1.0,459930000.0,0.918,2511792000.0,85219000.0,7288139000.0,,0.0,20121000.0,0.0,20121000.0,5303783000.0,603606000.0,4700177000.0,4649941779.0,-81598000.0,0.0,-125525000.0,-217000.0,-84305000.0,-210122000.0,-56347000.0,0.0,188888000.0,0.0,38376000.0,38376000.0,38376000.0,-3169000.0,0.0,0.077,323010000.0,136920000.0,375844000.0,2.273,4.038,32.66,32.262,3192090000.0,0.0,203.25,2.457,2.457,207925000.0,-162125000.0,501211000.0,501211000.0,0.0,,,,,2052000.0,194079000.0,1.0,22877942.0,22877942.0,,21.908,3943625000.0,0.0,22513000.0,311836000.0,172.377,-67371000.0
63,FTRCQ,MRQ,2005-06-30,2005-06-30,2005-06-30,2021-09-13,-100644000.0,6621297000.0,,615204000.0,6006093000.0,,58.054,-59606000.0,368772000.0,368772000.0,35595000.0,44584000.0,1.101,4.023,4246685000.0,175973000.0,4070712000.0,4246685000.0,92288000.0,132474000.0,0.0,0.223,3.75,145975000.0,278449000.0,0.561,278449000.0,145975000.0,61910000.0,1.95,2.1,1.95,1318190000.0,,1318190000.0,8552760570.0,19.0,8.706,154783000.0,6.817,1.0,460538000.0,0.928,2543387000.0,84065000.0,7396882000.0,,0.0,20626000.0,0.0,20626000.0,5303107000.0,558941000.0,4744166000.0,4577584570.0,85723000.0,24195000.0,4814000.0,-5232000.0,-85941000.0,-86767000.0,-38975000.0,0.0,214389000.0,0.0,44584000.0,44584000.0,44584000.0,-3121000.0,0.0,0.09,318257000.0,142281000.0,382968000.0,1.923,3.473,49.376,49.778,3234734000.0,0.0,201.6,2.386,2.386,207627000.0,-200501000.0,496133000.0,496133000.0,0.0,,,,,2116000.0,185783000.0,1.0,22706273.0,22706273.0,,21.85,4077910000.0,0.0,17326000.0,291754000.0,179.594,56263000.0
64,FTRCQ,MRQ,2005-03-31,2005-03-31,2005-03-31,2021-09-13,-100376000.0,6622022000.0,,530042000.0,6091980000.0,,58.507,-49414000.0,284220000.0,284220000.0,39722000.0,42634000.0,1.361,3.991,4259396000.0,6362000.0,4253034000.0,4259396000.0,93284000.0,134094000.0,0.0,0.213,3.75,151575000.0,285669000.0,0.569,285669000.0,151575000.0,67850000.0,1.95,1.8,1.95,1326885000.0,,1326885000.0,8507949685.0,19.0,8.678,155640000.0,6.863,1.0,462612000.0,0.921,2574981000.0,83725000.0,7632886000.0,,0.0,20305000.0,0.0,20305000.0,5295137000.0,389331000.0,4905806000.0,4402031685.0,114980000.0,43565000.0,5552000.0,-644000.0,-85081000.0,-81410000.0,-5840000.0,1112000.0,205054000.0,0.0,42634000.0,42634000.0,42634000.0,-3126000.0,0.0,0.085,318131000.0,144481000.0,382969000.0,1.923,3.318,61.211,58.818,3279957000.0,0.0,194.1,2.246,2.246,204714000.0,-245085000.0,502334000.0,502334000.0,0.0,,,,,2265000.0,184037000.0,1.0,22679195.0,22679195.0,,22.15,4047041000.0,0.0,25216000.0,270615000.0,178.447,140711000.0
65,FTRCQ,MRQ,2004-12-31,2004-12-31,2004-12-31,2021-09-13,-99569000.0,6668419000.0,,470880000.0,6197539000.0,,60.914,-63769000.0,163759000.0,163759000.0,8999000.0,16780000.0,1.128,3.895,4273378000.0,6380000.0,4266998000.0,4273378000.0,29446000.0,121190000.0,0.0,0.181,3.75,100153000.0,221343000.0,0.563,221343000.0,100153000.0,8158000.0,0.75,0.75,0.75,1362240000.0,,1362240000.0,8758031826.0,19.0,8.723,80582000.0,3.603,1.0,384084000.0,0.977,2606576000.0,91995000.0,7753942000.0,,0.0,23062000.0,0.0,23062000.0,5306179000.0,417520000.0,4888659000.0,4625875826.0,-37641000.0,-28086000.0,14365000.0,-70590000.0,-84831000.0,-120685000.0,-66860000.0,26514000.0,144351000.0,0.0,16780000.0,16780000.0,16780000.0,-11099000.0,0.0,0.043,257482000.0,126602000.0,169754000.0,5.0,3.396,64.115,57.458,3335850000.0,0.0,206.85,2.287,2.287,233690000.0,-287719000.0,393083000.0,393083000.0,0.0,,,,,3369000.0,136292000.0,1.0,22363432.0,22363432.0,,17.577,4061843000.0,0.0,-8622000.0,290391000.0,181.629,53360000.0
66,FTRCQ,MRQ,2004-09-30,2004-09-30,2004-09-30,2021-09-13,-89368000.0,6997530000.0,,465127000.0,6532403000.0,,71.217,-67538000.0,199027000.0,199027000.0,46556000.0,-11290000.0,1.038,4.057,4331183000.0,6366000.0,4324817000.0,4331183000.0,94598000.0,140908000.0,0.0,0.168,33.75,56047000.0,196955000.0,0.374,196955000.0,56047000.0,-34815000.0,-0.6,-0.75,-0.6,1383744000.0,,1383744000.0,7546748162.0,16.0,7.172,105140000.0,5.411,1.0,480180000.0,0.912,2657024000.0,90862000.0,8024723000.0,,0.0,21738000.0,0.0,21738000.0,5613786000.0,447939000.0,5165847000.0,3902486162.0,-541332000.0,45053000.0,517076000.0,-414012000.0,-747937000.0,-665473000.0,-49200000.0,0.0,172678000.0,0.0,-11290000.0,-11290000.0,-11290000.0,-3987000.0,0.0,-0.021,414462000.0,65718000.0,145311000.0,-56.25,2.82,55.495,53.56,3375980000.0,0.0,200.85,1.815,1.815,230348000.0,-304499000.0,526736000.0,526736000.0,0.0,,,,,38295000.0,200401000.0,1.0,19429854.0,19429854.0,,27.11,4340506000.0,0.0,-23525000.0,446182000.0,223.394,17188000.0
67,FTRCQ,MRQ,2004-06-30,2004-06-30,2004-06-30,2021-09-13,-72716000.0,7640598000.0,,1002952000.0,6637646000.0,,78.348,-78103000.0,740359000.0,740359000.0,46710000.0,23792000.0,2.181,4.089,4384621000.0,6490000.0,4378131000.0,4384621000.0,94830000.0,143920000.0,0.0,0.0,0.0,132542000.0,276462000.0,0.514,276462000.0,132542000.0,34890000.0,1.2,1.2,1.2,1501366000.0,,1501366000.0,7239230241.0,14.0,6.487,80691000.0,4.211,1.0,491086000.0,0.913,2689465000.0,97652000.0,8135502000.0,,0.0,63654000.0,0.0,63654000.0,6139232000.0,459893000.0,5679339000.0,3478052241.0,92347000.0,13992000.0,5439000.0,-6226000.0,0.0,-872000.0,-64111000.0,0.0,158794000.0,0.0,23792000.0,23792000.0,23792000.0,-1320000.0,0.0,0.044,365072000.0,126014000.0,128902000.0,0.0,2.317,37.389,36.667,3437099000.0,0.0,181.5,1.568,1.568,224281000.0,-298521000.0,537796000.0,537796000.0,0.0,,,,,2728000.0,210760000.0,1.0,19162822.0,19162822.0,,28.065,4951133000.0,0.0,11098000.0,481632000.0,258.372,543059000.0
68,FTRCQ,MRQ,2004-03-31,2004-03-31,2004-03-31,2021-09-13,-72434000.0,7660033000.0,,932967000.0,6727066000.0,,77.102,-54539000.0,648012000.0,648012000.0,55550000.0,42868000.0,2.066,4.214,4409190000.0,7082000.0,4402108000.0,4409190000.0,96078000.0,143363000.0,0.0,0.0,0.0,164354000.0,307717000.0,0.557,307717000.0,164354000.0,66573000.0,2.25,2.25,2.25,1469073000.0,,1469073000.0,7398269712.0,13.0,6.405,150887000.0,7.919,1.0,496761000.0,0.899,2721095000.0,97781000.0,8248596000.0,,0.0,55374000.0,0.0,55374000.0,6190960000.0,451520000.0,5739440000.0,3698309712.0,64341000.0,0.0,7682000.0,-93557000.0,0.0,-87650000.0,-54539000.0,0.0,205426000.0,0.0,42868000.0,42868000.0,42868000.0,-1461000.0,0.0,0.078,359163000.0,137598000.0,433696000.0,0.0,2.517,35.805,34.973,3471513000.0,0.0,194.1,1.591,1.591,222212000.0,-322313000.0,552311000.0,552311000.0,0.0,,,,,3189000.0,211418000.0,1.0,19053631.0,19053631.0,,28.987,4938938000.0,0.0,23705000.0,467243000.0,259.212,481447000.0
69,FTRCQ,MRQ,2003-12-31,2003-12-31,2003-12-31,2021-09-13,-71676000.0,7445545000.0,,906633000.0,6538912000.0,,74.631,-85713000.0,583671000.0,583671000.0,52938000.0,13399000.0,1.54,4.261,4283631000.0,88002000.0,4195629000.0,4283631000.0,151508000.0,152376000.0,2105000.0,0.0,0.0,118709000.0,271085000.0,0.508,271085000.0,118709000.0,21025000.0,0.9,0.75,0.9,1415183000.0,,1415183000.0,7328205498.0,11.0,5.805,81330000.0,4.289,1.0,480383000.0,0.901,2752725000.0,97684000.0,7804026000.0,,0.0,57103000.0,0.0,57103000.0,6030362000.0,588754000.0,5441608000.0,3532698498.0,-13453000.0,7344000.0,2852000.0,-112868000.0,0.0,-101577000.0,-79211000.0,-1680000.0,167043000.0,0.0,13399000.0,14952000.0,14952000.0,-4380000.0,0.0,0.028,362294000.0,118089000.0,192607000.0,0.0,2.496,18.806,18.537,3530542000.0,-1553000.0,186.3,1.457,1.457,248750000.0,-365181000.0,533321000.0,533321000.0,0.0,,,,,3236000.0,205660000.0,1.0,18962418.0,18962418.0,,28.125,4692820000.0,0.0,7626000.0,307510000.0,247.48,317879000.0
70,FTRCQ,MRQ,2003-09-30,2003-09-30,2003-09-30,2021-09-13,-94851000.0,7703613000.0,,921070000.0,6782543000.0,,72.323,-76056000.0,597124000.0,597124000.0,85869000.0,12965000.0,1.467,4.62,4392631000.0,89769000.0,4302862000.0,4392631000.0,130095000.0,151878000.0,0.0,0.0,0.0,108879000.0,260757000.0,0.438,260757000.0,108879000.0,5755000.0,0.6,0.6,0.6,1370858000.0,,1370858000.0,7464341573.0,12.0,5.853,155361000.0,8.196,1.0,509168000.0,0.856,2784354000.0,103124000.0,8086964000.0,,0.0,41702000.0,0.0,41702000.0,6332755000.0,627802000.0,5704953000.0,3187211573.0,212086000.0,325835000.0,-5349000.0,-249842000.0,0.0,-268945000.0,249614000.0,605000.0,231417000.0,0.0,12965000.0,11412000.0,11412000.0,0.0,0.0,0.019,376012000.0,133156000.0,534487000.0,0.0,2.325,21.471,21.558,3568816000.0,1553000.0,168.15,1.25,1.25,262609000.0,-380133000.0,595037000.0,595037000.0,0.0,,,,,5720000.0,220134000.0,1.0,18954574.0,18954574.0,,31.393,4919259000.0,0.0,-7210000.0,316910000.0,259.529,293268000.0
71,FTRCQ,MRQ,2003-06-30,2003-06-30,2003-06-30,2021-09-13,-97371000.0,7962272000.0,,1174231000.0,6788041000.0,,71.756,-67850000.0,385038000.0,385038000.0,113537000.0,34057000.0,1.625,4.872,4662168000.0,105776000.0,4556392000.0,4662168000.0,133811000.0,150359000.0,0.0,0.0,0.0,165130000.0,315489000.0,0.49,315489000.0,165130000.0,58441000.0,1.8,1.8,1.8,1355951000.0,,1355951000.0,8091292071.0,-19.0,31.099,75558000.0,3.998,1.0,530417000.0,0.824,2734462000.0,106689000.0,8782489000.0,,0.0,37619000.0,0.0,37619000.0,6606321000.0,722451000.0,5883870000.0,3653655071.0,-70885000.0,54347000.0,12508000.0,-212145000.0,0.0,-200207000.0,-14086000.0,-583000.0,143408000.0,0.0,34057000.0,34057000.0,34057000.0,0.0,0.0,0.053,395225000.0,135192000.0,503489000.0,0.0,2.695,-6.489,-6.413,3620734000.0,0.0,193.35,1.393,1.393,279472000.0,-391545000.0,643954000.0,643954000.0,0.0,,,,,0.0,232514000.0,1.0,18896587.0,18896587.0,,34.078,5227810000.0,0.0,24384000.0,244682000.0,276.654,451780000.0
72,FTRCQ,MRQ,2003-03-31,2003-03-31,2003-03-31,2021-09-13,-98279000.0,8198568000.0,,1245546000.0,6953022000.0,,69.293,-47752000.0,455923000.0,455923000.0,113219000.0,127431000.0,1.544,5.273,4893560000.0,110305000.0,4783255000.0,4893560000.0,134751000.0,138548000.0,0.0,0.0,0.0,276430000.0,414978000.0,0.637,414978000.0,276430000.0,167407000.0,6.75,6.45,6.75,1306930000.0,,1306930000.0,7446574305.0,-14.0,40.372,152600000.0,8.091,1.0,538643000.0,0.826,2780607000.0,109023000.0,9048665000.0,,0.0,36148000.0,0.0,36148000.0,6891638000.0,806933000.0,6084705000.0,2823479305.0,62746000.0,553000.0,3198000.0,-89438000.0,0.0,-90385000.0,-47221000.0,-22000.0,200352000.0,0.0,127431000.0,127431000.0,127431000.0,0.0,0.0,0.195,374348000.0,164295000.0,567101000.0,0.0,2.16,-4.421,-4.377,3707554000.0,0.0,149.7,1.069,1.069,288415000.0,-425602000.0,651862000.0,651862000.0,0.0,,,,,0.0,235800000.0,1.0,18860917.0,18860917.0,,34.562,5417961000.0,0.0,39976000.0,206553000.0,287.259,438613000.0
73,FTRCQ,MRQ,2002-12-31,2002-12-31,2002-12-31,2021-09-13,-102169000.0,8222705000.0,,1200984000.0,7021721000.0,,62.298,-114539000.0,393177000.0,393177000.0,119101000.0,-27565000.0,1.541,6.015,5016272000.0,58911000.0,4957361000.0,5016272000.0,146661000.0,191359000.0,2632000.0,0.0,0.0,92770000.0,284129000.0,0.431,284129000.0,92770000.0,-17751000.0,-1.35,-1.2,-1.35,1172139000.0,,1172139000.0,7858789813.0,-12.0,62.381,17883000.0,0.95,1.0,539627000.0,0.819,2812318000.0,110521000.0,9253906000.0,,0.0,29846000.0,0.0,29846000.0,7050566000.0,779576000.0,6270990000.0,2977459813.0,-86059000.0,224677000.0,6554000.0,-344448000.0,0.0,-331713000.0,105760000.0,-4194000.0,132422000.0,0.0,-27565000.0,-24460000.0,-24460000.0,-12043000.0,0.0,-0.037,443006000.0,96621000.0,195278000.0,0.0,2.54,-4.36,-4.342,3690056000.0,-3105000.0,158.25,1.115,1.115,310929000.0,-553033000.0,658728000.0,658728000.0,0.0,,,,,7029000.0,241397000.0,1.0,18814912.0,18814912.0,,35.011,5410387000.0,0.0,9814000.0,341296000.0,287.558,421408000.0
74,FTRCQ,MRQ,2002-09-30,2002-09-30,2002-09-30,2021-09-13,221000.0,8612453000.0,,1587159000.0,7025294000.0,,68.675,-191645000.0,479236000.0,479236000.0,115795000.0,-698551000.0,1.603,5.51,5360566000.0,141220000.0,5219346000.0,5360566000.0,153955000.0,199611000.0,0.0,0.0,0.0,-954026000.0,-754415000.0,-1.128,-754415000.0,-954026000.0,-1069737000.0,-37.35,-37.35,-37.35,1292105000.0,,1292105000.0,6895729258.0,-9.0,16.36,117967000.0,6.27,1.0,553036000.0,0.827,2864467000.0,115711000.0,9638953000.0,,0.0,31298000.0,0.0,31298000.0,7119098000.0,990363000.0,6128735000.0,1913460258.0,58167000.0,0.0,310000.0,-53089000.0,0.0,-56708000.0,-194737000.0,3294000.0,309612000.0,0.0,-698551000.0,-700104000.0,-700104000.0,0.0,0.0,-1.047,1520173000.0,-967137000.0,607814000.0,0.0,1.481,-2.496,-2.474,3736031000.0,1553000.0,101.7,0.715,0.715,310834000.0,-528573000.0,668831000.0,668831000.0,0.0,,,,,0.0,248678000.0,1.0,18814752.0,18814752.0,,35.548,5747986000.0,0.0,-371186000.0,50253000.0,305.504,596796000.0
75,FTRCQ,MRQ,2002-06-30,2002-06-30,2002-06-30,2021-09-13,-575000.0,9668933000.0,,1879514000.0,7789419000.0,,105.996,-94119000.0,421069000.0,421069000.0,113786000.0,-40007000.0,2.203,3.754,5403338000.0,63924000.0,5339414000.0,5403338000.0,170385000.0,186378000.0,0.0,0.0,0.0,53380000.0,239758000.0,0.362,239758000.0,53380000.0,-66567000.0,-2.25,-2.25,-2.25,1991355000.0,,1991355000.0,7297270077.0,21.0,5.452,-43833000.0,-2.333,1.0,548653000.0,0.828,2896281000.0,119947000.0,10901590000.0,,0.0,30020000.0,0.0,30020000.0,7476328000.0,853331000.0,6622997000.0,2355906077.0,-551682000.0,0.0,3247000.0,-516535000.0,0.0,-516287000.0,-85681000.0,8387000.0,50286000.0,0.0,-40007000.0,-41559000.0,-41559000.0,0.0,0.0,-0.063,466085000.0,82568000.0,613938000.0,0.0,1.183,-34.599,-32.154,4488913000.0,1552000.0,125.4,0.883,0.883,307176000.0,171531000.0,662439000.0,662439000.0,0.0,,,,,0.0,251426000.0,1.0,18787130.0,18787130.0,,35.26,6772652000.0,0.0,-26560000.0,416683000.0,360.494,1026183000.0
76,FTRCQ,MRQ,2002-03-31,2002-03-31,2002-03-31,2021-09-13,4614000.0,10233610000.0,,2432844000.0,7800766000.0,,108.423,-68439000.0,972751000.0,972751000.0,128238000.0,83226000.0,1.902,3.931,5914115000.0,461062000.0,5453053000.0,5914115000.0,183717000.0,178174000.0,0.0,0.0,0.0,178334000.0,356508000.0,0.525,356508000.0,178334000.0,56284000.0,4.5,4.35,4.5,2034746000.0,,2034746000.0,8987275128.0,25.0,7.67,70558000.0,3.76,1.0,551096000.0,0.811,2909716000.0,122050000.0,10986066000.0,,0.0,88979000.0,0.0,88979000.0,7997614000.0,1279192000.0,6718422000.0,3026130128.0,756882000.0,859065000.0,4832000.0,-148097000.0,0.0,-141863000.0,-66428000.0,1564000.0,138997000.0,0.0,83226000.0,83226000.0,83226000.0,-167848000.0,0.0,0.123,450737000.0,100359000.0,642607000.0,0.0,1.487,-75.978,-67.188,4429115000.0,0.0,161.25,1.205,1.205,305277000.0,213090000.0,679334000.0,679334000.0,0.0,,,,,0.0,260854000.0,1.0,18766698.0,18766698.0,,36.199,7323894000.0,0.0,-26942000.0,383767000.0,390.26,1153652000.0
77,FTRCQ,MRQ,2001-12-31,2001-12-31,2001-12-31,2021-09-13,4907000.0,10553600000.0,,2533048000.0,8020552000.0,,104.23,-541103000.0,215869000.0,215869000.0,122271000.0,-108315000.0,1.627,4.423,6018812000.0,483906000.0,5534906000.0,6018812000.0,183319000.0,632336000.0,18246000.0,0.0,0.0,-52695000.0,579641000.0,0.871,579641000.0,-52695000.0,-172303000.0,-6.0,-6.0,-6.0,1946142000.0,,1946142000.0,8886231407.0,33.0,9.814,-426734000.0,-22.855,1.0,543578000.0,0.816,2978942000.0,119608000.0,11821008000.0,,0.0,141208000.0,0.0,141208000.0,8607458000.0,1556593000.0,7050865000.0,2985595407.0,35451000.0,368638000.0,0.0,79155000.0,0.0,49736000.0,-172556000.0,210000.0,114369000.0,0.0,-108315000.0,-108315000.0,-108315000.0,-6200000.0,0.0,-0.163,517200000.0,26378000.0,239676000.0,0.0,1.534,-28.893,-28.053,4512038000.0,0.0,159.9,1.215,1.215,311878000.0,129864000.0,665849000.0,665849000.0,0.0,,,,,0.0,288738000.0,1.0,18671641.0,18671641.0,,35.661,7574658000.0,0.0,-63988000.0,560082000.0,405.677,976455000.0
78,FTRCQ,MRQ,2001-09-30,2001-09-30,2001-09-30,2021-09-13,-59147000.0,10385131000.0,,2399821000.0,7985310000.0,,101.94,271633000.0,38922000.0,38922000.0,123214000.0,-441000.0,2.17,4.127,5939558000.0,155967000.0,5783591000.0,5939558000.0,206332000.0,0.0,0.0,0.0,0.0,162621000.0,162621000.0,0.246,162621000.0,162621000.0,39169000.0,-0.15,-0.15,-0.15,1986136000.0,,1986136000.0,8756886493.0,27.0,27.12,471271000.0,24.188,1.0,537907000.0,0.814,2864454000.0,123452000.0,12315168000.0,,0.0,258620000.0,141496000.0,117124000.0,8197745000.0,1106145000.0,7091600000.0,2747167493.0,130840000.0,-1530000.0,13574000.0,-182570000.0,0.0,-319679000.0,269932000.0,-324000.0,199638000.0,0.0,-441000.0,-1444000.0,-1444000.0,-7199000.0,0.0,-0.002,340371000.0,197536000.0,516520000.0,0.0,1.383,-78.011,-67.143,4537291000.0,1003000.0,141.0,1.208,1.208,339382000.0,238179000.0,661121000.0,661121000.0,0.0,,,,,0.0,273011000.0,1.0,19483457.0,19483457.0,,33.932,7520677000.0,0.0,39610000.0,408975000.0,386.003,1293676000.0
79,FTRCQ,MRQ,2001-06-30,2001-06-30,2001-06-30,2021-09-13,0.0,10845688000.0,,2354765000.0,8490923000.0,,114.791,-103832000.0,31115000.0,31115000.0,128528000.0,-649000.0,2.172,4.226,6040834000.0,222522000.0,5818312000.0,6040834000.0,200688000.0,0.0,0.0,0.0,0.0,73005000.0,73005000.0,0.144,73005000.0,73005000.0,-124000.0,-0.75,-0.75,-0.75,2016196000.0,,2016196000.0,6308962688.0,27.0,26.885,-93669000.0,-5.333,1.0,377213000.0,0.746,3014751000.0,73129000.0,12756297000.0,,0.0,191781000.0,18463000.0,173318000.0,8521224000.0,1084359000.0,7436865000.0,3174699688.0,15499000.0,-3367987000.0,726869000.0,2740292000.0,0.0,3482719000.0,-3472129000.0,-566000.0,10163000.0,0.0,-649000.0,-13296000.0,-13296000.0,-3367000.0,0.0,-0.026,316664000.0,60549000.0,416207000.0,0.0,1.575,-98.273,-100.417,4662361000.0,12647000.0,180.75,1.344,1.344,336490000.0,,505741000.0,505741000.0,0.0,,,,,0.0,202298000.0,1.0,17564037.0,17564037.0,,28.794,7830937000.0,0.0,525000.0,688562000.0,445.851,1270406000.0
80,FTRCQ,MRQ,2001-03-31,2001-03-31,2001-03-31,2021-09-13,0.0,6811703000.0,,2176565000.0,4635138000.0,,97.437,-113969000.0,28448000.0,28448000.0,226121000.0,19723000.0,2.349,2.734,3162711000.0,181215000.0,2981496000.0,3162711000.0,203012000.0,0.0,0.0,0.0,0.0,90222000.0,90222000.0,0.145,90222000.0,90222000.0,28770000.0,1.2,1.05,1.2,1730308000.0,,1730308000.0,6581695515.0,32.0,31.812,38797000.0,2.185,1.0,398160000.0,0.638,621547000.0,61452000.0,8397716000.0,,0.0,187481000.0,5630000.0,181851000.0,4730132000.0,926703000.0,3803429000.0,3369615515.0,-36007000.0,0.0,9118000.0,-78982000.0,0.0,-71387000.0,-112715000.0,723000.0,152766000.0,0.0,19723000.0,19723000.0,19723000.0,-1108000.0,0.0,0.032,310277000.0,87883000.0,299481000.0,0.0,1.947,-210.64,-210.833,3508257000.0,0.0,189.75,1.481,1.481,229605000.0,,624281000.0,624281000.0,0.0,,,,,0.0,204571000.0,1.0,17758185.0,17758185.0,,35.155,6190156000.0,0.0,9047000.0,490007000.0,348.58,1249862000.0
81,FTRCQ,MRQ,2000-12-31,2000-12-31,2000-12-31,2021-09-13,418000.0,6955006000.0,,2365689000.0,4589317000.0,,97.281,-135487000.0,31223000.0,31223000.0,142834000.0,-40198000.0,2.266,3.044,3243303000.0,181014000.0,3062289000.0,3243303000.0,205604000.0,0.0,18683000.0,0.0,0.0,-2959000.0,-2959000.0,-0.006,-2959000.0,-2959000.0,-61426000.0,-2.4,-2.25,-2.4,1720001000.0,,1720001000.0,6443478342.0,45.0,45.11,-90756000.0,-5.133,1.0,339505000.0,0.704,633268000.0,58467000.0,8489756000.0,,0.0,253222000.0,38863000.0,214359000.0,5235005000.0,1044062000.0,4190943000.0,3479574342.0,24123000.0,-341729000.0,0.0,231500000.0,0.0,245622000.0,-237689000.0,239441000.0,44731000.0,0.0,-40198000.0,-40198000.0,-40198000.0,-3495000.0,0.0,-0.083,332844000.0,6661000.0,171002000.0,0.0,2.023,-122.546,-119.273,3520712000.0,0.0,196.8,1.931,1.931,243304000.0,233196000.0,482339000.0,482339000.0,0.0,,,,,0.0,248499000.0,1.0,17680764.0,17680764.0,,27.28,6321738000.0,0.0,-21228000.0,485876000.0,357.549,1321627000.0
82,FTRCQ,MRQ,2000-09-30,2000-09-30,2000-09-30,2021-09-13,-54174000.0,6420053000.0,,1027119000.0,5392934000.0,,104.748,-117282000.0,45963000.0,45963000.0,282043000.0,1466000.0,2.627,2.363,3009867000.0,84187000.0,2925680000.0,3009867000.0,190395000.0,0.0,0.0,0.0,0.0,74400000.0,74400000.0,0.099,74400000.0,74400000.0,7816000.0,0.15,0.0,0.15,1849104000.0,,1849104000.0,6057685416.0,18.0,17.736,-26751000.0,-1.515,1.0,468197000.0,0.624,466358000.0,66584000.0,8526609000.0,,0.0,372112000.0,224655000.0,147457000.0,4369699000.0,390990000.0,3978709000.0,3542925416.0,-3187000.0,-438896000.0,-8249000.0,442896000.0,0.0,446836000.0,-523036000.0,54167000.0,90531000.0,0.0,1466000.0,1466000.0,1466000.0,7664000.0,0.0,0.002,389417000.0,78780000.0,306803000.0,0.0,1.916,43.203,41.812,3255120000.0,0.0,200.7,1.514,1.514,220257000.0,273393000.0,750240000.0,750240000.0,0.0,,,,,0.0,255574000.0,1.0,17652842.0,17652842.0,,42.5,5953695000.0,0.0,6350000.0,433993000.0,337.266,636129000.0
83,FTRCQ,MRQ,2000-06-30,2000-06-30,2000-06-30,2021-09-13,-25470000.0,6073322000.0,,298857000.0,5774465000.0,,106.924,-141839000.0,49150000.0,49150000.0,103434000.0,3012000.0,0.882,2.124,2563910000.0,33540000.0,2530370000.0,2563910000.0,182470000.0,0.0,0.0,0.0,0.0,45233000.0,45233000.0,0.108,45233000.0,45233000.0,3483000.0,0.15,0.15,0.15,1879580000.0,,1879580000.0,6730973924.0,22.0,21.896,-82680000.0,-4.703,1.0,315173000.0,0.753,0.0,41750000.0,8249120000.0,,0.0,493444000.0,0.0,493444000.0,3992492000.0,338962000.0,3653530000.0,4548466924.0,5158000.0,-205404000.0,-5623000.0,264600000.0,0.0,281651000.0,-324549000.0,33472000.0,59159000.0,0.0,3012000.0,3012000.0,3012000.0,-2663000.0,0.0,0.007,281207000.0,33966000.0,305422000.0,0.0,2.42,49.201,47.917,3264007000.0,0.0,258.75,2.361,2.361,214421000.0,271925000.0,418607000.0,418607000.0,0.0,,,,,0.0,186947000.0,1.0,17578616.0,17578616.0,,23.813,6073322000.0,0.0,471000.0,445661000.0,345.495,-40105000.0
84,FTRCQ,MRQ,2000-03-31,2000-03-31,2000-03-31,2021-09-13,-13122000.0,5758465000.0,,291815000.0,5466650000.0,,106.656,-150221000.0,43992000.0,43992000.0,121166000.0,7326000.0,0.796,1.969,2226499000.0,33005000.0,2193494000.0,2226499000.0,180652000.0,0.0,0.0,0.0,0.0,49743000.0,49743000.0,0.111,49743000.0,49743000.0,12153000.0,0.45,0.45,0.45,1869492000.0,,1869492000.0,6408178408.0,22.0,22.214,-36949000.0,-2.108,1.0,327536000.0,0.73,0.0,37590000.0,7574592000.0,,0.0,546652000.0,0.0,546652000.0,3680793000.0,366380000.0,3314413000.0,4306703408.0,6851000.0,0.0,-35337000.0,77190000.0,0.0,43325000.0,-157580000.0,-432000.0,113272000.0,0.0,7326000.0,7326000.0,7326000.0,-681000.0,0.0,0.016,288804000.0,38732000.0,333375000.0,0.0,2.304,44.314,43.105,2946976000.0,0.0,245.7,2.417,2.417,217785000.0,268915000.0,448702000.0,448702000.0,0.0,,,,,0.0,188849000.0,1.0,17528300.0,17528300.0,,25.599,5758465000.0,0.0,4827000.0,448160000.0,328.524,-74565000.0
85,FTRCQ,MRQ,1999-12-31,1999-12-31,1999-12-31,2021-09-13,0.0,5771745000.0,,1965038000.0,3806707000.0,,109.591,-160566000.0,37141000.0,37141000.0,281084000.0,70202000.0,2.528,2.018,2138616000.0,31156000.0,2107460000.0,2138616000.0,179831000.0,0.0,32842000.0,0.0,0.0,172164000.0,172164000.0,0.238,172164000.0,172164000.0,117205000.0,4.05,3.9,4.05,1908823000.0,,1908823000.0,5773882507.0,17.0,17.029,-149333000.0,-8.574,1.0,441365000.0,0.611,30187000.0,54959000.0,7065752000.0,,12624000.0,591386000.0,0.0,591386000.0,3851810000.0,777281000.0,3074529000.0,3707369507.0,1269000.0,0.0,-12956000.0,68852000.0,0.0,66947000.0,-103686000.0,51006000.0,11233000.0,0.0,70202000.0,70202000.0,70202000.0,13867000.0,0.0,0.097,411651000.0,29714000.0,187984000.0,0.0,1.942,25.659,25.339,2888718000.0,0.0,212.85,2.32,2.32,241519000.0,261590000.0,722449000.0,722449000.0,0.0,,,,,0.0,281621000.0,1.0,17417757.0,17417757.0,,41.478,5741558000.0,0.0,47003000.0,563192000.0,329.638,1187757000.0
86,FTRCQ,MRQ,1999-09-30,1999-09-30,1999-09-30,2021-09-13,42264000.0,5600258000.0,,290590000.0,5309668000.0,,107.265,-147408000.0,35870000.0,35870000.0,51518000.0,11906000.0,0.615,1.886,2102383000.0,22333000.0,2080050000.0,2102383000.0,0.0,0.0,0.0,0.0,0.0,40266000.0,40266000.0,0.119,40266000.0,40266000.0,12947000.0,0.75,0.75,0.75,1863214000.0,,1863214000.0,5049657940.0,26.0,26.101,-13357000.0,-0.769,1.0,285573000.0,0.847,0.0,27319000.0,7194472000.0,,0.0,541498000.0,0.0,541498000.0,3513531000.0,472299000.0,3041232000.0,2946861940.0,8274000.0,0.0,5962000.0,61426000.0,0.0,75970000.0,-207561000.0,-57083000.0,134051000.0,0.0,11906000.0,11906000.0,11906000.0,-8272000.0,0.0,0.035,267030000.0,18543000.0,449966000.0,0.0,1.582,38.958,39.0,2868608000.0,0.0,169.65,2.236,2.236,223517000.0,191387000.0,337091000.0,337091000.0,0.0,,,,,0.0,197315000.0,1.0,17370244.0,17370244.0,,19.406,5600258000.0,0.0,1041000.0,459583000.0,322.405,-181709000.0
87,FTRCQ,MRQ,1999-06-30,1999-06-30,1999-06-30,2021-09-13,42281000.0,5470489000.0,,378283000.0,5092206000.0,,106.805,-119775000.0,27596000.0,27596000.0,30184000.0,7753000.0,0.832,1.785,2130392000.0,23878000.0,2106514000.0,2130392000.0,0.0,0.0,0.0,0.0,0.0,26302000.0,26302000.0,0.096,26302000.0,26302000.0,8003000.0,0.45,0.45,0.45,1850767000.0,,1850767000.0,4850444901.0,26.0,26.03,-116713000.0,-6.735,1.0,243762000.0,0.89,0.0,18299000.0,7118803000.0,,0.0,435762000.0,0.0,435762000.0,3303101000.0,454482000.0,2848619000.0,2890394901.0,5946000.0,0.0,492000.0,96918000.0,0.0,105049000.0,-100192000.0,19063000.0,3062000.0,0.0,7753000.0,7753000.0,7753000.0,-247000.0,0.0,0.028,228791000.0,14971000.0,430604000.0,0.0,1.562,36.963,37.067,4217990000.0,0.0,166.8,2.375,2.375,294038000.0,179482000.0,273946000.0,273946000.0,0.0,,,,,0.0,169028000.0,1.0,17328507.0,17328507.0,,15.809,5470489000.0,0.0,250000.0,423259000.0,315.693,-76199000.0
88,FTRCQ,MRQ,1999-03-31,1999-03-31,1999-03-31,2021-09-13,42574000.0,5313453000.0,,365750000.0,4947703000.0,,105.996,-145581000.0,21650000.0,21650000.0,34395000.0,54625000.0,0.818,1.771,1981700000.0,9310000.0,1972390000.0,1981700000.0,289698000.0,0.0,0.0,0.0,0.0,100329000.0,100329000.0,0.379,100329000.0,100329000.0,81231000.0,3.15,3.15,3.15,1836452000.0,,1836452000.0,4001362533.0,19.0,18.988,72090000.0,4.161,1.0,230355000.0,0.87,0.0,19098000.0,6826408000.0,,0.0,430354000.0,0.0,430354000.0,3251638000.0,447095000.0,2804543000.0,2014108533.0,-10272000.0,0.0,-123000.0,-43312000.0,0.0,-55957000.0,-141501000.0,4377000.0,217671000.0,0.0,54625000.0,54625000.0,54625000.0,-13235000.0,0.0,0.206,223223000.0,7132000.0,437785000.0,0.0,1.097,23.722,23.485,4083346000.0,0.0,116.25,1.538,1.538,287885000.0,171728000.0,264750000.0,264750000.0,0.0,,,,,0.0,161338000.0,1.0,17325665.0,17325665.0,,15.281,5313453000.0,0.0,26606000.0,416266000.0,306.681,-81345000.0
89,FTRCQ,MRQ,1998-12-31,1998-12-31,1998-12-31,2021-09-13,0.0,5292932000.0,,306562000.0,4986370000.0,,102.257,-126199000.0,31922000.0,31922000.0,146104000.0,1358000.0,0.625,1.985,1893010000.0,117672000.0,1775338000.0,1893010000.0,0.0,0.0,30797000.0,0.0,0.0,26567000.0,26567000.0,0.06,26567000.0,26567000.0,-2653000.0,0.0,-0.6,0.0,1762986000.0,,1762986000.0,3890155896.0,22.0,22.164,-103496000.0,-6.003,1.0,295950000.0,0.669,0.0,29220000.0,6663422000.0,,13706000.0,464146000.0,0.0,464146000.0,3500161000.0,490598000.0,3009563000.0,2068884896.0,-25777000.0,-88863000.0,-11871000.0,122296000.0,0.0,150657000.0,-169400000.0,47343000.0,22703000.0,0.0,1358000.0,1358000.0,1358000.0,-9055000.0,0.0,0.003,261757000.0,34193000.0,175304000.0,,1.174,36.258,36.364,2705087000.0,0.0,120.0,1.428,1.428,233735000.0,117104000.0,442054000.0,442054000.0,0.0,,,,,0.0,194648000.0,1.0,17240707.0,17240707.0,,25.64,5292932000.0,0.0,-4011000.0,518598000.0,307.002,-184036000.0
90,FTRCQ,MRQ,1998-09-30,1998-09-30,1998-09-30,2021-09-13,23794000.0,5101908000.0,,421462000.0,4680446000.0,,103.643,-130378000.0,57699000.0,57699000.0,24931000.0,14461000.0,1.062,1.749,1878970000.0,22253000.0,1856717000.0,1878970000.0,263717000.0,0.0,0.0,0.0,0.0,33146000.0,33146000.0,0.14,33146000.0,33146000.0,15965000.0,0.9,0.9,0.9,1772223000.0,,1772223000.0,3814454001.0,16.0,15.728,-59564000.0,-3.483,1.0,211393000.0,0.895,0.0,17181000.0,6526235000.0,,0.0,441830000.0,0.0,441830000.0,3100038000.0,396944000.0,2703094000.0,2085257001.0,2274000.0,0.0,-859000.0,67918000.0,0.0,67059000.0,-135599000.0,6061000.0,70814000.0,0.0,14461000.0,14461000.0,14461000.0,-3895000.0,0.0,0.061,192407000.0,18986000.0,374691000.0,0.0,1.177,15.639,15.34,3820035000.0,0.0,121.95,2.47,2.47,298081000.0,133569000.0,236324000.0,236324000.0,0.0,,,,,0.0,142403000.0,1.0,17099278.0,17099278.0,,13.821,5101908000.0,0.0,1504000.0,427931000.0,298.37,24518000.0
91,FTRCQ,MRQ,1998-06-30,1998-06-30,1998-06-30,2021-09-13,27104000.0,4967067000.0,,361900000.0,4605167000.0,,103.799,-101156000.0,55425000.0,55425000.0,80695000.0,14462000.0,0.995,1.694,1784622000.0,7704000.0,1776918000.0,1784622000.0,262027000.0,0.0,0.0,0.0,0.0,50689000.0,50689000.0,0.138,50689000.0,50689000.0,22100000.0,0.9,0.9,0.9,1757504000.0,,1757504000.0,4196173808.0,15.0,15.492,-26212000.0,-1.548,1.0,285652000.0,0.78,0.0,28589000.0,6332400000.0,,0.0,449009000.0,0.0,449009000.0,2976757000.0,363864000.0,2612893000.0,2445804808.0,10042000.0,0.0,2313000.0,-6495000.0,0.0,-4182000.0,-60720000.0,34000000.0,74944000.0,0.0,14462000.0,14462000.0,14462000.0,0.0,0.0,0.039,244147000.0,41505000.0,356160000.0,0.0,1.392,17.178,17.196,3736533000.0,0.0,144.45,2.584,2.584,249115000.0,136772000.0,366347000.0,366347000.0,0.0,,,,,0.0,179382000.0,1.0,16931844.0,16931844.0,,21.637,4967067000.0,0.0,7638000.0,430395000.0,293.357,-1964000.0
92,FTRCQ,MRQ,1998-03-31,1998-03-31,1998-03-31,2021-09-13,9790000.0,4939831000.0,,383726000.0,4556105000.0,,102.596,-120243000.0,45383000.0,45383000.0,108032000.0,26779000.0,1.035,1.737,1795752000.0,6069000.0,1789683000.0,1795752000.0,260036000.0,0.0,0.0,0.0,0.0,65114000.0,65114000.0,0.161,65114000.0,65114000.0,38308000.0,1.5,1.5,1.5,1718585000.0,,1718585000.0,4331427482.0,62.0,62.33,-38805000.0,-2.317,1.0,295831000.0,0.733,0.0,26806000.0,6319399000.0,,0.0,454560000.0,0.0,454560000.0,2985906000.0,370801000.0,2615105000.0,2653367482.0,10220000.0,0.0,2695000.0,91464000.0,0.0,94159000.0,-165377000.0,-45263000.0,81438000.0,0.0,26779000.0,26779000.0,26779000.0,0.0,0.0,0.066,239553000.0,56278000.0,364732000.0,0.0,1.544,421.504,528.0,3675289000.0,0.0,158.4,2.984,2.984,266082000.0,141091000.0,403863000.0,403863000.0,0.0,,,,,0.0,175956000.0,1.0,16751057.0,16751057.0,,24.11,4939831000.0,0.0,11529000.0,429850000.0,294.897,12925000.0
93,FTRCQ,MRQ,1997-12-31,1997-12-31,1997-12-31,2021-09-13,0.0,4872852000.0,,281869000.0,4590983000.0,,99.748,-32190000.0,35163000.0,35163000.0,-149788000.0,79184000.0,0.696,1.944,1588991000.0,5089000.0,1583902000.0,1588991000.0,0.0,0.0,19401000.0,0.0,0.0,93573000.0,93573000.0,-0.576,93573000.0,93573000.0,109127000.0,4.65,4.65,4.65,1642585000.0,,1642585000.0,3945977869.0,51.0,50.715,-67507000.0,-4.099,1.0,-12631000.0,0.078,0.0,-15554000.0,6021422000.0,,11411000.0,447695000.0,0.0,447695000.0,3193641000.0,405258000.0,2788383000.0,2378719869.0,8481000.0,0.0,-5450000.0,64442000.0,0.0,177637000.0,-17995000.0,21985000.0,-35317000.0,0.0,77632000.0,77632000.0,77632000.0,-14023000.0,1552000.0,-0.478,-4167000.0,-8464000.0,214713000.0,0.0,1.448,235.517,240.75,2394787000.0,0.0,144.45,2.765,2.765,191424000.0,132217000.0,-162419000.0,-162419000.0,0.0,,,,,0.0,-16350000.0,1.0,16467427.0,16467427.0,,-9.863,4872852000.0,0.0,31495000.0,487015000.0,295.909,-123389000.0
94,FTRCQ,MRQ,1997-09-30,1997-09-30,1997-09-30,2021-09-13,6466000.0,4502170000.0,,334631000.0,4167539000.0,,154.966,-114008000.0,26682000.0,26682000.0,68174000.0,23507000.0,1.023,1.694,1593940000.0,8579000.0,1585361000.0,1593940000.0,389343000.0,0.0,0.0,0.0,0.0,61489000.0,61489000.0,0.181,61489000.0,61489000.0,35849000.0,1.35,1.35,1.35,1596623000.0,,1596623000.0,2977539714.0,38.0,38.27,-40390000.0,-3.92,1.0,270629000.0,0.799,0.0,25640000.0,5742334000.0,,0.0,422631000.0,0.0,422631000.0,2704297000.0,327094000.0,2377203000.0,1429549714.0,8817000.0,0.0,-12886000.0,27545000.0,0.0,14228000.0,-79029000.0,41381000.0,73618000.0,0.0,23507000.0,23507000.0,23507000.0,0.0,0.0,0.069,218381000.0,52248000.0,318515000.0,0.0,0.895,-66.833,-71.154,3336766000.0,0.0,138.75,1.05,1.05,239288000.0,64938000.0,338803000.0,338803000.0,0.0,,,,,0.0,159554000.0,1.0,10303061.0,10303061.0,,32.884,4502170000.0,0.0,12342000.0,380848000.0,436.974,7537000.0
95,FTRCQ,MRQ,1997-06-30,1997-06-30,1997-06-30,2021-09-13,-5867000.0,4439595000.0,,312587000.0,4127008000.0,,96.546,-178874000.0,17865000.0,17865000.0,85681000.0,-123175000.0,0.907,1.702,1565855000.0,8700000.0,1557155000.0,1565855000.0,372982000.0,0.0,0.0,0.0,0.0,-150684000.0,-150684000.0,-0.488,-150684000.0,-150684000.0,-179368000.0,-7.2,-7.2,-7.2,1568609000.0,,1568609000.0,2799093976.0,26.0,26.309,-141411000.0,-8.704,1.0,223176000.0,0.723,0.0,28684000.0,5642810000.0,,0.0,443663000.0,0.0,443663000.0,2669736000.0,344775000.0,2324961000.0,1251163976.0,2141000.0,0.0,-13274000.0,2995000.0,0.0,-9912000.0,-25410000.0,96236000.0,37463000.0,0.0,-121623000.0,-121623000.0,-121623000.0,0.0,-1552000.0,-0.394,380572000.0,-157396000.0,336075000.0,0.0,0.798,1102.347,-266.667,3278372000.0,0.0,120.0,0.931,1.452,240826000.0,65934000.0,308857000.0,308857000.0,0.0,,,,,0.0,322067000.0,1.0,10426366.0,16247200.0,16247200.0,19.01,4439595000.0,0.0,-57745000.0,373224000.0,273.253,-32188000.0
96,FTRCQ,MRQ,1997-03-31,1997-03-31,1997-03-31,2021-09-13,-12533000.0,4540353000.0,,347871000.0,4192482000.0,,105.64,-89584000.0,15724000.0,15724000.0,105990000.0,30584000.0,0.973,1.559,1563654000.0,8799000.0,1554855000.0,1563654000.0,238717000.0,0.0,0.0,0.0,0.0,73429000.0,73429000.0,0.196,73429000.0,73429000.0,46420000.0,1.8,1.8,1.8,1695344000.0,,1695344000.0,3347038504.0,10.0,9.592,-25492000.0,-1.588,1.0,269101000.0,0.717,0.0,27009000.0,5730876000.0,,0.0,527973000.0,0.0,527973000.0,2643759000.0,357407000.0,2286352000.0,1857978504.0,-8506000.0,0.0,-12117000.0,45585000.0,0.0,33441000.0,-106039000.0,895000.0,64092000.0,0.0,30584000.0,30584000.0,30584000.0,0.0,0.0,0.082,206270000.0,62831000.0,348608000.0,0.0,1.096,10.904,18.562,3161629000.0,0.0,178.2,1.374,2.115,270285000.0,230143000.0,375091000.0,375091000.0,0.0,,,,,0.0,149255000.0,1.0,10426366.0,16048267.0,16048267.0,23.373,4540353000.0,0.0,15836000.0,354868000.0,282.919,-9536000.0
97,FTRCQ,MRQ,1996-12-31,1996-12-31,1996-12-31,2021-09-13,0.0,4523148000.0,,369770000.0,4153378000.0,,,-305529000.0,24230000.0,24230000.0,285749000.0,47521000.0,0.903,1.695,1513290000.0,3593000.0,1509697000.0,1513290000.0,115291000.0,0.0,21400000.0,0.0,0.0,93569000.0,93569000.0,0.276,93569000.0,93569000.0,67888000.0,2.1,,2.1,1678183000.0,,1678183000.0,,,,-286064000.0,,1.0,53543000.0,0.158,0.0,25681000.0,5602719000.0,,27159000.0,539152000.0,0.0,539152000.0,2844965000.0,409489000.0,2435476000.0,,12423000.0,-15475000.0,-2953000.0,91162000.0,0.0,6523000.0,-13565000.0,253953000.0,19465000.0,0.0,46142000.0,46142000.0,46142000.0,0.0,1379000.0,0.136,-22846000.0,76389000.0,168299000.0,0.0,,,16.353,3138052000.0,0.0,166.8,,,281650000.0,244066000.0,339292000.0,339292000.0,0.0,,,,,0.0,531349000.0,1.0,,,,,4523148000.0,0.0,21746000.0,457833000.0,,-39719000.0
98,FTRCQ,MRQ,1996-09-30,1996-09-30,1996-09-30,2021-09-13,,,,,,,,-81610000.0,,,0.0,46032000.0,,,,,,,,0.0,,0.0,0.0,90078000.0,90078000.0,0.282,90078000.0,90078000.0,67712000.0,2.85,,2.85,,,,,,,-20456000.0,,1.0,319959000.0,1.0,,22366000.0,,,,,,,,,,,-10574000.0,-5261000.0,-14688000.0,20718000.0,0.0,407000.0,-72135000.0,25729000.0,61154000.0,0.0,46032000.0,46032000.0,46032000.0,0.0,0.0,0.144,245737000.0,74222000.0,,0.0,,,,,0.0,181.8,,,,,319959000.0,319959000.0,0.0,,,,,0.0,0.0,1.0,,,,,,,21680000.0,,,
99,FTRCQ,MRQ,1996-06-30,1996-06-30,1996-06-30,2021-09-13,,,,,,,,-91983000.0,,,0.0,46251000.0,,,,,,,,0.0,,0.0,0.0,91859000.0,91859000.0,0.289,91859000.0,91859000.0,69214000.0,2.85,2.85,2.85,,,,,,,-15160000.0,-0.922,1.0,318128000.0,1.0,,22645000.0,,,,,,,,,,,17282000.0,-40103000.0,-12628000.0,179922000.0,0.0,171423000.0,-230964000.0,-81767000.0,76823000.0,0.0,47630000.0,47630000.0,47630000.0,0.0,-1379000.0,0.15,244045000.0,74083000.0,,0.0,,,,,0.0,174.45,,,,,318128000.0,318128000.0,0.0,,,,,0.0,0.0,1.0,,16445067.0,16445067.0,19.345,,,21584000.0,,,
100,FTRCQ,MRQ,1996-03-31,1996-03-31,1996-03-31,2021-09-13,,,,,,,,-51622000.0,,,0.0,38856000.0,,,,,,,,0.0,,0.0,0.0,80786000.0,80786000.0,0.245,80786000.0,80786000.0,58783000.0,2.4,2.4,2.4,,,,,,,21368000.0,1.314,1.0,329138000.0,1.0,,22003000.0,,,,,,,,,,,-8198000.0,-44200000.0,-13458000.0,-135320000.0,0.0,51576000.0,-132764000.0,-37246000.0,72990000.0,0.0,38856000.0,38856000.0,38856000.0,0.0,0.0,0.118,258146000.0,70992000.0,,0.0,,,,,0.0,163.2,,,,,329138000.0,329138000.0,0.0,,,,,0.0,0.0,1.0,,16263267.0,16263267.0,20.238,,,19927000.0,,,
101,FTRCQ,MRQ,1995-12-31,1995-12-31,1995-12-31,2021-09-13,0.0,3918187000.0,,252702000.0,3665485000.0,,,,17922000.0,17922000.0,,,0.502,1.512,1331515000.0,144515000.0,1187000000.0,1331515000.0,101300000.0,,20501000.0,0.0,0.0,,,,,,,,,,1559913000.0,,1559913000.0,,,,,,1.0,,,0.0,,4728102000.0,,18191000.0,329090000.0,0.0,329090000.0,2358274000.0,503678000.0,1854596000.0,,,,,,,,,,,,,,,,,,,,178384000.0,,,,19.318,2908030000.0,,191.25,,,199813000.0,,,,,,,,,,,1.0,,,,,3918187000.0,0.0,,404783000.0,,-250976000.0
102,FTRCQ,MRQ,1994-12-31,1994-12-31,1994-12-31,2021-09-13,0.0,3576566000.0,,314054000.0,3262512000.0,,,,14224000.0,14224000.0,,,0.369,2.092,1523375000.0,529186000.0,994189000.0,1523375000.0,77950000.0,,19919000.0,0.0,0.0,,,,,,,,,,1156896000.0,,1156896000.0,,,,,,1.0,,,0.0,,4233896000.0,,18330000.0,433829000.0,108818000.0,325011000.0,2419670000.0,851821000.0,1567849000.0,,,,,,,,,,,,,,,,,,,,122404000.0,,,,18.559,2569655000.0,,189.3,,,166795000.0,,,,,,,,,,,1.0,,,,,3576566000.0,0.0,,340516000.0,,-537767000.0
0,FTRCQ,MRT,2021-03-31,2021-03-31,2021-03-31,2021-09-13,-744000000.0,16960000000.0,17002250000.0,2847000000.0,14113000000.0,0.406,-46.195,-1279000000.0,2107000000.0,2107000000.0,887000000.0,-156000000.0,0.398,-4.511,17352000000.0,5782000000.0,11570000000.0,17352000000.0,210000000.0,1570000000.0,0.0,0.0,0.0,338000000.0,1908000000.0,0.277,1908000000.0,338000000.0,-130000000.0,-1.5,-1.5,-1.5,-4830000000.0,-4938250000.0,-4830000000.0,15546338120.0,46.0,8.148,898000000.0,8.589,1.0,6011000000.0,0.871,598000000.0,468000000.0,24456000000.0,24490000000.0,0.0,0.0,0.0,0.0,21790000000.0,7151000000.0,14639000000.0,29338120.0,1173000000.0,1158000000.0,0.0,-762000000.0,0.0,-887000000.0,-117000000.0,0.0,2177000000.0,0.0,-156000000.0,-156000000.0,-156000000.0,0.0,0.0,-0.023,5555000000.0,456000000.0,507000000.0,0.0,-0.006,-0.188,-0.187,12987000000.0,0.0,0.28,0.004,0.004,519000000.0,-8915000000.0,6898000000.0,6898000000.0,0.0,-0.009,0.032,0.014,0.049,1000000.0,3316000000.0,1.0,104779000.0,104556000.0,104896000.0,65.974,16362000000.0,43000000.0,26000000.0,632000000.0,156.49,-4304000000.0
1,FTRCQ,MRT,2020-12-31,2020-12-31,2020-12-31,2021-09-13,-755000000.0,16795000000.0,17134250000.0,2654000000.0,14141000000.0,0.418,-46.905,-1181000000.0,1829000000.0,1829000000.0,975000000.0,-402000000.0,0.372,-4.428,17346000000.0,5781000000.0,11565000000.0,17346000000.0,202000000.0,1598000000.0,0.0,0.0,0.0,276000000.0,1874000000.0,0.262,1874000000.0,276000000.0,-486000000.0,-3.85,-3.85,-3.85,-4900000000.0,-4854000000.0,-4900000000.0,15530431370.0,56.0,8.287,808000000.0,7.734,1.0,6180000000.0,0.864,677000000.0,762000000.0,24495000000.0,21801750000.0,0.0,0.0,0.0,0.0,21695000000.0,7140000000.0,14555000000.0,9431370.0,1077000000.0,1158000000.0,0.0,-770000000.0,0.0,-893000000.0,-19000000.0,0.0,1989000000.0,0.0,-402000000.0,-402000000.0,-402000000.0,0.0,0.0,-0.056,5789000000.0,391000000.0,540000000.0,0.0,-0.002,-0.023,-0.023,12931000000.0,0.0,0.09,0.001,0.001,553000000.0,-8975000000.0,7155000000.0,7155000000.0,0.0,-0.023,0.083,0.013,0.039,3000000.0,3374000000.0,1.0,104793000.0,104467000.0,104467000.0,68.491,16118000000.0,85000000.0,-84000000.0,547000000.0,154.288,-4486000000.0
2,FTRCQ,MRT,2020-09-30,2020-09-30,2020-09-30,2021-09-13,-832000000.0,16787000000.0,17307500000.0,2638000000.0,14149000000.0,0.428,-47.127,-1153000000.0,1767000000.0,1767000000.0,1051000000.0,-514000000.0,0.371,-4.408,17288000000.0,5701000000.0,11587000000.0,17288000000.0,214000000.0,1624000000.0,0.0,0.0,0.0,376000000.0,2000000000.0,0.27,2000000000.0,376000000.0,-679000000.0,-4.91,-4.91,-4.91,-4926000000.0,-4727500000.0,-4926000000.0,15769903068.0,42.0,7.885,744000000.0,7.118,1.0,6351000000.0,0.858,757000000.0,1055000000.0,24439000000.0,23229500000.0,0.0,0.0,0.0,0.0,21713000000.0,7112000000.0,14601000000.0,16903068.0,1093000000.0,1150000000.0,0.0,-786000000.0,0.0,-805000000.0,1000000.0,0.0,1897000000.0,0.0,-514000000.0,-514000000.0,-514000000.0,0.0,0.0,-0.069,5937000000.0,414000000.0,564000000.0,0.0,-0.003,-0.033,-0.033,12858000000.0,0.0,0.161,0.002,0.002,562000000.0,-8925000000.0,7402000000.0,7402000000.0,0.0,-0.03,0.109,0.016,0.051,8000000.0,3463000000.0,1.0,104988000.0,104526000.0,104866000.0,70.815,16030000000.0,104000000.0,-165000000.0,565000000.0,153.359,-4474000000.0
3,FTRCQ,MRT,2020-06-30,2020-06-30,2020-06-30,2021-09-13,-987000000.0,17467000000.0,17501000000.0,3219000000.0,14248000000.0,0.438,-48.763,-1157000000.0,2290000000.0,2290000000.0,1132000000.0,-874000000.0,0.412,-4.427,18043000000.0,6446000000.0,11597000000.0,18043000000.0,234000000.0,1654000000.0,0.0,0.0,0.0,267000000.0,1921000000.0,0.25,1921000000.0,267000000.0,-1049000000.0,-8.36,-8.36,-8.36,-5097000000.0,-4521750000.0,-5097000000.0,16375498800.0,61.0,8.524,444000000.0,4.248,1.0,6541000000.0,0.852,838000000.0,1316000000.0,24570000000.0,24699000000.0,0.0,0.0,0.0,0.0,22564000000.0,7812000000.0,14752000000.0,10498800.0,2034000000.0,1150000000.0,0.0,454000000.0,0.0,434000000.0,-1000000.0,0.0,1601000000.0,0.0,-874000000.0,-874000000.0,-874000000.0,0.0,0.0,-0.114,6240000000.0,301000000.0,534000000.0,0.0,-0.002,-0.012,-0.012,12845000000.0,0.0,0.1,0.001,0.001,602000000.0,-8940000000.0,7673000000.0,7673000000.0,0.0,-0.05,0.193,0.011,0.035,10000000.0,3537000000.0,1.0,104988000.0,104525000.0,104525000.0,73.408,16629000000.0,79000000.0,-175000000.0,527000000.0,159.091,-4593000000.0
4,FTRCQ,MRT,2020-03-31,2020-03-31,2020-03-31,2021-09-13,-564000000.0,17488000000.0,17525500000.0,3202000000.0,14286000000.0,0.453,-43.052,-1207000000.0,941000000.0,941000000.0,1195000000.0,-6010000000.0,0.167,-4.892,17306000000.0,17306000000.0,0.0,17306000000.0,221000000.0,1711000000.0,0.0,0.0,0.0,-5123000000.0,-3412000000.0,-0.43,-3412000000.0,-5123000000.0,-6662000000.0,-57.7,-57.7,-57.7,-4493000000.0,-4190250000.0,-4493000000.0,16581895420.0,-3.0,-4.86,496000000.0,4.753,1.0,6744000000.0,0.849,921000000.0,1539000000.0,13703000000.0,26131000000.0,0.0,0.0,0.0,0.0,21981000000.0,19229000000.0,2752000000.0,39895420.0,823000000.0,16000000.0,0.0,321000000.0,0.0,305000000.0,-1185000000.0,0.0,1703000000.0,0.0,-6010000000.0,-6010000000.0,-6010000000.0,0.0,0.0,-0.757,11844000000.0,-5100000000.0,357000000.0,0.0,-0.009,-0.007,-0.007,12890000000.0,0.0,0.38,0.005,0.005,596000000.0,-8759000000.0,7939000000.0,7939000000.0,0.0,-0.343,1.434,-0.196,-0.645,13000000.0,3590000000.0,1.0,104987947.0,104363000.0,104363000.0,76.071,16567000000.0,56000000.0,-652000000.0,686000000.0,158.744,-16027000000.0
5,FTRCQ,MRT,2019-12-31,2019-12-31,2019-12-31,2021-09-13,-650000000.0,17488000000.0,18994000000.0,3037000000.0,14451000000.0,0.427,-42.224,-1226000000.0,760000000.0,760000000.0,1247000000.0,-5911000000.0,1.083,-4.98,17302000000.0,994000000.0,16308000000.0,17302000000.0,219000000.0,1780000000.0,0.0,0.0,0.0,-4987000000.0,-3207000000.0,-0.396,-3207000000.0,-4987000000.0,-6522000000.0,-56.8,-56.8,-56.8,-4394000000.0,-2683250000.0,-4394000000.0,16709737152.0,-3.0,-5.21,282000000.0,2.71,1.0,6860000000.0,0.846,1020000000.0,1535000000.0,30206000000.0,30306500000.0,0.0,0.0,0.0,0.0,21882000000.0,2804000000.0,19078000000.0,93737152.0,406000000.0,88000000.0,0.0,81000000.0,0.0,32000000.0,-1134000000.0,0.0,1508000000.0,0.0,-5911000000.0,-5911000000.0,-5911000000.0,0.0,0.0,-0.729,11790000000.0,-4930000000.0,437000000.0,0.0,-0.021,-0.016,-0.016,12963000000.0,0.0,0.89,0.012,0.011,629000000.0,-8573000000.0,8107000000.0,8107000000.0,0.0,-0.311,2.203,-0.165,-0.615,15000000.0,3614000000.0,1.0,105370000.0,104065000.0,104065000.0,77.903,16468000000.0,53000000.0,-611000000.0,668000000.0,158.247,233000000.0
6,FTRCQ,MRT,2019-09-30,2019-09-30,2019-09-30,2021-09-13,-517000000.0,17561000000.0,20536750000.0,3009000000.0,14552000000.0,0.404,-39.401,-1143000000.0,683000000.0,683000000.0,1310000000.0,-5968000000.0,1.098,-5.28,17299000000.0,994000000.0,16305000000.0,17299000000.0,227000000.0,1852000000.0,0.0,0.0,0.0,-5024000000.0,-3172000000.0,-0.383,-3172000000.0,-5024000000.0,-6556000000.0,-57.5,-57.5,-57.5,-4103000000.0,-1184750000.0,-4103000000.0,16621356657.0,-3.0,-5.24,563000000.0,5.406,1.0,6979000000.0,0.842,1120000000.0,1532000000.0,30317000000.0,30264750000.0,0.0,0.0,0.0,0.0,21664000000.0,2740000000.0,18924000000.0,91356657.0,445000000.0,76000000.0,0.0,-154000000.0,0.0,-197000000.0,-1064000000.0,0.0,1706000000.0,0.0,-5968000000.0,-5968000000.0,-5968000000.0,0.0,0.0,-0.72,11953000000.0,-4974000000.0,453000000.0,0.0,-0.022,-0.015,-0.015,12973000000.0,0.0,0.867,0.011,0.011,654000000.0,-8411000000.0,8289000000.0,8289000000.0,0.0,-0.291,5.037,-0.166,-0.606,14000000.0,3613000000.0,1.0,105371000.0,104135000.0,104135000.0,79.599,16441000000.0,55000000.0,-588000000.0,793000000.0,157.882,269000000.0
7,FTRCQ,MRT,2019-06-30,2019-06-30,2019-06-30,2021-09-13,-525000000.0,17565000000.0,22154750000.0,2614000000.0,14951000000.0,0.38,-36.219,-1154000000.0,267000000.0,267000000.0,1356000000.0,-6049000000.0,1.137,-5.658,16797000000.0,440000000.0,16357000000.0,16797000000.0,232000000.0,1901000000.0,0.0,0.0,0.0,-5081000000.0,-3180000000.0,-0.378,-3180000000.0,-5081000000.0,-6620000000.0,-58.3,-58.3,-58.3,-3771000000.0,326750000.0,-3771000000.0,16984259250.0,-3.0,-5.341,592000000.0,5.686,1.0,7062000000.0,0.839,1497000000.0,1539000000.0,30298000000.0,30269250000.0,0.0,0.0,0.0,0.0,21336000000.0,2300000000.0,19036000000.0,184259250.0,-117000000.0,74000000.0,0.0,-696000000.0,0.0,-799000000.0,-1064000000.0,0.0,1746000000.0,0.0,-6049000000.0,-6049000000.0,-6049000000.0,0.0,0.0,-0.719,12104000000.0,-5042000000.0,452000000.0,0.0,-0.049,-0.03,-0.03,12999000000.0,0.0,1.75,0.022,0.022,674000000.0,-8067000000.0,8418000000.0,8418000000.0,0.0,-0.273,-18.513,-0.168,-0.604,16000000.0,3625000000.0,1.0,105291000.0,104118000.0,104118000.0,80.851,16068000000.0,60000000.0,-571000000.0,787000000.0,154.325,314000000.0
8,FTRCQ,MRT,2019-03-31,2019-03-31,2019-03-31,2021-09-13,-534000000.0,23362000000.0,23946000000.0,1110000000.0,22252000000.0,0.356,14.776,-1200000000.0,119000000.0,119000000.0,1407000000.0,-750000000.0,0.552,14.22,16919000000.0,393000000.0,16526000000.0,16919000000.0,260000000.0,1933000000.0,0.0,0.0,0.0,734000000.0,2667000000.0,0.313,2667000000.0,734000000.0,-807000000.0,-8.15,-8.15,-8.15,1535000000.0,1869750000.0,1535000000.0,17027552970.0,23.0,6.385,643000000.0,6.19,1.0,7106000000.0,0.835,7747000000.0,1541000000.0,30405000000.0,30180500000.0,0.0,0.0,0.0,0.0,21827000000.0,2010000000.0,19817000000.0,209552970.0,-32000000.0,75000000.0,0.0,-653000000.0,0.0,-757000000.0,-1118000000.0,0.0,1843000000.0,0.0,-750000000.0,-804000000.0,-804000000.0,0.0,0.0,-0.094,6347000000.0,759000000.0,473000000.0,0.0,0.137,-0.261,-0.244,14034000000.0,54000000.0,1.99,0.025,0.024,715000000.0,-2749000000.0,8513000000.0,8513000000.0,0.0,-0.034,-0.43,0.024,0.086,17000000.0,3673000000.0,1.0,105303000.0,103885000.0,103885000.0,81.946,15615000000.0,61000000.0,-57000000.0,1330000000.0,150.31,-900000000.0
9,FTRCQ,MRT,2018-12-31,2018-12-31,2018-12-31,2021-09-13,-463000000.0,23659000000.0,24275000000.0,1330000000.0,22329000000.0,0.355,17.841,-1192000000.0,354000000.0,354000000.0,1441000000.0,-643000000.0,0.519,13.787,17172000000.0,814000000.0,16358000000.0,17172000000.0,256000000.0,1954000000.0,0.0,0.0,0.0,831000000.0,2785000000.0,0.323,2785000000.0,831000000.0,-705000000.0,-8.37,-8.37,-8.37,1600000000.0,2085000000.0,1600000000.0,17420206620.0,21.0,6.255,620000000.0,6.913,1.0,7170000000.0,0.833,7877000000.0,1536000000.0,30039000000.0,30184500000.0,0.0,0.0,0.0,0.0,22059000000.0,2561000000.0,19498000000.0,251206620.0,28000000.0,11000000.0,0.0,-453000000.0,0.0,-608000000.0,-1176000000.0,0.0,1812000000.0,0.0,-643000000.0,-750000000.0,-750000000.0,0.0,0.0,-0.087,6384000000.0,786000000.0,495000000.0,0.0,0.157,-0.335,-0.284,14187000000.0,107000000.0,2.38,0.029,0.025,723000000.0,-2752000000.0,8611000000.0,8611000000.0,0.0,-0.031,-0.36,0.028,0.097,18000000.0,3713000000.0,1.0,105549000.0,89683000.0,89683000.0,96.016,15782000000.0,60000000.0,-62000000.0,1291000000.0,175.975,-1231000000.0
10,FTRCQ,MRT,2018-09-30,2018-09-30,2018-09-30,2021-09-13,-330000000.0,24033000000.0,24581250000.0,1282000000.0,22751000000.0,0.354,18.743,-1270000000.0,238000000.0,238000000.0,1482000000.0,-1453000000.0,0.49,11.369,17407000000.0,1005000000.0,16402000000.0,17407000000.0,261000000.0,1976000000.0,0.0,0.092,0.6,-1042000000.0,934000000.0,0.107,934000000.0,-1042000000.0,-2567000000.0,-19.4,-19.4,-19.4,1943000000.0,2253500000.0,1943000000.0,17739706900.0,-17.0,18.993,604000000.0,5.826,1.0,7222000000.0,0.83,8250000000.0,1525000000.0,30335000000.0,30313000000.0,0.0,0.0,0.0,0.0,22090000000.0,2617000000.0,19473000000.0,686706900.0,2000000.0,12000000.0,0.0,-371000000.0,-47000000.0,-636000000.0,-1236000000.0,0.0,1874000000.0,0.0,-1453000000.0,-1613000000.0,-1613000000.0,0.0,0.0,-0.185,8309000000.0,-1087000000.0,457000000.0,-0.031,0.353,-0.426,-0.335,14268000000.0,160000000.0,6.49,0.079,0.077,744000000.0,-2533000000.0,8704000000.0,8704000000.0,0.0,-0.066,-0.716,-0.034,-0.12,18000000.0,3758000000.0,1.0,105810000.0,103665000.0,103665000.0,83.963,15783000000.0,103000000.0,-1114000000.0,1401000000.0,152.25,-1335000000.0
11,FTRCQ,MRT,2018-06-30,2018-06-30,2018-06-30,2021-09-13,-296000000.0,24730000000.0,25342000000.0,1428000000.0,23302000000.0,0.348,30.772,-1223000000.0,384000000.0,384000000.0,1519000000.0,-1065000000.0,0.467,9.3,17437000000.0,1228000000.0,16209000000.0,17437000000.0,265000000.0,2044000000.0,0.0,0.224,1.2,-689000000.0,1355000000.0,0.153,1355000000.0,-689000000.0,-2206000000.0,-16.48,-16.48,-16.48,2401000000.0,2620250000.0,2401000000.0,17758539680.0,-26.0,13.106,721000000.0,9.241,1.0,7310000000.0,0.828,8784000000.0,1517000000.0,29943000000.0,30589750000.0,0.0,0.0,0.0,0.0,22329000000.0,3056000000.0,19273000000.0,429539680.0,47000000.0,27000000.0,0.0,-406000000.0,-94000000.0,-710000000.0,-1187000000.0,0.0,1944000000.0,0.0,-1065000000.0,-1279000000.0,-1279000000.0,0.0,0.0,-0.145,8048000000.0,-738000000.0,513000000.0,-0.073,0.179,-0.336,-0.325,14282000000.0,214000000.0,5.36,0.049,0.047,751000000.0,-2107000000.0,8829000000.0,8829000000.0,0.0,-0.05,-0.488,-0.023,-0.078,17000000.0,3822000000.0,1.0,80138000.0,78026000.0,78026000.0,113.155,15946000000.0,106000000.0,-1141000000.0,1378000000.0,204.368,-1628000000.0
12,FTRCQ,MRT,2018-03-31,2018-03-31,2018-03-31,2021-09-13,-367000000.0,24678000000.0,26037250000.0,1202000000.0,23476000000.0,0.345,30.95,-1169000000.0,201000000.0,201000000.0,1558000000.0,-1709000000.0,0.452,9.3,17530000000.0,1060000000.0,16470000000.0,17530000000.0,271000000.0,2110000000.0,0.0,0.243,1.8,-1520000000.0,590000000.0,0.066,590000000.0,-1520000000.0,-3040000000.0,-24.76,-24.76,-24.76,2396000000.0,2911500000.0,2396000000.0,17845787360.0,-12.0,30.247,632000000.0,8.164,1.0,7413000000.0,0.826,8927000000.0,1520000000.0,30421000000.0,30979750000.0,0.0,0.0,0.0,0.0,22282000000.0,2659000000.0,19623000000.0,581787360.0,-140000000.0,50000000.0,0.0,-444000000.0,-142000000.0,-841000000.0,-1100000000.0,0.0,1801000000.0,0.0,-1709000000.0,-1922000000.0,-1922000000.0,0.0,0.0,-0.214,8887000000.0,-1474000000.0,537000000.0,-0.073,0.243,-0.303,-0.3,14321000000.0,213000000.0,7.42,0.065,0.064,778000000.0,-2089000000.0,8971000000.0,8971000000.0,0.0,-0.074,-0.66,-0.049,-0.169,15000000.0,3892000000.0,1.0,78408000.0,77416000.0,77416000.0,115.88,15751000000.0,54000000.0,-1331000000.0,1373000000.0,203.459,-1457000000.0
13,FTRCQ,MRT,2017-12-31,2017-12-31,2017-12-31,2021-09-13,-366000000.0,24884000000.0,26980000000.0,1323000000.0,23561000000.0,0.338,29.253,-1188000000.0,362000000.0,362000000.0,1597000000.0,-1804000000.0,0.528,9.943,17626000000.0,656000000.0,16970000000.0,17626000000.0,270000000.0,2184000000.0,0.0,0.499,3.375,-1653000000.0,531000000.0,0.058,531000000.0,-1653000000.0,-3187000000.0,-25.99,-25.99,-25.99,2274000000.0,3394000000.0,2274000000.0,18014376080.0,-11.0,33.925,662000000.0,8.516,1.0,7531000000.0,0.825,9087000000.0,1534000000.0,30553000000.0,31271000000.0,0.0,0.0,0.0,0.0,22610000000.0,2508000000.0,20102000000.0,530376080.0,-146000000.0,110000000.0,0.0,-439000000.0,-266000000.0,-942000000.0,-1054000000.0,0.0,1850000000.0,0.0,-1804000000.0,-2018000000.0,-2018000000.0,0.0,0.0,-0.221,9097000000.0,-1566000000.0,564000000.0,-0.13,0.233,-0.263,-0.26,14377000000.0,214000000.0,6.76,0.058,0.058,819000000.0,-2263000000.0,9128000000.0,9128000000.0,0.0,-0.075,-0.595,-0.053,-0.181,14000000.0,3975000000.0,1.0,78458000.0,77736000.0,77736000.0,117.423,15797000000.0,64000000.0,-1383000000.0,1295000000.0,203.213,-1185000000.0
14,FTRCQ,MRT,2017-09-30,2017-09-30,2017-09-30,2021-09-13,-349000000.0,27076000000.0,28012250000.0,1262000000.0,25814000000.0,0.333,43.832,-1207000000.0,286000000.0,286000000.0,1626000000.0,-855000000.0,0.704,6.94,17770000000.0,166000000.0,17604000000.0,17770000000.0,277000000.0,2232000000.0,0.0,0.369,4.35,370000000.0,2602000000.0,0.279,2602000000.0,370000000.0,-1173000000.0,-13.8,-13.8,-13.8,3410000000.0,3955250000.0,3410000000.0,18384715430.0,50.0,7.066,692000000.0,8.895,1.0,7694000000.0,0.826,11325000000.0,1543000000.0,31442000000.0,31541250000.0,0.0,0.0,0.0,0.0,23666000000.0,1793000000.0,21873000000.0,925715430.0,-45000000.0,132000000.0,0.0,-297000000.0,-342000000.0,-880000000.0,-1064000000.0,0.0,1899000000.0,0.0,-855000000.0,-1069000000.0,-1069000000.0,0.0,0.0,-0.115,7229000000.0,465000000.0,509000000.0,-0.315,0.271,-0.866,-0.854,14375000000.0,214000000.0,11.79,0.099,0.098,780000000.0,-1234000000.0,9320000000.0,9320000000.0,0.0,-0.038,-0.27,0.012,0.04,13000000.0,4051000000.0,1.0,78517000.0,77797000.0,77797000.0,119.799,15751000000.0,98000000.0,-318000000.0,2430000000.0,202.463,-531000000.0
15,FTRCQ,MRT,2017-06-30,2017-06-30,2017-06-30,2021-09-13,-329000000.0,27511000000.0,28504500000.0,1425000000.0,26086000000.0,0.337,45.838,-1339000000.0,387000000.0,387000000.0,1676000000.0,-897000000.0,0.72,6.715,17846000000.0,166000000.0,17680000000.0,17846000000.0,286000000.0,2271000000.0,0.0,0.306,5.325,318000000.0,2589000000.0,0.27,2589000000.0,318000000.0,-1230000000.0,-14.34,-14.34,-14.34,3566000000.0,4292000000.0,3566000000.0,18914560040.0,59.0,7.306,525000000.0,6.749,1.0,7917000000.0,0.825,11488000000.0,1548000000.0,31503000000.0,31648750000.0,0.0,0.0,0.0,0.0,23945000000.0,1979000000.0,21966000000.0,1366560040.0,-296000000.0,117000000.0,0.0,-258000000.0,-419000000.0,-942000000.0,-1218000000.0,0.0,1864000000.0,0.0,-897000000.0,-1111000000.0,-1111000000.0,0.0,0.0,-0.116,7495000000.0,422000000.0,523000000.0,-0.371,0.383,-1.23,-1.213,14482000000.0,214000000.0,17.4,0.142,0.141,789000000.0,-1196000000.0,9593000000.0,9593000000.0,0.0,-0.039,-0.259,0.01,0.033,15000000.0,4175000000.0,1.0,78537933.0,77795000.0,77951000.0,123.311,16023000000.0,140000000.0,-333000000.0,2443000000.0,205.964,-554000000.0
16,FTRCQ,MRT,2017-03-31,2017-03-31,2017-03-31,2021-09-13,-326000000.0,28449000000.0,28990750000.0,1384000000.0,27065000000.0,0.341,55.754,-1458000000.0,341000000.0,341000000.0,1721000000.0,-262000000.0,0.665,5.576,17889000000.0,363000000.0,17526000000.0,17889000000.0,290000000.0,2294000000.0,0.0,0.196,6.3,1113000000.0,3407000000.0,0.344,3407000000.0,1113000000.0,-433000000.0,-6.19,-6.19,-6.19,4326000000.0,4666000000.0,4326000000.0,19910203500.0,18.0,5.844,570000000.0,7.346,1.0,8176000000.0,0.826,12331000000.0,1546000000.0,31586000000.0,31835750000.0,0.0,0.0,0.0,0.0,24123000000.0,2080000000.0,22043000000.0,2509203500.0,-8511000000.0,-9793000000.0,0.0,1455000000.0,-494000000.0,704000000.0,-11243000000.0,0.0,2028000000.0,0.0,-262000000.0,-476000000.0,-476000000.0,0.0,0.0,-0.048,7049000000.0,1127000000.0,532000000.0,-1.018,0.58,-5.271,-5.186,14616000000.0,214000000.0,32.1,0.254,0.252,836000000.0,-534000000.0,9897000000.0,9897000000.0,0.0,-0.016,-0.102,0.035,0.112,19000000.0,4309000000.0,1.0,78168333.0,77591000.0,77591000.0,127.553,16118000000.0,103000000.0,-171000000.0,2652000000.0,207.73,-696000000.0
17,FTRCQ,MRT,2016-12-31,2016-12-31,2016-12-31,2021-09-13,-387000000.0,29013000000.0,28492000000.0,1656000000.0,27357000000.0,0.312,58.229,-1401000000.0,522000000.0,522000000.0,1470000000.0,-373000000.0,0.678,5.42,17923000000.0,363000000.0,17560000000.0,17923000000.0,301000000.0,2031000000.0,0.0,0.124,6.3,908000000.0,2939000000.0,0.33,2939000000.0,908000000.0,-623000000.0,-7.61,-7.61,-7.61,4519000000.0,4898000000.0,4519000000.0,21576831260.0,24.0,7.342,275000000.0,3.543,1.0,7426000000.0,0.835,12336000000.0,1531000000.0,31634000000.0,29814500000.0,0.0,0.0,0.0,0.0,24494000000.0,2444000000.0,22050000000.0,3964831260.0,-8858000000.0,-9863000000.0,0.0,1479000000.0,-493000000.0,725000000.0,-11259000000.0,0.0,1676000000.0,0.0,-373000000.0,-587000000.0,-587000000.0,0.0,0.0,-0.066,6515000000.0,911000000.0,698000000.0,-0.828,0.877,-6.754,-6.662,14902000000.0,214000000.0,50.7,0.446,0.442,938000000.0,-460000000.0,8896000000.0,8896000000.0,0.0,-0.021,-0.12,0.03,0.102,24000000.0,3957000000.0,1.0,78201800.0,77607000.0,77607000.0,114.629,16677000000.0,108000000.0,-250000000.0,2650000000.0,214.89,-788000000.0
18,FTRCQ,MRT,2016-09-30,2016-09-30,2016-09-30,2021-09-13,-403000000.0,29045000000.0,28009750000.0,1644000000.0,27401000000.0,0.282,61.292,-1296000000.0,331000000.0,331000000.0,1218000000.0,-396000000.0,0.683,5.106,17943000000.0,509000000.0,17434000000.0,17943000000.0,312000000.0,1788000000.0,0.0,0.101,6.3,826000000.0,2614000000.0,0.331,2614000000.0,826000000.0,-681000000.0,-8.09,-8.09,-8.09,4757000000.0,5171750000.0,4757000000.0,22162975360.0,27.0,8.479,20000000.0,0.258,1.0,6682000000.0,0.846,12379000000.0,1507000000.0,31872000000.0,27754500000.0,0.0,0.0,0.0,0.0,24288000000.0,2406000000.0,21882000000.0,4879975360.0,-680000000.0,-9864000000.0,0.0,1480000000.0,-493000000.0,720000000.0,-2716000000.0,0.0,1316000000.0,0.0,-396000000.0,-610000000.0,-610000000.0,0.0,0.0,-0.077,5867000000.0,815000000.0,700000000.0,-0.779,1.026,-8.0,-7.713,14899000000.0,214000000.0,62.4,0.618,0.613,1004000000.0,-380000000.0,7900000000.0,7900000000.0,0.0,-0.022,-0.118,0.03,0.105,29000000.0,3593000000.0,1.0,78204733.0,77612000.0,77612000.0,101.788,16666000000.0,200000000.0,-285000000.0,2710000000.0,214.735,-762000000.0
19,FTRCQ,MRT,2016-06-30,2016-06-30,2016-06-30,2021-09-13,-342000000.0,29456000000.0,27589750000.0,1881000000.0,27575000000.0,0.246,65.211,-1122000000.0,683000000.0,683000000.0,937000000.0,-330000000.0,0.589,4.819,17966000000.0,1043000000.0,16923000000.0,17966000000.0,323000000.0,1535000000.0,0.0,0.085,6.3,774000000.0,2309000000.0,0.34,2309000000.0,774000000.0,-593000000.0,-7.41,-7.41,-7.41,5062000000.0,5446250000.0,5062000000.0,12808995440.0,17.0,5.547,218000000.0,2.808,1.0,5863000000.0,0.862,11296000000.0,1367000000.0,32251000000.0,25839750000.0,0.0,0.0,0.0,0.0,24394000000.0,3192000000.0,21202000000.0,5794995440.0,-563000000.0,-9865000000.0,0.0,8108000000.0,-491000000.0,7243000000.0,-9146000000.0,0.0,1340000000.0,0.0,-330000000.0,-557000000.0,-557000000.0,0.0,0.0,-0.082,5105000000.0,758000000.0,722000000.0,-0.85,1.145,-10.404,-10.0,16161000000.0,227000000.0,74.1,0.852,0.846,1034000000.0,-300000000.0,6800000000.0,6800000000.0,0.0,-0.02,-0.102,0.03,0.114,30000000.0,3159000000.0,1.0,78205067.0,77625000.0,77625000.0,87.601,18160000000.0,56000000.0,-263000000.0,2627000000.0,233.945,-1311000000.0
20,FTRCQ,MRT,2016-03-31,2016-03-31,2016-03-31,2021-09-13,-347000000.0,26454000000.0,25547250000.0,9576000000.0,16878000000.0,0.218,67.704,-942000000.0,8852000000.0,8852000000.0,645000000.0,-331000000.0,5.522,4.035,15866000000.0,370000000.0,15496000000.0,15866000000.0,158000000.0,1295000000.0,0.0,0.075,6.3,657000000.0,1952000000.0,0.351,1952000000.0,657000000.0,-584000000.0,-6.81,-6.81,-6.81,5254000000.0,5692750000.0,5254000000.0,13042120610.0,20.0,6.681,72000000.0,0.928,1.0,4915000000.0,0.884,8233000000.0,1241000000.0,23501000000.0,22225750000.0,0.0,0.0,0.0,0.0,21200000000.0,1734000000.0,19466000000.0,6530120610.0,8343000000.0,5000000.0,799000000.0,6407000000.0,-474000000.0,8277000000.0,-948000000.0,0.0,1014000000.0,0.0,-331000000.0,-505000000.0,-505000000.0,0.0,0.0,-0.091,4275000000.0,640000000.0,474000000.0,-0.925,1.243,-12.931,-12.313,8495000000.0,174000000.0,83.85,1.174,1.17,544000000.0,-273000000.0,5560000000.0,5560000000.0,0.0,-0.02,-0.089,0.03,0.118,28000000.0,2661000000.0,1.0,77878600.0,77602733.0,77602733.0,71.647,18221000000.0,51000000.0,-253000000.0,2638000000.0,234.798,7842000000.0
21,FTRCQ,MRT,2015-12-31,2015-12-31,2015-12-31,2021-09-13,-353000000.0,27084000000.0,23614000000.0,10131000000.0,16953000000.0,0.236,77.64,-863000000.0,9380000000.0,9380000000.0,640000000.0,-196000000.0,5.352,3.824,15892000000.0,384000000.0,15508000000.0,15892000000.0,160000000.0,1320000000.0,0.0,0.09,6.3,752000000.0,2072000000.0,0.372,2072000000.0,752000000.0,-361000000.0,-4.41,-4.41,-4.41,5614000000.0,5256000000.0,5614000000.0,12117550040.0,16.0,5.848,452000000.0,6.251,1.0,4936000000.0,0.885,8309000000.0,1113000000.0,23394000000.0,20802500000.0,0.0,0.0,0.0,0.0,21470000000.0,1893000000.0,19577000000.0,5455550040.0,8698000000.0,5000000.0,799000000.0,6305000000.0,-456000000.0,8261000000.0,-878000000.0,0.0,1315000000.0,0.0,-196000000.0,-316000000.0,-316000000.0,0.0,0.0,-0.057,4191000000.0,745000000.0,467000000.0,-1.429,0.972,-17.264,-15.884,8493000000.0,120000000.0,70.05,0.978,0.908,571000000.0,-87000000.0,5576000000.0,5576000000.0,0.0,-0.013,-0.06,0.036,0.135,27000000.0,2633000000.0,1.0,77880800.0,72308000.0,72308000.0,77.115,18775000000.0,80000000.0,-165000000.0,2753000000.0,259.653,8238000000.0
22,FTRCQ,MRT,2015-09-30,2015-09-30,2015-09-30,2021-09-13,-391000000.0,27365000000.0,21545500000.0,10195000000.0,17170000000.0,0.255,75.633,-819000000.0,9451000000.0,9451000000.0,619000000.0,-79000000.0,7.139,3.674,16113000000.0,97000000.0,16016000000.0,16113000000.0,165000000.0,1324000000.0,0.0,0.087,6.225,752000000.0,2076000000.0,0.378,2076000000.0,752000000.0,-187000000.0,-2.1,-2.1,-2.1,5855000000.0,4767000000.0,5855000000.0,11999983250.0,16.0,5.78,470000000.0,6.071,1.0,4874000000.0,0.887,8386000000.0,939000000.0,24213000000.0,19354500000.0,0.0,0.0,0.0,0.0,21510000000.0,1428000000.0,20082000000.0,5548983250.0,192000000.0,-2021000000.0,799000000.0,6664000000.0,-433000000.0,8709000000.0,-9806000000.0,0.0,1289000000.0,0.0,-79000000.0,-146000000.0,-146000000.0,0.0,0.0,-0.027,4138000000.0,736000000.0,335000000.0,-2.964,0.948,-38.007,-33.929,8439000000.0,67000000.0,71.25,1.01,1.004,554000000.0,16000000.0,5493000000.0,5493000000.0,0.0,-0.007,-0.031,0.039,0.137,24000000.0,2592000000.0,1.0,77880467.0,77413800.0,77413800.0,70.956,18979000000.0,104000000.0,-108000000.0,2810000000.0,245.163,8767000000.0
23,FTRCQ,MRT,2015-06-30,2015-06-30,2015-06-30,2021-09-13,-396000000.0,21286000000.0,19114172000.0,4088000000.0,17198000000.0,0.273,87.449,-771000000.0,3086000000.0,3086000000.0,568000000.0,-23000000.0,2.903,2.52,9537000000.0,97000000.0,9440000000.0,9537000000.0,170000000.0,1260000000.0,0.0,0.083,6.15,766000000.0,2026000000.0,0.389,2026000000.0,766000000.0,-97000000.0,-0.45,-0.45,-0.45,6048000000.0,4276379750.0,6048000000.0,14114374600.0,18.0,6.967,474000000.0,6.854,1.0,4642000000.0,0.891,8534000000.0,863000000.0,17795000000.0,17322980500.0,0.0,0.0,0.0,0.0,15238000000.0,1408000000.0,13830000000.0,4966374600.0,434000000.0,-1995000000.0,799000000.0,1623000000.0,-412000000.0,3840000000.0,-4651000000.0,0.0,1245000000.0,0.0,-23000000.0,-23000000.0,-23000000.0,0.0,0.0,-0.004,3916000000.0,726000000.0,324000000.0,-13.667,0.821,-215.929,-165.0,8432000000.0,0.0,74.25,0.953,0.986,541000000.0,30000000.0,5210000000.0,5210000000.0,0.0,-0.001,-0.005,0.044,0.147,23000000.0,2450000000.0,1.0,66887200.0,69160467.0,69160467.0,75.332,12752000000.0,393000000.0,-74000000.0,3130000000.0,184.383,2680000000.0
24,FTRCQ,MRT,2015-03-31,2015-03-31,2015-03-31,2021-09-13,-401000000.0,18721000000.0,17837491500.0,1408000000.0,17313000000.0,0.28,52.884,-723000000.0,509000000.0,509000000.0,513000000.0,43000000.0,0.978,4.338,9657000000.0,193000000.0,9464000000.0,9657000000.0,176000000.0,1199000000.0,0.0,0.057,6.075,796000000.0,1995000000.0,0.4,1995000000.0,796000000.0,26000000.0,0.6,0.6,0.6,3507000000.0,3750167250.0,3507000000.0,16168509450.0,20.0,8.105,483000000.0,7.283,1.0,4476000000.0,0.897,8621000000.0,770000000.0,17808000000.0,16524885000.0,0.0,0.0,0.0,0.0,15214000000.0,1440000000.0,13774000000.0,7067406450.0,-456000000.0,-1979000000.0,0.0,1528000000.0,-406000000.0,1080000000.0,-2742000000.0,0.0,1206000000.0,0.0,43000000.0,43000000.0,43000000.0,0.0,0.0,0.009,3719000000.0,757000000.0,260000000.0,10.125,2.015,164.358,176.25,8478000000.0,0.0,105.75,1.417,1.406,526000000.0,58000000.0,4989000000.0,4989000000.0,0.0,0.002,0.011,0.048,0.16,24000000.0,2330000000.0,1.0,66831267.0,66314400.0,,75.233,10100000000.0,311000000.0,-17000000.0,3001000000.0,152.305,-32000000.0
25,FTRCQ,MRT,2014-12-31,2014-12-31,2014-12-31,2021-09-13,-404000000.0,18810000000.0,17274460000.0,1415000000.0,17395000000.0,0.276,55.178,-688000000.0,682000000.0,682000000.0,465000000.0,133000000.0,0.936,4.142,9691000000.0,298000000.0,9393000000.0,9691000000.0,179000000.0,1139000000.0,0.0,0.06,6.0,859000000.0,1998000000.0,0.419,1998000000.0,859000000.0,163000000.0,1.95,1.95,1.95,3658000000.0,3872835250.0,3658000000.0,13804499270.0,16.0,6.909,582000000.0,8.779,1.0,4307000000.0,0.903,8705000000.0,696000000.0,17602000000.0,15778105500.0,0.0,0.0,0.0,0.0,15152000000.0,1512000000.0,13640000000.0,6683880270.0,-209000000.0,-1979000000.0,0.0,1651000000.0,-401000000.0,1208000000.0,-2687000000.0,0.0,1270000000.0,0.0,133000000.0,133000000.0,133000000.0,0.0,0.0,0.028,3487000000.0,820000000.0,379000000.0,3.077,1.827,50.255,51.308,8566000000.0,0.0,100.05,1.401,1.39,614000000.0,109000000.0,4772000000.0,4772000000.0,0.0,0.008,0.034,0.054,0.18,23000000.0,2204000000.0,1.0,66805400.0,66294533.0,66544133.0,71.982,10105000000.0,58000000.0,30000000.0,2948000000.0,152.426,-97000000.0
26,FTRCQ,MRT,2014-09-30,2014-09-30,2014-09-30,2021-09-13,-252141000.0,17639688000.0,16730831000.0,2927349000.0,14712339000.0,0.276,58.702,-645918000.0,2327518000.0,2327518000.0,431533000.0,186277000.0,2.187,3.532,9448137000.0,262534000.0,9185603000.0,9448137000.0,132848000.0,1098775000.0,0.0,0.061,6.0,931137000.0,2029912000.0,0.439,2029912000.0,931137000.0,257939000.0,2.85,2.85,2.85,3892519000.0,3972205500.0,3892519000.0,13630153530.0,15.0,6.715,716741000.0,10.809,1.0,4191260000.0,0.907,7335016000.0,673198000.0,16086922000.0,15135803000.0,0.0,0.0,0.0,0.0,13747169000.0,1338369000.0,12408800000.0,6523690530.0,146535000.0,25245000.0,0.0,1301977000.0,-401178000.0,858829000.0,-2074953000.0,0.0,1362659000.0,0.0,186920000.0,186920000.0,186920000.0,0.0,-643000.0,0.04,3286811000.0,904449000.0,282796000.0,2.105,1.676,34.901,34.263,7152461000.0,0.0,97.65,1.411,1.401,462299000.0,195055000.0,4622793000.0,4622793000.0,0.0,0.011,0.047,0.062,0.201,22439000.0,2102345000.0,1.0,66806867.0,66309800.0,,69.715,10304672000.0,66787000.0,71019000.0,2460896000.0,155.402,1588980000.0
27,FTRCQ,MRT,2014-06-30,2014-06-30,2014-06-30,2021-09-13,-254601000.0,16179278000.0,16444262500.0,1411255000.0,14768023000.0,0.284,59.013,-611478000.0,806897000.0,806897000.0,427488000.0,179677000.0,1.101,3.103,7913360000.0,262527000.0,7650833000.0,7913360000.0,133560000.0,1123476000.0,0.0,0.068,6.0,916833000.0,2040309000.0,0.437,2040309000.0,916833000.0,249800000.0,2.85,2.85,2.85,3943150000.0,3975591250.0,3943150000.0,13013970880.0,14.0,6.378,844815000.0,12.643,1.0,4239583000.0,0.908,7400869000.0,667033000.0,14602618000.0,14914619250.0,0.0,0.0,0.0,0.0,12236128000.0,1282254000.0,10953874000.0,5853326880.0,251902000.0,245000.0,0.0,-247497000.0,-400134000.0,-656882000.0,-547509000.0,0.0,1456293000.0,0.0,180320000.0,180320000.0,180320000.0,0.0,-643000.0,0.039,3325962000.0,913621000.0,275119000.0,2.105,1.484,32.461,30.737,7162649000.0,0.0,87.6,1.254,1.254,463932000.0,153062000.0,4667071000.0,4667071000.0,0.0,0.011,0.045,0.061,0.196,20073000.0,2118486000.0,1.0,66818800.0,66818800.0,,69.847,8778409000.0,77830000.0,69480000.0,2462873000.0,131.376,129001000.0
28,FTRCQ,MRT,2014-03-31,2014-03-31,2014-03-31,2021-09-13,-257491000.0,16468874000.0,16549459500.0,1599414000.0,14869460000.0,0.285,59.997,-590991000.0,967653000.0,967653000.0,428602000.0,103217000.0,1.201,3.12,8128297000.0,365625000.0,7762672000.0,8128297000.0,135246000.0,1147325000.0,0.0,0.07,6.0,802165000.0,1949490000.0,0.414,1949490000.0,802165000.0,135585000.0,1.65,1.65,1.65,3997672000.0,3973555000.0,3997672000.0,12940063710.0,16.0,6.638,858717000.0,12.888,1.0,4282002000.0,0.909,7476760000.0,666580000.0,14820882000.0,15097609250.0,0.0,0.0,0.0,0.0,12471202000.0,1331876000.0,11139326000.0,5701930710.0,76237000.0,18000000.0,0.0,-457871000.0,-400188000.0,-880780000.0,-492691000.0,0.0,1449708000.0,0.0,103860000.0,103860000.0,103860000.0,0.0,-643000.0,0.022,3340826000.0,941176000.0,218022000.0,3.636,1.426,54.9,51.864,7190258000.0,0.0,85.575,1.21,1.21,463081000.0,115382000.0,4710604000.0,4710604000.0,0.0,0.006,0.026,0.053,0.17,19115000.0,2128501000.0,1.0,66630800.0,66630800.0,,70.697,8992114000.0,108133000.0,31725000.0,2477524000.0,134.954,267538000.0
29,FTRCQ,MRT,2013-12-31,2013-12-31,2013-12-31,2021-09-13,-260530000.0,16635484000.0,16684631500.0,1618839000.0,15016645000.0,0.285,61.282,-635000000.0,880039000.0,880039000.0,431000000.0,115000000.0,1.244,3.102,8131583000.0,257916000.0,7873667000.0,8131583000.0,137319000.0,1170000000.0,0.0,0.086,6.0,828000000.0,1998000000.0,0.42,1998000000.0,828000000.0,161000000.0,1.65,1.65,1.65,4055481000.0,3989753000.0,4055481000.0,12111230550.0,15.0,6.062,861000000.0,13.011,1.0,4331000000.0,0.909,7552651000.0,667000000.0,15032790000.0,15344388250.0,0.0,0.0,0.0,0.0,12580003000.0,1301587000.0,11278416000.0,4647893550.0,-447000000.0,18000000.0,0.0,-972000000.0,-400000000.0,-1400000000.0,-543000000.0,0.0,1496000000.0,0.0,113000000.0,113000000.0,113000000.0,0.0,2000000.0,0.024,3365000000.0,966000000.0,327256000.0,3.636,1.146,41.132,42.273,7255762000.0,0.0,69.75,0.976,0.969,479210000.0,76108000.0,4762000000.0,4762000000.0,0.0,0.007,0.028,0.054,0.174,17000000.0,2141000000.0,1.0,66636467.0,66177267.0,66266467.0,71.958,9082833000.0,191017000.0,48000000.0,2483384000.0,137.25,317252000.0
30,FTRCQ,MRT,2013-09-30,2013-09-30,2013-09-30,2021-09-13,-438779000.0,16493414000.0,16959168250.0,1323536000.0,15169878000.0,0.284,58.607,-676711000.0,681869000.0,681869000.0,429002000.0,76922000.0,1.177,3.223,8145206000.0,257910000.0,7887296000.0,8145206000.0,139504000.0,1191269000.0,0.0,0.096,6.0,783111000.0,1974380000.0,0.41,1974380000.0,783111000.0,102428000.0,1.2,1.05,1.2,3906062000.0,4002781750.0,3906062000.0,11768168140.0,15.0,5.96,790818000.0,11.866,1.0,4384758000.0,0.911,7629673000.0,680683000.0,15202187000.0,15554430250.0,0.0,0.0,0.0,0.0,12587352000.0,1124891000.0,11462461000.0,4178842140.0,-438492000.0,17755000.0,0.0,-902563000.0,-399665000.0,-1342673000.0,-563348000.0,0.0,1467529000.0,0.0,69959000.0,69959000.0,69959000.0,0.0,6963000.0,0.015,3440477000.0,944281000.0,231451000.0,5.0,1.07,59.733,52.25,7289567000.0,0.0,62.7,0.868,0.868,472223000.0,108285000.0,4813760000.0,4813760000.0,0.0,0.004,0.017,0.05,0.163,16386000.0,2195366000.0,1.0,66648200.0,66648200.0,,72.226,8863741000.0,116564000.0,32469000.0,2370856000.0,132.993,198645000.0
31,FTRCQ,MRT,2013-06-30,2013-06-30,2013-06-30,2021-09-13,-470084000.0,16600066000.0,17295436250.0,1276941000.0,15323125000.0,0.282,59.158,-725013000.0,569501000.0,569501000.0,427098000.0,113148000.0,1.112,3.219,8158827000.0,257905000.0,7900922000.0,8158827000.0,140005000.0,1203984000.0,0.0,0.099,6.0,850342000.0,2054326000.0,0.421,2054326000.0,850342000.0,161306000.0,1.65,1.5,1.65,3935005000.0,4098277500.0,3935005000.0,11548947650.0,14.0,5.622,750374000.0,11.281,1.0,4453853000.0,0.912,7706654000.0,689036000.0,15334578000.0,15755420250.0,0.0,0.0,0.0,0.0,12665061000.0,1148160000.0,11516901000.0,4040899650.0,138616000.0,17755000.0,0.0,-323075000.0,-399554000.0,-790350000.0,-546421000.0,0.0,1475387000.0,0.0,101559000.0,101559000.0,101559000.0,0.0,11589000.0,0.021,3440548000.0,1013305000.0,271942000.0,3.636,1.027,39.789,36.818,7361756000.0,0.0,60.75,0.828,0.828,486495000.0,72885000.0,4880951000.0,4880951000.0,0.0,0.006,0.025,0.054,0.174,17927000.0,2218573000.0,1.0,66516867.0,66516867.0,,73.379,8893412000.0,162602000.0,59747000.0,2382450000.0,133.702,128781000.0
32,FTRCQ,MRT,2013-03-31,2013-03-31,2013-03-31,2021-09-13,-476830000.0,17009562000.0,17431818500.0,1548155000.0,15461407000.0,0.284,61.042,-767260000.0,918580000.0,918580000.0,435417000.0,173607000.0,1.69,3.185,8426628000.0,57899000.0,8368729000.0,8426628000.0,143768000.0,1213182000.0,0.0,0.1,6.0,942770000.0,2155952000.0,0.436,2155952000.0,942770000.0,248227000.0,2.55,2.4,2.55,4062464000.0,4193250000.0,4062464000.0,11556422250.0,12.0,5.36,761992000.0,11.45,1.0,4513778000.0,0.912,7793675000.0,694543000.0,15807998000.0,15751870000.0,0.0,0.0,0.0,0.0,12939180000.0,915937000.0,12023243000.0,3983117250.0,511481000.0,0.0,0.0,28755000.0,-399351000.0,-423269000.0,-594502000.0,0.0,1529252000.0,0.0,158008000.0,158008000.0,158008000.0,0.0,15599000.0,0.032,3484244000.0,1029534000.0,219009000.0,2.353,0.98,25.208,23.471,7417746000.0,0.0,59.85,0.805,0.805,480746000.0,111345000.0,4949195000.0,4949195000.0,0.0,0.009,0.038,0.06,0.19,16942000.0,2224469000.0,1.0,66551667.0,66551667.0,,74.366,9215887000.0,103612000.0,90219000.0,2409289000.0,138.477,632218000.0
33,FTRCQ,MRT,2012-12-31,2012-12-31,2012-12-31,2021-09-13,-483576000.0,17733631000.0,17483990500.0,2087203000.0,15646428000.0,0.287,61.71,-802504000.0,1369192000.0,1369192000.0,441588000.0,153314000.0,1.344,3.314,8942497000.0,560550000.0,8381947000.0,8942497000.0,146317000.0,1266807000.0,0.0,0.093,6.0,900259000.0,2167066000.0,0.432,2167066000.0,900259000.0,212274000.0,2.1,1.95,2.1,4107596000.0,4274449250.0,4107596000.0,11930675600.0,13.0,5.505,749969000.0,11.267,1.0,4570265000.0,0.912,7880458000.0,687985000.0,15872958000.0,15617491000.0,0.0,0.0,0.0,0.0,13614360000.0,1553520000.0,12060840000.0,4273344600.0,1000438000.0,0.0,0.0,531382000.0,-399390000.0,82904000.0,-634939000.0,0.0,1552473000.0,0.0,136636000.0,136636000.0,136636000.0,0.0,16678000.0,0.027,3583097000.0,987168000.0,338148000.0,2.857,1.04,31.275,30.571,7504896000.0,0.0,64.2,0.853,0.853,533704000.0,63205000.0,5011853000.0,5011853000.0,0.0,0.008,0.032,0.058,0.18,16775000.0,2234553000.0,1.0,66563000.0,66563000.0,,75.295,9853173000.0,144587000.0,75638000.0,2423552000.0,148.028,533683000.0
34,FTRCQ,MRT,2012-09-30,2012-09-30,2012-09-30,2021-09-13,-374821000.0,17838486000.0,17412662500.0,2129226000.0,15709260000.0,0.291,64.416,-735504000.0,1196813000.0,1196813000.0,453881000.0,169363000.0,1.4,3.156,8854144000.0,596545000.0,8257599000.0,8854144000.0,147228000.0,1303788000.0,0.0,0.099,7.312,915954000.0,2219742000.0,0.438,2219742000.0,915954000.0,241688000.0,2.4,2.4,2.4,4288045000.0,4361334500.0,4288045000.0,12679237375.0,14.0,5.712,724808000.0,10.888,1.0,4608571000.0,0.91,7968684000.0,674266000.0,16006147000.0,15609629750.0,0.0,0.0,0.0,0.0,13535086000.0,1520986000.0,12014100000.0,4907750375.0,893672000.0,0.0,0.0,577564000.0,-486131000.0,46696000.0,-613336000.0,0.0,1460312000.0,0.0,154004000.0,154004000.0,154004000.0,0.0,15359000.0,0.03,3626676000.0,981895000.0,322811000.0,3.047,1.145,31.868,30.719,7482900000.0,0.0,73.725,0.969,0.969,557573000.0,38931000.0,5062452000.0,5062452000.0,0.0,0.009,0.035,0.059,0.181,16430000.0,2212437000.0,1.0,66568333.0,66568333.0,,76.049,9869802000.0,347602000.0,87684000.0,2692046000.0,148.266,608240000.0
35,FTRCQ,MRT,2012-06-30,2012-06-30,2012-06-30,2021-09-13,-377129000.0,17145595000.0,17326482750.0,1298779000.0,15846816000.0,0.294,64.824,-795827000.0,515605000.0,515605000.0,471771000.0,120057000.0,0.844,2.97,8287092000.0,616575000.0,7670517000.0,8287092000.0,147641000.0,1357279000.0,0.0,0.15,8.625,820229000.0,2177508000.0,0.427,2177508000.0,820229000.0,152396000.0,1.65,1.65,1.65,4314895000.0,4479721250.0,4314895000.0,11608124840.0,14.0,5.331,670416000.0,10.072,1.0,4629151000.0,0.908,8057153000.0,667833000.0,15320377000.0,15518566500.0,0.0,0.0,0.0,0.0,12813971000.0,1539552000.0,11274419000.0,3824055840.0,177342000.0,0.0,0.0,11584000.0,-572874000.0,-577170000.0,-711731000.0,0.0,1466243000.0,0.0,107399000.0,107399000.0,107399000.0,0.0,12658000.0,0.021,3742161000.0,886990000.0,314706000.0,5.227,0.886,35.606,34.818,7481896000.0,0.0,57.45,0.75,0.75,545818000.0,71776000.0,5100922000.0,5100922000.0,0.0,0.006,0.024,0.053,0.161,14307000.0,2211477000.0,1.0,66563200.0,66563200.0,,76.633,9088442000.0,279473000.0,44997000.0,2563255000.0,136.539,-240773000.0
36,FTRCQ,MRT,2012-03-31,2012-03-31,2012-03-31,2021-09-13,-382696000.0,17218250000.0,17455726750.0,1217176000.0,16001074000.0,0.296,66.136,-839980000.0,505069000.0,505069000.0,482967000.0,131902000.0,0.772,2.922,8289138000.0,674746000.0,7614392000.0,8289138000.0,150174000.0,1409218000.0,0.0,0.159,9.938,854784000.0,2264002000.0,0.438,2264002000.0,854784000.0,192141000.0,1.8,1.8,1.8,4387261000.0,4631291000.0,4387261000.0,11978441500.0,14.0,5.291,601100000.0,9.061,1.0,4681433000.0,0.906,8155620000.0,662643000.0,15270482000.0,15563878000.0,0.0,0.0,0.0,0.0,12818270000.0,1576217000.0,11242053000.0,4149358500.0,6432000.0,0.0,0.0,9073000.0,-659633000.0,-659549000.0,-775099000.0,0.0,1441080000.0,0.0,121671000.0,121671000.0,121671000.0,0.0,10231000.0,0.024,3823947000.0,857486000.0,327584000.0,5.521,0.946,34.103,34.75,7501149000.0,0.0,62.55,0.803,0.803,525252000.0,153638000.0,5164400000.0,5164400000.0,0.0,0.007,0.026,0.055,0.166,14343000.0,2249662000.0,1.0,66336667.0,66336667.0,,77.851,9062630000.0,264161000.0,70470000.0,2551831000.0,136.616,-359041000.0
37,FTRCQ,MRT,2011-12-31,2011-12-31,2011-12-31,2021-09-13,-386963000.0,17448319000.0,17595795000.0,1239030000.0,16209289000.0,0.298,67.154,-824839000.0,470774000.0,470774000.0,518682000.0,157608000.0,1.075,2.913,8318408000.0,94016000.0,8224392000.0,8318408000.0,152784000.0,1403175000.0,0.0,0.146,11.25,903153000.0,2306328000.0,0.44,2306328000.0,903153000.0,237957000.0,2.25,2.25,2.25,4455137000.0,4801481250.0,4455137000.0,12952866050.0,14.0,5.616,747842000.0,11.273,1.0,4724361000.0,0.901,8302224000.0,665196000.0,15841513000.0,15611042250.0,0.0,0.0,0.0,0.0,12979185000.0,1152216000.0,11826969000.0,5124904050.0,74831000.0,0.0,0.0,22606000.0,-746387000.0,-735178000.0,-762672000.0,0.0,1572681000.0,0.0,149614000.0,149614000.0,149614000.0,0.0,7994000.0,0.029,3824740000.0,899621000.0,519548000.0,5.0,1.15,34.254,34.333,7547523000.0,0.0,77.25,0.977,0.977,585157000.0,226721000.0,5243043000.0,5243043000.0,0.0,0.009,0.031,0.058,0.172,14209000.0,2278419000.0,1.0,66341800.0,66341800.0,,79.031,9146095000.0,264357000.0,88343000.0,2522410000.0,137.863,86814000.0
38,FTRCQ,MRT,2011-09-30,2011-09-30,2011-09-30,2021-09-13,-221225000.0,17493767000.0,17706272750.0,969746000.0,16524021000.0,0.3,71.767,-946793000.0,366882000.0,366882000.0,538478000.0,158982000.0,0.83,2.671,8194844000.0,43763000.0,8151081000.0,8194844000.0,161944000.0,1414952000.0,0.0,0.123,11.25,913907000.0,2328859000.0,0.438,2328859000.0,913907000.0,246415000.0,2.25,2.25,2.25,4761592000.0,4986882000.0,4761592000.0,13865444760.0,15.0,5.954,661871000.0,9.976,1.0,4780134000.0,0.899,8511693000.0,667492000.0,15641894000.0,15523751000.0,0.0,0.0,0.0,0.0,12717179000.0,1168142000.0,11549037000.0,6080769760.0,-145248000.0,0.0,0.0,-79940000.0,-746150000.0,-832567000.0,-921345000.0,0.0,1608664000.0,0.0,153359000.0,153359000.0,153359000.0,0.0,5623000.0,0.029,3871290000.0,908844000.0,469219000.0,5.0,1.277,39.651,40.733,7630515000.0,0.0,91.65,1.143,1.143,527395000.0,184474000.0,5318612000.0,5318612000.0,0.0,0.009,0.031,0.059,0.172,15272000.0,2344164000.0,1.0,66347733.0,66347733.0,,80.163,8982074000.0,152130000.0,93056000.0,2449212000.0,135.379,-198396000.0
39,FTRCQ,MRT,2011-06-30,2011-06-30,2011-06-30,2021-09-13,-224559000.0,17662571000.0,17831565500.0,1046255000.0,16616316000.0,0.305,74.172,-855201000.0,407797000.0,407797000.0,554910000.0,166346000.0,0.799,2.586,8192472000.0,203659000.0,7988813000.0,8192472000.0,166839000.0,1402939000.0,0.0,0.093,11.25,970665000.0,2373604000.0,0.437,2373604000.0,970665000.0,302321000.0,2.4,2.4,2.4,4921174000.0,5126885500.0,4921174000.0,15753949330.0,16.0,6.637,913640000.0,13.77,1.0,4875731000.0,0.898,8636898000.0,668344000.0,15501623000.0,15485477250.0,0.0,0.0,0.0,0.0,12728326000.0,1308725000.0,11419601000.0,8031417330.0,1517000.0,-82560000.0,0.0,-83305000.0,-745898000.0,-846774000.0,-920550000.0,0.0,1768841000.0,0.0,161959000.0,161959000.0,161959000.0,0.0,4387000.0,0.03,3913133000.0,962598000.0,438200000.0,4.688,1.632,49.589,50.438,7590723000.0,0.0,121.05,1.479,1.479,513852000.0,164079000.0,5430641000.0,5430641000.0,0.0,0.009,0.032,0.063,0.179,16922000.0,2386899000.0,1.0,66347933.0,66347933.0,,81.851,9025673000.0,206494000.0,140362000.0,2473230000.0,136.035,-262470000.0
40,FTRCQ,MRT,2011-03-31,2011-03-31,2011-03-31,2021-09-13,-227894000.0,17778523000.0,15114878250.0,1176888000.0,16601635000.0,0.306,76.496,-717385000.0,543589000.0,543589000.0,481420000.0,168441000.0,0.835,2.505,8266121000.0,279873000.0,7986248000.0,8266121000.0,168065000.0,1143927000.0,0.0,0.099,12.188,879777000.0,2023704000.0,0.438,2023704000.0,879777000.0,284329000.0,3.6,3.6,3.6,5068022000.0,3961554000.0,5068022000.0,15993798160.0,18.0,7.903,895757000.0,13.52,1.0,4143103000.0,0.896,8631660000.0,595448000.0,15459139000.0,13646319000.0,0.0,0.0,0.0,0.0,12697513000.0,1410256000.0,11287257000.0,8168855160.0,28287000.0,-82560000.0,0.0,-7228000.0,-637639000.0,-668045000.0,-916810000.0,0.0,1613142000.0,0.0,164819000.0,164819000.0,164819000.0,0.0,3622000.0,0.036,3282374000.0,860729000.0,385480000.0,3.386,1.612,49.563,34.25,7572985000.0,0.0,123.3,1.766,1.766,519239000.0,131818000.0,4624523000.0,4624523000.0,0.0,0.011,0.042,0.064,0.19,15314000.0,1998452000.0,1.0,66251867.0,66251867.0,,69.802,9146863000.0,204983000.0,119510000.0,2413660000.0,138.062,-233368000.0
41,FTRCQ,MRT,2010-12-31,2010-12-31,2010-12-31,2021-09-13,-229549000.0,17890230000.0,12368653250.0,1128419000.0,16761811000.0,0.307,78.432,-577879000.0,438752000.0,438752000.0,383679000.0,155717000.0,0.784,2.44,8263616000.0,280002000.0,7983614000.0,8263616000.0,171602000.0,893719000.0,0.0,0.09,13.125,789492000.0,1683211000.0,0.443,1683211000.0,789492000.0,267672000.0,3.45,3.45,3.45,5196740000.0,2768739250.0,5196740000.0,17393519020.0,22.0,10.334,644301000.0,9.724,1.0,3413996000.0,0.899,8783389000.0,521820000.0,15492348000.0,11797630750.0,0.0,0.0,0.0,0.0,12680487000.0,1439357000.0,11241130000.0,9670394020.0,-107430000.0,-82560000.0,0.0,-7236000.0,-529389000.0,-555655000.0,-773955000.0,0.0,1222180000.0,0.0,152673000.0,152673000.0,152673000.0,0.0,3044000.0,0.04,2641998000.0,771998000.0,436886000.0,3.804,1.861,63.341,42.304,7590614000.0,0.0,145.95,2.546,2.546,568308000.0,77107000.0,3797675000.0,3797675000.0,0.0,0.012,0.055,0.067,0.208,14473000.0,1611137000.0,1.0,66258267.0,66258267.0,,57.316,9106841000.0,208245000.0,114999000.0,2388534000.0,137.445,-310938000.0
42,FTRCQ,MRT,2010-09-30,2010-09-30,2010-09-30,2021-09-13,-241347000.0,17994938000.0,9615659500.0,1136249000.0,16858689000.0,0.308,80.466,-421761000.0,538465000.0,538465000.0,294526000.0,114265000.0,0.856,2.379,8261590000.0,79987000.0,8181603000.0,8261590000.0,0.0,643809000.0,0.0,0.115,14.062,653015000.0,1296824000.0,0.438,1296824000.0,653015000.0,204436000.0,4.35,4.35,4.35,5321606000.0,1551457000.0,5321606000.0,12679685400.0,19.0,9.777,716508000.0,10.834,1.0,2665408000.0,0.9,8901365000.0,448579000.0,15488799000.0,9934143750.0,0.0,0.0,0.0,0.0,12660959000.0,1327899000.0,11333060000.0,8104803400.0,-85090000.0,-82560000.0,71000.0,-166001000.0,-421133000.0,-602032000.0,-621327000.0,0.0,1138269000.0,0.0,111084000.0,111084000.0,111084000.0,0.0,3181000.0,0.038,1975541000.0,689867000.0,346390000.0,3.233,1.523,72.961,28.172,7575800000.0,0.0,122.55,2.738,2.738,568914000.0,31115000.0,2959934000.0,2959934000.0,0.0,0.012,0.072,0.066,0.221,12324000.0,1191988000.0,1.0,66134667.0,66134667.0,,44.756,9093573000.0,57070000.0,93352000.0,2043575000.0,137.501,-191650000.0
43,FTRCQ,MRT,2010-06-30,2010-06-30,2010-06-30,2021-09-13,-237565000.0,6795822000.0,6866528500.0,640310000.0,6155512000.0,0.303,12.437,-301304000.0,231155000.0,231155000.0,212702000.0,137327000.0,1.76,25.108,4806037000.0,7215000.0,4798822000.0,4806037000.0,0.0,407038000.0,0.0,0.141,15.0,594813000.0,1001851000.0,0.481,1001851000.0,594813000.0,216263000.0,6.45,6.45,6.45,259848000.0,325572750.0,259848000.0,6700817010.0,11.0,6.688,428656000.0,20.517,1.0,1871080000.0,0.898,2861945000.0,378550000.0,8144990000.0,8112948250.0,0.0,0.0,0.0,0.0,6524289000.0,363769000.0,6160520000.0,2228210010.0,-222947000.0,0.0,71000.0,-207631000.0,-312888000.0,-525996000.0,-426911000.0,0.0,729960000.0,0.0,134248000.0,134248000.0,134248000.0,0.0,3079000.0,0.064,1242768000.0,628312000.0,110424000.0,2.326,8.575,16.598,16.535,3116201000.0,0.0,106.65,1.069,1.069,201757000.0,2091000.0,2083782000.0,2083782000.0,0.0,0.02,0.412,0.073,0.285,10035000.0,770813000.0,1.0,20892733.0,20892733.0,,99.737,3933877000.0,60360000.0,82015000.0,736401000.0,188.289,276541000.0
44,FTRCQ,MRT,2010-03-31,2010-03-31,2010-03-31,2021-09-13,-241542000.0,6793623000.0,6922119000.0,626928000.0,6166695000.0,0.303,14.254,-270999000.0,331095000.0,331095000.0,218766000.0,129698000.0,1.923,21.856,4803702000.0,7228000.0,4796474000.0,4803702000.0,0.0,439882000.0,0.0,0.134,15.0,590228000.0,1030110000.0,0.491,1030110000.0,590228000.0,206976000.0,6.15,6.15,6.15,296763000.0,370124750.0,296763000.0,6766064960.0,11.0,6.568,447798000.0,21.509,1.0,1881021000.0,0.896,2875797000.0,383252000.0,8064386000.0,8136614750.0,0.0,0.0,0.0,0.0,6485994000.0,326047000.0,6159947000.0,2323392960.0,153664000.0,0.0,71000.0,23185000.0,-312636000.0,-294791000.0,-270342000.0,0.0,718797000.0,0.0,127045000.0,127045000.0,127045000.0,0.0,2653000.0,0.061,1252504000.0,628517000.0,110077000.0,2.439,7.829,18.288,18.146,3115991000.0,0.0,111.6,1.106,1.106,189503000.0,45321000.0,2099787000.0,2099787000.0,0.0,0.018,0.343,0.073,0.281,9989000.0,773918000.0,1.0,20818933.0,20818933.0,,100.859,3917826000.0,79837000.0,79931000.0,730371000.0,188.186,300881000.0
45,FTRCQ,MRT,2009-12-31,2009-12-31,2009-12-31,2021-09-13,-245519000.0,6878255000.0,6923784500.0,680080000.0,6198175000.0,0.306,15.734,-255965000.0,358693000.0,358693000.0,225907000.0,123181000.0,1.732,19.96,4801365000.0,7236000.0,4794129000.0,4801365000.0,49589000.0,476391000.0,0.0,0.128,15.0,568925000.0,1045316000.0,0.494,1045316000.0,568925000.0,190711000.0,5.7,5.7,5.7,327611000.0,416427000.0,327611000.0,6907913782.0,12.0,6.608,486755000.0,23.377,1.0,1891987000.0,0.893,2889850000.0,378214000.0,8038400000.0,8136507250.0,0.0,0.0,0.0,0.0,6539185000.0,392677000.0,6146508000.0,2439279782.0,195066000.0,0.0,751000.0,23200000.0,-312366000.0,-292362000.0,-255292000.0,0.0,742720000.0,0.0,120783000.0,120783000.0,120783000.0,0.0,2398000.0,0.057,1285822000.0,606165000.0,139556000.0,2.632,7.446,20.196,20.553,3133521000.0,0.0,117.15,1.152,1.152,190745000.0,2756000.0,2117894000.0,2117894000.0,0.0,0.017,0.29,0.07,0.269,9368000.0,781097000.0,1.0,20821850.0,20821850.0,,101.715,3988405000.0,102561000.0,69928000.0,750942000.0,191.549,287403000.0
46,FTRCQ,MRT,2009-09-30,2009-09-30,2009-09-30,2021-09-13,-225777000.0,6998414000.0,6926389750.0,788590000.0,6209824000.0,0.31,20.076,-248565000.0,436155000.0,436155000.0,229424000.0,152799000.0,2.196,15.714,4904789000.0,7254000.0,4897535000.0,4904789000.0,0.0,512314000.0,0.0,0.133,15.0,620513000.0,1132827000.0,0.528,1132827000.0,620513000.0,245785000.0,7.35,7.35,7.35,418069000.0,464285500.0,418069000.0,6853347762.0,11.0,6.05,484232000.0,23.254,1.0,1914882000.0,0.893,2903902000.0,374728000.0,8204017000.0,8143362000.0,0.0,0.0,0.0,0.0,6569653000.0,359129000.0,6210524000.0,2355194762.0,345069000.0,0.0,-3105000.0,171666000.0,-312110000.0,-147707000.0,-240021000.0,0.0,732797000.0,0.0,150678000.0,150678000.0,150678000.0,0.0,2121000.0,0.07,1314332000.0,600550000.0,351875000.0,2.041,5.634,15.631,15.388,3130920000.0,0.0,113.1,1.098,1.098,209433000.0,76444000.0,2144306000.0,2144306000.0,0.0,0.022,0.325,0.076,0.289,5551000.0,787561000.0,1.0,20824003.0,20824003.0,,102.973,4094512000.0,0.0,95107000.0,734897000.0,196.625,429461000.0
47,FTRCQ,MRT,2009-06-30,2009-06-30,2009-06-30,2021-09-13,-229103000.0,7018184000.0,6896967750.0,759021000.0,6259163000.0,0.315,21.036,-274905000.0,454102000.0,454102000.0,227353000.0,147396000.0,2.116,14.998,4952255000.0,7266000.0,4944989000.0,4952255000.0,0.0,546847000.0,0.0,0.14,15.0,608298000.0,1155145000.0,0.531,1155145000.0,608298000.0,239815000.0,7.05,7.05,7.05,438056000.0,539680250.0,438056000.0,6777379888.0,11.0,5.867,455836000.0,21.89,1.0,1948008000.0,0.895,2917955000.0,368483000.0,8239656000.0,8125922250.0,0.0,0.0,0.0,0.0,6570023000.0,358726000.0,6211297000.0,2230225888.0,275228000.0,0.0,-86218000.0,216677000.0,-312297000.0,-188002000.0,-267511000.0,0.0,730741000.0,0.0,145514000.0,145514000.0,145514000.0,0.0,1882000.0,0.067,1355707000.0,592301000.0,351460000.0,2.128,5.091,15.327,15.191,3165917000.0,0.0,107.1,1.025,1.025,216611000.0,24285000.0,2175361000.0,2175361000.0,0.0,0.021,0.27,0.075,0.28,6185000.0,798109000.0,1.0,20823771.0,20823771.0,,104.465,4100229000.0,0.0,94301000.0,684881000.0,196.901,400295000.0
48,FTRCQ,MRT,2009-03-31,2009-03-31,2009-03-31,2021-09-13,-233121000.0,6800285000.0,6895729000.0,465121000.0,6335164000.0,0.32,23.223,-294850000.0,177431000.0,177431000.0,222148000.0,175312000.0,1.428,13.086,4724585000.0,3872000.0,4720713000.0,4724585000.0,0.0,558279000.0,0.0,0.139,15.0,635818000.0,1194097000.0,0.541,1194097000.0,635818000.0,275295000.0,8.25,8.25,8.25,481972000.0,637728500.0,481972000.0,6797127980.0,11.0,5.692,449980000.0,21.682,1.0,1983621000.0,0.899,2957726000.0,360523000.0,8063956000.0,8096767250.0,0.0,3118000.0,0.0,3118000.0,6307100000.0,325757000.0,5981343000.0,2235212980.0,-50203000.0,0.0,-173729000.0,-14110000.0,-314419000.0,-505176000.0,-289857000.0,0.0,744830000.0,0.0,173374000.0,173374000.0,173374000.0,0.0,1938000.0,0.079,1365967000.0,617654000.0,321885000.0,1.818,4.638,12.892,13.055,3201965000.0,0.0,107.7,1.013,1.013,217631000.0,74466000.0,2205769000.0,2205769000.0,0.0,0.025,0.272,0.079,0.288,6891000.0,807688000.0,1.0,20754067.0,20754067.0,,106.281,3842559000.0,0.0,101921000.0,676558000.0,185.147,139364000.0
49,FTRCQ,MRT,2008-12-31,2008-12-31,2008-12-31,2021-09-13,-237152000.0,6888676000.0,6977808000.0,467959000.0,6420717000.0,0.321,25.009,-288264000.0,163627000.0,163627000.0,222013000.0,184274000.0,1.223,12.251,4725542000.0,3857000.0,4721685000.0,4725542000.0,51225000.0,561801000.0,0.0,0.114,15.0,651790000.0,1213591000.0,0.543,1213591000.0,651790000.0,289156000.0,8.55,8.55,8.55,519045000.0,752182500.0,519045000.0,7378818814.0,11.0,6.08,451002000.0,21.73,1.0,2015005000.0,0.901,3001997000.0,362634000.0,8065819000.0,8117108000.0,0.0,0.0,0.0,0.0,6359070000.0,382775000.0,5976295000.0,2720901814.0,-62839000.0,0.0,-198602000.0,-13770000.0,-318437000.0,-519330000.0,-282775000.0,0.0,739266000.0,0.0,182660000.0,182660000.0,182660000.0,0.0,1614000.0,0.082,1372549000.0,642456000.0,141940000.0,1.754,5.242,14.896,15.333,3239973000.0,0.0,131.1,1.216,1.216,222247000.0,38163000.0,2237018000.0,2237018000.0,0.0,0.026,0.243,0.08,0.291,7788000.0,810748000.0,1.0,20754400.0,20754400.0,,107.785,3886679000.0,48820000.0,106496000.0,696074000.0,187.27,85184000.0
50,FTRCQ,MRT,2008-09-30,2008-09-30,2008-09-30,2021-09-13,-75774000.0,6880726000.0,7069656250.0,369799000.0,6510927000.0,0.321,34.165,-317351000.0,91086000.0,91086000.0,233626000.0,210359000.0,1.035,8.561,4749003000.0,3842000.0,4745161000.0,4749003000.0,0.0,568142000.0,0.0,0.087,15.0,679149000.0,1247291000.0,0.55,1247291000.0,679149000.0,314321000.0,9.45,9.45,9.45,719648000.0,871896000.0,719648000.0,8205068257.0,12.0,6.578,448158000.0,21.276,1.0,2033228000.0,0.897,3047118000.0,364828000.0,8134258000.0,8135844000.0,0.0,22561000.0,0.0,22561000.0,6161078000.0,357267000.0,5803811000.0,3633502257.0,-156352000.0,-64467000.0,-225247000.0,-7151000.0,-322543000.0,-540167000.0,-381694000.0,0.0,765509000.0,0.0,207375000.0,207375000.0,207375000.0,0.0,2984000.0,0.091,1367815000.0,665413000.0,353425000.0,1.587,5.049,17.521,18.254,3250897000.0,0.0,172.5,1.603,1.603,223203000.0,3865000.0,2266854000.0,2266854000.0,0.0,0.029,0.238,0.083,0.3,10424000.0,799673000.0,1.0,21063781.0,21063781.0,,107.619,3833608000.0,0.0,106946000.0,711375000.0,182.0,12532000.0
51,FTRCQ,MRT,2008-06-30,2008-06-30,2008-06-30,2021-09-13,-77161000.0,7013229000.0,7183830500.0,448727000.0,6564502000.0,0.318,38.409,-327747000.0,178874000.0,178874000.0,237714000.0,210431000.0,1.205,7.447,4750440000.0,3828000.0,4746612000.0,4750440000.0,0.0,568543000.0,0.0,0.088,15.0,686703000.0,1255246000.0,0.549,1255246000.0,686703000.0,317050000.0,9.3,9.3,9.3,830249000.0,954262000.0,830249000.0,8200348668.0,12.0,6.533,463235000.0,21.43,1.0,2047083000.0,0.896,3089227000.0,369653000.0,8123036000.0,8132663500.0,0.0,21703000.0,0.0,21703000.0,6182980000.0,372532000.0,5810448000.0,3676903668.0,-239226000.0,-67938000.0,-288638000.0,-37151000.0,-327508000.0,-636024000.0,-394184000.0,0.0,790982000.0,0.0,207795000.0,207795000.0,207795000.0,0.0,2636000.0,0.091,1379986000.0,667097000.0,368704000.0,1.613,4.429,17.695,18.29,3265260000.0,0.0,170.1,1.609,1.609,224463000.0,35147000.0,2284797000.0,2284797000.0,0.0,0.029,0.218,0.084,0.301,9741000.0,811443000.0,1.0,21616130.0,21616130.0,,105.699,3924002000.0,0.0,109255000.0,712597000.0,181.531,76195000.0
52,FTRCQ,MRT,2008-03-31,2008-03-31,2008-03-31,2021-09-13,-77578000.0,7128601000.0,7312460250.0,494527000.0,6634074000.0,0.315,43.009,-318668000.0,227634000.0,227634000.0,237394000.0,194764000.0,1.341,6.585,4751079000.0,3814000.0,4747265000.0,4751079000.0,0.0,564755000.0,0.0,0.095,15.0,683122000.0,1247877000.0,0.542,1247877000.0,683122000.0,305530000.0,8.55,8.55,8.55,939788000.0,1054142000.0,939788000.0,7951102380.0,12.0,6.372,469239000.0,21.475,1.0,2063679000.0,0.897,3137959000.0,377592000.0,8145319000.0,8118740750.0,0.0,20530000.0,0.0,20530000.0,6188813000.0,368768000.0,5820045000.0,3438223380.0,-810095000.0,-76041000.0,-253488000.0,-639063000.0,-332666000.0,-1210005000.0,-387997000.0,0.0,787907000.0,0.0,192576000.0,192576000.0,192576000.0,0.0,2188000.0,0.084,1387253000.0,676426000.0,364954000.0,1.754,3.659,17.854,18.404,3288135000.0,0.0,157.35,1.494,1.494,213585000.0,59590000.0,2301073000.0,2301073000.0,0.0,0.026,0.183,0.084,0.297,8634000.0,822498000.0,1.0,21850800.0,21850800.0,,105.308,3990642000.0,0.0,112954000.0,712234000.0,182.631,125759000.0
53,FTRCQ,MRT,2007-12-31,2007-12-31,2007-12-31,2021-09-13,-77995000.0,7256069000.0,7587639250.0,524154000.0,6731915000.0,0.302,45.667,-315793000.0,226466000.0,226466000.0,228242000.0,216514000.0,1.176,6.271,4739345000.0,2448000.0,4736897000.0,4739345000.0,44722000.0,545856000.0,0.0,0.079,15.0,723364000.0,1269220000.0,0.555,1269220000.0,723364000.0,342668000.0,9.6,9.6,9.6,997899000.0,1148305500.0,997899000.0,8652944085.0,12.0,6.818,505890000.0,23.151,1.0,2059773000.0,0.9,3182294000.0,380696000.0,8140763000.0,8115951500.0,0.0,21191000.0,0.0,21191000.0,6258170000.0,445891000.0,5812279000.0,4172570085.0,-814640000.0,-725548000.0,-236192000.0,-16256000.0,-336025000.0,-601611000.0,-1034712000.0,0.0,821683000.0,0.0,214654000.0,214654000.0,214654000.0,0.0,1860000.0,0.094,1354357000.0,705416000.0,179402000.0,1.562,4.181,19.439,19.891,3335244000.0,0.0,190.95,1.824,1.824,234762000.0,14001000.0,2288015000.0,2288015000.0,0.0,0.028,0.187,0.089,0.316,9022000.0,808501000.0,1.0,21851637.0,21851637.0,,104.707,4073775000.0,0.0,128014000.0,733045000.0,186.429,78263000.0
54,FTRCQ,MRT,2007-09-30,2007-09-30,2007-09-30,2021-09-13,-79408000.0,7337423000.0,7473006000.0,533798000.0,6803625000.0,0.296,46.498,-308091000.0,247438000.0,247438000.0,211477000.0,219552000.0,1.312,5.994,4727812000.0,2436000.0,4725376000.0,4727812000.0,0.0,518623000.0,0.0,0.07,15.0,712210000.0,1230833000.0,0.556,1230833000.0,712210000.0,340913000.0,10.05,10.05,10.05,1049112000.0,1163338750.0,1049112000.0,9159638496.0,13.0,7.442,495390000.0,21.957,1.0,2003706000.0,0.905,3289454000.0,371297000.0,8121536000.0,7952520750.0,0.0,21788000.0,0.0,21788000.0,6288311000.0,406807000.0,5881504000.0,4846381496.0,-169667000.0,-653060000.0,-199956000.0,531194000.0,-334640000.0,-19691000.0,-953457000.0,0.0,803481000.0,0.0,219552000.0,219552000.0,219552000.0,30000.0,0.0,0.099,1316208000.0,687498000.0,404371000.0,1.493,4.62,22.074,21.373,3305281000.0,0.0,214.8,2.188,2.188,231255000.0,36262000.0,2215183000.0,2215183000.0,0.0,0.029,0.189,0.09,0.322,10189000.0,797585000.0,1.0,22562297.0,22562297.0,,98.181,4047969000.0,0.0,121361000.0,771864000.0,179.413,126991000.0
55,FTRCQ,MRT,2007-06-30,2007-06-30,2007-06-30,2021-09-13,-78755000.0,7527748000.0,7192548500.0,695475000.0,6832273000.0,0.298,53.871,-282291000.0,418100000.0,418100000.0,197702000.0,300596000.0,1.59,5.121,4731357000.0,32774000.0,4698583000.0,4731357000.0,0.0,497574000.0,0.0,0.065,15.0,781320000.0,1278894000.0,0.596,1278894000.0,781320000.0,422995000.0,13.95,13.95,13.95,1229769000.0,1146879750.0,1229769000.0,9515980041.0,12.0,7.441,536932000.0,23.521,1.0,1948865000.0,0.908,3336287000.0,358325000.0,8067345000.0,7675773000.0,0.0,21207000.0,0.0,21207000.0,6297979000.0,437373000.0,5860606000.0,5228713041.0,281952000.0,-402305000.0,-44814000.0,532809000.0,-331739000.0,139716000.0,-675939000.0,0.0,819223000.0,0.0,300596000.0,300596000.0,300596000.0,-77095000.0,0.0,0.14,1266571000.0,682294000.0,404599000.0,1.075,4.252,17.394,16.419,3300549000.0,0.0,229.05,2.436,2.436,224308000.0,72090000.0,2146567000.0,2146567000.0,0.0,0.042,0.262,0.102,0.364,10450000.0,768997000.0,1.0,22827824.0,22827824.0,,94.033,4191461000.0,0.0,122399000.0,759538000.0,183.612,258102000.0
56,FTRCQ,MRT,2007-03-31,2007-03-31,2007-03-31,2021-09-13,-81919000.0,8229317000.0,6846935750.0,1317225000.0,6912092000.0,0.303,61.223,-270152000.0,1037729000.0,1037729000.0,182426000.0,361739000.0,1.326,5.251,5324996000.0,569848000.0,4755148000.0,5324996000.0,0.0,476664000.0,0.0,0.067,15.0,858316000.0,1334980000.0,0.643,1334980000.0,858316000.0,513299000.0,16.95,16.8,16.95,1316442000.0,1070537000.0,1316442000.0,8280863100.0,10.0,6.203,578958000.0,26.925,1.0,1892227000.0,0.912,3388918000.0,345017000.0,8134162000.0,7448719000.0,0.0,20609000.0,0.0,20609000.0,6912875000.0,993504000.0,5919371000.0,4821943100.0,758460000.0,-394202000.0,-86472000.0,937784000.0,-326500000.0,510578000.0,-597057000.0,0.0,849110000.0,0.0,361739000.0,361739000.0,361739000.0,-84051000.0,0.0,0.174,1211773000.0,680454000.0,423656000.0,0.885,3.663,13.33,13.23,3329687000.0,0.0,224.25,2.324,2.324,218174000.0,116910000.0,2074653000.0,2074653000.0,0.0,0.053,0.338,0.115,0.414,11070000.0,735109000.0,1.0,21502533.0,21502533.0,,96.484,4840399000.0,0.0,151560000.0,761083000.0,225.108,323721000.0
57,FTRCQ,MRT,2006-12-31,2006-12-31,2006-12-31,2021-09-13,-81899000.0,6797536000.0,6375635500.0,1272993000.0,5524543000.0,0.318,49.303,-268806000.0,1041106000.0,1041106000.0,171247000.0,344555000.0,2.991,5.425,4506357000.0,39271000.0,4467086000.0,4506357000.0,39417000.0,476487000.0,0.0,0.07,15.0,817480000.0,1293967000.0,0.639,1293967000.0,817480000.0,481034000.0,16.05,15.9,16.05,1058032000.0,989897750.0,1058032000.0,8193971781.0,10.0,6.332,578210000.0,26.944,1.0,1854120000.0,0.915,2350104000.0,336446000.0,7487040000.0,7220774000.0,0.0,16474000.0,0.0,16474000.0,5739504000.0,425643000.0,5313861000.0,4625638781.0,777357000.0,255305000.0,-108039000.0,315359000.0,-323671000.0,-116615000.0,53549000.0,0.0,847016000.0,0.0,344555000.0,344555000.0,344555000.0,-90547000.0,0.0,0.17,1209630000.0,644490000.0,153890000.0,0.935,4.372,13.425,13.43,2983504000.0,0.0,215.55,2.284,2.284,187737000.0,134705000.0,2025367000.0,2025367000.0,0.0,0.054,0.348,0.113,0.404,10340000.0,733143000.0,1.0,21459702.0,21459702.0,,94.38,4447432000.0,0.0,136479000.0,545461000.0,207.246,847350000.0
58,FTRCQ,MRT,2006-09-30,2006-09-30,2006-09-30,2021-09-13,-123251000.0,6215593000.0,6283143250.0,657697000.0,5557896000.0,0.324,45.971,-256437000.0,417105000.0,417105000.0,161635000.0,357425000.0,1.713,5.321,3985438000.0,37774000.0,3947664000.0,3985438000.0,0.0,483269000.0,0.0,0.071,15.0,819189000.0,1302458000.0,0.639,1302458000.0,819189000.0,480543000.0,16.5,16.35,16.5,983276000.0,985842000.0,983276000.0,8361424161.0,10.0,6.42,574995000.0,26.883,1.0,1876699000.0,0.921,2385413000.0,338646000.0,7014545000.0,7165185000.0,0.0,16521000.0,0.0,16521000.0,5232317000.0,383968000.0,4848349000.0,4504501161.0,126203000.0,247284000.0,-201136000.0,-227667000.0,-326152000.0,-755011000.0,58132000.0,-1112000.0,831432000.0,0.0,357425000.0,357425000.0,357425000.0,-95594000.0,0.0,0.175,1223896000.0,652803000.0,346194000.0,0.909,4.581,12.603,12.764,2962604000.0,0.0,210.6,2.21,2.21,189979000.0,114958000.0,2038334000.0,2038334000.0,0.0,0.057,0.363,0.114,0.402,9954000.0,740627000.0,1.0,21388894.0,21388894.0,,95.299,3830180000.0,0.0,123118000.0,480669000.0,179.073,273729000.0
59,FTRCQ,MRT,2006-06-30,2006-06-30,2006-06-30,2021-09-13,-123232000.0,6145297000.0,6343099250.0,536683000.0,5608614000.0,0.32,42.67,-248712000.0,141316000.0,141316000.0,160125000.0,267342000.0,1.26,5.648,3998239000.0,47683000.0,3950556000.0,3998239000.0,0.0,495192000.0,0.0,0.077,15.0,723090000.0,1218282000.0,0.599,1218282000.0,723090000.0,381411000.0,12.15,12.0,12.15,924398000.0,1027931500.0,924398000.0,8159473409.0,11.0,6.698,572158000.0,26.41,1.0,1872222000.0,0.921,2417008000.0,341679000.0,7159129000.0,7233583500.0,0.0,16599000.0,0.0,16599000.0,5220899000.0,426083000.0,4794816000.0,4240745409.0,-236352000.0,0.0,-335299000.0,-198549000.0,-330115000.0,-863963000.0,-181940000.0,-1112000.0,820870000.0,0.0,267342000.0,267342000.0,267342000.0,-21638000.0,0.0,0.132,1243220000.0,629002000.0,334052000.0,1.235,4.588,15.863,16.111,2978064000.0,0.0,195.75,2.087,2.087,195226000.0,66841000.0,2032347000.0,2032347000.0,0.0,0.042,0.26,0.1,0.356,9381000.0,748028000.0,1.0,21664089.0,21664089.0,,93.812,3728289000.0,0.0,114069000.0,411844000.0,172.095,110600000.0
60,FTRCQ,MRT,2006-03-31,2006-03-31,2006-03-31,2021-09-13,-123234000.0,6344116000.0,6462099250.0,677913000.0,5666203000.0,0.313,45.389,-253799000.0,284437000.0,284437000.0,157318000.0,210224000.0,1.145,5.383,4203165000.0,227695000.0,3975470000.0,4203165000.0,0.0,508114000.0,0.0,0.075,15.0,627288000.0,1135402000.0,0.562,1135402000.0,627288000.0,286885000.0,9.3,9.45,9.3,993885000.0,1126379500.0,993885000.0,8319966091.0,13.0,7.328,557304000.0,25.451,1.0,1864250000.0,0.922,2448603000.0,340403000.0,7222382000.0,7293021750.0,0.0,15529000.0,0.0,15529000.0,5350231000.0,591859000.0,4758372000.0,4358631091.0,-7508000.0,24195000.0,-236466000.0,-5895000.0,-335916000.0,-579175000.0,-228316000.0,-1112000.0,811103000.0,0.0,210224000.0,210224000.0,210224000.0,-17803000.0,0.0,0.104,1262425000.0,601825000.0,321099000.0,1.613,4.385,20.733,21.403,3011649000.0,0.0,199.05,2.156,2.156,190268000.0,-34861000.0,2021568000.0,2021568000.0,0.0,0.033,0.187,0.086,0.31,8839000.0,754311000.0,1.0,21897167.0,21897167.0,,92.321,3895513000.0,0.0,76661000.0,353220000.0,177.9,86054000.0
61,FTRCQ,MRT,2005-12-31,2005-12-31,2005-12-31,2021-09-13,-123242000.0,6427567000.0,6531575750.0,669735000.0,5757832000.0,0.309,46.802,-259448000.0,263749000.0,263749000.0,156822000.0,202375000.0,1.044,5.17,4222823000.0,227693000.0,3995130000.0,4222823000.0,29245000.0,520204000.0,0.0,0.082,15.0,616380000.0,1136584000.0,0.563,1136584000.0,616380000.0,277645000.0,9.0,9.0,9.0,1041809000.0,1209629500.0,1041809000.0,8031690559.0,13.0,7.067,583516000.0,26.214,1.0,1860219000.0,0.922,2480198000.0,338735000.0,7264684000.0,7395647750.0,0.0,15999000.0,0.0,15999000.0,5385758000.0,641759000.0,4743999000.0,4083570559.0,91952000.0,67760000.0,-202450000.0,-6299000.0,-338364000.0,-548775000.0,-190715000.0,0.0,842964000.0,0.0,202375000.0,202375000.0,202375000.0,-14433000.0,0.0,0.1,1271251000.0,588968000.0,140494000.0,1.667,3.92,20.178,20.383,3058312000.0,0.0,183.45,2.025,2.025,203070000.0,-85344000.0,2017041000.0,2017041000.0,0.0,0.031,0.167,0.083,0.306,8427000.0,751047000.0,1.0,22259856.0,22259856.0,,90.613,3947369000.0,0.0,75270000.0,351361000.0,177.331,27976000.0
62,FTRCQ,MRT,2005-09-30,2005-09-30,2005-09-30,2021-09-13,-100663000.0,6455417000.0,6591788750.0,536235000.0,5919182000.0,0.287,50.338,-230136000.0,286609000.0,286609000.0,125597000.0,142374000.0,0.888,4.605,4234729000.0,227762000.0,4006967000.0,4234729000.0,92389000.0,516689000.0,0.0,0.074,15.0,543811000.0,1060500000.0,0.56,1060500000.0,543811000.0,198807000.0,6.3,6.3,6.3,1151634000.0,1289737250.0,1151634000.0,8527854779.0,16.0,8.041,522546000.0,22.841,1.0,1767164000.0,0.934,2511792000.0,345004000.0,7288139000.0,7517962250.0,0.0,20121000.0,0.0,20121000.0,5303783000.0,603606000.0,4700177000.0,4649941779.0,81464000.0,39674000.0,-100794000.0,-76683000.0,-340158000.0,-498984000.0,-168022000.0,27626000.0,752682000.0,0.0,142374000.0,142374000.0,142374000.0,-20515000.0,0.0,0.075,1216880000.0,550284000.0,375844000.0,2.381,4.038,32.66,32.262,3192090000.0,0.0,203.25,2.457,2.457,207925000.0,-162125000.0,1892761000.0,1892761000.0,0.0,0.022,0.11,0.072,0.287,9802000.0,700191000.0,1.0,22877942.0,22877942.0,,82.733,3943625000.0,0.0,56433000.0,311836000.0,172.377,-67371000.0
63,FTRCQ,MRT,2005-06-30,2005-06-30,2005-06-30,2021-09-13,-100644000.0,6621297000.0,6727317000.0,615204000.0,6006093000.0,0.285,58.054,-240327000.0,368772000.0,368772000.0,130872000.0,92708000.0,1.101,4.023,4246685000.0,175973000.0,4070712000.0,4246685000.0,92288000.0,528666000.0,0.0,0.223,45.0,453750000.0,982416000.0,0.512,982416000.0,453750000.0,103103000.0,4.05,3.9,4.05,1318190000.0,1347764750.0,1318190000.0,8552760570.0,19.0,8.706,496145000.0,21.851,1.0,1787414000.0,0.932,2543387000.0,350647000.0,7396882000.0,7702108250.0,0.0,20626000.0,0.0,20626000.0,5303107000.0,558941000.0,4744166000.0,4577584570.0,-378270000.0,84727000.0,541807000.0,-490478000.0,-1003790000.0,-954335000.0,-160875000.0,27626000.0,736472000.0,0.0,92708000.0,92708000.0,92708000.0,-21333000.0,0.0,0.048,1308332000.0,479082000.0,382968000.0,11.111,3.473,49.376,49.778,3234734000.0,0.0,201.6,2.386,2.386,207627000.0,-200501000.0,1918286000.0,1918286000.0,0.0,0.014,0.069,0.059,0.237,46045000.0,706513000.0,1.0,22706273.0,22706273.0,,84.483,4077910000.0,0.0,10395000.0,291754000.0,179.594,56263000.0
64,FTRCQ,MRT,2005-03-31,2005-03-31,2005-03-31,2021-09-13,-100376000.0,6622022000.0,6982142250.0,530042000.0,6091980000.0,0.281,58.507,-258824000.0,284220000.0,284220000.0,141987000.0,71916000.0,1.361,3.991,4259396000.0,6362000.0,4253034000.0,4259396000.0,93284000.0,540112000.0,0.0,0.213,41.25,440317000.0,980429000.0,0.5,980429000.0,440317000.0,76083000.0,3.3,3.0,3.3,1326885000.0,1393558750.0,1326885000.0,8507949685.0,19.0,8.678,422053000.0,18.61,1.0,1817962000.0,0.928,2574981000.0,364234000.0,7632886000.0,7886763250.0,0.0,20305000.0,0.0,20305000.0,5295137000.0,389331000.0,4905806000.0,4402031685.0,-371646000.0,74524000.0,542432000.0,-491472000.0,-917849000.0,-868440000.0,-186011000.0,27626000.0,680877000.0,0.0,71916000.0,71916000.0,71916000.0,-19532000.0,0.0,0.037,1355147000.0,462815000.0,382969000.0,12.5,3.318,61.211,58.818,3279957000.0,0.0,194.1,2.246,2.246,204714000.0,-245085000.0,1959949000.0,1959949000.0,0.0,0.01,0.052,0.056,0.225,46657000.0,731490000.0,1.0,22679195.0,22679195.0,,86.421,4047041000.0,0.0,4167000.0,270615000.0,178.447,140711000.0
65,FTRCQ,MRT,2004-12-31,2004-12-31,2004-12-31,2021-09-13,-99569000.0,6668419000.0,7241645000.0,470880000.0,6197539000.0,0.279,60.914,-263949000.0,163759000.0,163759000.0,160914000.0,72150000.0,1.128,3.895,4273378000.0,6380000.0,4266998000.0,4273378000.0,29446000.0,549381000.0,0.0,0.181,37.5,454688000.0,1004069000.0,0.496,1004069000.0,454688000.0,76397000.0,3.6,3.45,3.6,1362240000.0,1429105750.0,1362240000.0,8758031826.0,19.0,8.723,417300000.0,18.66,1.0,1861464000.0,0.92,2606576000.0,378291000.0,7753942000.0,8040690750.0,0.0,23062000.0,0.0,23062000.0,5306179000.0,417520000.0,4888659000.0,4625875826.0,-422285000.0,30959000.0,544562000.0,-584385000.0,-832768000.0,-874680000.0,-234710000.0,26514000.0,681249000.0,0.0,72150000.0,72150000.0,72150000.0,-15086000.0,0.0,0.036,1401163000.0,460301000.0,169754000.0,10.417,3.396,64.115,57.458,3335850000.0,0.0,206.85,2.287,2.287,233690000.0,-287719000.0,2022378000.0,2022378000.0,0.0,0.01,0.05,0.057,0.225,47581000.0,761150000.0,1.0,22363432.0,22363432.0,,90.432,4061843000.0,0.0,4247000.0,290391000.0,181.629,53360000.0
66,FTRCQ,MRT,2004-09-30,2004-09-30,2004-09-30,2021-09-13,-89368000.0,6997530000.0,7435926500.0,465127000.0,6532403000.0,0.289,71.217,-285893000.0,199027000.0,199027000.0,201754000.0,68769000.0,1.038,4.057,4331183000.0,6366000.0,4324817000.0,4331183000.0,94598000.0,580567000.0,0.0,0.168,33.75,471652000.0,1052219000.0,0.489,1052219000.0,471652000.0,87673000.0,3.75,3.45,3.75,1383744000.0,1442341500.0,1383744000.0,7546748162.0,16.0,7.172,418048000.0,21.516,1.0,1948410000.0,0.906,2657024000.0,383979000.0,8024723000.0,8053211750.0,0.0,21738000.0,0.0,21738000.0,5613786000.0,447939000.0,5165847000.0,3902486162.0,-398097000.0,66389000.0,533049000.0,-626663000.0,-747937000.0,-855572000.0,-247061000.0,-1680000.0,703941000.0,0.0,68769000.0,70322000.0,70322000.0,-11148000.0,0.0,0.033,1500991000.0,447419000.0,145311000.0,9.0,2.82,55.495,53.56,3375980000.0,-1553000.0,200.85,1.815,1.815,230348000.0,-304499000.0,2150164000.0,2150164000.0,0.0,0.009,0.049,0.059,0.219,47448000.0,828239000.0,1.0,19429854.0,19429854.0,,110.663,4340506000.0,0.0,18904000.0,446182000.0,223.394,17188000.0
67,FTRCQ,MRT,2004-06-30,2004-06-30,2004-06-30,2021-09-13,-72716000.0,7640598000.0,7612447250.0,1002952000.0,6637646000.0,0.291,78.348,-294411000.0,740359000.0,740359000.0,241067000.0,93024000.0,2.181,4.089,4384621000.0,6490000.0,4378131000.0,4384621000.0,94830000.0,591537000.0,0.0,0.0,0.0,524484000.0,1116021000.0,0.503,1116021000.0,524484000.0,128243000.0,4.95,4.8,4.95,1501366000.0,1439120000.0,1501366000.0,7239230241.0,14.0,6.487,468269000.0,24.436,1.0,1977398000.0,0.891,2689465000.0,396241000.0,8135502000.0,8068772000.0,0.0,63654000.0,0.0,63654000.0,6139232000.0,459893000.0,5679339000.0,3478052241.0,355321000.0,347171000.0,10624000.0,-462493000.0,0.0,-459044000.0,51753000.0,-1075000.0,762680000.0,0.0,93024000.0,93024000.0,93024000.0,-7161000.0,0.0,0.042,1462541000.0,514857000.0,128902000.0,0.0,2.317,37.389,36.667,3437099000.0,0.0,181.5,1.568,1.568,224281000.0,-298521000.0,2218465000.0,2218465000.0,0.0,0.012,0.065,0.065,0.236,14873000.0,847972000.0,1.0,19162822.0,19162822.0,,115.769,4951133000.0,0.0,35219000.0,481632000.0,258.372,543059000.0
68,FTRCQ,MRT,2004-03-31,2004-03-31,2004-03-31,2021-09-13,-72434000.0,7660033000.0,7692865750.0,932967000.0,6727066000.0,0.302,77.102,-284158000.0,648012000.0,648012000.0,307894000.0,103289000.0,2.066,4.214,4409190000.0,7082000.0,4402108000.0,4409190000.0,96078000.0,597976000.0,0.0,0.0,0.0,557072000.0,1155048000.0,0.497,1155048000.0,557072000.0,151794000.0,5.55,5.4,5.55,1469073000.0,1402766250.0,1469073000.0,7398269712.0,13.0,6.405,463136000.0,24.307,1.0,2016729000.0,0.868,2721095000.0,405278000.0,8248596000.0,8230518750.0,0.0,55374000.0,0.0,55374000.0,6190960000.0,451520000.0,5739440000.0,3698309712.0,192089000.0,387526000.0,17693000.0,-668412000.0,0.0,-658379000.0,101778000.0,-1658000.0,747294000.0,0.0,103289000.0,103289000.0,103289000.0,-5841000.0,0.0,0.044,1492694000.0,524035000.0,433696000.0,0.0,2.517,35.805,34.973,3471513000.0,0.0,194.1,1.591,1.591,222212000.0,-322313000.0,2324623000.0,2324623000.0,0.0,0.013,0.074,0.068,0.24,12145000.0,869726000.0,1.0,19053631.0,19053631.0,,122.004,4938938000.0,0.0,48505000.0,467243000.0,259.212,481447000.0
69,FTRCQ,MRT,2003-12-31,2003-12-31,2003-12-31,2021-09-13,-71676000.0,7445545000.0,7827499500.0,906633000.0,6538912000.0,0.31,74.631,-277371000.0,583671000.0,583671000.0,365563000.0,187852000.0,1.54,4.261,4283631000.0,88002000.0,4195629000.0,4283631000.0,151508000.0,593161000.0,2105000.0,0.0,0.0,669148000.0,1262309000.0,0.521,1262309000.0,669148000.0,252628000.0,10.05,9.6,10.05,1415183000.0,1362230500.0,1415183000.0,7328205498.0,11.0,5.805,464849000.0,24.514,1.0,2058611000.0,0.849,2752725000.0,416520000.0,7804026000.0,8430536000.0,0.0,57103000.0,0.0,57103000.0,6030362000.0,588754000.0,5441608000.0,3532698498.0,190494000.0,388079000.0,13209000.0,-664293000.0,0.0,-661114000.0,109096000.0,-1680000.0,742220000.0,0.0,187852000.0,187852000.0,187852000.0,-4380000.0,0.0,0.077,1507879000.0,550732000.0,192607000.0,0.0,2.496,18.806,18.537,3530542000.0,0.0,186.3,1.457,1.457,248750000.0,-365181000.0,2424174000.0,2424174000.0,0.0,0.024,0.138,0.079,0.276,8956000.0,894108000.0,1.0,18962418.0,18962418.0,,127.841,4692820000.0,0.0,64776000.0,307510000.0,247.48,317879000.0
70,FTRCQ,MRT,2003-09-30,2003-09-30,2003-09-30,2021-09-13,-94851000.0,7703613000.0,8021789500.0,921070000.0,6782543000.0,0.318,72.323,-306197000.0,597124000.0,597124000.0,431726000.0,146888000.0,1.467,4.62,4392631000.0,89769000.0,4302862000.0,4392631000.0,130095000.0,632144000.0,0.0,0.0,0.0,643209000.0,1275353000.0,0.5,1275353000.0,643209000.0,213852000.0,7.8,7.65,7.8,1370858000.0,1301469500.0,1370858000.0,7464341573.0,12.0,5.853,401402000.0,21.177,1.0,2117855000.0,0.831,2784354000.0,429357000.0,8086964000.0,8793006000.0,0.0,41702000.0,0.0,41702000.0,6332755000.0,627802000.0,5704953000.0,3187211573.0,117888000.0,605412000.0,16911000.0,-895873000.0,0.0,-891250000.0,294067000.0,-4194000.0,707599000.0,0.0,146888000.0,148440000.0,148440000.0,-12043000.0,0.0,0.058,1588591000.0,529264000.0,534487000.0,0.0,2.325,21.471,21.558,3568816000.0,-1552000.0,168.15,1.25,1.25,262609000.0,-380133000.0,2549581000.0,2549581000.0,0.0,0.019,0.114,0.073,0.252,12749000.0,929845000.0,1.0,18954574.0,18954574.0,,134.51,4919259000.0,0.0,66964000.0,316910000.0,259.529,293268000.0
71,FTRCQ,MRT,2003-06-30,2003-06-30,2003-06-30,2021-09-13,-97371000.0,7962272000.0,8248999500.0,1174231000.0,6788041000.0,0.318,71.756,-421786000.0,385038000.0,385038000.0,461652000.0,-564628000.0,1.625,4.872,4662168000.0,105776000.0,4556392000.0,4662168000.0,133811000.0,679877000.0,0.0,0.0,0.0,-419696000.0,260181000.0,0.099,260181000.0,-419696000.0,-861640000.0,-30.15,-30.3,-30.15,1355951000.0,1281781250.0,1355951000.0,8091292071.0,-19.0,31.099,364008000.0,19.263,1.0,2161723000.0,0.824,2734462000.0,441944000.0,8782489000.0,9181003250.0,0.0,37619000.0,0.0,37619000.0,6606321000.0,722451000.0,5883870000.0,3653655071.0,-36031000.0,279577000.0,22570000.0,-699120000.0,0.0,-679013000.0,-150284000.0,-1505000.0,785794000.0,0.0,-564628000.0,-563076000.0,-563076000.0,-12043000.0,0.0,-0.215,2732752000.0,-571029000.0,503489000.0,0.0,2.695,-6.489,-6.413,3620734000.0,-1552000.0,193.35,1.393,1.393,279472000.0,-391545000.0,2623375000.0,2623375000.0,0.0,-0.068,-0.439,-0.046,-0.16,7029000.0,958389000.0,1.0,18896587.0,18896587.0,,138.828,5227810000.0,0.0,-297012000.0,244682000.0,276.654,451780000.0
72,FTRCQ,MRT,2003-03-31,2003-03-31,2003-03-31,2021-09-13,-98279000.0,8198568000.0,8675664750.0,1245546000.0,6953022000.0,0.305,69.293,-448055000.0,455923000.0,455923000.0,461901000.0,-638692000.0,1.544,5.273,4893560000.0,110305000.0,4783255000.0,4893560000.0,134751000.0,715896000.0,0.0,0.0,0.0,-531446000.0,184450000.0,0.07,184450000.0,-531446000.0,-986648000.0,-34.2,-34.35,-34.2,1306930000.0,1440632250.0,1306930000.0,7446574305.0,-14.0,40.372,244617000.0,12.97,1.0,2179959000.0,0.825,2780607000.0,455202000.0,9048665000.0,9710778500.0,0.0,36148000.0,0.0,36148000.0,6891638000.0,806933000.0,6084705000.0,2823479305.0,-516828000.0,225230000.0,13309000.0,-1003510000.0,0.0,-995093000.0,-221879000.0,7465000.0,692672000.0,0.0,-638692000.0,-638692000.0,-638692000.0,-12043000.0,0.0,-0.242,2803612000.0,-623653000.0,567101000.0,0.0,2.16,-4.421,-4.377,3707554000.0,0.0,149.7,1.069,1.069,288415000.0,-425602000.0,2641860000.0,2641860000.0,0.0,-0.074,-0.443,-0.055,-0.201,7029000.0,977301000.0,1.0,18860917.0,18860917.0,,140.071,5417961000.0,0.0,-347956000.0,206553000.0,287.259,438613000.0
73,FTRCQ,MRT,2002-12-31,2002-12-31,2002-12-31,2021-09-13,-102169000.0,8222705000.0,9184425250.0,1200984000.0,7021721000.0,0.291,62.298,-468742000.0,393177000.0,393177000.0,476920000.0,-682897000.0,1.541,6.015,5016272000.0,58911000.0,4957361000.0,5016272000.0,146661000.0,755522000.0,2632000.0,0.0,0.0,-629542000.0,125980000.0,0.047,125980000.0,-629542000.0,-1097771000.0,-36.45,-36.45,-36.45,1172139000.0,1622586250.0,1172139000.0,7858789813.0,-12.0,62.381,162575000.0,8.641,1.0,2192412000.0,0.821,2812318000.0,468229000.0,9253906000.0,10195128750.0,0.0,29846000.0,0.0,29846000.0,7050566000.0,779576000.0,6270990000.0,2977459813.0,177308000.0,1083742000.0,14943000.0,-1062169000.0,0.0,-1046571000.0,-241086000.0,9051000.0,631317000.0,0.0,-682897000.0,-682897000.0,-682897000.0,-179891000.0,0.0,-0.256,2880001000.0,-687589000.0,195278000.0,0.0,2.54,-4.36,-4.342,3690056000.0,0.0,158.25,1.115,1.115,310929000.0,-553033000.0,2669332000.0,2669332000.0,0.0,-0.074,-0.421,-0.062,-0.236,7029000.0,1002355000.0,1.0,18814912.0,18814912.0,,141.873,5410387000.0,0.0,-414874000.0,341296000.0,287.558,421408000.0
74,FTRCQ,MRT,2002-09-30,2002-09-30,2002-09-30,2021-09-13,221000.0,8612453000.0,9767149000.0,1587159000.0,7025294000.0,0.274,68.675,-895306000.0,479236000.0,479236000.0,480090000.0,-763647000.0,1.603,5.51,5360566000.0,141220000.0,5219346000.0,5360566000.0,153955000.0,1196499000.0,0.0,0.0,0.0,-775007000.0,421492000.0,0.157,421492000.0,-775007000.0,-1252323000.0,-41.1,-41.25,-41.1,1292105000.0,1816087000.0,1292105000.0,6895729258.0,-9.0,16.36,-282042000.0,-14.99,1.0,2196363000.0,0.821,2864467000.0,477316000.0,9638953000.0,10836904250.0,0.0,31298000.0,0.0,31298000.0,7119098000.0,990363000.0,6128735000.0,1913460258.0,298818000.0,1227703000.0,8389000.0,-638566000.0,0.0,-665122000.0,-519402000.0,13455000.0,613264000.0,0.0,-763647000.0,-766752000.0,-766752000.0,-174048000.0,0.0,-0.286,2954195000.0,-757832000.0,607814000.0,0.0,1.481,-2.496,-2.474,3736031000.0,3105000.0,101.7,0.715,0.715,310834000.0,-528573000.0,2676453000.0,2676453000.0,0.0,-0.079,-0.422,-0.072,-0.29,0.0,1049696000.0,1.0,18814752.0,18814752.0,,142.253,5747986000.0,0.0,-488676000.0,50253000.0,305.504,596796000.0
75,FTRCQ,MRT,2002-06-30,2002-06-30,2002-06-30,2021-09-13,-575000.0,9668933000.0,10210318500.0,1879514000.0,7789419000.0,0.261,105.996,-432028000.0,421069000.0,421069000.0,487509000.0,-65537000.0,2.203,3.754,5403338000.0,63924000.0,5339414000.0,5403338000.0,170385000.0,996888000.0,0.0,0.0,0.0,341640000.0,1338528000.0,0.502,1338528000.0,341640000.0,-143417000.0,-3.9,-4.05,-3.9,1991355000.0,1989594750.0,1991355000.0,7297270077.0,21.0,5.452,71262000.0,3.793,1.0,2181234000.0,0.817,2896281000.0,485057000.0,10901590000.0,11505958000.0,0.0,30020000.0,0.0,30020000.0,7476328000.0,853331000.0,6622997000.0,2355906077.0,371491000.0,1226173000.0,21653000.0,-768047000.0,0.0,-928093000.0,-54733000.0,9837000.0,503290000.0,0.0,-65537000.0,-68092000.0,-68092000.0,-181247000.0,0.0,-0.026,1774393000.0,406841000.0,613938000.0,0.0,1.183,-34.599,-32.154,4488913000.0,2555000.0,125.4,0.883,0.883,307176000.0,171531000.0,2668743000.0,2668743000.0,0.0,-0.007,-0.034,0.03,0.128,0.0,1074029000.0,1.0,18787130.0,18787130.0,,142.052,6772652000.0,0.0,-77880000.0,416683000.0,360.494,1026183000.0
76,FTRCQ,MRT,2002-03-31,2002-03-31,2002-03-31,2021-09-13,4614000.0,10233610000.0,10504507250.0,2432844000.0,7800766000.0,0.239,108.423,-441741000.0,972751000.0,972751000.0,502251000.0,-26179000.0,1.902,3.931,5914115000.0,461062000.0,5453053000.0,5914115000.0,183717000.0,810510000.0,0.0,0.0,0.0,361265000.0,1171775000.0,0.466,1171775000.0,361265000.0,-76974000.0,-2.4,-2.55,-2.4,2034746000.0,1995805000.0,2034746000.0,8987275128.0,25.0,7.67,21426000.0,1.142,1.0,2009794000.0,0.8,2909716000.0,438239000.0,10986066000.0,11969634750.0,0.0,88979000.0,0.0,88979000.0,7997614000.0,1279192000.0,6718422000.0,3026130128.0,938672000.0,-2141814000.0,745275000.0,2488780000.0,0.0,3070913000.0,-3441181000.0,884000.0,463167000.0,0.0,-26179000.0,-39829000.0,-39829000.0,-184614000.0,0.0,-0.016,1624972000.0,384822000.0,642607000.0,0.0,1.487,-75.978,-67.188,4429115000.0,13650000.0,161.25,1.205,1.205,305277000.0,213090000.0,2512045000.0,2512045000.0,0.0,-0.004,-0.02,0.03,0.144,0.0,1024901000.0,1.0,18766698.0,18766698.0,,133.857,7323894000.0,0.0,-50795000.0,383767000.0,390.26,1153652000.0
77,FTRCQ,MRT,2001-12-31,2001-12-31,2001-12-31,2021-09-13,4907000.0,10553600000.0,9649030500.0,2533048000.0,8020552000.0,0.255,104.23,-487271000.0,215869000.0,215869000.0,599378000.0,-89682000.0,1.627,4.423,6018812000.0,483906000.0,5534906000.0,6018812000.0,183319000.0,632336000.0,18246000.0,0.0,0.0,273154000.0,905490000.0,0.369,905490000.0,273154000.0,-104487000.0,-5.7,-5.7,-5.7,1946142000.0,1919695500.0,1946142000.0,8886231407.0,33.0,9.814,-10335000.0,-0.554,1.0,1857615000.0,0.756,2978942000.0,377641000.0,11821008000.0,11322547250.0,0.0,141208000.0,0.0,141208000.0,8607458000.0,1556593000.0,7050865000.0,2985595407.0,145783000.0,-3000879000.0,749561000.0,2557895000.0,0.0,3141389000.0,-3487468000.0,43000.0,476936000.0,0.0,-89682000.0,-103332000.0,-103332000.0,-17875000.0,0.0,-0.042,1485269000.0,372346000.0,239676000.0,0.0,1.534,-28.893,-28.053,4512038000.0,13650000.0,159.9,1.215,1.215,311878000.0,129864000.0,2456993000.0,2456993000.0,0.0,-0.011,-0.054,0.024,0.111,0.0,951710000.0,1.0,18671641.0,18671641.0,,131.59,7574658000.0,0.0,-14805000.0,560082000.0,405.677,976455000.0
78,FTRCQ,MRT,2001-09-30,2001-09-30,2001-09-30,2021-09-13,-59147000.0,10385131000.0,8749382000.0,2399821000.0,7985310000.0,0.26,101.94,-81655000.0,38922000.0,38922000.0,620697000.0,-21565000.0,2.17,4.127,5939558000.0,155967000.0,5783591000.0,5939558000.0,206332000.0,0.0,0.0,0.0,0.0,322889000.0,322889000.0,0.142,322889000.0,322889000.0,6389000.0,-2.1,-2.1,-2.1,1986136000.0,1863160250.0,1986136000.0,8756886493.0,27.0,27.12,325643000.0,16.714,1.0,1652785000.0,0.727,2864454000.0,316500000.0,12315168000.0,10489734250.0,0.0,258620000.0,141496000.0,117124000.0,8197745000.0,1106145000.0,7091600000.0,2747167493.0,134455000.0,-3711246000.0,749561000.0,2710240000.0,0.0,3337275000.0,-3552601000.0,239274000.0,407298000.0,0.0,-21565000.0,-35215000.0,-35215000.0,-15169000.0,0.0,-0.015,1300156000.0,352629000.0,516520000.0,0.0,1.383,-78.011,-67.143,4537291000.0,13650000.0,141.0,1.208,1.208,339382000.0,238179000.0,2273482000.0,2273482000.0,0.0,-0.004,-0.019,0.031,0.142,0.0,928379000.0,1.0,19483457.0,19483457.0,,116.688,7520677000.0,0.0,27954000.0,408975000.0,386.003,1293676000.0
79,FTRCQ,MRT,2001-06-30,2001-06-30,2001-06-30,2021-09-13,0.0,10845688000.0,7758112500.0,2354765000.0,8490923000.0,0.305,114.791,-470570000.0,31115000.0,31115000.0,779526000.0,-19658000.0,2.172,4.226,6040834000.0,222522000.0,5818312000.0,6040834000.0,200688000.0,0.0,0.0,0.0,0.0,234668000.0,234668000.0,0.099,234668000.0,234668000.0,-24964000.0,-1.8,-1.95,-1.8,2016196000.0,1828902250.0,2016196000.0,6308962688.0,27.0,26.885,-172379000.0,-9.814,1.0,1583075000.0,0.67,3014751000.0,259632000.0,12756297000.0,9542594500.0,0.0,191781000.0,18463000.0,173318000.0,8521224000.0,1084359000.0,7436865000.0,3174699688.0,428000.0,-4148612000.0,727738000.0,3335706000.0,0.0,4103790000.0,-4345569000.0,293765000.0,298191000.0,0.0,-19658000.0,-32305000.0,-32305000.0,-306000.0,0.0,-0.014,1349202000.0,233873000.0,416207000.0,0.0,1.575,-98.273,-100.417,4662361000.0,12647000.0,180.75,1.344,1.344,336490000.0,,2362601000.0,2362601000.0,0.0,-0.004,-0.018,0.025,0.099,0.0,910942000.0,1.0,17564037.0,17564037.0,,134.514,7830937000.0,0.0,-5306000.0,688562000.0,445.851,1270406000.0
80,FTRCQ,MRT,2001-03-31,2001-03-31,2001-03-31,2021-09-13,0.0,6811703000.0,6565021000.0,2176565000.0,4635138000.0,0.347,97.437,-508577000.0,28448000.0,28448000.0,754432000.0,-15997000.0,2.349,2.734,3162711000.0,181215000.0,2981496000.0,3162711000.0,203012000.0,0.0,0.0,0.0,0.0,206896000.0,206896000.0,0.091,206896000.0,206896000.0,-21357000.0,-0.9,-1.05,-0.9,1730308000.0,1794748250.0,1730308000.0,6581695515.0,32.0,31.812,-161390000.0,-9.088,1.0,1521035000.0,0.668,621547000.0,228253000.0,8397716000.0,8415800250.0,0.0,187481000.0,5630000.0,181851000.0,4730132000.0,926703000.0,3803429000.0,3369615515.0,-9913000.0,-986029000.0,-4754000.0,860014000.0,0.0,902722000.0,-1197989000.0,327803000.0,347187000.0,0.0,-15997000.0,-15997000.0,-15997000.0,398000.0,0.0,-0.007,1313745000.0,207290000.0,299481000.0,0.0,1.947,-210.64,-210.833,3508257000.0,0.0,189.75,1.481,1.481,229605000.0,,2275467000.0,2275467000.0,0.0,-0.002,-0.009,0.025,0.091,0.0,895591000.0,1.0,17758185.0,17758185.0,,128.136,6190156000.0,0.0,-5360000.0,490007000.0,348.58,1249862000.0
81,FTRCQ,MRT,2000-12-31,2000-12-31,2000-12-31,2021-09-13,418000.0,6955006000.0,6301711500.0,2365689000.0,4589317000.0,0.286,97.281,-544829000.0,31223000.0,31223000.0,481673000.0,-28394000.0,2.266,3.044,3243303000.0,181014000.0,3062289000.0,3243303000.0,205604000.0,0.0,18683000.0,0.0,0.0,142840000.0,142840000.0,0.079,142840000.0,142840000.0,-44526000.0,-1.65,-1.65,-1.65,1720001000.0,1829544250.0,1720001000.0,6443478342.0,45.0,45.11,-237136000.0,-13.412,1.0,1320685000.0,0.733,633268000.0,187366000.0,8489756000.0,8210019250.0,0.0,253222000.0,38863000.0,214359000.0,5235005000.0,1044062000.0,4190943000.0,3479574342.0,32945000.0,-986029000.0,-49209000.0,1016186000.0,0.0,1017434000.0,-1242854000.0,326648000.0,307693000.0,0.0,-28394000.0,-28394000.0,-28394000.0,-11677000.0,0.0,-0.016,1198884000.0,121801000.0,171002000.0,0.0,2.023,-122.546,-119.273,3520712000.0,0.0,196.8,1.931,1.931,243304000.0,233196000.0,1802358000.0,1802358000.0,0.0,-0.005,-0.016,0.017,0.079,0.0,811926000.0,1.0,17680764.0,17680764.0,,101.939,6321738000.0,0.0,-16132000.0,485876000.0,357.549,1321627000.0
82,FTRCQ,MRT,2000-09-30,2000-09-30,2000-09-30,2021-09-13,-54174000.0,6420053000.0,6005896250.0,1027119000.0,5392934000.0,0.39,104.748,-569908000.0,45963000.0,45963000.0,787727000.0,82006000.0,2.627,2.363,3009867000.0,84187000.0,2925680000.0,3009867000.0,190395000.0,0.0,0.0,0.0,0.0,341540000.0,341540000.0,0.146,341540000.0,341540000.0,140657000.0,4.8,4.5,4.8,1849104000.0,1876749750.0,1849104000.0,6057685416.0,18.0,17.736,-295713000.0,-16.752,1.0,1552271000.0,0.663,466358000.0,200883000.0,8526609000.0,7854018250.0,0.0,372112000.0,224655000.0,147457000.0,4369699000.0,390990000.0,3978709000.0,3542925416.0,10091000.0,-644300000.0,-62165000.0,853538000.0,0.0,838759000.0,-1108851000.0,138213000.0,274195000.0,0.0,82006000.0,82006000.0,82006000.0,18187000.0,0.0,0.035,1371079000.0,181192000.0,306803000.0,0.0,1.916,43.203,41.812,3255120000.0,0.0,200.7,1.514,1.514,220257000.0,273393000.0,2339998000.0,2339998000.0,0.0,0.014,0.044,0.043,0.146,0.0,912991000.0,1.0,17652842.0,17652842.0,,132.556,5953695000.0,0.0,58651000.0,433993000.0,337.266,636129000.0
83,FTRCQ,MRT,2000-06-30,2000-06-30,2000-06-30,2021-09-13,-25470000.0,6073322000.0,5800947500.0,298857000.0,5774465000.0,0.332,106.924,-600034000.0,49150000.0,49150000.0,557202000.0,92446000.0,0.882,2.124,2563910000.0,33540000.0,2530370000.0,2563910000.0,182470000.0,0.0,0.0,0.0,0.0,307406000.0,307406000.0,0.16,307406000.0,307406000.0,145788000.0,5.4,5.25,5.4,1879580000.0,1880277250.0,1879580000.0,6730973924.0,22.0,21.896,-282319000.0,-16.06,1.0,1369647000.0,0.711,0.0,161618000.0,8249120000.0,7520984000.0,0.0,493444000.0,0.0,493444000.0,3992492000.0,338962000.0,3653530000.0,4548466924.0,21552000.0,-205404000.0,-47954000.0,472068000.0,0.0,467893000.0,-793376000.0,26963000.0,317715000.0,0.0,92446000.0,92446000.0,92446000.0,2251000.0,0.0,0.048,1248692000.0,120955000.0,305422000.0,0.0,2.42,49.201,47.917,3264007000.0,0.0,258.75,2.361,2.361,214421000.0,271925000.0,1926849000.0,1926849000.0,0.0,0.016,0.049,0.041,0.16,0.0,854732000.0,1.0,17578616.0,17578616.0,,109.613,6073322000.0,0.0,53342000.0,445661000.0,345.495,-40105000.0
84,FTRCQ,MRT,2000-03-31,2000-03-31,2000-03-31,2021-09-13,-13122000.0,5758465000.0,5650239250.0,291815000.0,5466650000.0,0.315,106.656,-577970000.0,43992000.0,43992000.0,483952000.0,97187000.0,0.796,1.969,2226499000.0,33005000.0,2193494000.0,2226499000.0,180652000.0,0.0,0.0,0.0,0.0,288475000.0,288475000.0,0.162,288475000.0,288475000.0,150308000.0,5.7,5.55,5.7,1869492000.0,1873074000.0,1869492000.0,6408178408.0,22.0,22.214,-316352000.0,-18.048,1.0,1298236000.0,0.728,0.0,138167000.0,7574592000.0,7238404750.0,0.0,546652000.0,0.0,546652000.0,3680793000.0,366380000.0,3314413000.0,4306703408.0,22340000.0,0.0,-41839000.0,304386000.0,0.0,291291000.0,-569019000.0,12554000.0,261618000.0,0.0,97187000.0,97187000.0,97187000.0,4667000.0,0.0,0.055,1196276000.0,101960000.0,333375000.0,0.0,2.304,44.314,43.105,2946976000.0,0.0,245.7,2.417,2.417,217785000.0,268915000.0,1782188000.0,1782188000.0,0.0,0.017,0.052,0.04,0.162,0.0,836813000.0,1.0,17528300.0,17528300.0,,101.675,5758465000.0,0.0,53121000.0,448160000.0,328.524,-74565000.0
85,FTRCQ,MRT,1999-12-31,1999-12-31,1999-12-31,2021-09-13,0.0,5771745000.0,5538986250.0,1965038000.0,3806707000.0,0.289,109.591,-573330000.0,37141000.0,37141000.0,397181000.0,144486000.0,2.528,2.018,2138616000.0,31156000.0,2107460000.0,2138616000.0,179831000.0,0.0,32842000.0,0.0,0.0,339061000.0,339061000.0,0.212,339061000.0,339061000.0,219386000.0,8.4,8.25,8.4,1908823000.0,1864814000.0,1908823000.0,5773882507.0,17.0,17.029,-207313000.0,-11.902,1.0,1201055000.0,0.751,30187000.0,119675000.0,7065752000.0,7051358750.0,12624000.0,591386000.0,0.0,591386000.0,3851810000.0,777281000.0,3074529000.0,3707369507.0,5217000.0,0.0,-6625000.0,183884000.0,0.0,192009000.0,-552940000.0,17363000.0,366017000.0,0.0,144486000.0,144486000.0,144486000.0,-7887000.0,0.0,0.09,1130695000.0,70360000.0,187984000.0,0.0,1.942,25.659,25.339,2888718000.0,0.0,212.85,2.32,2.32,241519000.0,261590000.0,1598236000.0,1598236000.0,0.0,0.026,0.077,0.048,0.212,0.0,809302000.0,1.0,17417757.0,17417757.0,,91.759,5741558000.0,0.0,74900000.0,563192000.0,329.638,1187757000.0
86,FTRCQ,MRT,1999-09-30,1999-09-30,1999-09-30,2021-09-13,42264000.0,5600258000.0,5419283000.0,290590000.0,5309668000.0,0.243,107.265,-538963000.0,35870000.0,35870000.0,262201000.0,75642000.0,0.615,1.886,2102383000.0,22333000.0,2080050000.0,2102383000.0,0.0,0.0,0.0,0.0,0.0,193464000.0,193464000.0,0.147,193464000.0,193464000.0,99528000.0,4.35,3.75,4.35,1863214000.0,1828354750.0,1863214000.0,5049657940.0,26.0,26.101,-161476000.0,-9.296,1.0,1055640000.0,0.801,0.0,93936000.0,7194472000.0,6950776250.0,0.0,541498000.0,0.0,541498000.0,3513531000.0,472299000.0,3041232000.0,2946861940.0,-21829000.0,-88863000.0,-5540000.0,237328000.0,0.0,275719000.0,-618654000.0,13700000.0,377487000.0,0.0,75642000.0,75642000.0,75642000.0,-30809000.0,0.0,0.057,980801000.0,74839000.0,449966000.0,0.0,1.582,38.958,39.0,2868608000.0,0.0,169.65,2.236,2.236,223517000.0,191387000.0,1317841000.0,1317841000.0,0.0,0.014,0.041,0.028,0.147,0.0,722329000.0,1.0,17370244.0,17370244.0,,75.868,5600258000.0,0.0,23886000.0,459583000.0,322.405,-181709000.0
87,FTRCQ,MRT,1999-06-30,1999-06-30,1999-06-30,2021-09-13,42281000.0,5470489000.0,5294695500.0,378283000.0,5092206000.0,0.23,106.805,-521933000.0,27596000.0,27596000.0,235614000.0,78197000.0,0.832,1.785,2130392000.0,23878000.0,2106514000.0,2130392000.0,0.0,0.0,0.0,0.0,0.0,186344000.0,186344000.0,0.153,186344000.0,186344000.0,102546000.0,4.5,3.9,4.5,1850767000.0,1805607000.0,1850767000.0,4850444901.0,26.0,26.03,-207683000.0,-11.985,1.0,981460000.0,0.806,0.0,83798000.0,7118803000.0,6783717000.0,0.0,435762000.0,0.0,435762000.0,3303101000.0,454482000.0,2848619000.0,2890394901.0,-27829000.0,-88863000.0,-12361000.0,243820000.0,0.0,266808000.0,-546692000.0,76844000.0,314250000.0,0.0,78197000.0,78197000.0,78197000.0,-26432000.0,0.0,0.064,906178000.0,75282000.0,430604000.0,0.0,1.562,36.963,37.067,4217990000.0,0.0,166.8,2.375,2.375,294038000.0,179482000.0,1217074000.0,1217074000.0,0.0,0.015,0.043,0.027,0.153,0.0,667417000.0,1.0,17328507.0,17328507.0,,70.235,5470489000.0,0.0,24349000.0,423259000.0,315.693,-76199000.0
88,FTRCQ,MRT,1999-03-31,1999-03-31,1999-03-31,2021-09-13,42574000.0,5313453000.0,5168840000.0,365750000.0,4947703000.0,0.253,105.996,-503314000.0,21650000.0,21650000.0,286125000.0,84906000.0,0.818,1.771,1981700000.0,9310000.0,1972390000.0,1981700000.0,289698000.0,0.0,0.0,0.0,0.0,210731000.0,210731000.0,0.161,210731000.0,210731000.0,116643000.0,4.95,4.35,4.95,1836452000.0,1782291250.0,1836452000.0,4001362533.0,19.0,18.988,-117182000.0,-6.763,1.0,1023350000.0,0.781,0.0,94088000.0,6826408000.0,6587116250.0,0.0,430354000.0,0.0,430354000.0,3251638000.0,447095000.0,2804543000.0,2014108533.0,-23733000.0,-88863000.0,-10540000.0,140407000.0,0.0,157577000.0,-507220000.0,91781000.0,386132000.0,0.0,84906000.0,84906000.0,84906000.0,-26185000.0,0.0,0.065,921534000.0,101816000.0,437785000.0,0.0,1.097,23.722,23.485,4083346000.0,0.0,116.25,1.538,1.538,287885000.0,171728000.0,1309475000.0,1309475000.0,0.0,0.016,0.048,0.032,0.161,0.0,677771000.0,1.0,17325665.0,17325665.0,,75.58,5313453000.0,0.0,31737000.0,416266000.0,306.681,-81345000.0
89,FTRCQ,MRT,1998-12-31,1998-12-31,1998-12-31,2021-09-13,0.0,5292932000.0,5075434500.0,306562000.0,4986370000.0,0.285,102.257,-477976000.0,31922000.0,31922000.0,359762000.0,57060000.0,0.625,1.985,1893010000.0,117672000.0,1775338000.0,1893010000.0,0.0,0.0,30797000.0,0.0,0.0,175516000.0,175516000.0,0.121,175516000.0,175516000.0,73720000.0,3.3,2.7,3.3,1762986000.0,1752824500.0,1762986000.0,3890155896.0,22.0,22.164,-228077000.0,-13.229,1.0,1088826000.0,0.752,0.0,101796000.0,6663422000.0,6460364000.0,13706000.0,464146000.0,0.0,464146000.0,3500161000.0,490598000.0,3009563000.0,2068884896.0,-3241000.0,-88863000.0,-7722000.0,275183000.0,0.0,307693000.0,-531096000.0,42141000.0,249899000.0,0.0,57060000.0,57060000.0,57060000.0,-12950000.0,0.0,0.039,937864000.0,150962000.0,175304000.0,0.0,1.174,36.258,36.364,2705087000.0,0.0,120.0,1.428,1.428,233735000.0,117104000.0,1448588000.0,1448588000.0,0.0,0.011,0.033,0.027,0.121,0.0,692389000.0,1.0,17240707.0,17240707.0,,84.021,5292932000.0,0.0,16660000.0,518598000.0,307.002,-184036000.0
90,FTRCQ,MRT,1998-09-30,1998-09-30,1998-09-30,2021-09-13,23794000.0,5101908000.0,4970414500.0,421462000.0,4680446000.0,0.17,103.643,-383967000.0,57699000.0,57699000.0,63870000.0,134886000.0,1.062,1.749,1878970000.0,22253000.0,1856717000.0,1878970000.0,263717000.0,0.0,0.0,0.0,0.0,242522000.0,242522000.0,0.287,242522000.0,242522000.0,185500000.0,7.95,7.95,7.95,1772223000.0,1722724250.0,1772223000.0,3814454001.0,16.0,15.728,-192088000.0,-11.234,1.0,780245000.0,0.924,0.0,57022000.0,6526235000.0,6299864000.0,0.0,441830000.0,0.0,441830000.0,3100038000.0,396944000.0,2703094000.0,2085257001.0,31017000.0,0.0,-1301000.0,217329000.0,0.0,334673000.0,-379691000.0,16783000.0,191879000.0,0.0,133334000.0,133334000.0,133334000.0,-17918000.0,1552000.0,0.158,671940000.0,108305000.0,374691000.0,0.0,1.177,15.639,15.34,3820035000.0,0.0,121.95,2.47,2.47,298081000.0,133569000.0,844115000.0,844115000.0,0.0,0.027,0.077,0.038,0.287,0.0,481391000.0,1.0,17099278.0,17099278.0,,49.366,5101908000.0,0.0,52166000.0,427931000.0,298.37,24518000.0
91,FTRCQ,MRT,1998-06-30,1998-06-30,1998-06-30,2021-09-13,27104000.0,4967067000.0,4820480000.0,361900000.0,4605167000.0,0.196,103.799,-367597000.0,55425000.0,55425000.0,107113000.0,143932000.0,0.995,1.694,1784622000.0,7704000.0,1776918000.0,1784622000.0,262027000.0,0.0,0.0,0.0,0.0,270865000.0,270865000.0,0.286,270865000.0,270865000.0,205384000.0,8.4,8.4,8.4,1757504000.0,1678824250.0,1757504000.0,4196173808.0,15.0,15.492,-172914000.0,-10.212,1.0,839481000.0,0.887,0.0,65481000.0,6332400000.0,6103888750.0,0.0,449009000.0,0.0,449009000.0,2976757000.0,363864000.0,2612893000.0,2445804808.0,37560000.0,0.0,-13328000.0,176956000.0,0.0,281842000.0,-323121000.0,52103000.0,194683000.0,0.0,142380000.0,142380000.0,142380000.0,-14023000.0,1552000.0,0.15,697914000.0,141567000.0,356160000.0,0.0,1.392,17.178,17.196,3736533000.0,0.0,144.45,2.584,2.584,249115000.0,136772000.0,946594000.0,946594000.0,0.0,0.03,0.085,0.044,0.286,0.0,498542000.0,1.0,16931844.0,16931844.0,,55.906,4967067000.0,0.0,63004000.0,430395000.0,293.357,-1964000.0
92,FTRCQ,MRT,1998-03-31,1998-03-31,1998-03-31,2021-09-13,9790000.0,4939831000.0,4688612000.0,383726000.0,4556105000.0,0.19,102.596,-445315000.0,45383000.0,45383000.0,112099000.0,6295000.0,1.035,1.737,1795752000.0,6069000.0,1789683000.0,1795752000.0,260036000.0,0.0,0.0,0.0,0.0,69492000.0,69492000.0,0.078,69492000.0,69492000.0,3916000.0,0.3,0.3,0.3,1718585000.0,1631600500.0,1718585000.0,4331427482.0,62.0,62.33,-288113000.0,-17.2,1.0,777005000.0,0.874,0.0,65576000.0,6319399000.0,5931491250.0,0.0,454560000.0,0.0,454560000.0,2985906000.0,370801000.0,2615105000.0,2653367482.0,29659000.0,0.0,-28915000.0,186446000.0,0.0,276112000.0,-287811000.0,114339000.0,157202000.0,0.0,6295000.0,6295000.0,6295000.0,-14023000.0,0.0,0.007,834339000.0,-57334000.0,364732000.0,0.0,1.544,421.504,528.0,3675289000.0,0.0,158.4,2.984,2.984,266082000.0,141091000.0,889104000.0,889104000.0,0.0,0.001,0.004,0.012,0.078,0.0,641227000.0,1.0,16751057.0,16751057.0,,53.077,4939831000.0,0.0,-2379000.0,429850000.0,294.897,12925000.0
93,FTRCQ,MRT,1997-12-31,1997-12-31,1997-12-31,2021-09-13,0.0,4872852000.0,4588742500.0,281869000.0,4590983000.0,0.187,99.748,-414656000.0,35163000.0,35163000.0,110057000.0,10100000.0,0.696,1.944,1588991000.0,5089000.0,1583902000.0,1588991000.0,0.0,0.0,19401000.0,0.0,0.0,77807000.0,77807000.0,0.09,77807000.0,77807000.0,12028000.0,0.6,0.6,0.6,1642585000.0,1625790250.0,1642585000.0,3945977869.0,51.0,50.715,-274800000.0,-16.687,1.0,750275000.0,0.872,0.0,65779000.0,6021422000.0,5784360500.0,11411000.0,447695000.0,0.0,447695000.0,3193641000.0,405258000.0,2788383000.0,2378719869.0,10933000.0,0.0,-43727000.0,140567000.0,0.0,215394000.0,-228473000.0,160497000.0,139856000.0,0.0,10100000.0,10100000.0,10100000.0,-14023000.0,0.0,0.012,801056000.0,-50781000.0,214713000.0,0.0,1.448,235.517,240.75,2394787000.0,0.0,144.45,2.765,2.765,191424000.0,132217000.0,860332000.0,860332000.0,0.0,0.002,0.006,0.013,0.09,0.0,614526000.0,1.0,16467427.0,16467427.0,,52.244,4872852000.0,0.0,1928000.0,487015000.0,295.909,-123389000.0
94,FTRCQ,MRT,1997-09-30,1997-09-30,1997-09-30,2021-09-13,6466000.0,4502170000.0,4501316500.0,334631000.0,4167539000.0,0.303,154.966,-687995000.0,26682000.0,26682000.0,545594000.0,-21563000.0,1.023,1.694,1593940000.0,8579000.0,1585361000.0,1593940000.0,389343000.0,0.0,0.0,0.0,0.0,77803000.0,77803000.0,0.057,77803000.0,77803000.0,-29211000.0,-1.95,,-1.95,1596623000.0,1634689750.0,1596623000.0,2977539714.0,38.0,38.27,-493357000.0,-47.885,1.0,816449000.0,0.599,0.0,107014000.0,5742334000.0,5679684750.0,0.0,422631000.0,0.0,422631000.0,2704297000.0,327094000.0,2377203000.0,1429549714.0,14875000.0,-15475000.0,-41230000.0,167287000.0,0.0,44280000.0,-224043000.0,392465000.0,194638000.0,0.0,-21390000.0,-21390000.0,-21390000.0,0.0,-173000.0,-0.016,782377000.0,34072000.0,318515000.0,0.0,0.895,-66.833,-71.154,3336766000.0,0.0,138.75,1.05,1.05,239288000.0,64938000.0,1362043000.0,1362043000.0,0.0,-0.005,-0.013,0.014,0.057,0.0,1162225000.0,1.0,10303061.0,10303061.0,,132.198,4502170000.0,0.0,-7821000.0,380848000.0,436.974,7537000.0
95,FTRCQ,MRT,1997-06-30,1997-06-30,1997-06-30,2021-09-13,-5867000.0,4439595000.0,,312587000.0,4127008000.0,,96.546,-655597000.0,17865000.0,17865000.0,477420000.0,962000.0,0.907,1.702,1565855000.0,8700000.0,1557155000.0,1565855000.0,372982000.0,0.0,0.0,0.0,0.0,106392000.0,106392000.0,0.079,106392000.0,106392000.0,2652000.0,-0.45,,-0.45,1568609000.0,,1568609000.0,2799093976.0,26.0,26.309,-473423000.0,-29.139,1.0,865779000.0,0.645,0.0,103740000.0,5642810000.0,,0.0,443663000.0,0.0,443663000.0,2669736000.0,344775000.0,2324961000.0,1251163976.0,-4516000.0,-20736000.0,-43032000.0,160460000.0,0.0,30459000.0,-217149000.0,376813000.0,182174000.0,0.0,1135000.0,1135000.0,1135000.0,0.0,-173000.0,0.001,809733000.0,56046000.0,336075000.0,0.0,0.798,1102.347,-266.667,3278372000.0,0.0,120.0,0.931,1.452,240826000.0,65934000.0,1343199000.0,1343199000.0,0.0,,,,0.079,0.0,1002671000.0,1.0,10426366.0,16247200.0,,82.673,4439595000.0,0.0,1517000.0,373224000.0,273.253,-32188000.0
96,FTRCQ,MRT,1997-03-31,1997-03-31,1997-03-31,2021-09-13,-12533000.0,4540353000.0,,347871000.0,4192482000.0,,105.64,-568706000.0,15724000.0,15724000.0,391739000.0,170388000.0,0.973,1.559,1563654000.0,8799000.0,1554855000.0,1563654000.0,238717000.0,0.0,0.0,0.0,0.0,348935000.0,348935000.0,0.258,348935000.0,348935000.0,251234000.0,9.6,,9.6,1695344000.0,,1695344000.0,3347038504.0,10.0,9.592,-347172000.0,-21.633,1.0,960731000.0,0.71,0.0,97701000.0,5730876000.0,,0.0,527973000.0,0.0,527973000.0,2643759000.0,357407000.0,2286352000.0,1857978504.0,10625000.0,-60839000.0,-42386000.0,337387000.0,0.0,211794000.0,-422703000.0,198810000.0,221534000.0,0.0,170388000.0,170388000.0,170388000.0,0.0,0.0,0.126,673206000.0,287525000.0,348608000.0,0.0,1.096,10.904,18.562,3161629000.0,0.0,178.2,1.374,2.115,270285000.0,230143000.0,1352470000.0,1352470000.0,0.0,,,,0.258,0.0,680604000.0,1.0,10426366.0,16048267.0,,84.275,4540353000.0,0.0,80846000.0,354868000.0,282.919,-9536000.0
97,FTRCQ,MRT,1996-12-31,1996-12-31,1996-12-31,2021-09-13,0.0,4523148000.0,4220667500.0,369770000.0,4153378000.0,0.31,,-530744000.0,24230000.0,24230000.0,285749000.0,178660000.0,0.903,1.695,1513290000.0,3593000.0,1509697000.0,1513290000.0,115291000.0,0.0,21400000.0,0.0,0.0,356292000.0,356292000.0,0.273,356292000.0,356292000.0,263597000.0,10.2,10.2,10.2,1678183000.0,1619048000.0,1678183000.0,,,,-300312000.0,,1.0,1020768000.0,0.781,0.0,92695000.0,5602719000.0,5165410500.0,27159000.0,539152000.0,0.0,539152000.0,2844965000.0,409489000.0,2435476000.0,,10933000.0,-105039000.0,-43727000.0,156482000.0,0.0,229929000.0,-449428000.0,160669000.0,230432000.0,0.0,178660000.0,178660000.0,178660000.0,0.0,0.0,0.137,725082000.0,295686000.0,168299000.0,0.0,,,16.353,3138052000.0,0.0,166.8,,,281650000.0,244066000.0,1306517000.0,1306517000.0,0.0,0.042,0.11,0.069,0.273,0.0,531349000.0,1.0,,,,,4523148000.0,0.0,84937000.0,457833000.0,,-39719000.0
98,FTRCQ,MRT,1996-09-30,1996-09-30,1996-09-30,2021-09-13,,,,,,,,,,,,,,,,,,,,,,0.0,0.0,,,,,,,,,,,,,,,,,,1.0,,,,,,,,,,,,,,,,,,,,,,,,,,,,,,,,,,,,,,,,181.8,,,,,,,,,,,,,,1.0,,,,,,,,,,
99,FTRCQ,MRT,1996-06-30,1996-06-30,1996-06-30,2021-09-13,,,,,,,,,,,,,,,,,,,,,,0.0,0.0,,,,,,,,,,,,,,,,,,1.0,,,,,,,,,,,,,,,,,,,,,,,,,,,,,,,,,,,,,,,,174.45,,,,,,,,,,,,,,1.0,,16445067.0,,,,,,,,
100,FTRCQ,MRT,1996-03-31,1996-03-31,1996-03-31,2021-09-13,,,,,,,,,,,,,,,,,,,,,,0.0,0.0,,,,,,,,,,,,,,,,,,1.0,,,,,,,,,,,,,,,,,,,,,,,,,,,,,,,,,,,,,,,,163.2,,,,,,,,,,,,,,1.0,,16263267.0,,,,,,,,
101,FTRCQ,MRT,1995-12-31,1995-12-31,1995-12-31,2021-09-13,0.0,3918187000.0,3747376500.0,252702000.0,3665485000.0,0.285,,-245241000.0,17922000.0,17922000.0,209179000.0,159536000.0,0.502,1.512,1331515000.0,144515000.0,1187000000.0,1331515000.0,101300000.0,0.0,20501000.0,0.0,0.0,314128000.0,314128000.0,0.294,314128000.0,314128000.0,226353000.0,9.9,9.75,9.9,1559913000.0,1358404500.0,1559913000.0,,,,93370000.0,,1.0,859853000.0,0.804,0.0,87775000.0,4728102000.0,4480999000.0,18191000.0,329090000.0,0.0,329090000.0,2358274000.0,503678000.0,1854596000.0,,3698000.0,-223926000.0,250659000.0,-245300000.0,0.0,5359000.0,-342255000.0,126857000.0,338611000.0,0.0,159536000.0,159536000.0,159536000.0,0.0,0.0,0.149,605680000.0,254173000.0,178384000.0,0.0,,,19.318,2908030000.0,0.0,191.25,,,199813000.0,,1069032000.0,1069032000.0,0.0,0.043,0.117,0.07,0.294,0.0,446745000.0,1.0,,,,,3918187000.0,0.0,66817000.0,404783000.0,,-250976000.0
102,FTRCQ,MRT,1994-12-31,1994-12-31,1994-12-31,2021-09-13,0.0,3576566000.0,,314054000.0,3262512000.0,,,-263162000.0,14224000.0,14224000.0,442227000.0,143997000.0,0.369,2.092,1523375000.0,529186000.0,994189000.0,1523375000.0,77950000.0,0.0,19919000.0,0.0,0.0,281064000.0,281064000.0,0.31,281064000.0,281064000.0,208320000.0,10.2,10.2,10.2,1156896000.0,,1156896000.0,,,,-846000.0,,1.0,463923000.0,0.512,0.0,72744000.0,4233896000.0,,18330000.0,433829000.0,108818000.0,325011000.0,2419670000.0,851821000.0,1567849000.0,,-7514000.0,-700222000.0,18465000.0,592521000.0,0.0,612205000.0,-882035000.0,95144000.0,262316000.0,0.0,143997000.0,143997000.0,143997000.0,0.0,0.0,0.159,235799000.0,228124000.0,122404000.0,0.0,,,18.559,2569655000.0,0.0,189.3,,,166795000.0,,906150000.0,906150000.0,0.0,,,,0.31,0.0,0.0,1.0,,,,,3576566000.0,0.0,64323000.0,340516000.0,,-537767000.0
