None,ticker,dimension,calendardate,datekey,reportperiod,lastupdated,accoci,assets,assetsavg,assetsc,assetsnc,assetturnover,bvps,capex,cashneq,cashnequsd,cor,consolinc,currentratio,de,debt,debtc,debtnc,debtusd,deferredrev,depamor,deposits,divyield,dps,ebit,ebitda,ebitdamargin,ebitdausd,ebitusd,ebt,eps,epsdil,epsusd,equity,equityavg,equityusd,ev,evebit,evebitda,fcf,fcfps,fxusd,gp,grossmargin,intangibles,intexp,invcap,invcapavg,inventory,investments,investmentsc,investmentsnc,liabilities,liabilitiesc,liabilitiesnc,marketcap,ncf,ncfbus,ncfcommon,ncfdebt,ncfdiv,ncff,ncfi,ncfinv,ncfo,ncfx,netinc,netinccmn,netinccmnusd,netincdis,netincnci,netmargin,opex,opinc,payables,payoutratio,pb,pe,pe1,ppnenet,prefdivis,price,ps,ps1,receivables,retearn,revenue,revenueusd,rnd,roa,roe,roic,ros,sbcomp,sgna,sharefactor,sharesbas,shareswa,shareswadil,sps,tangibles,taxassets,taxexp,taxliabilities,tbvps,workingcapital
0,TWC,MRY,2015-12-31,2015-12-31,2015-12-31,2019-05-07,-414000000.0,49277000000.0,48803500000.0,2459000000.0,46818000000.0,0.486,31.829,-4446000000.0,1170000000.0,1170000000.0,11511000000.0,1844000000.0,0.623,4.478,22502000000.0,5000000.0,22497000000.0,22502000000.0,224000000.0,3696000000.0,0.0,0.02,3.75,4389000000.0,8085000000.0,0.341,8085000000.0,4389000000.0,2988000000.0,6.46,6.44,6.46,8995000000.0,8597000000.0,8995000000.0,74768633490.0,17.0,9.248,2093000000.0,7.406,1.0,12186000000.0,0.514,29590000000.0,1401000000.0,37070000000.0,37384500000.0,0.0,65000000.0,0.0,65000000.0,40278000000.0,3949000000.0,36329000000.0,52558633490.0,463000000.0,0.0,129000000.0,-1007000000.0,-865000000.0,-1731000000.0,-4345000000.0,-1000000.0,6539000000.0,0.0,1844000000.0,1844000000.0,1844000000.0,0.0,0.0,0.078,7947000000.0,4239000000.0,656000000.0,0.58,5.843,28.503,28.729,16945000000.0,0.0,185.59,2.218,2.213,916000000.0,1925000000.0,23697000000.0,23697000000.0,0.0,0.038,0.214,0.117,0.185,69000000.0,4048000000.0,1.0,283197551.0,282600000,285900000.0,83.854,19687000000.0,0.0,1144000000.0,12830000000.0,69.664,-1490000000.0
1,TWC,MRY,2014-12-31,2014-12-31,2014-12-31,2019-05-07,-324000000.0,48135000000.0,48595000000.0,2039000000.0,46096000000.0,0.469,28.69,-4097000000.0,707000000.0,707000000.0,10862000000.0,2031000000.0,0.453,5.007,23621000000.0,1017000000.0,22604000000.0,23621000000.0,198000000.0,3371000000.0,0.0,0.02,3.0,4667000000.0,8038000000.0,0.352,8038000000.0,4667000000.0,3248000000.0,7.21,7.17,7.21,8013000000.0,7605500000.0,8013000000.0,66427993062.0,14.0,8.264,2253000000.0,8.067,1.0,11950000000.0,0.524,29672000000.0,1419000000.0,36880000000.0,37377250000.0,0.0,64000000.0,0.0,64000000.0,40118000000.0,4497000000.0,35621000000.0,42651993062.0,182000000.0,0.0,-33000000.0,-1243000000.0,-857000000.0,-2076000000.0,-4092000000.0,17000000.0,6350000000.0,0.0,2031000000.0,2031000000.0,2031000000.0,0.0,0.0,0.089,7318000000.0,4632000000.0,567000000.0,0.416,5.323,21.0,21.09,15990000000.0,0.0,152.06,1.87,1.862,949000000.0,1162000000.0,22812000000.0,22812000000.0,0.0,0.042,0.267,0.125,0.205,41000000.0,3722000000.0,1.0,280494496.0,279300000,283000000.0,81.676,18463000000.0,0.0,1217000000.0,12291000000.0,66.105,-2458000000.0
2,TWC,MRY,2013-12-31,2013-12-31,2013-12-31,2019-05-07,44000000.0,48273000000.0,48557750000.0,2144000000.0,46129000000.0,0.456,24.141,-3198000000.0,525000000.0,525000000.0,10592000000.0,1954000000.0,0.41,5.952,25052000000.0,1767000000.0,23285000000.0,25052000000.0,188000000.0,3281000000.0,0.0,0.019,2.6,4591000000.0,7872000000.0,0.356,7872000000.0,4591000000.0,3039000000.0,6.76,6.7,6.76,6943000000.0,6812750000.0,6943000000.0,62352079960.0,14.0,7.921,2555000000.0,8.884,1.0,11528000000.0,0.521,29760000000.0,1552000000.0,37814000000.0,37275000000.0,0.0,56000000.0,0.0,56000000.0,41326000000.0,5226000000.0,36100000000.0,38196079960.0,-2779000000.0,-423000000.0,-2371000000.0,-1638000000.0,-758000000.0,-5056000000.0,-3476000000.0,138000000.0,5753000000.0,0.0,1954000000.0,1954000000.0,1954000000.0,0.0,0.0,0.088,6948000000.0,4580000000.0,565000000.0,0.385,5.501,19.548,20.044,15056000000.0,0.0,135.5,1.727,1.762,954000000.0,-55000000.0,22120000000.0,22120000000.0,0.0,0.04,0.287,0.123,0.208,35000000.0,3548000000.0,1.0,281889889.0,287600000,291700000.0,76.912,18513000000.0,334000000.0,1085000000.0,12098000000.0,64.371,-3082000000.0
3,TWC,MRY,2012-12-31,2012-12-31,2012-12-31,2019-05-07,-663000000.0,49809000000.0,49781750000.0,4877000000.0,44932000000.0,0.43,23.648,-3095000000.0,3304000000.0,3304000000.0,10312000000.0,2159000000.0,0.916,5.842,26689000000.0,1518000000.0,25171000000.0,26689000000.0,183000000.0,3264000000.0,0.0,0.023,2.24,4938000000.0,8202000000.0,0.384,8202000000.0,4938000000.0,3332000000.0,6.97,6.9,6.97,7279000000.0,7440750000.0,7279000000.0,52539389596.0,11.0,6.406,2430000000.0,7.895,1.0,11074000000.0,0.518,29541000000.0,1606000000.0,38328000000.0,38504000000.0,0.0,237000000.0,150000000.0,87000000.0,42526000000.0,5325000000.0,37201000000.0,29329389596.0,-1873000000.0,-140000000.0,-1710000000.0,-1598000000.0,-700000000.0,-4053000000.0,-3345000000.0,-103000000.0,5525000000.0,0.0,2155000000.0,2155000000.0,2155000000.0,0.0,4000000.0,0.101,6629000000.0,4445000000.0,647000000.0,0.321,4.029,13.61,13.944,14742000000.0,0.0,97.19,1.371,1.399,883000000.0,363000000.0,21386000000.0,21386000000.0,0.0,0.043,0.29,0.128,0.231,49000000.0,3250000000.0,1.0,301773738.0,307800000,312400000.0,69.48,20268000000.0,317000000.0,1177000000.0,11280000000.0,65.848,-448000000.0
4,TWC,MRY,2011-12-31,2011-12-31,2011-12-31,2019-05-07,-559000000.0,48276000000.0,46858000000.0,6398000000.0,41878000000.0,0.42,22.839,-2937000000.0,5177000000.0,5177000000.0,9138000000.0,1667000000.0,1.191,5.41,26442000000.0,2122000000.0,24320000000.0,26442000000.0,169000000.0,3027000000.0,0.0,0.03,1.92,3978000000.0,7005000000.0,0.356,7005000000.0,3978000000.0,2460000000.0,5.02,4.97,5.02,7530000000.0,7962500000.0,7530000000.0,41185925238.0,10.0,5.88,2751000000.0,8.344,1.0,10537000000.0,0.536,26747000000.0,1518000000.0,37424000000.0,37069000000.0,0.0,774000000.0,0.0,774000000.0,40739000000.0,5370000000.0,35369000000.0,20285925238.0,2130000000.0,-558000000.0,-2543000000.0,3158000000.0,-642000000.0,-28000000.0,-3530000000.0,-19000000.0,5688000000.0,0.0,1665000000.0,1665000000.0,1665000000.0,0.0,2000000.0,0.085,6468000000.0,4069000000.0,545000000.0,0.382,2.694,12.184,12.663,13905000000.0,0.0,63.57,1.031,1.065,767000000.0,68000000.0,19675000000.0,19675000000.0,0.0,0.036,0.209,0.107,0.202,64000000.0,3311000000.0,1.0,319111613.0,329700000,335300000.0,59.675,21529000000.0,267000000.0,795000000.0,10198000000.0,65.299,1028000000.0
5,TWC,MRY,2010-12-31,2010-12-31,2010-12-31,2019-05-07,-291000000.0,45822000000.0,43808000000.0,4340000000.0,41482000000.0,0.431,26.002,-2930000000.0,3047000000.0,3047000000.0,8873000000.0,1313000000.0,1.406,3.974,23121000000.0,0.0,23121000000.0,23121000000.0,163000000.0,3129000000.0,0.0,0.024,1.6,3585000000.0,6714000000.0,0.356,6714000000.0,3585000000.0,2191000000.0,3.67,3.64,3.67,9210000000.0,9175000000.0,9210000000.0,43675056725.0,12.0,6.505,2288000000.0,6.46,1.0,9995000000.0,0.53,26314000000.0,1394000000.0,36496000000.0,34933750000.0,0.0,866000000.0,0.0,866000000.0,36605000000.0,3086000000.0,33519000000.0,23489056725.0,1999000000.0,48000000.0,-350000000.0,578000000.0,-576000000.0,-347000000.0,-2872000000.0,0.0,5218000000.0,0.0,1308000000.0,1308000000.0,1308000000.0,0.0,5000000.0,0.069,6306000000.0,3689000000.0,529000000.0,0.436,2.55,17.958,17.992,13873000000.0,0.0,66.03,1.245,1.24,718000000.0,54000000.0,18868000000.0,18868000000.0,0.0,0.03,0.143,0.103,0.19,90000000.0,3125000000.0,1.0,355733102.0,354200000,359500000.0,53.269,19508000000.0,150000000.0,883000000.0,9637000000.0,55.076,1254000000.0
6,TWC,MRY,2009-12-31,2009-12-31,2009-12-31,2019-05-07,-319000000.0,43694000000.0,42919000000.0,2102000000.0,41592000000.0,0.416,24.885,-3231000000.0,1048000000.0,1048000000.0,8455000000.0,1092000000.0,0.711,4.031,22331000000.0,0.0,22331000000.0,22331000000.0,170000000.0,3085000000.0,0.0,0.744,30.81,3209000000.0,6294000000.0,0.352,6294000000.0,3209000000.0,1890000000.0,3.07,3.05,3.07,8685000000.0,8099500000.0,8685000000.0,36249239162.0,11.0,5.759,1948000000.0,5.582,1.0,9413000000.0,0.527,26477000000.0,1319000000.0,35542000000.0,35529250000.0,0.0,975000000.0,0.0,975000000.0,35005000000.0,2958000000.0,32047000000.0,14587239162.0,-4401000000.0,-88000000.0,4000000.0,4587000000.0,-10856000000.0,-6273000000.0,-3307000000.0,0.0,5179000000.0,0.0,1070000000.0,1070000000.0,1070000000.0,0.0,22000000.0,0.06,6096000000.0,3317000000.0,478000000.0,10.036,1.68,13.633,13.482,13919000000.0,0.0,41.39,0.816,0.808,663000000.0,-813000000.0,17868000000.0,17868000000.0,0.0,0.025,0.132,0.09,0.18,97000000.0,2930000000.0,1.0,352433901.0,349000000,350900000.0,51.198,17217000000.0,139000000.0,820000000.0,8957000000.0,49.332,-856000000.0
7,TWC,MRY,2008-12-31,2008-12-31,2008-12-31,2019-05-07,-467000000.0,47889000000.0,56319750000.0,6659000000.0,41230000000.0,0.305,52.699,-3522000000.0,5449000000.0,5449000000.0,8145000000.0,-7963000000.0,2.318,1.725,17727000000.0,0.0,17727000000.0,17727000000.0,156000000.0,3088000000.0,0.0,0.0,0.0,-11530000000.0,-8442000000.0,-0.491,-8442000000.0,-11530000000.0,-12453000000.0,-22.55,-22.55,-22.55,17164000000.0,23255000000.0,17164000000.0,33614196011.0,-3.0,-3.982,1778000000.0,5.459,1.0,9055000000.0,0.526,26688000000.0,923000000.0,30606000000.0,28461500000.0,0.0,895000000.0,0.0,895000000.0,29615000000.0,2873000000.0,26742000000.0,20956196011.0,5217000000.0,-685000000.0,0.0,4062000000.0,0.0,4057000000.0,-4140000000.0,0.0,5300000000.0,0.0,-7344000000.0,-7344000000.0,-7344000000.0,0.0,-619000000.0,-0.427,20837000000.0,-11782000000.0,755000000.0,0.0,1.221,-2.854,-2.854,13537000000.0,0.0,64.35,1.218,1.219,853000000.0,-1886000000.0,17200000000.0,17200000000.0,0.0,-0.13,-0.316,-0.405,-0.67,78000000.0,2854000000.0,1.0,325659612.0,325700000,325700000.0,52.809,21201000000.0,156000000.0,-5109000000.0,8193000000.0,65.094,3786000000.0
8,TWC,MRY,2007-12-31,2007-12-31,2007-12-31,2019-05-07,-174000000.0,56600000000.0,56174000000.0,1163000000.0,55437000000.0,0.284,75.878,-3433000000.0,232000000.0,232000000.0,7542000000.0,1222000000.0,0.459,1.291,13577000000.0,0.0,13577000000.0,13577000000.0,164000000.0,2976000000.0,0.0,0.0,0.0,2823000000.0,5799000000.0,0.363,5799000000.0,2823000000.0,1929000000.0,3.45,3.45,3.45,24706000000.0,24243750000.0,24706000000.0,40629890266.0,14.0,7.006,1130000000.0,3.471,1.0,8413000000.0,0.527,41761000000.0,894000000.0,25648000000.0,25664250000.0,0.0,735000000.0,0.0,735000000.0,31894000000.0,2536000000.0,29358000000.0,26962890266.0,181000000.0,-60000000.0,0.0,-866000000.0,0.0,-950000000.0,-3432000000.0,0.0,4563000000.0,0.0,1123000000.0,1123000000.0,1123000000.0,0.0,99000000.0,0.07,5647000000.0,2766000000.0,657000000.0,0.0,1.091,24.01,24.0,12873000000.0,0.0,82.8,1.69,1.69,745000000.0,5459000000.0,15955000000.0,15955000000.0,0.0,0.02,0.046,0.11,0.177,59000000.0,2648000000.0,1.0,325638771.0,325600000,325700000.0,49.002,14839000000.0,91000000.0,806000000.0,13291000000.0,45.574,-1373000000.0
9,TWC,MRY,2006-12-31,2006-12-31,2006-12-31,2019-05-07,-130000000.0,55821000000.0,49749000000.0,988000000.0,54833000000.0,0.237,71.377,-2774000000.0,51000000.0,51000000.0,5356000000.0,1976000000.0,0.397,1.369,14428000000.0,0.0,14428000000.0,14428000000.0,156000000.0,2050000000.0,0.0,,0.0,3242000000.0,5292000000.0,0.45,5292000000.0,3242000000.0,2596000000.0,6.0,6.0,6.0,23564000000.0,21955500000.0,23564000000.0,,,,821000000.0,2.487,1.0,6411000000.0,0.545,40986000000.0,646000000.0,26722000000.0,21839000000.0,0.0,2072000000.0,0.0,2072000000.0,32257000000.0,2490000000.0,29767000000.0,,39000000.0,-9862000000.0,0.0,9959000000.0,0.0,8443000000.0,-11999000000.0,0.0,3595000000.0,0.0,1976000000.0,1976000000.0,1976000000.0,-1038000000.0,0.0,0.168,4232000000.0,2179000000.0,818000000.0,0.0,,,,11601000000.0,0.0,,,,730000000.0,4370000000.0,11767000000.0,11767000000.0,0.0,0.04,0.09,0.148,0.276,33000000.0,2126000000.0,1.0,325637810.0,330133000,330133000.0,35.643,14835000000.0,78000000.0,620000000.0,12980000000.0,44.936,-1502000000.0
10,TWC,MRY,2005-12-31,2005-12-31,2005-12-31,2019-05-07,-7000000.0,43677000000.0,,487000000.0,43190000000.0,,61.041,-1971000000.0,12000000.0,12000000.0,3918000000.0,1253000000.0,0.287,1.147,4463000000.0,0.0,4463000000.0,4463000000.0,84000000.0,1537000000.0,0.0,,0.0,1870000000.0,3407000000.0,0.387,3407000000.0,1870000000.0,1406000000.0,3.75,3.75,3.75,20347000000.0,,20347000000.0,,,,569000000.0,1.707,1.0,4894000000.0,0.555,29476000000.0,464000000.0,16956000000.0,,0.0,1967000000.0,0.0,1967000000.0,23330000000.0,1696000000.0,21634000000.0,,-90000000.0,-113000000.0,0.0,-468000000.0,0.0,-498000000.0,-2132000000.0,0.0,2540000000.0,0.0,1253000000.0,1253000000.0,1253000000.0,-104000000.0,0.0,0.142,3108000000.0,1786000000.0,430000000.0,0.0,,,,8134000000.0,0.0,,,,398000000.0,2394000000.0,8812000000.0,8812000000.0,0.0,,,,0.212,53000000.0,1529000000.0,1.0,,333333000,333333000.0,26.436,14201000000.0,0.0,153000000.0,11631000000.0,42.603,-1209000000.0
11,TWC,MRY,2004-12-31,2004-12-31,2004-12-31,2019-05-07,,,,,,,,-1709000000.0,,,3456000000.0,726000000.0,,,,,,,,1401000000.0,,,0.0,1645000000.0,3046000000.0,0.387,3046000000.0,1645000000.0,1180000000.0,2.19,2.19,2.19,,,,,,,952000000.0,2.856,1.0,4405000000.0,0.56,,465000000.0,,,,,,,,,,,-227000000.0,-107000000.0,0.0,-1059000000.0,0.0,-1072000000.0,-1816000000.0,0.0,2661000000.0,0.0,726000000.0,726000000.0,726000000.0,-95000000.0,0.0,0.092,2851000000.0,1554000000.0,,0.0,,,,,0.0,,,,,,7861000000.0,7861000000.0,0.0,,,,0.209,70000000.0,1450000000.0,,,333333000,333333000.0,23.583,,,454000000.0,,,
0,TWC,MRQ,2016-03-31,2016-03-31,2016-03-31,2019-05-07,-433000000.0,49751000000.0,,2619000000.0,47132000000.0,,32.97,-1318000000.0,1297000000.0,1297000000.0,2993000000.0,494000000.0,0.68,4.317,22492000000.0,5000000.0,22487000000.0,22492000000.0,242000000.0,974000000.0,0.0,0.015,0.75,1156000000.0,2130000000.0,0.344,2130000000.0,1156000000.0,806000000.0,1.73,1.72,1.73,9357000000.0,,9357000000.0,79294783519.0,18.0,9.629,290000000.0,1.022,1.0,3198000000.0,0.517,29567000000.0,350000000.0,37526000000.0,,0.0,68000000.0,0.0,68000000.0,40390000000.0,3853000000.0,36537000000.0,57962783519.0,127000000.0,0.0,58000000.0,0.0,-217000000.0,-156000000.0,-1325000000.0,0.0,1608000000.0,0.0,494000000.0,494000000.0,494000000.0,0.0,0.0,0.08,2053000000.0,1145000000.0,624000000.0,0.434,6.195,30.831,31.097,17276000000.0,0.0,204.62,2.404,2.408,846000000.0,2202000000.0,6191000000.0,6191000000.0,0.0,,,,,-27000000.0,1039000000.0,1.0,283270372.0,283800000,286900000.0,21.815,20184000000.0,0.0,312000000.0,12991000000.0,71.121,-1234000000.0
1,TWC,MRQ,2015-12-31,2015-12-31,2015-12-31,2019-05-07,-414000000.0,49277000000.0,,2459000000.0,46818000000.0,,31.762,-946000000.0,1170000000.0,1170000000.0,2897000000.0,486000000.0,0.623,4.478,22502000000.0,5000000.0,22497000000.0,22502000000.0,224000000.0,956000000.0,0.0,0.02,0.75,1128000000.0,2084000000.0,0.343,2084000000.0,1128000000.0,776000000.0,1.7,1.7,1.7,8995000000.0,,8995000000.0,74768633490.0,17.0,9.248,887000000.0,3.132,1.0,3175000000.0,0.523,29590000000.0,352000000.0,37070000000.0,,0.0,65000000.0,0.0,65000000.0,40278000000.0,3949000000.0,36329000000.0,52558633490.0,685000000.0,0.0,8000000.0,0.0,-217000000.0,-209000000.0,-939000000.0,-1000000.0,1833000000.0,0.0,486000000.0,486000000.0,486000000.0,0.0,0.0,0.08,2050000000.0,1125000000.0,656000000.0,0.441,5.843,28.503,28.729,16945000000.0,0.0,185.59,2.218,2.213,916000000.0,1925000000.0,6072000000.0,6072000000.0,0.0,,,,,35000000.0,1043000000.0,1.0,283197551.0,283200000,286500000.0,21.441,19687000000.0,0.0,290000000.0,12830000000.0,69.516,-1490000000.0
2,TWC,MRQ,2015-09-30,2015-09-30,2015-09-30,2019-05-07,-345000000.0,48721000000.0,,1889000000.0,46832000000.0,,30.901,-1103000000.0,485000000.0,485000000.0,2897000000.0,437000000.0,0.502,4.571,22695000000.0,6000000.0,22689000000.0,22695000000.0,214000000.0,935000000.0,0.0,0.021,0.75,1011000000.0,1946000000.0,0.329,1946000000.0,1011000000.0,660000000.0,1.53,1.53,1.53,8745000000.0,,8745000000.0,73329095348.0,16.0,9.042,397000000.0,1.403,1.0,3025000000.0,0.511,29615000000.0,351000000.0,37553000000.0,,0.0,68000000.0,0.0,68000000.0,39972000000.0,3763000000.0,36209000000.0,50757095348.0,5000000.0,0.0,15000000.0,-313000000.0,-216000000.0,-510000000.0,-985000000.0,0.0,1500000000.0,0.0,437000000.0,437000000.0,437000000.0,0.0,0.0,0.074,2024000000.0,1001000000.0,482000000.0,0.49,5.804,26.547,26.732,16746000000.0,0.0,179.37,2.168,2.168,935000000.0,1656000000.0,5922000000.0,5922000000.0,0.0,,,,,29000000.0,1045000000.0,1.0,282974273.0,283000000,286300000.0,20.926,19106000000.0,219000000.0,223000000.0,12688000000.0,67.512,-1874000000.0
3,TWC,MRQ,2015-06-30,2015-06-30,2015-06-30,2019-05-07,-300000000.0,48886000000.0,,2074000000.0,46812000000.0,,30.096,-1263000000.0,480000000.0,480000000.0,2894000000.0,463000000.0,0.499,4.745,23052000000.0,320000000.0,22732000000.0,23052000000.0,215000000.0,919000000.0,0.0,0.021,0.75,1156000000.0,2075000000.0,0.35,2075000000.0,1156000000.0,806000000.0,1.62,1.62,1.62,8508000000.0,,8508000000.0,73075255044.0,16.0,8.937,435000000.0,1.539,1.0,3032000000.0,0.512,29638000000.0,350000000.0,37665000000.0,,0.0,69000000.0,0.0,69000000.0,40374000000.0,4155000000.0,36219000000.0,50336255044.0,-67000000.0,0.0,35000000.0,-325000000.0,-216000000.0,-498000000.0,-1267000000.0,0.0,1698000000.0,0.0,463000000.0,463000000.0,463000000.0,0.0,0.0,0.078,2003000000.0,1029000000.0,496000000.0,0.463,5.916,25.5,25.636,16604000000.0,0.0,178.17,2.169,2.17,1029000000.0,1436000000.0,5926000000.0,5926000000.0,0.0,,,,,19000000.0,1002000000.0,1.0,282518129.0,282700000,285800000.0,20.962,19248000000.0,235000000.0,343000000.0,12715000000.0,68.086,-2081000000.0
4,TWC,MRQ,2015-03-31,2015-03-31,2015-03-31,2019-05-07,-336000000.0,48330000000.0,,2006000000.0,46324000000.0,,28.917,-1134000000.0,547000000.0,547000000.0,2823000000.0,458000000.0,0.482,4.937,23286000000.0,647000000.0,22639000000.0,23286000000.0,207000000.0,886000000.0,0.0,0.025,1.5,1094000000.0,1980000000.0,0.343,1980000000.0,1094000000.0,746000000.0,1.6,1.59,1.6,8140000000.0,,8140000000.0,65112342510.0,14.0,8.036,374000000.0,1.329,1.0,2954000000.0,0.511,29660000000.0,348000000.0,37250000000.0,,0.0,67000000.0,0.0,67000000.0,40186000000.0,4159000000.0,36027000000.0,42101342510.0,-160000000.0,0.0,71000000.0,-369000000.0,-216000000.0,-514000000.0,-1154000000.0,0.0,1508000000.0,0.0,458000000.0,458000000.0,458000000.0,0.0,0.0,0.079,1870000000.0,1084000000.0,446000000.0,0.938,5.172,20.946,21.11,16207000000.0,0.0,149.88,1.83,1.834,811000000.0,1189000000.0,5777000000.0,5777000000.0,0.0,,,,,-14000000.0,958000000.0,1.0,280900337.0,281500000,284900000.0,20.522,18670000000.0,232000000.0,288000000.0,12616000000.0,66.323,-2153000000.0
5,TWC,MRQ,2014-12-31,2014-12-31,2014-12-31,2019-05-07,-324000000.0,48135000000.0,,2039000000.0,46096000000.0,,28.536,-918000000.0,707000000.0,707000000.0,2726000000.0,554000000.0,0.453,5.007,23621000000.0,1017000000.0,22604000000.0,23621000000.0,198000000.0,876000000.0,0.0,0.02,0.75,1233000000.0,2109000000.0,0.364,2109000000.0,1233000000.0,880000000.0,1.96,1.95,1.96,8013000000.0,,8013000000.0,66427993062.0,14.0,8.264,892000000.0,3.177,1.0,3064000000.0,0.529,29672000000.0,353000000.0,36880000000.0,,0.0,64000000.0,0.0,64000000.0,40118000000.0,4497000000.0,35621000000.0,42651993062.0,181000000.0,0.0,27000000.0,-520000000.0,-215000000.0,-709000000.0,-920000000.0,17000000.0,1810000000.0,0.0,554000000.0,554000000.0,554000000.0,0.0,0.0,0.096,1838000000.0,1226000000.0,567000000.0,0.383,5.323,21.0,21.09,15990000000.0,0.0,152.06,1.87,1.862,949000000.0,1162000000.0,5790000000.0,5790000000.0,0.0,,,,,34000000.0,924000000.0,1.0,280494496.0,280800000,284500000.0,20.62,18463000000.0,0.0,326000000.0,12291000000.0,65.751,-2458000000.0
6,TWC,MRQ,2014-09-30,2014-09-30,2014-09-30,2019-05-07,-15000000.0,48636000000.0,,2074000000.0,46562000000.0,,28.252,-1105000000.0,526000000.0,526000000.0,2703000000.0,499000000.0,0.413,5.152,24302000000.0,1540000000.0,22762000000.0,24302000000.0,193000000.0,857000000.0,0.0,0.02,0.75,1156000000.0,2013000000.0,0.352,2013000000.0,1156000000.0,803000000.0,1.77,1.76,1.77,7905000000.0,,7905000000.0,64280846190.0,14.0,8.118,343000000.0,1.226,1.0,3011000000.0,0.527,29699000000.0,353000000.0,37694000000.0,,0.0,69000000.0,0.0,69000000.0,40727000000.0,5019000000.0,35708000000.0,40103846190.0,123000000.0,0.0,81000000.0,-120000000.0,-214000000.0,-220000000.0,-1105000000.0,0.0,1448000000.0,0.0,499000000.0,499000000.0,499000000.0,0.0,0.0,0.087,1860000000.0,1151000000.0,462000000.0,0.424,5.073,19.883,20.041,15794000000.0,0.0,143.49,1.775,1.777,950000000.0,824000000.0,5714000000.0,5714000000.0,0.0,,,,,13000000.0,957000000.0,1.0,279488788.0,279800000,283500000.0,20.422,18937000000.0,319000000.0,304000000.0,12230000000.0,67.68,-2945000000.0
7,TWC,MRQ,2014-06-30,2014-06-30,2014-06-30,2019-05-07,-72000000.0,48456000000.0,,1988000000.0,46468000000.0,,26.578,-1240000000.0,403000000.0,403000000.0,2757000000.0,499000000.0,0.377,5.539,24580000000.0,1663000000.0,22917000000.0,24580000000.0,195000000.0,830000000.0,0.0,0.019,0.75,1171000000.0,2001000000.0,0.349,2001000000.0,1171000000.0,822000000.0,1.77,1.76,1.77,7410000000.0,,7410000000.0,65336481020.0,14.0,8.284,455000000.0,1.632,1.0,2969000000.0,0.519,29725000000.0,349000000.0,37634000000.0,,0.0,68000000.0,0.0,68000000.0,41042000000.0,5274000000.0,35768000000.0,41039481020.0,-1154000000.0,0.0,39000000.0,-1397000000.0,-214000000.0,-1601000000.0,-1248000000.0,0.0,1695000000.0,0.0,499000000.0,499000000.0,499000000.0,0.0,0.0,0.087,1806000000.0,1163000000.0,565000000.0,0.424,5.538,20.019,20.317,15604000000.0,0.0,147.3,1.832,1.833,906000000.0,539000000.0,5726000000.0,5726000000.0,0.0,,,,,22000000.0,915000000.0,1.0,278611548.0,278800000,282400000.0,20.538,18731000000.0,348000000.0,323000000.0,12162000000.0,67.184,-3286000000.0
8,TWC,MRQ,2014-03-31,2014-03-31,2014-03-31,2019-05-07,-2000000.0,49153000000.0,,3114000000.0,46039000000.0,,25.536,-834000000.0,1557000000.0,1557000000.0,2676000000.0,479000000.0,0.487,5.928,25854000000.0,3062000000.0,22792000000.0,25854000000.0,193000000.0,808000000.0,0.0,0.02,0.75,1107000000.0,1915000000.0,0.343,1915000000.0,1107000000.0,743000000.0,1.71,1.7,1.71,7094000000.0,,7094000000.0,62587754656.0,13.0,7.915,563000000.0,2.027,1.0,2906000000.0,0.521,29750000000.0,364000000.0,37301000000.0,,0.0,64000000.0,0.0,64000000.0,42055000000.0,6399000000.0,35656000000.0,38060754656.0,1032000000.0,0.0,-180000000.0,794000000.0,-214000000.0,454000000.0,-819000000.0,0.0,1397000000.0,0.0,479000000.0,479000000.0,479000000.0,0.0,0.0,0.086,1814000000.0,1092000000.0,445000000.0,0.439,5.365,18.731,19.24,15077000000.0,0.0,137.18,1.712,1.715,836000000.0,255000000.0,5582000000.0,5582000000.0,0.0,,,,,-28000000.0,926000000.0,1.0,277451193.0,277800000,281800000.0,20.094,19403000000.0,326000000.0,264000000.0,12101000000.0,69.845,-3285000000.0
9,TWC,MRQ,2013-12-31,2013-12-31,2013-12-31,2019-05-07,44000000.0,48273000000.0,,2144000000.0,46129000000.0,,24.735,-827000000.0,525000000.0,525000000.0,2629000000.0,540000000.0,0.41,5.952,25052000000.0,1767000000.0,23285000000.0,25052000000.0,188000000.0,815000000.0,0.0,0.019,0.65,1174000000.0,1989000000.0,0.357,1989000000.0,1174000000.0,797000000.0,1.91,1.89,1.91,6943000000.0,,6943000000.0,62352079960.0,14.0,7.921,772000000.0,2.75,1.0,2948000000.0,0.529,29760000000.0,377000000.0,37814000000.0,,0.0,56000000.0,0.0,56000000.0,41326000000.0,5226000000.0,36100000000.0,38196079960.0,-351000000.0,-430000000.0,-639000000.0,-138000000.0,-185000000.0,-959000000.0,-991000000.0,248000000.0,1599000000.0,0.0,540000000.0,540000000.0,540000000.0,0.0,0.0,0.097,1775000000.0,1173000000.0,565000000.0,0.34,5.501,19.548,20.044,15056000000.0,0.0,135.5,1.727,1.762,954000000.0,-55000000.0,5577000000.0,5577000000.0,0.0,,,,,16000000.0,922000000.0,1.0,281889889.0,280700000,285400000.0,19.868,18513000000.0,334000000.0,257000000.0,12098000000.0,65.953,-3082000000.0
10,TWC,MRQ,2013-09-30,2013-09-30,2013-09-30,2019-05-07,-516000000.0,47431000000.0,,2656000000.0,44775000000.0,,23.375,-774000000.0,876000000.0,876000000.0,2591000000.0,532000000.0,0.535,6.119,25032000000.0,1771000000.0,23261000000.0,25032000000.0,192000000.0,822000000.0,0.0,0.022,0.65,1160000000.0,1982000000.0,0.359,1982000000.0,1160000000.0,781000000.0,1.86,1.84,1.86,6662000000.0,,6662000000.0,55662312380.0,12.0,7.079,435000000.0,1.526,1.0,2927000000.0,0.53,29471000000.0,379000000.0,37152000000.0,,0.0,333000000.0,250000000.0,83000000.0,40765000000.0,4964000000.0,35801000000.0,31893312380.0,-1747000000.0,0.0,-516000000.0,-1500000000.0,-187000000.0,-2498000000.0,-458000000.0,320000000.0,1209000000.0,0.0,532000000.0,532000000.0,532000000.0,0.0,0.0,0.096,1767000000.0,1160000000.0,468000000.0,0.349,4.787,16.551,17.012,14627000000.0,0.0,111.6,1.448,1.444,892000000.0,119000000.0,5518000000.0,5518000000.0,0.0,,,,,11000000.0,922000000.0,1.0,285782369.0,285000000,289000000.0,19.361,17960000000.0,309000000.0,249000000.0,11714000000.0,63.018,-2308000000.0
11,TWC,MRQ,2013-06-30,2013-06-30,2013-06-30,2019-05-07,-603000000.0,49228000000.0,,4610000000.0,44618000000.0,,23.163,-827000000.0,2623000000.0,2623000000.0,2654000000.0,481000000.0,0.658,6.338,26392000000.0,3281000000.0,23111000000.0,26392000000.0,196000000.0,823000000.0,0.0,0.022,0.65,1198000000.0,2021000000.0,0.364,2021000000.0,1198000000.0,800000000.0,1.65,1.64,1.65,6708000000.0,,6708000000.0,56455555246.0,11.0,6.81,724000000.0,2.5,1.0,2896000000.0,0.522,29494000000.0,398000000.0,36497000000.0,,0.0,659000000.0,575000000.0,84000000.0,42516000000.0,7006000000.0,35510000000.0,32727555246.0,-170000000.0,0.0,-610000000.0,0.0,-191000000.0,-787000000.0,-934000000.0,-105000000.0,1551000000.0,0.0,481000000.0,481000000.0,481000000.0,0.0,0.0,0.087,1709000000.0,1187000000.0,521000000.0,0.394,4.879,14.856,15.324,14690000000.0,0.0,112.48,1.496,1.489,858000000.0,42000000.0,5550000000.0,5550000000.0,0.0,,,,,15000000.0,859000000.0,1.0,290963329.0,289600000,293300000.0,19.164,19734000000.0,317000000.0,319000000.0,11538000000.0,68.142,-2396000000.0
12,TWC,MRQ,2013-03-31,2013-03-31,2013-03-31,2019-05-07,-640000000.0,49299000000.0,,4604000000.0,44695000000.0,,23.511,-770000000.0,2793000000.0,2793000000.0,2718000000.0,401000000.0,0.784,6.105,26521000000.0,2273000000.0,24248000000.0,26521000000.0,187000000.0,821000000.0,0.0,0.024,0.65,1059000000.0,1880000000.0,0.343,1880000000.0,1059000000.0,661000000.0,1.35,1.34,1.35,6938000000.0,,6938000000.0,51772056877.0,10.0,6.269,624000000.0,2.115,1.0,2757000000.0,0.504,29516000000.0,398000000.0,37637000000.0,,0.0,552000000.0,475000000.0,77000000.0,42357000000.0,5874000000.0,36483000000.0,28387056877.0,-511000000.0,7000000.0,-606000000.0,0.0,-195000000.0,-812000000.0,-1093000000.0,-325000000.0,1394000000.0,0.0,401000000.0,401000000.0,401000000.0,0.0,0.0,0.073,1697000000.0,1060000000.0,511000000.0,0.481,4.092,13.058,13.473,14653000000.0,0.0,96.06,1.307,1.305,762000000.0,90000000.0,5475000000.0,5475000000.0,0.0,,,,,-7000000.0,845000000.0,1.0,295513813.0,295100000,299400000.0,18.553,19783000000.0,322000000.0,260000000.0,11407000000.0,67.038,-1270000000.0
13,TWC,MRQ,2012-12-31,2012-12-31,2012-12-31,2019-05-07,-663000000.0,49809000000.0,,4877000000.0,44932000000.0,,24.215,-904000000.0,3304000000.0,3304000000.0,2935000000.0,514000000.0,0.916,5.842,26689000000.0,1518000000.0,25171000000.0,26689000000.0,183000000.0,808000000.0,0.0,0.023,0.56,1172000000.0,1980000000.0,0.361,1980000000.0,1172000000.0,770000000.0,1.7,1.68,1.7,7279000000.0,,7279000000.0,52539389596.0,11.0,6.406,506000000.0,1.683,1.0,2550000000.0,0.465,29541000000.0,402000000.0,38328000000.0,,0.0,237000000.0,150000000.0,87000000.0,42526000000.0,5325000000.0,37201000000.0,29329389596.0,-549000000.0,88000000.0,-547000000.0,-351000000.0,-171000000.0,-1096000000.0,-863000000.0,-46000000.0,1410000000.0,0.0,513000000.0,513000000.0,513000000.0,0.0,1000000.0,0.094,1381000000.0,1169000000.0,647000000.0,0.329,4.029,13.61,13.944,14742000000.0,0.0,97.19,1.371,1.399,883000000.0,363000000.0,5485000000.0,5485000000.0,0.0,,,,,18000000.0,556000000.0,1.0,301773738.0,300600000,305200000.0,18.247,20268000000.0,317000000.0,257000000.0,11280000000.0,67.425,-448000000.0
14,TWC,MRQ,2012-09-30,2012-09-30,2012-09-30,2019-05-07,-541000000.0,50085000000.0,,5362000000.0,44723000000.0,,24.89,-773000000.0,3853000000.0,3853000000.0,2499000000.0,809000000.0,0.969,5.581,27063000000.0,1876000000.0,25187000000.0,27063000000.0,191000000.0,820000000.0,0.0,0.023,0.56,1589000000.0,2409000000.0,0.449,2409000000.0,1589000000.0,1187000000.0,2.64,2.6,2.64,7609000000.0,,7609000000.0,53133098917.0,11.0,6.632,422000000.0,1.38,1.0,2864000000.0,0.534,29570000000.0,402000000.0,38191000000.0,,0.0,88000000.0,0.0,88000000.0,42468000000.0,5534000000.0,36934000000.0,29123098917.0,627000000.0,1108000000.0,-469000000.0,-269000000.0,-173000000.0,-901000000.0,333000000.0,0.0,1195000000.0,0.0,808000000.0,808000000.0,808000000.0,0.0,1000000.0,0.151,1770000000.0,1094000000.0,458000000.0,0.212,3.827,13.202,13.522,14510000000.0,0.0,95.06,1.394,1.391,899000000.0,440000000.0,5363000000.0,5363000000.0,0.0,,,,,13000000.0,918000000.0,1.0,306365442.0,305700000,310200000.0,17.543,20515000000.0,372000000.0,379000000.0,11262000000.0,67.108,-172000000.0
15,TWC,MRQ,2012-06-30,2012-06-30,2012-06-30,2019-05-07,-594000000.0,49937000000.0,,4586000000.0,45351000000.0,,23.648,-712000000.0,3226000000.0,3226000000.0,2474000000.0,453000000.0,0.89,5.787,27236000000.0,1855000000.0,25381000000.0,27236000000.0,187000000.0,850000000.0,0.0,0.025,0.56,1139000000.0,1989000000.0,0.368,1989000000.0,1139000000.0,742000000.0,1.44,1.43,1.44,7357000000.0,,7357000000.0,49865787449.0,12.0,6.792,825000000.0,2.652,1.0,2930000000.0,0.542,29570000000.0,397000000.0,39224000000.0,,0.0,771000000.0,0.0,771000000.0,42572000000.0,5153000000.0,37419000000.0,25655787449.0,597000000.0,0.0,-417000000.0,372000000.0,-177000000.0,-218000000.0,-722000000.0,-7000000.0,1537000000.0,0.0,452000000.0,452000000.0,452000000.0,0.0,1000000.0,0.084,1790000000.0,1140000000.0,399000000.0,0.389,3.487,14.627,14.982,14526000000.0,0.0,82.1,1.255,1.249,791000000.0,79000000.0,5404000000.0,5404000000.0,0.0,,,,,17000000.0,919000000.0,1.0,312494366.0,311100000,315300000.0,17.371,20367000000.0,379000000.0,290000000.0,11084000000.0,65.468,-567000000.0
16,TWC,MRQ,2012-03-31,2012-03-31,2012-03-31,2019-05-07,-551000000.0,49296000000.0,,3888000000.0,45408000000.0,,23.95,-706000000.0,2629000000.0,2629000000.0,2404000000.0,383000000.0,0.696,5.556,26839000000.0,2495000000.0,24344000000.0,26839000000.0,202000000.0,786000000.0,0.0,0.025,0.56,1038000000.0,1824000000.0,0.355,1824000000.0,1038000000.0,633000000.0,1.21,1.2,1.21,7518000000.0,,7518000000.0,46863042986.0,12.0,6.568,677000000.0,2.157,1.0,2730000000.0,0.532,29649000000.0,405000000.0,38273000000.0,,0.0,770000000.0,0.0,770000000.0,41770000000.0,5584000000.0,36186000000.0,25598042986.0,-2548000000.0,-1336000000.0,-277000000.0,-1350000000.0,-179000000.0,-1838000000.0,-2093000000.0,-50000000.0,1383000000.0,0.0,382000000.0,382000000.0,382000000.0,0.0,1000000.0,0.074,1688000000.0,1042000000.0,352000000.0,0.463,3.405,14.865,15.406,14542000000.0,0.0,81.5,1.281,1.28,647000000.0,100000000.0,5134000000.0,5134000000.0,0.0,,,,,1000000.0,857000000.0,1.0,314086417.0,313900000,319000000.0,16.356,19647000000.0,398000000.0,251000000.0,11022000000.0,62.59,-1696000000.0
17,TWC,MRQ,2011-12-31,2011-12-31,2011-12-31,2019-05-07,-559000000.0,48276000000.0,,6398000000.0,41878000000.0,,23.702,-942000000.0,5177000000.0,5177000000.0,2283000000.0,564000000.0,1.191,5.41,26442000000.0,2122000000.0,24320000000.0,26442000000.0,169000000.0,766000000.0,0.0,0.03,0.48,1024000000.0,1790000000.0,0.359,1790000000.0,1024000000.0,618000000.0,1.74,1.73,1.74,7530000000.0,,7530000000.0,41185925238.0,10.0,5.88,402000000.0,1.265,1.0,2710000000.0,0.543,26747000000.0,406000000.0,37424000000.0,,0.0,774000000.0,0.0,774000000.0,40739000000.0,5370000000.0,35369000000.0,20285925238.0,-396000000.0,-225000000.0,-361000000.0,-1000000.0,-154000000.0,-517000000.0,-1223000000.0,-19000000.0,1344000000.0,0.0,564000000.0,564000000.0,564000000.0,0.0,0.0,0.113,1681000000.0,1029000000.0,545000000.0,0.276,2.694,12.184,12.663,13905000000.0,0.0,63.57,1.031,1.065,767000000.0,68000000.0,4993000000.0,4993000000.0,0.0,,,,,22000000.0,821000000.0,1.0,319111613.0,317700000,323000000.0,15.716,21529000000.0,267000000.0,54000000.0,10198000000.0,67.765,1028000000.0
18,TWC,MRQ,2011-09-30,2011-09-30,2011-09-30,2019-05-07,-370000000.0,48113000000.0,,6687000000.0,41426000000.0,,23.616,-632000000.0,5573000000.0,5573000000.0,2286000000.0,356000000.0,1.44,5.291,26473000000.0,1774000000.0,24699000000.0,26473000000.0,168000000.0,759000000.0,0.0,0.029,0.48,980000000.0,1739000000.0,0.354,1739000000.0,980000000.0,597000000.0,1.09,1.08,1.09,7647000000.0,,7647000000.0,41052228888.0,11.0,5.947,632000000.0,1.952,1.0,2625000000.0,0.535,26534000000.0,383000000.0,37834000000.0,,0.0,781000000.0,0.0,781000000.0,40459000000.0,4645000000.0,35814000000.0,20379228888.0,2063000000.0,-30000000.0,-589000000.0,2202000000.0,-158000000.0,1458000000.0,-659000000.0,0.0,1264000000.0,0.0,356000000.0,356000000.0,356000000.0,0.0,0.0,0.072,1623000000.0,1002000000.0,331000000.0,0.44,2.665,13.65,14.276,13506000000.0,0.0,62.67,1.046,1.042,708000000.0,-279000000.0,4911000000.0,4911000000.0,0.0,,,,,18000000.0,843000000.0,1.0,325183164.0,323800000,329100000.0,15.167,21579000000.0,201000000.0,241000000.0,10186000000.0,66.643,2042000000.0
19,TWC,MRQ,2011-06-30,2011-06-30,2011-06-30,2019-05-07,-317000000.0,45904000000.0,,4531000000.0,41373000000.0,,24.075,-700000000.0,3510000000.0,3510000000.0,2297000000.0,421000000.0,1.443,4.708,24183000000.0,261000000.0,23922000000.0,24183000000.0,177000000.0,752000000.0,0.0,0.023,0.48,1030000000.0,1782000000.0,0.36,1782000000.0,1030000000.0,664000000.0,1.25,1.24,1.25,8041000000.0,,8041000000.0,46296787263.0,12.0,6.772,810000000.0,2.425,1.0,2647000000.0,0.535,26521000000.0,366000000.0,36915000000.0,,0.0,809000000.0,0.0,809000000.0,37855000000.0,3141000000.0,34714000000.0,26252787263.0,477000000.0,-295000000.0,-828000000.0,957000000.0,-163000000.0,-40000000.0,-993000000.0,0.0,1510000000.0,0.0,420000000.0,420000000.0,420000000.0,0.0,1000000.0,0.085,1584000000.0,1063000000.0,300000000.0,0.384,3.265,17.537,18.149,13583000000.0,0.0,78.04,1.36,1.35,704000000.0,-273000000.0,4944000000.0,4944000000.0,0.0,,,,,12000000.0,823000000.0,1.0,336401682.0,334000000,339600000.0,14.802,19383000000.0,147000000.0,244000000.0,9981000000.0,58.033,1390000000.0
20,TWC,MRQ,2011-03-31,2011-03-31,2011-03-31,2019-05-07,-287000000.0,45139000000.0,,4042000000.0,41097000000.0,,25.13,-663000000.0,3033000000.0,3033000000.0,2272000000.0,326000000.0,1.462,4.228,23077000000.0,0.0,23077000000.0,23077000000.0,182000000.0,750000000.0,0.0,0.024,0.48,944000000.0,1694000000.0,0.351,1694000000.0,944000000.0,581000000.0,0.94,0.93,0.94,8632000000.0,,8632000000.0,44571096815.0,12.0,6.588,907000000.0,2.64,1.0,2555000000.0,0.529,26315000000.0,363000000.0,36103000000.0,,0.0,836000000.0,0.0,836000000.0,36500000000.0,2765000000.0,33735000000.0,24497096815.0,-14000000.0,-8000000.0,-765000000.0,0.0,-167000000.0,-929000000.0,-655000000.0,0.0,1570000000.0,0.0,325000000.0,325000000.0,325000000.0,0.0,1000000.0,0.067,1580000000.0,975000000.0,290000000.0,0.511,2.838,17.264,17.791,13562000000.0,0.0,71.34,1.283,1.283,632000000.0,-135000000.0,4827000000.0,4827000000.0,0.0,,,,,12000000.0,824000000.0,1.0,343385153.0,343500000,349800000.0,14.052,18824000000.0,176000000.0,256000000.0,9892000000.0,54.801,1277000000.0
21,TWC,MRQ,2010-12-31,2010-12-31,2010-12-31,2019-05-07,-291000000.0,45822000000.0,,4340000000.0,41482000000.0,,26.046,-782000000.0,3047000000.0,3047000000.0,2268000000.0,393000000.0,1.406,3.974,23121000000.0,0.0,23121000000.0,23121000000.0,163000000.0,736000000.0,0.0,0.024,0.4,952000000.0,1688000000.0,0.352,1688000000.0,952000000.0,592000000.0,1.11,1.09,1.11,9210000000.0,,9210000000.0,43675056725.0,12.0,6.505,662000000.0,1.872,1.0,2533000000.0,0.528,26314000000.0,360000000.0,36496000000.0,,0.0,866000000.0,0.0,866000000.0,36605000000.0,3086000000.0,33519000000.0,23489056725.0,1919000000.0,-7000000.0,-436000000.0,1847000000.0,-144000000.0,1261000000.0,-786000000.0,0.0,1444000000.0,0.0,392000000.0,392000000.0,392000000.0,0.0,1000000.0,0.082,1539000000.0,994000000.0,529000000.0,0.36,2.55,17.958,17.992,13873000000.0,0.0,66.03,1.245,1.24,718000000.0,54000000.0,4801000000.0,4801000000.0,0.0,,,,,23000000.0,795000000.0,1.0,355733102.0,353600000,359800000.0,13.577,19508000000.0,150000000.0,200000000.0,9637000000.0,55.17,1254000000.0
22,TWC,MRQ,2010-09-30,2010-09-30,2010-09-30,2019-05-07,-289000000.0,43686000000.0,,2343000000.0,41343000000.0,,26.512,-676000000.0,1128000000.0,1128000000.0,2221000000.0,363000000.0,0.838,3.634,21314000000.0,0.0,21314000000.0,21314000000.0,163000000.0,774000000.0,0.0,0.022,0.4,899000000.0,1673000000.0,0.353,1673000000.0,899000000.0,553000000.0,1.0,1.0,1.0,9425000000.0,,9425000000.0,39621912756.0,11.0,5.905,406000000.0,1.142,1.0,2513000000.0,0.531,26321000000.0,346000000.0,34755000000.0,,0.0,905000000.0,0.0,905000000.0,34253000000.0,2796000000.0,31457000000.0,19188912756.0,314000000.0,46000000.0,12000000.0,-8000000.0,-144000000.0,-139000000.0,-629000000.0,0.0,1082000000.0,0.0,360000000.0,360000000.0,360000000.0,0.0,3000000.0,0.076,1586000000.0,927000000.0,342000000.0,0.4,2.036,15.5,15.514,13666000000.0,0.0,53.99,1.032,1.032,673000000.0,103000000.0,4734000000.0,4734000000.0,0.0,,,,,19000000.0,799000000.0,1.0,355416054.0,355500000,361000000.0,13.316,17365000000.0,133000000.0,193000000.0,9382000000.0,48.847,-453000000.0
23,TWC,MRQ,2010-06-30,2010-06-30,2010-06-30,2019-05-07,-293000000.0,43098000000.0,,1756000000.0,41342000000.0,,25.851,-736000000.0,814000000.0,814000000.0,2205000000.0,342000000.0,0.613,3.698,21247000000.0,0.0,21247000000.0,21247000000.0,180000000.0,811000000.0,0.0,0.015,0.4,900000000.0,1711000000.0,0.361,1711000000.0,900000000.0,559000000.0,0.96,0.95,0.96,9172000000.0,,9172000000.0,39238722124.0,11.0,5.925,570000000.0,1.607,1.0,2529000000.0,0.534,26338000000.0,341000000.0,34328000000.0,,0.0,933000000.0,0.0,933000000.0,33922000000.0,2865000000.0,31057000000.0,18461722124.0,453000000.0,-8000000.0,35000000.0,-5000000.0,-144000000.0,-113000000.0,-740000000.0,0.0,1306000000.0,0.0,342000000.0,342000000.0,342000000.0,0.0,0.0,0.072,1611000000.0,918000000.0,333000000.0,0.417,2.013,16.11,16.074,13722000000.0,0.0,52.08,1.005,1.006,657000000.0,-257000000.0,4734000000.0,4734000000.0,0.0,,,,,17000000.0,780000000.0,1.0,354487752.0,354800000,360100000.0,13.343,16760000000.0,130000000.0,217000000.0,9110000000.0,47.238,-1109000000.0
24,TWC,MRQ,2010-03-31,2010-03-31,2010-03-31,2019-05-07,-314000000.0,42626000000.0,,1287000000.0,41339000000.0,,25.2,-736000000.0,361000000.0,361000000.0,2179000000.0,215000000.0,0.455,3.793,21138000000.0,0.0,21138000000.0,21138000000.0,178000000.0,808000000.0,0.0,0.008,0.4,834000000.0,1642000000.0,0.357,1642000000.0,834000000.0,487000000.0,0.6,0.6,0.6,8893000000.0,,8893000000.0,40077918851.0,12.0,6.125,650000000.0,1.842,1.0,2420000000.0,0.526,26416000000.0,347000000.0,34156000000.0,,0.0,961000000.0,0.0,961000000.0,33728000000.0,2831000000.0,30897000000.0,18794918851.0,-687000000.0,17000000.0,39000000.0,-1256000000.0,-144000000.0,-1356000000.0,-717000000.0,0.0,1386000000.0,0.0,214000000.0,214000000.0,214000000.0,0.0,1000000.0,0.047,1570000000.0,850000000.0,279000000.0,0.667,2.113,16.781,16.764,13721000000.0,0.0,53.31,1.038,1.039,548000000.0,-599000000.0,4599000000.0,4599000000.0,0.0,,,,,31000000.0,751000000.0,1.0,352558973.0,352900000,357000000.0,13.032,16210000000.0,139000000.0,273000000.0,9043000000.0,45.934,-1544000000.0
25,TWC,MRQ,2009-12-31,2009-12-31,2009-12-31,2019-05-07,-319000000.0,43694000000.0,,2102000000.0,41592000000.0,,24.652,-944000000.0,1048000000.0,1048000000.0,2032000000.0,323000000.0,0.711,4.031,22331000000.0,0.0,22331000000.0,22331000000.0,170000000.0,797000000.0,0.0,0.744,0.0,887000000.0,1684000000.0,0.372,1684000000.0,887000000.0,542000000.0,0.92,0.91,0.92,8685000000.0,,8685000000.0,36249239162.0,11.0,5.759,430000000.0,1.221,1.0,2500000000.0,0.552,26477000000.0,345000000.0,35542000000.0,,0.0,975000000.0,0.0,975000000.0,35005000000.0,2958000000.0,32047000000.0,14587239162.0,542000000.0,-94000000.0,2000000.0,204000000.0,0.0,203000000.0,-1035000000.0,0.0,1374000000.0,0.0,322000000.0,322000000.0,322000000.0,0.0,1000000.0,0.071,1609000000.0,891000000.0,478000000.0,0.0,1.68,13.633,13.482,13919000000.0,0.0,41.39,0.816,0.808,663000000.0,-813000000.0,4532000000.0,4532000000.0,0.0,,,,,20000000.0,793000000.0,1.0,352433901.0,352300000,356900000.0,12.864,17217000000.0,139000000.0,220000000.0,8957000000.0,48.87,-856000000.0
26,TWC,MRQ,2009-09-30,2009-09-30,2009-09-30,2019-05-07,-448000000.0,42686000000.0,,1561000000.0,41125000000.0,,23.312,-758000000.0,506000000.0,506000000.0,2163000000.0,268000000.0,0.562,4.196,22168000000.0,0.0,22168000000.0,22168000000.0,170000000.0,777000000.0,0.0,0.715,0.0,809000000.0,1586000000.0,0.353,1586000000.0,809000000.0,461000000.0,0.76,0.76,0.76,8215000000.0,,8215000000.0,37281261904.0,-3.0,-4.532,476000000.0,1.351,1.0,2335000000.0,0.519,26528000000.0,348000000.0,35044000000.0,,0.0,901000000.0,0.0,901000000.0,34467000000.0,2776000000.0,31691000000.0,15183261904.0,-22000000.0,-11000000.0,2000000.0,-487000000.0,0.0,-489000000.0,-767000000.0,0.0,1234000000.0,0.0,268000000.0,268000000.0,268000000.0,0.0,0.0,0.06,1507000000.0,828000000.0,339000000.0,0.0,1.848,-2.047,-1.879,13543000000.0,0.0,43.09,0.856,0.856,646000000.0,-1135000000.0,4498000000.0,4498000000.0,0.0,,,,,23000000.0,716000000.0,1.0,352361613.0,352400000,354500000.0,12.764,16158000000.0,132000000.0,193000000.0,8645000000.0,45.851,-1215000000.0
27,TWC,MRQ,2009-06-30,2009-06-30,2009-06-30,2019-05-07,-459000000.0,42772000000.0,,1593000000.0,41179000000.0,,22.472,-760000000.0,528000000.0,528000000.0,2128000000.0,317000000.0,0.563,4.402,22626000000.0,0.0,22626000000.0,22626000000.0,170000000.0,763000000.0,0.0,0.973,0.0,868000000.0,1631000000.0,0.365,1631000000.0,868000000.0,532000000.0,0.9,0.89,0.9,7917000000.0,,7917000000.0,33920432633.0,-3.0,-4.092,670000000.0,1.902,1.0,2346000000.0,0.524,26584000000.0,336000000.0,35458000000.0,,0.0,911000000.0,0.0,911000000.0,34851000000.0,2828000000.0,32023000000.0,11158432633.0,132000000.0,8000000.0,0.0,-551000000.0,0.0,-552000000.0,-746000000.0,0.0,1430000000.0,0.0,316000000.0,316000000.0,316000000.0,0.0,1000000.0,0.071,1464000000.0,882000000.0,395000000.0,0.0,1.409,-1.511,-1.391,13557000000.0,0.0,31.67,0.635,0.635,617000000.0,-1402000000.0,4474000000.0,4474000000.0,0.0,,,,,19000000.0,696000000.0,1.0,352334469.0,352300000,353700000.0,12.699,16188000000.0,142000000.0,216000000.0,8515000000.0,45.949,-1235000000.0
28,TWC,MRQ,2009-03-31,2009-03-31,2009-03-31,2019-05-07,-457000000.0,42524000000.0,,1342000000.0,41182000000.0,,22.363,-769000000.0,396000000.0,396000000.0,2132000000.0,184000000.0,0.521,4.609,23158000000.0,0.0,23158000000.0,23158000000.0,167000000.0,748000000.0,0.0,1.242,30.81,645000000.0,1393000000.0,0.319,1393000000.0,645000000.0,355000000.0,0.48,0.48,0.48,7581000000.0,,7581000000.0,20354651877.0,-2.0,-2.351,372000000.0,1.097,1.0,2232000000.0,0.511,26638000000.0,290000000.0,36073000000.0,,0.0,917000000.0,0.0,917000000.0,34939000000.0,2575000000.0,32364000000.0,8076651877.0,-5053000000.0,9000000.0,0.0,5421000000.0,-10856000000.0,-5435000000.0,-759000000.0,0.0,1141000000.0,0.0,164000000.0,164000000.0,164000000.0,0.0,20000000.0,0.038,1516000000.0,716000000.0,413000000.0,64.188,1.065,-1.088,-1.087,13461000000.0,0.0,24.8,0.464,0.483,526000000.0,-1719000000.0,4364000000.0,4364000000.0,0.0,,,,,35000000.0,725000000.0,1.0,325671447.0,339000000,339600000.0,12.873,15886000000.0,141000000.0,191000000.0,8334000000.0,46.861,-1233000000.0
29,TWC,MRQ,2008-12-31,2008-12-31,2008-12-31,2019-05-07,-467000000.0,47889000000.0,,6659000000.0,41230000000.0,,52.65,-940000000.0,5449000000.0,5449000000.0,2048000000.0,-8869000000.0,2.318,1.725,17727000000.0,0.0,17727000000.0,17727000000.0,156000000.0,769000000.0,0.0,0.0,0.0,-13605000000.0,-12836000000.0,-2.916,-12836000000.0,-13605000000.0,-13881000000.0,-25.07,-25.07,-25.07,17164000000.0,,17164000000.0,33614196011.0,-3.0,-3.982,496000000.0,1.521,1.0,2354000000.0,0.535,26688000000.0,276000000.0,30606000000.0,,0.0,895000000.0,0.0,895000000.0,29615000000.0,2873000000.0,26742000000.0,20956196011.0,2359000000.0,-160000000.0,0.0,1970000000.0,0.0,1968000000.0,-1045000000.0,0.0,1436000000.0,0.0,-8164000000.0,-8164000000.0,-8164000000.0,0.0,-705000000.0,-1.855,16298000000.0,-13944000000.0,755000000.0,0.0,1.221,-2.854,-2.854,13537000000.0,0.0,64.35,1.218,1.219,853000000.0,-1886000000.0,4402000000.0,4402000000.0,0.0,,,,,14000000.0,693000000.0,1.0,325659612.0,326000000,325100000.0,13.503,21201000000.0,156000000.0,-5717000000.0,8193000000.0,65.034,3786000000.0
30,TWC,MRQ,2008-09-30,2008-09-30,2008-09-30,2019-05-07,-177000000.0,60414000000.0,,4611000000.0,55803000000.0,,78.566,-874000000.0,3090000000.0,3090000000.0,2072000000.0,335000000.0,1.771,1.361,15748000000.0,0.0,15748000000.0,15748000000.0,157000000.0,766000000.0,0.0,0.0,0.0,756000000.0,1522000000.0,0.351,1522000000.0,756000000.0,527000000.0,0.92,0.92,0.92,25589000000.0,,25589000000.0,36256508545.0,14.0,6.29,455000000.0,1.397,1.0,2268000000.0,0.523,41556000000.0,229000000.0,28913000000.0,,0.0,730000000.0,0.0,730000000.0,34825000000.0,2603000000.0,32222000000.0,23642508545.0,-759000000.0,-499000000.0,0.0,-715000000.0,0.0,-716000000.0,-1372000000.0,0.0,1329000000.0,0.0,301000000.0,301000000.0,301000000.0,0.0,34000000.0,0.069,1480000000.0,788000000.0,618000000.0,0.0,0.924,20.612,20.567,13304000000.0,0.0,72.6,1.4,1.4,808000000.0,6278000000.0,4340000000.0,4340000000.0,0.0,,,,,16000000.0,706000000.0,1.0,325654388.0,325700000,326100000.0,13.325,18858000000.0,93000000.0,226000000.0,13959000000.0,57.9,2008000000.0
31,TWC,MRQ,2008-06-30,2008-06-30,2008-06-30,2019-05-07,-180000000.0,60453000000.0,,4772000000.0,55681000000.0,,77.611,-862000000.0,3849000000.0,3849000000.0,2018000000.0,305000000.0,1.87,1.392,16463000000.0,0.0,16463000000.0,16463000000.0,166000000.0,787000000.0,0.0,0.0,0.0,477000000.0,1264000000.0,0.294,1264000000.0,477000000.0,477000000.0,0.85,0.85,0.85,25270000000.0,,25270000000.0,38869413038.0,15.0,6.904,487000000.0,1.496,1.0,2280000000.0,0.53,41621000000.0,0.0,28894000000.0,,0.0,731000000.0,0.0,731000000.0,35183000000.0,2552000000.0,32631000000.0,25869413038.0,3623000000.0,-21000000.0,0.0,3155000000.0,0.0,3156000000.0,-882000000.0,0.0,1349000000.0,0.0,277000000.0,277000000.0,277000000.0,0.0,28000000.0,0.064,1542000000.0,738000000.0,659000000.0,0.0,1.024,23.647,23.643,13172000000.0,0.0,79.44,1.563,1.563,717000000.0,5977000000.0,4298000000.0,4298000000.0,0.0,,,,,14000000.0,706000000.0,1.0,325647193.0,325600000,326000000.0,13.2,18832000000.0,80000000.0,200000000.0,13662000000.0,57.838,2220000000.0
32,TWC,MRQ,2008-03-31,2008-03-31,2008-03-31,2019-05-07,-171000000.0,56523000000.0,,1064000000.0,55459000000.0,,76.772,-846000000.0,226000000.0,226000000.0,2007000000.0,266000000.0,0.445,1.261,13226000000.0,0.0,13226000000.0,13226000000.0,180000000.0,766000000.0,0.0,0.0,0.0,623000000.0,1389000000.0,0.334,1389000000.0,623000000.0,424000000.0,0.74,0.74,0.74,24997000000.0,,24997000000.0,37748907343.0,15.0,6.81,340000000.0,1.044,1.0,2153000000.0,0.518,41700000000.0,199000000.0,25433000000.0,,0.0,729000000.0,0.0,729000000.0,31526000000.0,2390000000.0,29136000000.0,24403907343.0,-6000000.0,-5000000.0,0.0,-348000000.0,0.0,-351000000.0,-841000000.0,0.0,1186000000.0,0.0,242000000.0,242000000.0,242000000.0,0.0,24000000.0,0.058,1517000000.0,636000000.0,521000000.0,0.0,0.976,22.409,22.37,12932000000.0,0.0,74.94,1.5,1.5,631000000.0,5702000000.0,4160000000.0,4160000000.0,0.0,,,,,34000000.0,749000000.0,1.0,325645948.0,325600000,325800000.0,12.776,14823000000.0,80000000.0,182000000.0,13432000000.0,45.525,-1326000000.0
33,TWC,MRQ,2007-12-31,2007-12-31,2007-12-31,2019-05-07,-174000000.0,56600000000.0,,1163000000.0,55437000000.0,,75.901,-1025000000.0,232000000.0,232000000.0,1897000000.0,426000000.0,0.459,1.291,13577000000.0,0.0,13577000000.0,13577000000.0,164000000.0,768000000.0,0.0,0.0,0.0,821000000.0,1589000000.0,0.389,1589000000.0,821000000.0,608000000.0,1.02,1.02,1.02,24706000000.0,,24706000000.0,40629890266.0,14.0,7.006,285000000.0,0.876,1.0,2192000000.0,0.536,41761000000.0,213000000.0,25648000000.0,,0.0,735000000.0,0.0,735000000.0,31894000000.0,2536000000.0,29358000000.0,26962890266.0,-279000000.0,-20000000.0,0.0,-596000000.0,0.0,-605000000.0,-984000000.0,0.0,1310000000.0,0.0,327000000.0,327000000.0,327000000.0,0.0,99000000.0,0.08,1397000000.0,795000000.0,657000000.0,0.0,1.091,24.01,24.0,12873000000.0,0.0,82.8,1.69,1.69,745000000.0,5459000000.0,4089000000.0,4089000000.0,0.0,,,,,10000000.0,626000000.0,1.0,325638771.0,325501000,325601000.0,12.562,14839000000.0,91000000.0,281000000.0,13291000000.0,45.588,-1373000000.0
34,TWC,MRQ,2007-09-30,2007-09-30,2007-09-30,2019-05-07,-123000000.0,56593000000.0,,1390000000.0,55203000000.0,,74.931,-861000000.0,511000000.0,511000000.0,1890000000.0,248000000.0,0.578,1.319,14178000000.0,0.0,14178000000.0,14178000000.0,185000000.0,747000000.0,0.0,0.0,0.0,641000000.0,1388000000.0,0.347,1388000000.0,641000000.0,414000000.0,0.75,0.75,0.75,24400000000.0,,24400000000.0,45841793730.0,19.0,8.604,188000000.0,0.577,1.0,2111000000.0,0.528,41855000000.0,227000000.0,26000000000.0,,0.0,733000000.0,0.0,733000000.0,32193000000.0,2405000000.0,29788000000.0,32042793730.0,441000000.0,-63000000.0,0.0,313000000.0,0.0,316000000.0,-924000000.0,0.0,1049000000.0,0.0,248000000.0,248000000.0,248000000.0,0.0,0.0,0.062,1430000000.0,681000000.0,529000000.0,0.0,1.313,30.172,30.092,12455000000.0,0.0,98.4,2.065,2.065,759000000.0,5132000000.0,4001000000.0,4001000000.0,0.0,,,,,11000000.0,679000000.0,1.0,325638148.0,325633000,325833000.0,12.287,14738000000.0,0.0,166000000.0,13127000000.0,45.26,-1015000000.0
35,TWC,MRQ,2007-06-30,2007-06-30,2007-06-30,2019-05-07,-143000000.0,55873000000.0,,847000000.0,55026000000.0,,73.881,-830000000.0,70000000.0,70000000.0,1872000000.0,272000000.0,0.358,1.322,13869000000.0,0.0,13869000000.0,13869000000.0,189000000.0,733000000.0,0.0,0.0,0.0,444000000.0,1177000000.0,0.293,1177000000.0,444000000.0,444000000.0,0.84,0.84,0.84,24058000000.0,,24058000000.0,52360699053.0,16.0,8.698,368000000.0,1.13,1.0,2142000000.0,0.534,41890000000.0,0.0,25417000000.0,,0.0,692000000.0,0.0,692000000.0,31815000000.0,2365000000.0,29450000000.0,38265699053.0,23000000.0,-34000000.0,0.0,-300000000.0,0.0,-311000000.0,-864000000.0,0.0,1198000000.0,0.0,272000000.0,272000000.0,272000000.0,0.0,0.0,0.068,1431000000.0,711000000.0,653000000.0,0.0,1.591,19.19,19.201,12301000000.0,0.0,117.51,2.599,2.599,689000000.0,4884000000.0,4014000000.0,4014000000.0,0.0,,,,,33000000.0,692000000.0,1.0,325637810.0,325633000,325733000.0,12.327,13983000000.0,0.0,172000000.0,13053000000.0,42.941,-1518000000.0
36,TWC,MRQ,2007-03-31,2007-03-31,2007-03-31,2019-05-07,-128000000.0,55630000000.0,,771000000.0,54859000000.0,,73.122,-717000000.0,47000000.0,47000000.0,1883000000.0,276000000.0,0.345,1.336,14142000000.0,0.0,14142000000.0,14142000000.0,162000000.0,728000000.0,0.0,0.0,0.0,690000000.0,1418000000.0,0.368,1418000000.0,690000000.0,463000000.0,0.84,0.84,0.84,23811000000.0,,23811000000.0,50981946222.0,15.0,8.752,289000000.0,0.888,1.0,1968000000.0,0.511,41895000000.0,227000000.0,25592000000.0,,0.0,684000000.0,0.0,684000000.0,31819000000.0,2238000000.0,29581000000.0,36604946222.0,-4000000.0,57000000.0,0.0,-283000000.0,0.0,-350000000.0,-660000000.0,0.0,1006000000.0,0.0,276000000.0,276000000.0,276000000.0,0.0,0.0,0.072,1389000000.0,579000000.0,609000000.0,0.0,1.537,18.166,18.278,12123000000.0,0.0,112.41,2.766,2.766,621000000.0,4612000000.0,3851000000.0,3851000000.0,0.0,,,,,5000000.0,651000000.0,1.0,325637810.0,325633000,325633000.0,11.826,13735000000.0,0.0,187000000.0,12985000000.0,42.179,-1467000000.0
37,TWC,MRQ,2006-12-31,2006-12-31,2006-12-31,2019-05-07,-130000000.0,55821000000.0,,988000000.0,54833000000.0,,72.364,-1004000000.0,51000000.0,51000000.0,1659000000.0,266000000.0,0.397,1.369,14428000000.0,0.0,14428000000.0,14428000000.0,156000000.0,676000000.0,0.0,,0.0,669000000.0,1345000000.0,0.368,1345000000.0,669000000.0,434000000.0,0.84,0.84,0.84,23564000000.0,,23564000000.0,,,,30000000.0,0.092,1.0,1992000000.0,0.546,40986000000.0,235000000.0,26722000000.0,,0.0,2072000000.0,0.0,2072000000.0,32257000000.0,2490000000.0,29767000000.0,,51000000.0,-421000000.0,0.0,-256000000.0,0.0,-195000000.0,-788000000.0,0.0,1034000000.0,0.0,266000000.0,266000000.0,266000000.0,-20000000.0,0.0,0.073,1359000000.0,633000000.0,818000000.0,0.0,,,,11601000000.0,0.0,,,,730000000.0,4370000000.0,3651000000.0,3651000000.0,0.0,,,,,6000000.0,670000000.0,1.0,325637810.0,325633000,325633000.0,11.212,14835000000.0,78000000.0,168000000.0,12980000000.0,45.557,-1502000000.0
38,TWC,MRQ,2006-09-30,2006-09-30,2006-09-30,2019-05-07,-7000000.0,55467000000.0,,762000000.0,54705000000.0,,71.648,-710000000.0,0.0,0.0,1495000000.0,1180000000.0,0.349,1.359,14683000000.0,0.0,14683000000.0,14683000000.0,148000000.0,569000000.0,0.0,,0.0,1511000000.0,2080000000.0,0.648,2080000000.0,1511000000.0,1325000000.0,3.6,3.6,3.6,23515000000.0,,23515000000.0,,,,310000000.0,0.945,1.0,1714000000.0,0.534,41074000000.0,186000000.0,26892000000.0,,0.0,2269000000.0,0.0,2269000000.0,31952000000.0,2184000000.0,29768000000.0,,-26000000.0,-9336000000.0,0.0,10561000000.0,0.0,9000000000.0,-10046000000.0,0.0,1020000000.0,0.0,1180000000.0,1180000000.0,1180000000.0,-954000000.0,0.0,0.368,1164000000.0,550000000.0,666000000.0,0.0,,,,11048000000.0,0.0,,,,655000000.0,4104000000.0,3209000000.0,3209000000.0,0.0,,,,,6000000.0,573000000.0,1.0,,328200000,328200000.0,9.778,14393000000.0,0.0,145000000.0,12848000000.0,43.854,-1422000000.0
39,TWC,MRQ,2006-06-30,2006-06-30,2006-06-30,2019-05-07,,,,,,,,-566000000.0,,,1115000000.0,293000000.0,,,,,,,,406000000.0,,,0.0,576000000.0,982000000.0,0.389,982000000.0,576000000.0,463000000.0,0.87,0.87,0.87,,,,,,,193000000.0,0.579,1.0,1407000000.0,0.558,,113000000.0,,,,,,,,,,,26000000.0,-50000000.0,0.0,-111000000.0,0.0,-117000000.0,-616000000.0,0.0,759000000.0,0.0,293000000.0,293000000.0,293000000.0,-33000000.0,0.0,0.116,863000000.0,544000000.0,,0.0,,,,,0.0,,,,,,2522000000.0,2522000000.0,0.0,,,,,7000000.0,446000000.0,1.0,,333333000,333333000.0,7.566,,,170000000.0,,,
40,TWC,MRQ,2006-03-31,2006-03-31,2006-03-31,2019-05-07,,,,,,,,-494000000.0,,,1087000000.0,237000000.0,,,,,,,,399000000.0,,,0.0,486000000.0,885000000.0,0.371,885000000.0,486000000.0,374000000.0,0.69,0.69,0.69,,,,,,,288000000.0,0.864,1.0,1298000000.0,0.544,,112000000.0,,,,,,,,,,,-12000000.0,-55000000.0,0.0,-235000000.0,0.0,-245000000.0,-549000000.0,0.0,782000000.0,0.0,237000000.0,237000000.0,237000000.0,-31000000.0,0.0,0.099,846000000.0,452000000.0,,0.0,,,,,0.0,,,,,,2385000000.0,2385000000.0,0.0,,,,,14000000.0,437000000.0,1.0,,333333000,333333000.0,7.155,,,137000000.0,,,
41,TWC,MRQ,2005-12-31,2005-12-31,2005-12-31,2019-05-07,-7000000.0,43677000000.0,,487000000.0,43190000000.0,,61.041,-561000000.0,12000000.0,12000000.0,1009000000.0,429000000.0,0.287,1.147,4463000000.0,0.0,4463000000.0,4463000000.0,84000000.0,395000000.0,0.0,,0.0,531000000.0,926000000.0,0.4,926000000.0,531000000.0,414000000.0,1.29,,1.29,20347000000.0,,20347000000.0,,,,165000000.0,0.495,1.0,1306000000.0,0.564,29476000000.0,117000000.0,16956000000.0,,0.0,1967000000.0,0.0,1967000000.0,23330000000.0,1696000000.0,21634000000.0,,12000000.0,-17000000.0,0.0,-80000000.0,0.0,-88000000.0,-626000000.0,0.0,726000000.0,0.0,429000000.0,429000000.0,429000000.0,-29000000.0,0.0,0.185,802000000.0,504000000.0,430000000.0,0.0,,,,8134000000.0,0.0,,,,398000000.0,2394000000.0,2315000000.0,2315000000.0,0.0,,,,,9000000.0,398000000.0,1.0,,333333000,,6.945,14201000000.0,0.0,-15000000.0,11631000000.0,42.603,-1209000000.0
42,TWC,MRQ,2005-09-30,2005-09-30,2005-09-30,2019-05-07,,,,,,,,,,,985000000.0,226000000.0,,,,,,,,,,,0.0,481000000.0,,,,481000000.0,369000000.0,0.69,,0.69,,,,,,,,,1.0,1242000000.0,0.558,,112000000.0,,,,,,,,,,,,,,,,,,,,,226000000.0,226000000.0,226000000.0,-23000000.0,0.0,0.101,771000000.0,471000000.0,,0.0,,,,,0.0,,,,,,2227000000.0,2227000000.0,0.0,,,,,,368000000.0,1.0,,333333000,,6.681,,,143000000.0,,,
0,TWC,MRT,2016-03-31,2016-03-31,2016-03-31,2019-05-07,-433000000.0,49751000000.0,49158750000.0,2619000000.0,47132000000.0,0.49,32.97,-4630000000.0,1297000000.0,1297000000.0,11681000000.0,1880000000.0,0.68,4.317,22492000000.0,5000000.0,22487000000.0,22492000000.0,242000000.0,3784000000.0,0.0,0.015,3.0,4451000000.0,8235000000.0,0.342,8235000000.0,4451000000.0,3048000000.0,6.58,6.57,6.58,9357000000.0,8901250000.0,9357000000.0,79294783519.0,18.0,9.629,2009000000.0,7.079,1.0,12430000000.0,0.516,29567000000.0,1403000000.0,37526000000.0,37453500000.0,0.0,68000000.0,0.0,68000000.0,40390000000.0,3853000000.0,36537000000.0,57962783519.0,750000000.0,0.0,116000000.0,-638000000.0,-866000000.0,-1373000000.0,-4516000000.0,-1000000.0,6639000000.0,0.0,1880000000.0,1880000000.0,1880000000.0,0.0,0.0,0.078,8130000000.0,4300000000.0,624000000.0,0.456,6.195,30.831,31.097,17276000000.0,0.0,204.62,2.404,2.408,846000000.0,2202000000.0,24111000000.0,24111000000.0,0.0,0.038,0.211,0.119,0.185,56000000.0,4129000000.0,1.0,283270372.0,283800000,286900000.0,84.958,20184000000.0,0.0,1168000000.0,12991000000.0,71.121,-1234000000.0
1,TWC,MRT,2015-12-31,2015-12-31,2015-12-31,2019-05-07,-414000000.0,49277000000.0,48803500000.0,2459000000.0,46818000000.0,0.486,31.829,-4446000000.0,1170000000.0,1170000000.0,11511000000.0,1844000000.0,0.623,4.478,22502000000.0,5000000.0,22497000000.0,22502000000.0,224000000.0,3696000000.0,0.0,0.02,3.75,4389000000.0,8085000000.0,0.341,8085000000.0,4389000000.0,2988000000.0,6.46,6.44,6.46,8995000000.0,8597000000.0,8995000000.0,74768633490.0,17.0,9.248,2093000000.0,7.406,1.0,12186000000.0,0.514,29590000000.0,1401000000.0,37070000000.0,37384500000.0,0.0,65000000.0,0.0,65000000.0,40278000000.0,3949000000.0,36329000000.0,52558633490.0,463000000.0,0.0,129000000.0,-1007000000.0,-865000000.0,-1731000000.0,-4345000000.0,-1000000.0,6539000000.0,0.0,1844000000.0,1844000000.0,1844000000.0,0.0,0.0,0.078,7947000000.0,4239000000.0,656000000.0,0.58,5.843,28.503,28.729,16945000000.0,0.0,185.59,2.218,2.213,916000000.0,1925000000.0,23697000000.0,23697000000.0,0.0,0.038,0.214,0.117,0.185,69000000.0,4048000000.0,1.0,283197551.0,282600000,285900000.0,83.854,19687000000.0,0.0,1144000000.0,12830000000.0,69.664,-1490000000.0
2,TWC,MRT,2015-09-30,2015-09-30,2015-09-30,2019-05-07,-345000000.0,48721000000.0,48518000000.0,1889000000.0,46832000000.0,0.483,30.901,-4418000000.0,485000000.0,485000000.0,11340000000.0,1912000000.0,0.502,4.571,22695000000.0,6000000.0,22689000000.0,22695000000.0,214000000.0,3616000000.0,0.0,0.021,3.75,4494000000.0,8110000000.0,0.346,8110000000.0,4494000000.0,3092000000.0,6.71,6.69,6.71,8745000000.0,8351500000.0,8745000000.0,73329095348.0,16.0,9.042,2098000000.0,7.413,1.0,12075000000.0,0.516,29615000000.0,1402000000.0,37553000000.0,37337000000.0,0.0,68000000.0,0.0,68000000.0,39972000000.0,3763000000.0,36209000000.0,50757095348.0,-41000000.0,0.0,148000000.0,-1527000000.0,-863000000.0,-2231000000.0,-4326000000.0,17000000.0,6516000000.0,0.0,1912000000.0,1912000000.0,1912000000.0,0.0,0.0,0.082,7735000000.0,4340000000.0,482000000.0,0.559,5.804,26.547,26.732,16746000000.0,0.0,179.37,2.168,2.168,935000000.0,1656000000.0,23415000000.0,23415000000.0,0.0,0.039,0.229,0.12,0.192,68000000.0,3929000000.0,1.0,282974273.0,283000000,286300000.0,82.739,19106000000.0,219000000.0,1180000000.0,12688000000.0,67.512,-1874000000.0
3,TWC,MRT,2015-06-30,2015-06-30,2015-06-30,2019-05-07,-300000000.0,48886000000.0,48496750000.0,2074000000.0,46812000000.0,0.479,30.096,-4420000000.0,480000000.0,480000000.0,11146000000.0,1974000000.0,0.499,4.745,23052000000.0,320000000.0,22732000000.0,23052000000.0,215000000.0,3538000000.0,0.0,0.021,3.75,4639000000.0,8177000000.0,0.352,8177000000.0,4639000000.0,3235000000.0,6.95,6.92,6.95,8508000000.0,8141500000.0,8508000000.0,73075255044.0,16.0,8.937,2044000000.0,7.23,1.0,12061000000.0,0.52,29638000000.0,1404000000.0,37665000000.0,37372250000.0,0.0,69000000.0,0.0,69000000.0,40374000000.0,4155000000.0,36219000000.0,50336255044.0,77000000.0,0.0,214000000.0,-1334000000.0,-861000000.0,-1941000000.0,-4446000000.0,17000000.0,6464000000.0,0.0,1974000000.0,1974000000.0,1974000000.0,0.0,0.0,0.085,7571000000.0,4490000000.0,496000000.0,0.54,5.916,25.5,25.636,16604000000.0,0.0,178.17,2.169,2.17,1029000000.0,1436000000.0,23207000000.0,23207000000.0,0.0,0.041,0.242,0.124,0.2,52000000.0,3841000000.0,1.0,282518129.0,282700000,285800000.0,82.091,19248000000.0,235000000.0,1261000000.0,12715000000.0,68.086,-2081000000.0
4,TWC,MRT,2015-03-31,2015-03-31,2015-03-31,2019-05-07,-336000000.0,48330000000.0,48389250000.0,2006000000.0,46324000000.0,0.475,28.917,-4397000000.0,547000000.0,547000000.0,11009000000.0,2010000000.0,0.482,4.937,23286000000.0,647000000.0,22639000000.0,23286000000.0,207000000.0,3449000000.0,0.0,0.025,3.75,4654000000.0,8103000000.0,0.352,8103000000.0,4654000000.0,3251000000.0,7.1,7.06,7.1,8140000000.0,7867000000.0,8140000000.0,65112342510.0,14.0,8.036,2064000000.0,7.332,1.0,11998000000.0,0.521,29660000000.0,1403000000.0,37250000000.0,37364500000.0,0.0,67000000.0,0.0,67000000.0,40186000000.0,4159000000.0,36027000000.0,42101342510.0,-1010000000.0,0.0,218000000.0,-2406000000.0,-859000000.0,-3044000000.0,-4427000000.0,17000000.0,6461000000.0,0.0,2010000000.0,2010000000.0,2010000000.0,0.0,0.0,0.087,7374000000.0,4624000000.0,446000000.0,0.528,5.172,20.946,21.11,16207000000.0,0.0,149.88,1.83,1.834,811000000.0,1189000000.0,23007000000.0,23007000000.0,0.0,0.042,0.255,0.125,0.202,55000000.0,3754000000.0,1.0,280900337.0,281500000,284900000.0,81.73,18670000000.0,232000000.0,1241000000.0,12616000000.0,66.323,-2153000000.0
5,TWC,MRT,2014-12-31,2014-12-31,2014-12-31,2019-05-07,-324000000.0,48135000000.0,48595000000.0,2039000000.0,46096000000.0,0.469,28.69,-4097000000.0,707000000.0,707000000.0,10862000000.0,2031000000.0,0.453,5.007,23621000000.0,1017000000.0,22604000000.0,23621000000.0,198000000.0,3371000000.0,0.0,0.02,3.0,4667000000.0,8038000000.0,0.352,8038000000.0,4667000000.0,3248000000.0,7.21,7.17,7.21,8013000000.0,7605500000.0,8013000000.0,66427993062.0,14.0,8.264,2253000000.0,8.067,1.0,11950000000.0,0.524,29672000000.0,1419000000.0,36880000000.0,37377250000.0,0.0,64000000.0,0.0,64000000.0,40118000000.0,4497000000.0,35621000000.0,42651993062.0,182000000.0,0.0,-33000000.0,-1243000000.0,-857000000.0,-2076000000.0,-4092000000.0,17000000.0,6350000000.0,0.0,2031000000.0,2031000000.0,2031000000.0,0.0,0.0,0.089,7318000000.0,4632000000.0,567000000.0,0.416,5.323,21.0,21.09,15990000000.0,0.0,152.06,1.87,1.862,949000000.0,1162000000.0,22812000000.0,22812000000.0,0.0,0.042,0.267,0.125,0.205,41000000.0,3722000000.0,1.0,280494496.0,279300000,283000000.0,81.676,18463000000.0,0.0,1217000000.0,12291000000.0,66.105,-2458000000.0
6,TWC,MRT,2014-09-30,2014-09-30,2014-09-30,2019-05-07,-15000000.0,48636000000.0,48629500000.0,2074000000.0,46562000000.0,0.465,28.252,-4006000000.0,526000000.0,526000000.0,10765000000.0,2017000000.0,0.413,5.152,24302000000.0,1540000000.0,22762000000.0,24302000000.0,193000000.0,3310000000.0,0.0,0.02,2.9,4608000000.0,7918000000.0,0.35,7918000000.0,4608000000.0,3165000000.0,7.16,7.11,7.16,7905000000.0,7338000000.0,7905000000.0,64280846190.0,14.0,8.118,2133000000.0,7.623,1.0,11834000000.0,0.524,29699000000.0,1443000000.0,37694000000.0,37610750000.0,0.0,69000000.0,0.0,69000000.0,40727000000.0,5019000000.0,35708000000.0,40103846190.0,-350000000.0,-430000000.0,-699000000.0,-861000000.0,-827000000.0,-2326000000.0,-4163000000.0,248000000.0,6139000000.0,0.0,2017000000.0,2017000000.0,2017000000.0,0.0,0.0,0.089,7255000000.0,4579000000.0,462000000.0,0.405,5.073,19.883,20.041,15794000000.0,0.0,143.49,1.775,1.777,950000000.0,824000000.0,22599000000.0,22599000000.0,0.0,0.041,0.275,0.123,0.204,23000000.0,3720000000.0,1.0,279488788.0,279800000,283500000.0,80.768,18937000000.0,319000000.0,1148000000.0,12230000000.0,67.68,-2945000000.0
7,TWC,MRT,2014-06-30,2014-06-30,2014-06-30,2019-05-07,-72000000.0,48456000000.0,48328250000.0,1988000000.0,46468000000.0,0.464,26.578,-3675000000.0,403000000.0,403000000.0,10653000000.0,2050000000.0,0.377,5.539,24580000000.0,1663000000.0,22917000000.0,24580000000.0,195000000.0,3275000000.0,0.0,0.019,2.8,4612000000.0,7887000000.0,0.352,7887000000.0,4612000000.0,3143000000.0,7.25,7.19,7.25,7410000000.0,7027250000.0,7410000000.0,65336481020.0,14.0,8.284,2225000000.0,7.981,1.0,11750000000.0,0.524,29725000000.0,1469000000.0,37634000000.0,37475250000.0,0.0,68000000.0,0.0,68000000.0,41042000000.0,5274000000.0,35768000000.0,41039481020.0,-2220000000.0,-430000000.0,-1296000000.0,-2241000000.0,-800000000.0,-4604000000.0,-3516000000.0,568000000.0,5900000000.0,0.0,2050000000.0,2050000000.0,2050000000.0,0.0,0.0,0.092,7162000000.0,4588000000.0,565000000.0,0.386,5.538,20.019,20.317,15604000000.0,0.0,147.3,1.832,1.833,906000000.0,539000000.0,22403000000.0,22403000000.0,0.0,0.042,0.292,0.123,0.206,21000000.0,3685000000.0,1.0,278611548.0,278800000,282400000.0,80.355,18731000000.0,348000000.0,1093000000.0,12162000000.0,67.184,-3286000000.0
8,TWC,MRT,2014-03-31,2014-03-31,2014-03-31,2019-05-07,-2000000.0,49153000000.0,48521250000.0,3114000000.0,46039000000.0,0.458,25.536,-3262000000.0,1557000000.0,1557000000.0,10550000000.0,2032000000.0,0.487,5.928,25854000000.0,3062000000.0,22792000000.0,25854000000.0,193000000.0,3268000000.0,0.0,0.02,2.7,4639000000.0,7907000000.0,0.356,7907000000.0,4639000000.0,3121000000.0,7.13,7.07,7.13,7094000000.0,6851750000.0,7094000000.0,62587754656.0,13.0,7.915,2494000000.0,8.978,1.0,11677000000.0,0.525,29750000000.0,1518000000.0,37301000000.0,37191000000.0,0.0,64000000.0,0.0,64000000.0,42055000000.0,6399000000.0,35656000000.0,38060754656.0,-1236000000.0,-430000000.0,-1945000000.0,-844000000.0,-777000000.0,-3790000000.0,-3202000000.0,463000000.0,5756000000.0,0.0,2032000000.0,2032000000.0,2032000000.0,0.0,0.0,0.091,7065000000.0,4612000000.0,445000000.0,0.379,5.365,18.731,19.24,15077000000.0,0.0,137.18,1.712,1.715,836000000.0,255000000.0,22227000000.0,22227000000.0,0.0,0.042,0.297,0.125,0.209,14000000.0,3629000000.0,1.0,277451193.0,277800000,281800000.0,80.011,19403000000.0,326000000.0,1089000000.0,12101000000.0,69.845,-3285000000.0
9,TWC,MRT,2013-12-31,2013-12-31,2013-12-31,2019-05-07,44000000.0,48273000000.0,48557750000.0,2144000000.0,46129000000.0,0.456,24.141,-3198000000.0,525000000.0,525000000.0,10592000000.0,1954000000.0,0.41,5.952,25052000000.0,1767000000.0,23285000000.0,25052000000.0,188000000.0,3281000000.0,0.0,0.019,2.6,4591000000.0,7872000000.0,0.356,7872000000.0,4591000000.0,3039000000.0,6.76,6.7,6.76,6943000000.0,6812750000.0,6943000000.0,62352079960.0,14.0,7.921,2555000000.0,8.884,1.0,11528000000.0,0.521,29760000000.0,1552000000.0,37814000000.0,37275000000.0,0.0,56000000.0,0.0,56000000.0,41326000000.0,5226000000.0,36100000000.0,38196079960.0,-2779000000.0,-423000000.0,-2371000000.0,-1638000000.0,-758000000.0,-5056000000.0,-3476000000.0,138000000.0,5753000000.0,0.0,1954000000.0,1954000000.0,1954000000.0,0.0,0.0,0.088,6948000000.0,4580000000.0,565000000.0,0.385,5.501,19.548,20.044,15056000000.0,0.0,135.5,1.727,1.762,954000000.0,-55000000.0,22120000000.0,22120000000.0,0.0,0.04,0.287,0.123,0.208,35000000.0,3548000000.0,1.0,281889889.0,287600000,291700000.0,76.912,18513000000.0,334000000.0,1085000000.0,12098000000.0,64.371,-3082000000.0
10,TWC,MRT,2013-09-30,2013-09-30,2013-09-30,2019-05-07,-516000000.0,47431000000.0,48941750000.0,2656000000.0,44775000000.0,0.45,23.375,-3275000000.0,876000000.0,876000000.0,10898000000.0,1928000000.0,0.535,6.119,25032000000.0,1771000000.0,23261000000.0,25032000000.0,192000000.0,3274000000.0,0.0,0.022,2.51,4589000000.0,7863000000.0,0.357,7863000000.0,4589000000.0,3012000000.0,6.56,6.5,6.56,6662000000.0,6896750000.0,6662000000.0,55662312380.0,12.0,7.079,2289000000.0,8.032,1.0,11130000000.0,0.505,29471000000.0,1577000000.0,37152000000.0,37403500000.0,0.0,333000000.0,250000000.0,83000000.0,40765000000.0,4964000000.0,35801000000.0,31893312380.0,-2977000000.0,95000000.0,-2279000000.0,-1851000000.0,-744000000.0,-5193000000.0,-3348000000.0,-156000000.0,5564000000.0,0.0,1927000000.0,1927000000.0,1927000000.0,0.0,1000000.0,0.087,6554000000.0,4576000000.0,468000000.0,0.383,4.787,16.551,17.012,14627000000.0,0.0,111.6,1.448,1.444,892000000.0,119000000.0,22028000000.0,22028000000.0,0.0,0.039,0.279,0.123,0.208,37000000.0,3182000000.0,1.0,285782369.0,285000000,289000000.0,77.291,17960000000.0,309000000.0,1085000000.0,11714000000.0,63.018,-2308000000.0
11,TWC,MRT,2013-06-30,2013-06-30,2013-06-30,2019-05-07,-603000000.0,49228000000.0,49605250000.0,4610000000.0,44618000000.0,0.441,23.163,-3274000000.0,2623000000.0,2623000000.0,10806000000.0,2205000000.0,0.658,6.338,26392000000.0,3281000000.0,23111000000.0,26392000000.0,196000000.0,3272000000.0,0.0,0.022,2.42,5018000000.0,8290000000.0,0.379,8290000000.0,5018000000.0,3418000000.0,7.34,7.26,7.34,6708000000.0,7133500000.0,6708000000.0,56455555246.0,11.0,6.81,2276000000.0,7.859,1.0,11067000000.0,0.506,29494000000.0,1600000000.0,36497000000.0,37663250000.0,0.0,659000000.0,575000000.0,84000000.0,42516000000.0,7006000000.0,35510000000.0,32727555246.0,-603000000.0,1203000000.0,-2232000000.0,-620000000.0,-730000000.0,-3596000000.0,-2557000000.0,-476000000.0,5550000000.0,0.0,2203000000.0,2203000000.0,2203000000.0,0.0,2000000.0,0.101,6557000000.0,4510000000.0,521000000.0,0.33,4.879,14.856,15.324,14690000000.0,0.0,112.48,1.496,1.489,858000000.0,42000000.0,21873000000.0,21873000000.0,0.0,0.044,0.309,0.133,0.229,39000000.0,3178000000.0,1.0,290963329.0,289600000,293300000.0,75.528,19734000000.0,317000000.0,1215000000.0,11538000000.0,68.142,-2396000000.0
12,TWC,MRT,2013-03-31,2013-03-31,2013-03-31,2019-05-07,-640000000.0,49299000000.0,49782500000.0,4604000000.0,44695000000.0,0.436,23.511,-3159000000.0,2793000000.0,2793000000.0,10626000000.0,2177000000.0,0.784,6.105,26521000000.0,2273000000.0,24248000000.0,26521000000.0,187000000.0,3299000000.0,0.0,0.024,2.33,4959000000.0,8258000000.0,0.38,8258000000.0,4959000000.0,3360000000.0,7.13,7.05,7.13,6938000000.0,7295750000.0,6938000000.0,51772056877.0,10.0,6.269,2377000000.0,8.055,1.0,11101000000.0,0.511,29516000000.0,1599000000.0,37637000000.0,38345000000.0,0.0,552000000.0,475000000.0,77000000.0,42357000000.0,5874000000.0,36483000000.0,28387056877.0,164000000.0,1203000000.0,-2039000000.0,-248000000.0,-716000000.0,-3027000000.0,-2345000000.0,-378000000.0,5536000000.0,0.0,2174000000.0,2174000000.0,2174000000.0,0.0,3000000.0,0.1,6638000000.0,4463000000.0,511000000.0,0.327,4.092,13.058,13.473,14653000000.0,0.0,96.06,1.307,1.305,762000000.0,90000000.0,21727000000.0,21727000000.0,0.0,0.044,0.298,0.129,0.228,41000000.0,3238000000.0,1.0,295513813.0,295100000,299400000.0,73.626,19783000000.0,322000000.0,1186000000.0,11407000000.0,67.038,-1270000000.0
13,TWC,MRT,2012-12-31,2012-12-31,2012-12-31,2019-05-07,-663000000.0,49809000000.0,49781750000.0,4877000000.0,44932000000.0,0.43,23.648,-3095000000.0,3304000000.0,3304000000.0,10312000000.0,2159000000.0,0.916,5.842,26689000000.0,1518000000.0,25171000000.0,26689000000.0,183000000.0,3264000000.0,0.0,0.023,2.24,4938000000.0,8202000000.0,0.384,8202000000.0,4938000000.0,3332000000.0,6.97,6.9,6.97,7279000000.0,7440750000.0,7279000000.0,52539389596.0,11.0,6.406,2430000000.0,7.895,1.0,11074000000.0,0.518,29541000000.0,1606000000.0,38328000000.0,38504000000.0,0.0,237000000.0,150000000.0,87000000.0,42526000000.0,5325000000.0,37201000000.0,29329389596.0,-1873000000.0,-140000000.0,-1710000000.0,-1598000000.0,-700000000.0,-4053000000.0,-3345000000.0,-103000000.0,5525000000.0,0.0,2155000000.0,2155000000.0,2155000000.0,0.0,4000000.0,0.101,6629000000.0,4445000000.0,647000000.0,0.321,4.029,13.61,13.944,14742000000.0,0.0,97.19,1.371,1.399,883000000.0,363000000.0,21386000000.0,21386000000.0,0.0,0.043,0.29,0.128,0.231,49000000.0,3250000000.0,1.0,301773738.0,307800000,312400000.0,69.48,20268000000.0,317000000.0,1177000000.0,11280000000.0,65.848,-448000000.0
14,TWC,MRT,2012-09-30,2012-09-30,2012-09-30,2019-05-07,-541000000.0,50085000000.0,49398500000.0,5362000000.0,44723000000.0,0.423,24.89,-3133000000.0,3853000000.0,3853000000.0,9660000000.0,2209000000.0,0.969,5.581,27063000000.0,1876000000.0,25187000000.0,27063000000.0,191000000.0,3222000000.0,0.0,0.023,2.16,4790000000.0,8012000000.0,0.383,8012000000.0,4790000000.0,3180000000.0,7.03,6.96,7.03,7609000000.0,7503500000.0,7609000000.0,53133098917.0,11.0,6.632,2326000000.0,7.609,1.0,11234000000.0,0.538,29570000000.0,1610000000.0,38191000000.0,38278000000.0,0.0,88000000.0,0.0,88000000.0,42468000000.0,5534000000.0,36934000000.0,29123098917.0,-1720000000.0,-453000000.0,-1524000000.0,-1248000000.0,-683000000.0,-3474000000.0,-3705000000.0,-76000000.0,5459000000.0,0.0,2206000000.0,2206000000.0,2206000000.0,0.0,3000000.0,0.106,6929000000.0,4305000000.0,458000000.0,0.307,3.827,13.202,13.522,14510000000.0,0.0,95.06,1.394,1.391,899000000.0,440000000.0,20894000000.0,20894000000.0,0.0,0.045,0.294,0.125,0.229,53000000.0,3515000000.0,1.0,306365442.0,305700000,310200000.0,68.348,20515000000.0,372000000.0,974000000.0,11262000000.0,67.108,-172000000.0
15,TWC,MRT,2012-06-30,2012-06-30,2012-06-30,2019-05-07,-594000000.0,49937000000.0,48905500000.0,4586000000.0,45351000000.0,0.418,23.648,-2992000000.0,3226000000.0,3226000000.0,9447000000.0,1756000000.0,0.89,5.787,27236000000.0,1855000000.0,25381000000.0,27236000000.0,187000000.0,3161000000.0,0.0,0.025,2.08,4181000000.0,7342000000.0,0.359,7342000000.0,4181000000.0,2590000000.0,5.48,5.44,5.48,7357000000.0,7513000000.0,7357000000.0,49865787449.0,12.0,6.792,2536000000.0,8.152,1.0,10995000000.0,0.538,29570000000.0,1591000000.0,39224000000.0,38188750000.0,0.0,771000000.0,0.0,771000000.0,42572000000.0,5153000000.0,37419000000.0,25655787449.0,-284000000.0,-1591000000.0,-1644000000.0,1223000000.0,-668000000.0,-1115000000.0,-4697000000.0,-76000000.0,5528000000.0,0.0,1754000000.0,1754000000.0,1754000000.0,0.0,2000000.0,0.086,6782000000.0,4213000000.0,399000000.0,0.38,3.487,14.627,14.982,14526000000.0,0.0,82.1,1.255,1.249,791000000.0,79000000.0,20442000000.0,20442000000.0,0.0,0.036,0.233,0.109,0.205,58000000.0,3440000000.0,1.0,312494366.0,311100000,315300000.0,65.709,20367000000.0,379000000.0,836000000.0,11084000000.0,65.468,-567000000.0
16,TWC,MRT,2012-03-31,2012-03-31,2012-03-31,2019-05-07,-551000000.0,49296000000.0,47897250000.0,3888000000.0,45408000000.0,0.417,23.95,-2980000000.0,2629000000.0,2629000000.0,9270000000.0,1724000000.0,0.696,5.556,26839000000.0,2495000000.0,24344000000.0,26839000000.0,202000000.0,3063000000.0,0.0,0.025,2.0,4072000000.0,7135000000.0,0.357,7135000000.0,4072000000.0,2512000000.0,5.29,5.25,5.29,7518000000.0,7684000000.0,7518000000.0,46863042986.0,12.0,6.568,2521000000.0,8.031,1.0,10712000000.0,0.536,29649000000.0,1560000000.0,38273000000.0,37611500000.0,0.0,770000000.0,0.0,770000000.0,41770000000.0,5584000000.0,36186000000.0,25598042986.0,-404000000.0,-1886000000.0,-2055000000.0,1808000000.0,-654000000.0,-937000000.0,-4968000000.0,-69000000.0,5501000000.0,0.0,1722000000.0,1722000000.0,1722000000.0,0.0,2000000.0,0.086,6576000000.0,4136000000.0,352000000.0,0.378,3.405,14.865,15.406,14542000000.0,0.0,81.5,1.281,1.28,647000000.0,100000000.0,19982000000.0,19982000000.0,0.0,0.036,0.224,0.108,0.204,53000000.0,3344000000.0,1.0,314086417.0,313900000,319000000.0,63.657,19647000000.0,398000000.0,790000000.0,11022000000.0,62.59,-1696000000.0
17,TWC,MRT,2011-12-31,2011-12-31,2011-12-31,2019-05-07,-559000000.0,48276000000.0,46858000000.0,6398000000.0,41878000000.0,0.42,22.839,-2937000000.0,5177000000.0,5177000000.0,9138000000.0,1667000000.0,1.191,5.41,26442000000.0,2122000000.0,24320000000.0,26442000000.0,169000000.0,3027000000.0,0.0,0.03,1.92,3978000000.0,7005000000.0,0.356,7005000000.0,3978000000.0,2460000000.0,5.02,4.97,5.02,7530000000.0,7962500000.0,7530000000.0,41185925238.0,10.0,5.88,2751000000.0,8.344,1.0,10537000000.0,0.536,26747000000.0,1518000000.0,37424000000.0,37069000000.0,0.0,774000000.0,0.0,774000000.0,40739000000.0,5370000000.0,35369000000.0,20285925238.0,2130000000.0,-558000000.0,-2543000000.0,3158000000.0,-642000000.0,-28000000.0,-3530000000.0,-19000000.0,5688000000.0,0.0,1665000000.0,1665000000.0,1665000000.0,0.0,2000000.0,0.085,6468000000.0,4069000000.0,545000000.0,0.382,2.694,12.184,12.663,13905000000.0,0.0,63.57,1.031,1.065,767000000.0,68000000.0,19675000000.0,19675000000.0,0.0,0.036,0.209,0.107,0.202,64000000.0,3311000000.0,1.0,319111613.0,329700000,335300000.0,59.675,21529000000.0,267000000.0,795000000.0,10198000000.0,65.299,1028000000.0
18,TWC,MRT,2011-09-30,2011-09-30,2011-09-30,2019-05-07,-370000000.0,48113000000.0,46244500000.0,6687000000.0,41426000000.0,0.421,23.616,-2777000000.0,5573000000.0,5573000000.0,9123000000.0,1496000000.0,1.44,5.291,26473000000.0,1774000000.0,24699000000.0,26473000000.0,168000000.0,2997000000.0,0.0,0.029,1.84,3906000000.0,6903000000.0,0.354,6903000000.0,3906000000.0,2434000000.0,4.39,4.34,4.39,7647000000.0,8382500000.0,7647000000.0,41052228888.0,11.0,5.947,3011000000.0,9.299,1.0,10360000000.0,0.532,26534000000.0,1472000000.0,37834000000.0,36837000000.0,0.0,781000000.0,0.0,781000000.0,40459000000.0,4645000000.0,35814000000.0,20379228888.0,4445000000.0,-340000000.0,-2618000000.0,5006000000.0,-632000000.0,1750000000.0,-3093000000.0,0.0,5788000000.0,0.0,1493000000.0,1493000000.0,1493000000.0,0.0,3000000.0,0.077,6326000000.0,4034000000.0,331000000.0,0.419,2.665,13.65,14.276,13506000000.0,0.0,62.67,1.046,1.042,708000000.0,-279000000.0,19483000000.0,19483000000.0,0.0,0.032,0.178,0.106,0.2,65000000.0,3285000000.0,1.0,325183164.0,323800000,329100000.0,60.17,21579000000.0,201000000.0,941000000.0,10186000000.0,66.643,2042000000.0
19,TWC,MRT,2011-06-30,2011-06-30,2011-06-30,2019-05-07,-317000000.0,45904000000.0,45137750000.0,4531000000.0,41373000000.0,0.428,24.075,-2821000000.0,3510000000.0,3510000000.0,9058000000.0,1503000000.0,1.443,4.708,24183000000.0,261000000.0,23922000000.0,24183000000.0,177000000.0,3012000000.0,0.0,0.023,1.76,3825000000.0,6837000000.0,0.354,6837000000.0,3825000000.0,2390000000.0,4.3,4.26,4.3,8041000000.0,8827000000.0,8041000000.0,46296787263.0,12.0,6.772,2785000000.0,8.338,1.0,10248000000.0,0.531,26521000000.0,1435000000.0,36915000000.0,36067250000.0,0.0,809000000.0,0.0,809000000.0,37855000000.0,3141000000.0,34714000000.0,26252787263.0,2696000000.0,-264000000.0,-2017000000.0,2796000000.0,-618000000.0,153000000.0,-3063000000.0,0.0,5606000000.0,0.0,1497000000.0,1497000000.0,1497000000.0,0.0,6000000.0,0.078,6289000000.0,3959000000.0,300000000.0,0.409,3.265,17.537,18.149,13583000000.0,0.0,78.04,1.36,1.35,704000000.0,-273000000.0,19306000000.0,19306000000.0,0.0,0.033,0.17,0.106,0.198,66000000.0,3241000000.0,1.0,336401682.0,334000000,339600000.0,57.802,19383000000.0,147000000.0,893000000.0,9981000000.0,58.033,1390000000.0
20,TWC,MRT,2011-03-31,2011-03-31,2011-03-31,2019-05-07,-287000000.0,45139000000.0,44436250000.0,4042000000.0,41097000000.0,0.43,25.13,-2857000000.0,3033000000.0,3033000000.0,8966000000.0,1424000000.0,1.462,4.228,23077000000.0,0.0,23077000000.0,23077000000.0,182000000.0,3071000000.0,0.0,0.024,1.68,3695000000.0,6766000000.0,0.354,6766000000.0,3695000000.0,2285000000.0,4.01,3.97,4.01,8632000000.0,9109750000.0,8632000000.0,44571096815.0,12.0,6.588,2545000000.0,7.409,1.0,10130000000.0,0.53,26315000000.0,1410000000.0,36103000000.0,35420500000.0,0.0,836000000.0,0.0,836000000.0,36500000000.0,2765000000.0,33735000000.0,24497096815.0,2672000000.0,23000000.0,-1154000000.0,1834000000.0,-599000000.0,80000000.0,-2810000000.0,0.0,5402000000.0,0.0,1419000000.0,1419000000.0,1419000000.0,0.0,5000000.0,0.074,6316000000.0,3814000000.0,290000000.0,0.419,2.838,17.264,17.791,13562000000.0,0.0,71.34,1.283,1.283,632000000.0,-135000000.0,19096000000.0,19096000000.0,0.0,0.032,0.156,0.104,0.193,71000000.0,3198000000.0,1.0,343385153.0,343500000,349800000.0,55.592,18824000000.0,176000000.0,866000000.0,9892000000.0,54.801,1277000000.0
21,TWC,MRT,2010-12-31,2010-12-31,2010-12-31,2019-05-07,-291000000.0,45822000000.0,43808000000.0,4340000000.0,41482000000.0,0.431,26.002,-2930000000.0,3047000000.0,3047000000.0,8873000000.0,1313000000.0,1.406,3.974,23121000000.0,0.0,23121000000.0,23121000000.0,163000000.0,3129000000.0,0.0,0.024,1.6,3585000000.0,6714000000.0,0.356,6714000000.0,3585000000.0,2191000000.0,3.67,3.64,3.67,9210000000.0,9175000000.0,9210000000.0,43675056725.0,12.0,6.505,2288000000.0,6.46,1.0,9995000000.0,0.53,26314000000.0,1394000000.0,36496000000.0,34933750000.0,0.0,866000000.0,0.0,866000000.0,36605000000.0,3086000000.0,33519000000.0,23489056725.0,1999000000.0,48000000.0,-350000000.0,578000000.0,-576000000.0,-347000000.0,-2872000000.0,0.0,5218000000.0,0.0,1308000000.0,1308000000.0,1308000000.0,0.0,5000000.0,0.069,6306000000.0,3689000000.0,529000000.0,0.436,2.55,17.958,17.992,13873000000.0,0.0,66.03,1.245,1.24,718000000.0,54000000.0,18868000000.0,18868000000.0,0.0,0.03,0.143,0.103,0.19,90000000.0,3125000000.0,1.0,355733102.0,354200000,359500000.0,53.269,19508000000.0,150000000.0,883000000.0,9637000000.0,55.076,1254000000.0
22,TWC,MRT,2010-09-30,2010-09-30,2010-09-30,2019-05-07,-289000000.0,43686000000.0,43276000000.0,2343000000.0,41343000000.0,0.43,26.512,-3092000000.0,1128000000.0,1128000000.0,8637000000.0,1243000000.0,0.838,3.634,21314000000.0,0.0,21314000000.0,21314000000.0,163000000.0,3190000000.0,0.0,0.022,1.2,3520000000.0,6710000000.0,0.361,6710000000.0,3520000000.0,2141000000.0,3.48,3.46,3.48,9425000000.0,9043750000.0,9425000000.0,39621912756.0,11.0,5.905,2056000000.0,5.783,1.0,9962000000.0,0.536,26321000000.0,1379000000.0,34755000000.0,34695250000.0,0.0,905000000.0,0.0,905000000.0,34253000000.0,2796000000.0,31457000000.0,19188912756.0,622000000.0,-39000000.0,88000000.0,-1065000000.0,-432000000.0,-1405000000.0,-3121000000.0,0.0,5148000000.0,0.0,1238000000.0,1238000000.0,1238000000.0,0.0,5000000.0,0.067,6376000000.0,3586000000.0,342000000.0,0.345,2.036,15.5,15.514,13666000000.0,0.0,53.99,1.032,1.032,673000000.0,103000000.0,18599000000.0,18599000000.0,0.0,0.029,0.137,0.101,0.189,87000000.0,3123000000.0,1.0,355416054.0,355500000,361000000.0,52.318,17365000000.0,133000000.0,903000000.0,9382000000.0,48.847,-453000000.0
23,TWC,MRT,2010-06-30,2010-06-30,2010-06-30,2019-05-07,-293000000.0,43098000000.0,43026000000.0,1756000000.0,41342000000.0,0.427,25.851,-3174000000.0,814000000.0,814000000.0,8579000000.0,1148000000.0,0.613,3.698,21247000000.0,0.0,21247000000.0,21247000000.0,180000000.0,3193000000.0,0.0,0.015,0.8,3430000000.0,6623000000.0,0.361,6623000000.0,3430000000.0,2049000000.0,3.24,3.22,3.24,9172000000.0,8741250000.0,9172000000.0,39238722124.0,11.0,5.925,2126000000.0,5.992,1.0,9784000000.0,0.533,26338000000.0,1381000000.0,34328000000.0,34767500000.0,0.0,933000000.0,0.0,933000000.0,33922000000.0,2865000000.0,31057000000.0,18461722124.0,286000000.0,-96000000.0,78000000.0,-1544000000.0,-288000000.0,-1755000000.0,-3259000000.0,0.0,5300000000.0,0.0,1146000000.0,1146000000.0,1146000000.0,0.0,2000000.0,0.062,6297000000.0,3487000000.0,333000000.0,0.247,2.013,16.11,16.074,13722000000.0,0.0,52.08,1.005,1.006,657000000.0,-257000000.0,18363000000.0,18363000000.0,0.0,0.027,0.131,0.099,0.187,91000000.0,3040000000.0,1.0,354487752.0,354800000,360100000.0,51.756,16760000000.0,130000000.0,903000000.0,9110000000.0,47.238,-1109000000.0
24,TWC,MRT,2010-03-31,2010-03-31,2010-03-31,2019-05-07,-314000000.0,42626000000.0,42944500000.0,1287000000.0,41339000000.0,0.422,25.2,-3198000000.0,361000000.0,361000000.0,8502000000.0,1123000000.0,0.455,3.793,21138000000.0,0.0,21138000000.0,21138000000.0,178000000.0,3145000000.0,0.0,0.008,0.4,3398000000.0,6543000000.0,0.361,6543000000.0,3398000000.0,2022000000.0,3.18,3.16,3.18,8893000000.0,8427500000.0,8893000000.0,40077918851.0,12.0,6.125,2226000000.0,6.308,1.0,9601000000.0,0.53,26416000000.0,1376000000.0,34156000000.0,35050000000.0,0.0,961000000.0,0.0,961000000.0,33728000000.0,2831000000.0,30897000000.0,18794918851.0,-35000000.0,-80000000.0,43000000.0,-2090000000.0,-144000000.0,-2194000000.0,-3265000000.0,0.0,5424000000.0,0.0,1120000000.0,1120000000.0,1120000000.0,0.0,3000000.0,0.062,6150000000.0,3451000000.0,279000000.0,0.126,2.113,16.781,16.764,13721000000.0,0.0,53.31,1.038,1.039,548000000.0,-599000000.0,18103000000.0,18103000000.0,0.0,0.026,0.133,0.097,0.188,93000000.0,2956000000.0,1.0,352558973.0,352900000,357000000.0,51.298,16210000000.0,139000000.0,902000000.0,9043000000.0,45.934,-1544000000.0
25,TWC,MRT,2009-12-31,2009-12-31,2009-12-31,2019-05-07,-319000000.0,43694000000.0,42919000000.0,2102000000.0,41592000000.0,0.416,24.885,-3231000000.0,1048000000.0,1048000000.0,8455000000.0,1092000000.0,0.711,4.031,22331000000.0,0.0,22331000000.0,22331000000.0,170000000.0,3085000000.0,0.0,0.744,30.81,3209000000.0,6294000000.0,0.352,6294000000.0,3209000000.0,1890000000.0,3.07,3.05,3.07,8685000000.0,8099500000.0,8685000000.0,36249239162.0,11.0,5.759,1948000000.0,5.582,1.0,9413000000.0,0.527,26477000000.0,1319000000.0,35542000000.0,35529250000.0,0.0,975000000.0,0.0,975000000.0,35005000000.0,2958000000.0,32047000000.0,14587239162.0,-4401000000.0,-88000000.0,4000000.0,4587000000.0,-10856000000.0,-6273000000.0,-3307000000.0,0.0,5179000000.0,0.0,1070000000.0,1070000000.0,1070000000.0,0.0,22000000.0,0.06,6096000000.0,3317000000.0,478000000.0,10.036,1.68,13.633,13.482,13919000000.0,0.0,41.39,0.816,0.808,663000000.0,-813000000.0,17868000000.0,17868000000.0,0.0,0.025,0.132,0.09,0.18,97000000.0,2930000000.0,1.0,352433901.0,349000000,350900000.0,51.198,17217000000.0,139000000.0,820000000.0,8957000000.0,49.332,-856000000.0
26,TWC,MRT,2009-09-30,2009-09-30,2009-09-30,2019-05-07,-448000000.0,42686000000.0,43967750000.0,1561000000.0,41125000000.0,0.403,23.312,-3227000000.0,506000000.0,506000000.0,8471000000.0,-8100000000.0,0.562,4.196,22168000000.0,0.0,22168000000.0,22168000000.0,170000000.0,3057000000.0,0.0,0.715,30.81,-11283000000.0,-8226000000.0,-0.464,-8226000000.0,-11283000000.0,-12533000000.0,-22.93,-22.94,-22.93,8215000000.0,10219250000.0,8215000000.0,37281261904.0,-3.0,-4.532,2014000000.0,5.715,1.0,9267000000.0,0.522,26528000000.0,1250000000.0,35044000000.0,34295250000.0,0.0,901000000.0,0.0,901000000.0,34467000000.0,2776000000.0,31691000000.0,15183261904.0,-2584000000.0,-154000000.0,2000000.0,6353000000.0,-10856000000.0,-4508000000.0,-3317000000.0,0.0,5241000000.0,0.0,-7416000000.0,-7416000000.0,-7416000000.0,0.0,-684000000.0,-0.418,20785000000.0,-11518000000.0,339000000.0,-1.344,1.848,-2.047,-1.879,13543000000.0,0.0,43.09,0.856,0.856,646000000.0,-1135000000.0,17738000000.0,17738000000.0,0.0,-0.169,-0.726,-0.329,-0.636,91000000.0,2830000000.0,1.0,352361613.0,352400000,354500000.0,50.335,16158000000.0,132000000.0,-5117000000.0,8645000000.0,45.851,-1215000000.0
27,TWC,MRT,2009-06-30,2009-06-30,2009-06-30,2019-05-07,-459000000.0,42772000000.0,48399750000.0,1593000000.0,41179000000.0,0.363,22.472,-3343000000.0,528000000.0,528000000.0,8380000000.0,-8033000000.0,0.563,4.402,22626000000.0,0.0,22626000000.0,22626000000.0,170000000.0,3046000000.0,0.0,0.973,30.81,-11336000000.0,-8290000000.0,-0.472,-8290000000.0,-11336000000.0,-12467000000.0,-22.77,-22.78,-22.77,7917000000.0,14562750000.0,7917000000.0,33920432633.0,-3.0,-4.092,1993000000.0,5.657,1.0,9200000000.0,0.523,26584000000.0,1131000000.0,35458000000.0,32762500000.0,0.0,911000000.0,0.0,911000000.0,34851000000.0,2828000000.0,32023000000.0,11158432633.0,-3321000000.0,-642000000.0,0.0,6125000000.0,-10856000000.0,-4735000000.0,-3922000000.0,0.0,5336000000.0,0.0,-7383000000.0,-7383000000.0,-7383000000.0,0.0,-650000000.0,-0.42,20758000000.0,-11558000000.0,395000000.0,-1.353,1.409,-1.511,-1.391,13557000000.0,0.0,31.67,0.635,0.635,617000000.0,-1402000000.0,17580000000.0,17580000000.0,0.0,-0.153,-0.507,-0.346,-0.645,84000000.0,2820000000.0,1.0,352334469.0,352300000,353700000.0,49.901,16188000000.0,142000000.0,-5084000000.0,8515000000.0,45.949,-1235000000.0
28,TWC,MRT,2009-03-31,2009-03-31,2009-03-31,2019-05-07,-457000000.0,42524000000.0,52820000000.0,1342000000.0,41182000000.0,0.329,22.363,-3445000000.0,396000000.0,396000000.0,8270000000.0,-8045000000.0,0.521,4.609,23158000000.0,0.0,23158000000.0,23158000000.0,167000000.0,3070000000.0,0.0,1.242,30.81,-11727000000.0,-8657000000.0,-0.497,-8657000000.0,-11727000000.0,-12522000000.0,-22.82,-22.82,-22.82,7581000000.0,18901000000.0,7581000000.0,20354651877.0,-2.0,-2.351,1810000000.0,5.339,1.0,9134000000.0,0.525,26638000000.0,795000000.0,36073000000.0,31121500000.0,0.0,917000000.0,0.0,917000000.0,34939000000.0,2575000000.0,32364000000.0,8076651877.0,170000000.0,-671000000.0,0.0,9831000000.0,-10856000000.0,-1027000000.0,-4058000000.0,0.0,5255000000.0,0.0,-7422000000.0,-7422000000.0,-7422000000.0,0.0,-623000000.0,-0.426,20836000000.0,-11702000000.0,413000000.0,-1.35,1.065,-1.088,-1.087,13461000000.0,0.0,24.8,0.464,0.483,526000000.0,-1719000000.0,17404000000.0,17404000000.0,0.0,-0.141,-0.393,-0.377,-0.674,79000000.0,2830000000.0,1.0,325671447.0,339000000,339600000.0,51.339,15886000000.0,141000000.0,-5100000000.0,8334000000.0,46.861,-1233000000.0
29,TWC,MRT,2008-12-31,2008-12-31,2008-12-31,2019-05-07,-467000000.0,47889000000.0,56319750000.0,6659000000.0,41230000000.0,0.305,52.699,-3522000000.0,5449000000.0,5449000000.0,8145000000.0,-7963000000.0,2.318,1.725,17727000000.0,0.0,17727000000.0,17727000000.0,156000000.0,3088000000.0,0.0,0.0,0.0,-11530000000.0,-8442000000.0,-0.491,-8442000000.0,-11530000000.0,-12453000000.0,-22.55,-22.55,-22.55,17164000000.0,23255000000.0,17164000000.0,33614196011.0,-3.0,-3.982,1778000000.0,5.459,1.0,9055000000.0,0.526,26688000000.0,923000000.0,30606000000.0,28461500000.0,0.0,895000000.0,0.0,895000000.0,29615000000.0,2873000000.0,26742000000.0,20956196011.0,5217000000.0,-685000000.0,0.0,4062000000.0,0.0,4057000000.0,-4140000000.0,0.0,5300000000.0,0.0,-7344000000.0,-7344000000.0,-7344000000.0,0.0,-619000000.0,-0.427,20837000000.0,-11782000000.0,755000000.0,0.0,1.221,-2.854,-2.854,13537000000.0,0.0,64.35,1.218,1.219,853000000.0,-1886000000.0,17200000000.0,17200000000.0,0.0,-0.13,-0.316,-0.405,-0.67,78000000.0,2854000000.0,1.0,325659612.0,325700000,325700000.0,52.809,21201000000.0,156000000.0,-5109000000.0,8193000000.0,65.094,3786000000.0
30,TWC,MRT,2008-09-30,2008-09-30,2008-09-30,2019-05-07,-177000000.0,60414000000.0,58497500000.0,4611000000.0,55803000000.0,0.289,78.566,-3607000000.0,3090000000.0,3090000000.0,7994000000.0,1332000000.0,1.771,1.361,15748000000.0,0.0,15748000000.0,15748000000.0,157000000.0,3087000000.0,0.0,0.0,0.0,2677000000.0,5764000000.0,0.341,5764000000.0,2677000000.0,2036000000.0,3.53,3.53,3.53,25589000000.0,25140500000.0,25589000000.0,36256508545.0,14.0,6.29,1567000000.0,4.811,1.0,8893000000.0,0.527,41556000000.0,641000000.0,28913000000.0,27222000000.0,0.0,730000000.0,0.0,730000000.0,34825000000.0,2603000000.0,32222000000.0,23642508545.0,2579000000.0,-545000000.0,0.0,1496000000.0,0.0,1484000000.0,-4079000000.0,0.0,5174000000.0,0.0,1147000000.0,1147000000.0,1147000000.0,0.0,185000000.0,0.068,5936000000.0,2957000000.0,618000000.0,0.0,0.924,20.612,20.567,13304000000.0,0.0,72.6,1.4,1.4,808000000.0,6278000000.0,16887000000.0,16887000000.0,0.0,0.02,0.046,0.098,0.159,74000000.0,2787000000.0,1.0,325654388.0,325700000,326100000.0,51.848,18858000000.0,93000000.0,889000000.0,13959000000.0,57.9,2008000000.0
31,TWC,MRT,2008-06-30,2008-06-30,2008-06-30,2019-05-07,-180000000.0,60453000000.0,57542250000.0,4772000000.0,55681000000.0,0.288,77.611,-3594000000.0,3849000000.0,3849000000.0,7812000000.0,1245000000.0,1.87,1.392,16463000000.0,0.0,16463000000.0,16463000000.0,166000000.0,3068000000.0,0.0,0.0,0.0,2562000000.0,5630000000.0,0.34,5630000000.0,2562000000.0,1923000000.0,3.36,3.36,3.36,25270000000.0,24843250000.0,25270000000.0,38869413038.0,15.0,6.904,1300000000.0,3.993,1.0,8736000000.0,0.528,41621000000.0,639000000.0,28894000000.0,26493750000.0,0.0,731000000.0,0.0,731000000.0,35183000000.0,2552000000.0,32631000000.0,25869413038.0,3779000000.0,-109000000.0,0.0,2524000000.0,0.0,2516000000.0,-3631000000.0,0.0,4894000000.0,0.0,1094000000.0,1094000000.0,1094000000.0,0.0,151000000.0,0.066,5886000000.0,2850000000.0,659000000.0,0.0,1.024,23.647,23.643,13172000000.0,0.0,79.44,1.563,1.563,717000000.0,5977000000.0,16548000000.0,16548000000.0,0.0,0.019,0.044,0.097,0.155,69000000.0,2760000000.0,1.0,325647193.0,325600000,326000000.0,50.823,18832000000.0,80000000.0,829000000.0,13662000000.0,57.838,2220000000.0
32,TWC,MRT,2008-03-31,2008-03-31,2008-03-31,2019-05-07,-171000000.0,56523000000.0,56397250000.0,1064000000.0,55459000000.0,0.288,76.772,-3562000000.0,226000000.0,226000000.0,7666000000.0,1212000000.0,0.445,1.261,13226000000.0,0.0,13226000000.0,13226000000.0,180000000.0,3014000000.0,0.0,0.0,0.0,2529000000.0,5543000000.0,0.341,5543000000.0,2529000000.0,1890000000.0,3.35,3.35,3.35,24997000000.0,24540250000.0,24997000000.0,37748907343.0,15.0,6.81,1181000000.0,3.627,1.0,8598000000.0,0.529,41700000000.0,639000000.0,25433000000.0,25624500000.0,0.0,729000000.0,0.0,729000000.0,31526000000.0,2390000000.0,29136000000.0,24403907343.0,179000000.0,-122000000.0,0.0,-931000000.0,0.0,-951000000.0,-3613000000.0,0.0,4743000000.0,0.0,1089000000.0,1089000000.0,1089000000.0,0.0,123000000.0,0.067,5775000000.0,2823000000.0,521000000.0,0.0,0.976,22.409,22.37,12932000000.0,0.0,74.94,1.5,1.5,631000000.0,5702000000.0,16264000000.0,16264000000.0,0.0,0.019,0.044,0.099,0.155,88000000.0,2746000000.0,1.0,325645948.0,325600000,325800000.0,49.951,14823000000.0,80000000.0,801000000.0,13432000000.0,45.525,-1326000000.0
33,TWC,MRT,2007-12-31,2007-12-31,2007-12-31,2019-05-07,-174000000.0,56600000000.0,56174000000.0,1163000000.0,55437000000.0,0.284,75.878,-3433000000.0,232000000.0,232000000.0,7542000000.0,1222000000.0,0.459,1.291,13577000000.0,0.0,13577000000.0,13577000000.0,164000000.0,2976000000.0,0.0,0.0,0.0,2823000000.0,5799000000.0,0.363,5799000000.0,2823000000.0,1929000000.0,3.45,3.45,3.45,24706000000.0,24243750000.0,24706000000.0,40629890266.0,14.0,7.006,1130000000.0,3.471,1.0,8413000000.0,0.527,41761000000.0,894000000.0,25648000000.0,25664250000.0,0.0,735000000.0,0.0,735000000.0,31894000000.0,2536000000.0,29358000000.0,26962890266.0,181000000.0,-60000000.0,0.0,-866000000.0,0.0,-950000000.0,-3432000000.0,0.0,4563000000.0,0.0,1123000000.0,1123000000.0,1123000000.0,0.0,99000000.0,0.07,5647000000.0,2766000000.0,657000000.0,0.0,1.091,24.01,24.0,12873000000.0,0.0,82.8,1.69,1.69,745000000.0,5459000000.0,15955000000.0,15955000000.0,0.0,0.02,0.046,0.11,0.177,59000000.0,2648000000.0,1.0,325638771.0,325600000,325700000.0,49.002,14839000000.0,91000000.0,806000000.0,13291000000.0,45.574,-1373000000.0
34,TWC,MRT,2007-09-30,2007-09-30,2007-09-30,2019-05-07,-123000000.0,56593000000.0,55979250000.0,1390000000.0,55203000000.0,0.277,74.931,-3412000000.0,511000000.0,511000000.0,7304000000.0,1062000000.0,0.578,1.319,14178000000.0,0.0,14178000000.0,14178000000.0,185000000.0,2884000000.0,0.0,0.0,0.0,2444000000.0,5328000000.0,0.343,5328000000.0,2444000000.0,1755000000.0,3.27,3.27,3.27,24400000000.0,23958250000.0,24400000000.0,45841793730.0,19.0,8.604,875000000.0,2.687,1.0,8213000000.0,0.529,41855000000.0,689000000.0,26000000000.0,25932750000.0,0.0,733000000.0,0.0,733000000.0,32193000000.0,2405000000.0,29788000000.0,32042793730.0,511000000.0,-461000000.0,0.0,-526000000.0,0.0,-540000000.0,-3236000000.0,0.0,4287000000.0,0.0,1062000000.0,1062000000.0,1062000000.0,-20000000.0,0.0,0.068,5609000000.0,2604000000.0,529000000.0,0.0,1.313,30.172,30.092,12455000000.0,0.0,98.4,2.065,2.065,759000000.0,5132000000.0,15517000000.0,15517000000.0,0.0,0.019,0.044,0.094,0.158,55000000.0,2692000000.0,1.0,325638148.0,325633000,325833000.0,47.652,14738000000.0,0.0,693000000.0,13127000000.0,45.26,-1015000000.0
35,TWC,MRT,2007-06-30,2007-06-30,2007-06-30,2019-05-07,-143000000.0,55873000000.0,55697750000.0,847000000.0,55026000000.0,0.264,73.881,-3261000000.0,70000000.0,70000000.0,6909000000.0,1994000000.0,0.358,1.322,13869000000.0,0.0,13869000000.0,13869000000.0,189000000.0,2706000000.0,0.0,0.0,0.0,3314000000.0,6020000000.0,0.409,6020000000.0,3314000000.0,2666000000.0,6.12,6.12,6.12,24058000000.0,23737000000.0,24058000000.0,52360699053.0,16.0,8.698,997000000.0,3.062,1.0,7816000000.0,0.531,41890000000.0,648000000.0,25417000000.0,26155750000.0,0.0,692000000.0,0.0,692000000.0,31815000000.0,2365000000.0,29450000000.0,38265699053.0,44000000.0,-9734000000.0,0.0,9722000000.0,0.0,8144000000.0,-12358000000.0,0.0,4258000000.0,0.0,1994000000.0,1994000000.0,1994000000.0,-974000000.0,0.0,0.135,5343000000.0,2473000000.0,653000000.0,0.0,1.591,19.19,19.201,12301000000.0,0.0,117.51,2.599,2.599,689000000.0,4884000000.0,14725000000.0,14725000000.0,0.0,0.036,0.084,0.127,0.225,50000000.0,2586000000.0,1.0,325637810.0,325633000,325733000.0,45.22,13983000000.0,0.0,672000000.0,13053000000.0,42.941,-1518000000.0
36,TWC,MRT,2007-03-31,2007-03-31,2007-03-31,2019-05-07,-128000000.0,55630000000.0,,771000000.0,54859000000.0,,73.122,-2997000000.0,47000000.0,47000000.0,6152000000.0,2015000000.0,0.345,1.336,14142000000.0,0.0,14142000000.0,14142000000.0,162000000.0,2379000000.0,0.0,0.0,0.0,3446000000.0,5825000000.0,0.44,5825000000.0,3446000000.0,2685000000.0,6.15,6.15,6.15,23811000000.0,,23811000000.0,50981946222.0,15.0,8.752,822000000.0,2.524,1.0,7081000000.0,0.535,41895000000.0,761000000.0,25592000000.0,,0.0,684000000.0,0.0,684000000.0,31819000000.0,2238000000.0,29581000000.0,36604946222.0,47000000.0,-9750000000.0,0.0,9911000000.0,0.0,8338000000.0,-12110000000.0,0.0,3819000000.0,0.0,2015000000.0,2015000000.0,2015000000.0,-1007000000.0,0.0,0.152,4775000000.0,2306000000.0,609000000.0,0.0,1.537,18.166,18.278,12123000000.0,0.0,112.41,2.766,2.766,621000000.0,4612000000.0,13233000000.0,13233000000.0,0.0,,,,0.26,24000000.0,2340000000.0,1.0,325637810.0,325633000,325633000.0,40.638,13735000000.0,0.0,670000000.0,12985000000.0,42.179,-1467000000.0
37,TWC,MRT,2006-12-31,2006-12-31,2006-12-31,2019-05-07,-130000000.0,55821000000.0,49749000000.0,988000000.0,54833000000.0,0.237,71.377,-2774000000.0,51000000.0,51000000.0,5356000000.0,1976000000.0,0.397,1.369,14428000000.0,0.0,14428000000.0,14428000000.0,156000000.0,2050000000.0,0.0,,0.0,3242000000.0,5292000000.0,0.45,5292000000.0,3242000000.0,2596000000.0,6.0,6.0,6.0,23564000000.0,21955500000.0,23564000000.0,,,,821000000.0,2.487,1.0,6411000000.0,0.545,40986000000.0,646000000.0,26722000000.0,21839000000.0,0.0,2072000000.0,0.0,2072000000.0,32257000000.0,2490000000.0,29767000000.0,,39000000.0,-9862000000.0,0.0,9959000000.0,0.0,8443000000.0,-11999000000.0,0.0,3595000000.0,0.0,1976000000.0,1976000000.0,1976000000.0,-1038000000.0,0.0,0.168,4232000000.0,2179000000.0,818000000.0,0.0,,,,11601000000.0,0.0,,,,730000000.0,4370000000.0,11767000000.0,11767000000.0,0.0,0.04,0.09,0.148,0.276,33000000.0,2126000000.0,1.0,325637810.0,330133000,330133000.0,35.643,14835000000.0,78000000.0,620000000.0,12980000000.0,44.936,-1502000000.0
38,TWC,MRT,2006-09-30,2006-09-30,2006-09-30,2019-05-07,-7000000.0,55467000000.0,,762000000.0,54705000000.0,,71.648,-2331000000.0,0.0,0.0,4706000000.0,2139000000.0,0.349,1.359,14683000000.0,0.0,14683000000.0,14683000000.0,148000000.0,1769000000.0,0.0,,0.0,3104000000.0,4873000000.0,0.467,4873000000.0,3104000000.0,2576000000.0,6.45,,6.45,23515000000.0,,23515000000.0,,,,956000000.0,2.913,1.0,5725000000.0,0.549,41074000000.0,528000000.0,26892000000.0,,0.0,2269000000.0,0.0,2269000000.0,31952000000.0,2184000000.0,29768000000.0,,0.0,-9458000000.0,0.0,10135000000.0,0.0,8550000000.0,-11837000000.0,0.0,3287000000.0,0.0,2139000000.0,2139000000.0,2139000000.0,-1047000000.0,0.0,0.205,3675000000.0,2050000000.0,666000000.0,0.0,,,,11048000000.0,0.0,,,,655000000.0,4104000000.0,10431000000.0,10431000000.0,0.0,,,,0.298,36000000.0,1854000000.0,1.0,,328200000,,31.782,14393000000.0,0.0,437000000.0,12848000000.0,43.854,-1422000000.0
39,TWC,MRT,2006-06-30,2006-06-30,2006-06-30,2019-05-07,,,,,,,,,,,4196000000.0,1185000000.0,,,,,,,,,,,0.0,2074000000.0,,,,2074000000.0,1620000000.0,3.54,,3.54,,,,,,,,,1.0,5253000000.0,0.556,,454000000.0,,,,,,,,,,,,,,,,,,,,,1185000000.0,1185000000.0,1185000000.0,-116000000.0,0.0,0.125,3282000000.0,1971000000.0,,0.0,,,,,0.0,,,,,,9449000000.0,9449000000.0,0.0,,,,0.219,,1649000000.0,1.0,,333333000,,28.347,,,435000000.0,,,
40,TWC,MRT,2006-03-31,2006-03-31,2006-03-31,2019-05-07,,,,,,,,,,,,,,,,,,,,,,,0.0,,,,,,,,,,,,,,,,,,1.0,,,,,,,,,,,,,,,,,,,,,,,,,,,,,,,,,,,,,,,,,,,,,,,,,,,,,,1.0,,333333000,,,,,,,,
41,TWC,MRT,2005-12-31,2005-12-31,2005-12-31,2019-05-07,-7000000.0,43677000000.0,,487000000.0,43190000000.0,,61.041,-1971000000.0,12000000.0,12000000.0,3918000000.0,1253000000.0,0.287,1.147,4463000000.0,0.0,4463000000.0,4463000000.0,84000000.0,1537000000.0,0.0,,0.0,1870000000.0,3407000000.0,0.387,3407000000.0,1870000000.0,1406000000.0,3.75,3.75,3.75,20347000000.0,,20347000000.0,,,,569000000.0,1.707,1.0,4894000000.0,0.555,29476000000.0,464000000.0,16956000000.0,,0.0,1967000000.0,0.0,1967000000.0,23330000000.0,1696000000.0,21634000000.0,,-90000000.0,-113000000.0,0.0,-468000000.0,0.0,-498000000.0,-2132000000.0,0.0,2540000000.0,0.0,1253000000.0,1253000000.0,1253000000.0,-104000000.0,0.0,0.142,3108000000.0,1786000000.0,430000000.0,0.0,,,,8134000000.0,0.0,,,,398000000.0,2394000000.0,8812000000.0,8812000000.0,0.0,,,,0.212,53000000.0,1529000000.0,1.0,,333333000,333333000.0,26.436,14201000000.0,0.0,153000000.0,11631000000.0,42.603,-1209000000.0
42,TWC,MRT,2005-09-30,2005-09-30,2005-09-30,2019-05-07,,,,,,,,,,,,,,,,,,,,,,,0.0,,,,,,,,,,,,,,,,,,1.0,,,,,,,,,,,,,,,,,,,,,,,,,,,,,,,,,,,,,,,,,,,,,,,,,,,,,,1.0,,333333000,,,,,,,,
43,TWC,MRT,2004-12-31,2004-12-31,2004-12-31,2019-05-07,,,,,,,,-1709000000.0,,,3456000000.0,726000000.0,,,,,,,,1401000000.0,,,0.0,1645000000.0,3046000000.0,0.387,3046000000.0,1645000000.0,1180000000.0,2.19,2.19,2.19,,,,,,,952000000.0,2.856,1.0,4405000000.0,0.56,,465000000.0,,,,,,,,,,,-227000000.0,-107000000.0,0.0,-1059000000.0,0.0,-1072000000.0,-1816000000.0,0.0,2661000000.0,0.0,726000000.0,726000000.0,726000000.0,-95000000.0,0.0,0.092,2851000000.0,1554000000.0,,0.0,,,,,0.0,,,,,,7861000000.0,7861000000.0,0.0,,,,0.209,70000000.0,1450000000.0,,,333333000,333333000.0,23.583,,,454000000.0,,,
