None,ticker,dimension,calendardate,datekey,reportperiod,lastupdated,accoci,assets,assetsavg,assetsc,assetsnc,assetturnover,bvps,capex,cashneq,cashnequsd,cor,consolinc,currentratio,de,debt,debtc,debtnc,debtusd,deferredrev,depamor,deposits,divyield,dps,ebit,ebitda,ebitdamargin,ebitdausd,ebitusd,ebt,eps,epsdil,epsusd,equity,equityavg,equityusd,ev,evebit,evebitda,fcf,fcfps,fxusd,gp,grossmargin,intangibles,intexp,invcap,invcapavg,inventory,investments,investmentsc,investmentsnc,liabilities,liabilitiesc,liabilitiesnc,marketcap,ncf,ncfbus,ncfcommon,ncfdebt,ncfdiv,ncff,ncfi,ncfinv,ncfo,ncfx,netinc,netinccmn,netinccmnusd,netincdis,netincnci,netmargin,opex,opinc,payables,payoutratio,pb,pe,pe1,ppnenet,prefdivis,price,ps,ps1,receivables,retearn,revenue,revenueusd,rnd,roa,roe,roic,ros,sbcomp,sgna,sharefactor,sharesbas,shareswa,shareswadil,sps,tangibles,taxassets,taxexp,taxliabilities,tbvps,workingcapital
0,TWC,ARY,2015-12-31,2016-02-12,2015-12-31,2019-05-07,-414000000,49277000000,48803500000.0,2459000000,46818000000,0.486,31.829,-4446000000.0,1170000000,1170000000,11511000000.0,1844000000.0,0.623,4.478,22502000000,5000000,22497000000,22502000000,224000000,3696000000.0,0,0.02,3.75,4389000000.0,8085000000.0,0.341,8085000000.0,4389000000.0,2988000000.0,6.46,6.44,6.46,8995000000,8597000000.0,8995000000,73734186116.0,17.0,9.12,2093000000.0,7.406,1.0,12186000000.0,0.514,29590000000,1401000000.0,37070000000,37384500000.0,0,65000000,0,65000000,40278000000,3949000000,36329000000,52402186116.0,463000000.0,0.0,129000000.0,-1007000000.0,-865000000.0,-1731000000.0,-4345000000.0,-1000000.0,6539000000.0,0.0,1844000000.0,1844000000.0,1844000000.0,0.0,0.0,0.078,7947000000.0,4239000000.0,656000000,0.58,5.826,28.418,28.636,16945000000,0.0,184.99,2.211,2.206,916000000,1925000000,23697000000.0,23697000000.0,0.0,0.038,0.214,0.117,0.185,69000000.0,4048000000.0,1.0,283270372.0,282600000,285900000.0,83.854,19687000000,0,1144000000.0,12830000000,69.664,-1490000000
1,TWC,ARY,2014-12-31,2015-02-13,2014-12-31,2019-05-07,-324000000,48501000000,48686500000.0,2316000000,46185000000,0.469,28.69,-4097000000.0,707000000,707000000,10862000000.0,2031000000.0,0.515,5.052,23718000000,1017000000,22701000000,23718000000,198000000,3371000000.0,0,0.02,3.0,4667000000.0,8038000000.0,0.352,8038000000.0,4667000000.0,3248000000.0,7.21,7.17,7.21,8013000000,7605500000.0,8013000000,65073016462.0,14.0,8.096,2253000000.0,8.067,1.0,11950000000.0,0.524,29672000000,1419000000.0,37343000000,37493000000.0,0,64000000,0,64000000,40484000000,4497000000,35987000000,42062016462.0,182000000.0,0.0,-33000000.0,-1243000000.0,-857000000.0,-2076000000.0,-4092000000.0,17000000.0,6350000000.0,0.0,2031000000.0,2031000000.0,2031000000.0,0.0,0.0,0.089,7318000000.0,4632000000.0,567000000,0.416,5.249,20.71,20.768,15990000000,0.0,149.74,1.844,1.833,949000000,1162000000,22812000000.0,22812000000.0,0.0,0.042,0.267,0.124,0.205,41000000.0,3722000000.0,1.0,280900337.0,279300000,283000000.0,81.676,18829000000,269000000,1217000000.0,12560000000,67.415,-2181000000
2,TWC,ARY,2013-12-31,2014-02-18,2013-12-31,2019-05-07,44000000,48273000000,48557750000.0,2144000000,46129000000,0.456,24.141,-3198000000.0,525000000,525000000,10342000000.0,1954000000.0,0.41,5.952,25052000000,1767000000,23285000000,25052000000,188000000,3281000000.0,0,0.018,2.6,4591000000.0,7872000000.0,0.356,7872000000.0,4591000000.0,3039000000.0,6.76,6.7,6.76,6943000000,6812750000.0,6943000000,64751873961.0,14.0,8.226,2555000000.0,8.884,1.0,11778000000.0,0.532,29760000000,1552000000.0,37814000000,37275000000.0,0,56000000,0,56000000,41326000000,5226000000,36100000000,40224873961.0,-2779000000.0,-414000000.0,-2371000000.0,-1638000000.0,-758000000.0,-5056000000.0,-3476000000.0,138000000.0,5753000000.0,0.0,1954000000.0,1954000000.0,1954000000.0,0.0,0.0,0.088,7198000000.0,4580000000.0,565000000,0.385,5.794,20.586,21.447,15056000000,0.0,144.98,1.818,1.885,954000000,-55000000,22120000000.0,22120000000.0,0.0,0.04,0.287,0.123,0.208,35000000.0,3798000000.0,1.0,277451193.0,287600000,291700000.0,76.912,18513000000,334000000,1085000000.0,12098000000,64.371,-3082000000
3,TWC,ARY,2012-12-31,2013-02-15,2012-12-31,2019-05-07,-663000000,49809000000,49781750000.0,4877000000,44932000000,0.43,23.648,-1983000000.0,3304000000,3304000000,9942000000.0,2159000000.0,0.916,5.842,26689000000,1518000000,25171000000,26689000000,183000000,3264000000.0,0,0.026,2.24,4938000000.0,8202000000.0,0.384,8202000000.0,4938000000.0,3332000000.0,6.97,6.9,6.97,7279000000,7440750000.0,7279000000,49076970902.0,10.0,5.984,3542000000.0,11.507,1.0,11444000000.0,0.535,29541000000,1606000000.0,38328000000,38504000000.0,0,237000000,150000000,87000000,42526000000,5325000000,37201000000,25691970902.0,-1873000000.0,-1244000000.0,-1710000000.0,-1598000000.0,-700000000.0,-4053000000.0,-3345000000.0,-150000000.0,5525000000.0,0.0,2155000000.0,2155000000.0,2155000000.0,0.0,4000000.0,0.101,6999000000.0,4445000000.0,653000000,0.321,3.53,11.922,12.473,14742000000,0.0,86.94,1.201,1.251,883000000,363000000,21386000000.0,21386000000.0,0.0,0.043,0.29,0.128,0.231,49000000.0,3620000000.0,1.0,295513813.0,307800000,312400000.0,69.48,20268000000,317000000,1177000000.0,11280000000,65.848,-448000000
4,TWC,ARY,2011-12-31,2012-02-17,2011-12-31,2019-05-07,-559000000,48276000000,46858000000.0,6398000000,41878000000,0.42,22.839,-2937000000.0,5177000000,5177000000,9138000000.0,1667000000.0,1.191,5.41,26442000000,2122000000,24320000000,26442000000,169000000,3027000000.0,0,0.025,1.92,3978000000.0,7005000000.0,0.356,7005000000.0,3978000000.0,2460000000.0,5.02,4.97,5.02,7530000000,7962500000.0,7530000000,45656951144.0,11.0,6.518,2751000000.0,8.344,1.0,10537000000.0,0.536,26747000000,1518000000.0,37424000000,37069000000.0,0,774000000,0,774000000,40739000000,5370000000,35369000000,24391951144.0,2130000000.0,-630000000.0,-2543000000.0,3158000000.0,-642000000.0,-28000000.0,-3530000000.0,0.0,5688000000.0,0.0,1665000000.0,1665000000.0,1665000000.0,0.0,2000000.0,0.085,6468000000.0,4069000000.0,545000000,0.382,3.239,14.65,15.47,13905000000,0.0,77.66,1.24,1.301,767000000,68000000,19675000000.0,19675000000.0,0.0,0.036,0.209,0.107,0.202,64000000.0,3311000000.0,1.0,314086417.0,329700000,335300000.0,59.675,21529000000,267000000,795000000.0,10198000000,65.299,1028000000
5,TWC,ARY,2010-12-31,2011-02-18,2010-12-31,2019-05-07,-291000000,45822000000,43808000000.0,4340000000,41482000000,0.431,26.002,-2930000000.0,3047000000,3047000000,8941000000.0,1313000000.0,1.406,3.974,23121000000,0,23121000000,23121000000,163000000,3129000000.0,0,0.022,1.6,3585000000.0,6714000000.0,0.356,6714000000.0,3585000000.0,2191000000.0,3.67,3.64,3.67,9210000000,9175000000.0,9210000000,44759958649.0,12.0,6.667,2288000000.0,6.46,1.0,9927000000.0,0.526,26314000000,1394000000.0,36496000000,34933750000.0,0,866000000,0,866000000,36605000000,3086000000,33519000000,24685958649.0,1999000000.0,48000000.0,-359000000.0,578000000.0,-576000000.0,-347000000.0,-2872000000.0,0.0,5218000000.0,0.0,1308000000.0,1308000000.0,1308000000.0,0.0,5000000.0,0.069,6238000000.0,3689000000.0,529000000,0.436,2.68,18.873,19.589,13873000000,0.0,71.89,1.308,1.35,718000000,54000000,18868000000.0,18868000000.0,0.0,0.03,0.143,0.103,0.19,109000000.0,3057000000.0,1.0,343385153.0,354200000,359500000.0,53.269,19508000000,150000000,883000000.0,9637000000,55.076,1254000000
6,TWC,ARY,2009-12-31,2010-02-19,2009-12-31,2019-05-07,-319000000,43694000000,42919000000.0,2102000000,41592000000,0.416,24.885,-3231000000.0,1048000000,1048000000,8555000000.0,1092000000.0,0.711,4.031,22331000000,0,22331000000,22331000000,170000000,3085000000.0,0,0.657,30.81,3209000000.0,6294000000.0,0.352,6294000000.0,3209000000.0,1890000000.0,3.07,3.05,3.07,8685000000,8099500000.0,8685000000,37814490244.0,12.0,6.008,1948000000.0,5.582,1.0,9313000000.0,0.521,26477000000,1319000000.0,35542000000,35529250000.0,0,975000000,0,975000000,35005000000,2958000000,32047000000,16531490244.0,-4401000000.0,-88000000.0,0.0,4587000000.0,-10856000000.0,-6273000000.0,-3307000000.0,0.0,5179000000.0,0.0,1070000000.0,1070000000.0,1070000000.0,0.0,22000000.0,0.06,5996000000.0,3317000000.0,520000000,10.036,1.903,15.45,15.274,13919000000,0.0,46.89,0.925,0.916,663000000,-813000000,17868000000.0,17868000000.0,0.0,0.025,0.132,0.09,0.18,97000000.0,2830000000.0,1.0,352558973.0,349000000,350900000.0,51.198,17217000000,139000000,820000000.0,8957000000,49.332,-856000000
7,TWC,ARY,2008-12-31,2009-02-20,2008-12-31,2019-05-07,-467000000,47889000000,56319750000.0,6659000000,41230000000,0.305,52.704,-3522000000.0,5449000000,5449000000,8145000000.0,-7344000000.0,2.318,1.79,17727000000,0,17727000000,17727000000,156000000,3088000000.0,0,0.0,0.0,-11127000000.0,-8039000000.0,-0.467,-8039000000.0,-11127000000.0,-12050000000.0,-22.56,-22.56,-22.56,17164000000,23255000000.0,17164000000,29492992671.0,-3.0,-3.669,1778000000.0,5.46,1.0,9055000000.0,0.526,26688000000,923000000.0,30606000000,28461500000.0,0,895000000,0,895000000,30725000000,2873000000,27852000000,17214992671.0,5217000000.0,-685000000.0,0.0,4062000000.0,0.0,4057000000.0,-4140000000.0,0.0,5300000000.0,0.0,-7344000000.0,-7344000000.0,-7344000000.0,0.0,0.0,-0.427,20837000000.0,-11782000000.0,755000000,0.0,1.003,-2.344,-2.343,13537000000,0.0,52.86,1.001,1.001,853000000,-1886000000,17200000000.0,17200000000.0,0.0,-0.13,-0.316,-0.391,-0.647,78000000.0,2854000000.0,1.0,325671447.0,325667000,325667000.0,52.815,21201000000,156000000,-4706000000.0,8193000000,65.1,3786000000
8,TWC,ARY,2007-12-31,2008-02-22,2007-12-31,2019-05-07,-174000000,56600000000,56174000000.0,1163000000,55437000000,0.284,75.871,-3372000000.0,232000000,232000000,7542000000.0,1123000000.0,0.459,1.291,13577000000,0,13577000000,13577000000,164000000,2976000000.0,0,0.0,0.0,2757000000.0,5733000000.0,0.359,5733000000.0,2757000000.0,1863000000.0,3.45,3.45,3.45,24706000000,24243750000.0,24706000000,40034941898.0,15.0,6.983,1191000000.0,3.657,1.0,8413000000.0,0.527,41761000000,894000000.0,25648000000,25664250000.0,0,735000000,0,735000000,31894000000,2536000000,29358000000,26689941898.0,181000000.0,-60000000.0,0.0,-870000000.0,0.0,-950000000.0,-3432000000.0,0.0,4563000000.0,0.0,1123000000.0,1123000000.0,1123000000.0,0.0,0.0,0.07,5647000000.0,2766000000.0,657000000,0.0,1.08,23.767,23.757,12873000000,0.0,81.96,1.673,1.673,745000000,5459000000,15955000000.0,15955000000.0,0.0,0.02,0.046,0.107,0.173,59000000.0,2648000000.0,1.0,325645948.0,325633000,325733000.0,48.997,14839000000,91000000,740000000.0,13291000000,45.57,-1373000000
9,TWC,ARY,2006-12-31,2007-02-23,2006-12-31,2019-05-07,-130000000,55743000000,,910000000,54833000000,,71.406,-2768000000.0,51000000,51000000,5356000000.0,1976000000.0,0.365,1.366,14428000000,0,14428000000,14428000000,156000000,2050000000.0,0,0.0,0.0,3242000000.0,5292000000.0,0.45,5292000000.0,3242000000.0,2596000000.0,6.0,6.0,6.0,23564000000,,23564000000,54430450630.0,17.0,10.285,827000000.0,2.506,1.0,6411000000.0,0.545,40986000000,646000000.0,26644000000,,0,2072000000,0,2072000000,32179000000,2490000000,29689000000,40053450630.0,39000000.0,-9862000000.0,0.0,9956000000.0,0.0,8443000000.0,-11999000000.0,0.0,3595000000.0,0.0,1976000000.0,1976000000.0,1976000000.0,-1038000000.0,0.0,0.168,4232000000.0,2179000000.0,818000000,0.0,1.7,20.27,20.5,11601000000,0.0,123.0,3.404,3.449,730000000,4370000000,11767000000.0,11767000000.0,0.0,,,,0.276,33000000.0,2126000000.0,1.0,325637810.0,330000000,330000000.0,35.658,14757000000,0,620000000.0,12902000000,44.718,-1580000000
0,TWC,ARQ,2016-03-31,2016-04-28,2016-03-31,2019-05-07,-433000000,49751000000,,2619000000,47132000000,,32.97,-1318000000.0,1297000000,1297000000,2993000000.0,494000000.0,0.68,4.317,22492000000,5000000,22487000000,22492000000,242000000,974000000.0,0,0.014,0.75,1156000000.0,2130000000.0,0.344,2130000000.0,1156000000.0,806000000.0,1.73,1.72,1.73,9357000000,,9357000000,81207191243.0,18.0,9.861,290000000.0,1.022,1.0,3198000000.0,0.517,29567000000,350000000.0,37526000000,,0,68000000,0,68000000,40390000000,3853000000,36537000000,60012191243.0,127000000.0,0.0,58000000.0,0.0,-217000000.0,-156000000.0,-1325000000.0,0.0,1608000000.0,0.0,494000000.0,494000000.0,494000000.0,0.0,0.0,0.08,2053000000.0,1145000000.0,624000000,0.434,6.414,31.921,32.035,17276000000,0.0,210.79,2.489,2.481,846000000,2202000000,6191000000.0,6191000000.0,0.0,,,,,-27000000.0,1039000000.0,1.0,284701320.0,283800000,286900000.0,21.815,20184000000,0,312000000.0,12991000000,71.121,-1234000000
1,TWC,ARQ,2015-12-31,2016-02-12,2015-12-31,2019-05-07,-414000000,49277000000,,2459000000,46818000000,,31.762,-946000000.0,1170000000,1170000000,2897000000.0,486000000.0,0.623,4.478,22502000000,5000000,22497000000,22502000000,224000000,956000000.0,0,0.02,0.75,1128000000.0,2084000000.0,0.343,2084000000.0,1128000000.0,776000000.0,1.7,1.7,1.7,8995000000,,8995000000,73734186116.0,17.0,9.12,887000000.0,3.132,1.0,3175000000.0,0.523,29590000000,352000000.0,37070000000,,0,65000000,0,65000000,40278000000,3949000000,36329000000,52402186116.0,685000000.0,0.0,8000000.0,0.0,-217000000.0,-209000000.0,-939000000.0,-1000000.0,1833000000.0,0.0,486000000.0,486000000.0,486000000.0,0.0,0.0,0.08,2050000000.0,1125000000.0,656000000,0.441,5.826,28.418,28.636,16945000000,0.0,184.99,2.211,2.206,916000000,1925000000,6072000000.0,6072000000.0,0.0,,,,,35000000.0,1043000000.0,1.0,283270372.0,283200000,286500000.0,21.441,19687000000,0,290000000.0,12830000000,69.516,-1490000000
2,TWC,ARQ,2015-09-30,2015-10-29,2015-09-30,2019-05-07,-345000000,48721000000,,1889000000,46832000000,,30.901,-1103000000.0,485000000,485000000,2897000000.0,437000000.0,0.502,4.571,22695000000,6000000,22689000000,22695000000,214000000,935000000.0,0,0.02,0.75,1011000000.0,1946000000.0,0.329,1946000000.0,1011000000.0,660000000.0,1.53,1.53,1.53,8745000000,,8745000000,76532954233.0,17.0,9.437,397000000.0,1.403,1.0,3025000000.0,0.511,29615000000,351000000.0,37553000000,,0,68000000,0,68000000,39972000000,3763000000,36209000000,54322954233.0,5000000.0,0.0,15000000.0,-313000000.0,-216000000.0,-510000000.0,-985000000.0,0.0,1500000000.0,0.0,437000000.0,437000000.0,437000000.0,0.0,0.0,0.074,2024000000.0,1001000000.0,482000000,0.49,6.212,28.412,28.587,16746000000,0.0,191.82,2.32,2.318,935000000,1656000000,5922000000.0,5922000000.0,0.0,,,,,29000000.0,1045000000.0,1.0,283197551.0,283000000,286300000.0,20.926,19106000000,219000000,223000000.0,12688000000,67.512,-1874000000
3,TWC,ARQ,2015-06-30,2015-07-30,2015-06-30,2019-05-07,-300000000,48886000000,,2074000000,46812000000,,30.096,-1263000000.0,480000000,480000000,2894000000.0,463000000.0,0.499,4.745,23052000000,320000000,22732000000,23052000000,215000000,919000000.0,0,0.02,0.75,1156000000.0,2075000000.0,0.35,2075000000.0,1156000000.0,806000000.0,1.62,1.62,1.62,8508000000,,8508000000,76574810259.0,17.0,9.365,435000000.0,1.539,1.0,3032000000.0,0.512,29638000000,350000000.0,37665000000,,0,69000000,0,69000000,40374000000,4155000000,36219000000,54002810259.0,-67000000.0,0.0,35000000.0,-325000000.0,-216000000.0,-498000000.0,-1267000000.0,0.0,1698000000.0,0.0,463000000.0,463000000.0,463000000.0,0.0,0.0,0.078,2003000000.0,1029000000.0,496000000,0.463,6.347,27.357,27.459,16604000000,0.0,190.84,2.327,2.325,1029000000,1436000000,5926000000.0,5926000000.0,0.0,,,,,19000000.0,1002000000.0,1.0,282974273.0,282700000,285800000.0,20.962,19248000000,235000000,343000000.0,12715000000,68.086,-2081000000
4,TWC,ARQ,2015-03-31,2015-04-30,2015-03-31,2019-05-07,-336000000,48330000000,,2006000000,46324000000,,28.917,-1134000000.0,547000000,547000000,2823000000.0,458000000.0,0.482,4.937,23286000000,647000000,22639000000,23286000000,207000000,886000000.0,0,0.024,1.5,1094000000.0,1980000000.0,0.343,1980000000.0,1094000000.0,746000000.0,1.6,1.59,1.6,8140000000,,8140000000,66676219422.0,14.0,8.229,374000000.0,1.329,1.0,2954000000.0,0.511,29660000000,348000000.0,37250000000,,0,67000000,0,67000000,40186000000,4159000000,36027000000,43937219422.0,-160000000.0,0.0,71000000.0,-369000000.0,-216000000.0,-514000000.0,-1154000000.0,0.0,1508000000.0,0.0,458000000.0,458000000.0,458000000.0,0.0,0.0,0.079,1870000000.0,1084000000.0,446000000,0.938,5.398,21.859,21.904,16207000000,0.0,155.52,1.91,1.903,811000000,1189000000,5777000000.0,5777000000.0,0.0,,,,,-14000000.0,958000000.0,1.0,282518129.0,281500000,284900000.0,20.522,18670000000,232000000,288000000.0,12616000000,66.323,-2153000000
5,TWC,ARQ,2014-12-31,2015-02-13,2014-12-31,2019-05-07,-324000000,48501000000,,2316000000,46185000000,,28.536,-918000000.0,707000000,707000000,2726000000.0,554000000.0,0.515,5.052,23718000000,1017000000,22701000000,23718000000,198000000,876000000.0,0,0.02,0.75,1233000000.0,2109000000.0,0.364,2109000000.0,1233000000.0,880000000.0,1.96,1.95,1.96,8013000000,,8013000000,65073016462.0,14.0,8.096,892000000.0,3.177,1.0,3064000000.0,0.529,29672000000,353000000.0,37343000000,,0,64000000,0,64000000,40484000000,4497000000,35987000000,42062016462.0,181000000.0,0.0,27000000.0,-520000000.0,-215000000.0,-709000000.0,-920000000.0,1000000.0,1810000000.0,0.0,554000000.0,554000000.0,554000000.0,0.0,0.0,0.096,1838000000.0,1226000000.0,567000000,0.383,5.249,20.71,20.768,15990000000,0.0,149.74,1.844,1.833,949000000,1162000000,5790000000.0,5790000000.0,0.0,,,,,34000000.0,924000000.0,1.0,280900337.0,280800000,284500000.0,20.62,18829000000,269000000,326000000.0,12560000000,67.055,-2181000000
6,TWC,ARQ,2014-09-30,2014-10-30,2014-09-30,2019-05-07,-15000000,48636000000,,2074000000,46562000000,,28.252,-1105000000.0,526000000,526000000,2703000000.0,499000000.0,0.413,5.152,24302000000,1540000000,22762000000,24302000000,193000000,857000000.0,0,0.02,0.75,1156000000.0,2013000000.0,0.352,2013000000.0,1156000000.0,803000000.0,1.77,1.76,1.77,7905000000,,7905000000,63853053589.0,14.0,8.064,343000000.0,1.226,1.0,3011000000.0,0.527,29699000000,353000000.0,37694000000,,0,69000000,0,69000000,40727000000,5019000000,35708000000,40077053589.0,123000000.0,0.0,81000000.0,-120000000.0,-214000000.0,-220000000.0,-1105000000.0,0.0,1448000000.0,0.0,499000000.0,499000000.0,499000000.0,0.0,0.0,0.087,1860000000.0,1151000000.0,462000000,0.424,5.07,19.87,19.955,15794000000,0.0,142.88,1.773,1.769,950000000,824000000,5714000000.0,5714000000.0,0.0,,,,,13000000.0,957000000.0,1.0,280494496.0,279800000,283500000.0,20.422,18937000000,319000000,304000000.0,12230000000,67.68,-2945000000
7,TWC,ARQ,2014-06-30,2014-07-31,2014-06-30,2019-05-07,-72000000,48456000000,,1988000000,46468000000,,26.578,-1240000000.0,403000000,403000000,2757000000.0,499000000.0,0.377,5.539,24580000000,1663000000,22917000000,24580000000,195000000,830000000.0,0,0.019,0.75,1171000000.0,2001000000.0,0.349,2001000000.0,1171000000.0,822000000.0,1.77,1.76,1.77,7410000000,,7410000000,64730823139.0,14.0,8.207,455000000.0,1.632,1.0,2969000000.0,0.519,29725000000,349000000.0,37634000000,,0,68000000,0,68000000,41042000000,5274000000,35768000000,40553823139.0,-1154000000.0,0.0,39000000.0,-1397000000.0,-214000000.0,-1601000000.0,-1248000000.0,0.0,1695000000.0,0.0,499000000.0,499000000.0,499000000.0,0.0,0.0,0.087,1806000000.0,1163000000.0,565000000,0.424,5.473,19.782,20.014,15604000000,0.0,145.1,1.81,1.806,906000000,539000000,5726000000.0,5726000000.0,0.0,,,,,22000000.0,915000000.0,1.0,279488788.0,278800000,282400000.0,20.538,18731000000,348000000,323000000.0,12162000000,67.184,-3286000000
8,TWC,ARQ,2014-03-31,2014-04-24,2014-03-31,2019-05-07,-2000000,49153000000,,3114000000,46039000000,,25.536,-834000000.0,1557000000,1557000000,2676000000.0,479000000.0,0.487,5.928,25854000000,3062000000,22792000000,25854000000,193000000,808000000.0,0,0.019,0.75,1107000000.0,1915000000.0,0.343,1915000000.0,1107000000.0,743000000.0,1.71,1.7,1.71,7094000000,,7094000000,63414061339.0,14.0,8.02,563000000.0,2.027,1.0,2906000000.0,0.521,29750000000,364000000.0,37301000000,,0,64000000,0,64000000,42055000000,6399000000,35656000000,39117061339.0,1032000000.0,0.0,-180000000.0,794000000.0,-214000000.0,454000000.0,-819000000.0,16000000.0,1397000000.0,0.0,479000000.0,479000000.0,479000000.0,0.0,0.0,0.086,1814000000.0,1092000000.0,445000000,0.439,5.514,19.251,19.691,15077000000,0.0,140.4,1.76,1.755,836000000,255000000,5582000000.0,5582000000.0,0.0,,,,,-28000000.0,926000000.0,1.0,278611548.0,277800000,281800000.0,20.094,19403000000,326000000,264000000.0,12101000000,69.845,-3285000000
9,TWC,ARQ,2013-12-31,2014-02-18,2013-12-31,2019-05-07,44000000,48273000000,,2144000000,46129000000,,24.735,-827000000.0,525000000,525000000,2578000000.0,540000000.0,0.41,5.952,25052000000,1767000000,23285000000,25052000000,188000000,815000000.0,0,0.018,0.65,1174000000.0,1989000000.0,0.357,1989000000.0,1174000000.0,797000000.0,1.91,1.89,1.91,6943000000,,6943000000,64751873961.0,14.0,8.226,772000000.0,2.75,1.0,2999000000.0,0.538,29760000000,377000000.0,37814000000,,0,56000000,0,56000000,41326000000,5226000000,36100000000,40224873961.0,-351000000.0,-421000000.0,-639000000.0,-138000000.0,-185000000.0,-959000000.0,-991000000.0,248000000.0,1599000000.0,0.0,540000000.0,540000000.0,540000000.0,0.0,0.0,0.097,1826000000.0,1173000000.0,565000000,0.34,5.794,20.586,21.447,15056000000,0.0,144.98,1.818,1.885,954000000,-55000000,5577000000.0,5577000000.0,0.0,,,,,16000000.0,973000000.0,1.0,277451193.0,280700000,285400000.0,19.868,18513000000,334000000,257000000.0,12098000000,65.953,-3082000000
10,TWC,ARQ,2013-09-30,2013-10-31,2013-09-30,2019-05-07,-516000000,47431000000,,2656000000,44775000000,,23.375,-774000000.0,876000000,876000000,2564000000.0,532000000.0,0.535,6.119,25032000000,1771000000,23261000000,25032000000,192000000,822000000.0,0,0.021,0.65,1160000000.0,1982000000.0,0.359,1982000000.0,1160000000.0,781000000.0,1.86,1.84,1.86,6662000000,,6662000000,58025070163.0,13.0,7.38,435000000.0,1.526,1.0,2954000000.0,0.535,29471000000,379000000.0,37152000000,,0,333000000,250000000,83000000,40765000000,4964000000,35801000000,33869070163.0,-1747000000.0,0.0,-516000000.0,-1500000000.0,-187000000.0,-2498000000.0,-458000000.0,320000000.0,1209000000.0,0.0,532000000.0,532000000.0,532000000.0,0.0,0.0,0.096,1794000000.0,1160000000.0,468000000,0.349,5.084,17.576,18.316,14627000000,0.0,120.15,1.538,1.555,892000000,119000000,5518000000.0,5518000000.0,0.0,,,,,11000000.0,949000000.0,1.0,281889889.0,285000000,289000000.0,19.361,17960000000,309000000,249000000.0,11714000000,63.018,-2308000000
11,TWC,ARQ,2013-06-30,2013-08-01,2013-06-30,2019-05-07,-603000000,49228000000,,4610000000,44618000000,,23.163,-827000000.0,2623000000,2623000000,2566000000.0,481000000.0,0.658,6.338,26392000000,3281000000,23111000000,26392000000,196000000,823000000.0,0,0.021,0.65,1198000000.0,2021000000.0,0.364,2021000000.0,1198000000.0,800000000.0,1.65,1.64,1.65,6708000000,,6708000000,57399869184.0,11.0,6.924,724000000.0,2.5,1.0,2984000000.0,0.538,29494000000,398000000.0,36497000000,,0,659000000,575000000,84000000,42516000000,7006000000,35510000000,33630869184.0,-170000000.0,0.0,-610000000.0,0.0,-191000000.0,-787000000.0,-934000000.0,-105000000.0,1551000000.0,0.0,481000000.0,481000000.0,481000000.0,0.0,0.0,0.087,1797000000.0,1187000000.0,521000000,0.394,5.014,15.266,16.033,14690000000,0.0,117.68,1.538,1.558,858000000,42000000,5550000000.0,5550000000.0,0.0,,,,,15000000.0,947000000.0,1.0,285782369.0,289600000,293300000.0,19.164,19734000000,317000000,319000000.0,11538000000,68.142,-2396000000
12,TWC,ARQ,2013-03-31,2013-04-25,2013-03-31,2019-05-07,-640000000,49299000000,,4604000000,44695000000,,23.511,-770000000.0,2793000000,2793000000,2634000000.0,401000000.0,0.784,6.105,26521000000,2273000000,24248000000,26521000000,187000000,821000000.0,0,0.025,0.65,1059000000.0,1880000000.0,0.343,1880000000.0,1059000000.0,661000000.0,1.35,1.34,1.35,6938000000,,6938000000,50551909301.0,10.0,6.122,624000000.0,2.115,1.0,2841000000.0,0.519,29516000000,398000000.0,37637000000,,0,552000000,475000000,77000000,42357000000,5874000000,36483000000,26823909301.0,-511000000.0,7000000.0,-606000000.0,0.0,-195000000.0,-812000000.0,-1093000000.0,-325000000.0,1394000000.0,0.0,401000000.0,401000000.0,401000000.0,0.0,0.0,0.073,1781000000.0,1060000000.0,511000000,0.481,3.866,12.339,12.93,14653000000,0.0,92.19,1.235,1.252,762000000,90000000,5475000000.0,5475000000.0,0.0,,,,,-7000000.0,929000000.0,1.0,290963329.0,295100000,299400000.0,18.553,19783000000,322000000,260000000.0,11407000000,67.038,-1270000000
13,TWC,ARQ,2012-12-31,2013-02-15,2012-12-31,2019-05-07,-663000000,49809000000,,4877000000,44932000000,,24.215,-904000000.0,3304000000,3304000000,2565000000.0,514000000.0,0.916,5.842,26689000000,1518000000,25171000000,26689000000,183000000,808000000.0,0,0.026,0.56,1172000000.0,1980000000.0,0.361,1980000000.0,1172000000.0,770000000.0,1.7,1.68,1.7,7279000000,,7279000000,49076970902.0,10.0,5.984,506000000.0,1.683,1.0,2920000000.0,0.532,29541000000,402000000.0,38328000000,,0,237000000,150000000,87000000,42526000000,5325000000,37201000000,25691970902.0,-549000000.0,182000000.0,-547000000.0,-351000000.0,-171000000.0,-1096000000.0,-863000000.0,-150000000.0,1410000000.0,0.0,513000000.0,513000000.0,513000000.0,0.0,1000000.0,0.094,1751000000.0,1169000000.0,653000000,0.329,3.53,11.922,12.473,14742000000,0.0,86.94,1.201,1.251,883000000,363000000,5485000000.0,5485000000.0,0.0,,,,,18000000.0,926000000.0,1.0,295513813.0,300600000,305200000.0,18.247,20268000000,317000000,257000000.0,11280000000,67.425,-448000000
14,TWC,ARQ,2012-09-30,2012-11-05,2012-09-30,2019-05-07,-541000000,50085000000,,5362000000,44723000000,,24.89,339000000.0,3853000000,3853000000,2499000000.0,809000000.0,0.969,5.581,27063000000,1876000000,25187000000,27063000000,191000000,820000000.0,0,0.023,0.56,1589000000.0,2409000000.0,0.449,2409000000.0,1589000000.0,1187000000.0,2.64,2.6,2.64,7609000000,,7609000000,50952059734.0,11.0,6.359,1534000000.0,5.018,1.0,2864000000.0,0.534,29570000000,402000000.0,38191000000,,0,88000000,0,88000000,42468000000,5534000000,36934000000,27742059734.0,627000000.0,-16000000.0,-469000000.0,-269000000.0,-173000000.0,-901000000.0,333000000.0,0.0,1195000000.0,0.0,808000000.0,808000000.0,808000000.0,0.0,1000000.0,0.151,1770000000.0,1094000000.0,458000000,0.212,3.646,12.576,13.077,14510000000,0.0,91.93,1.328,1.345,899000000,440000000,5363000000.0,5363000000.0,0.0,,,,,13000000.0,918000000.0,1.0,301773738.0,305700000,310200000.0,17.543,20515000000,372000000,379000000.0,11262000000,67.108,-172000000
15,TWC,ARQ,2012-06-30,2012-08-02,2012-06-30,2019-05-07,-594000000,49937000000,,4586000000,45351000000,,23.648,-712000000.0,3226000000,3226000000,2474000000.0,453000000.0,0.89,5.787,27236000000,1855000000,25381000000,27236000000,187000000,850000000.0,0,0.024,0.56,1139000000.0,1989000000.0,0.368,1989000000.0,1139000000.0,742000000.0,1.44,1.43,1.44,7357000000,,7357000000,50951776970.0,12.0,6.94,825000000.0,2.652,1.0,2930000000.0,0.542,29570000000,397000000.0,39224000000,,0,771000000,0,771000000,42572000000,5153000000,37419000000,26941776970.0,597000000.0,-15000000.0,-417000000.0,372000000.0,-177000000.0,-218000000.0,-722000000.0,0.0,1537000000.0,0.0,452000000.0,452000000.0,452000000.0,0.0,1000000.0,0.084,1790000000.0,1140000000.0,399000000,0.389,3.662,15.36,16.047,14526000000,0.0,87.94,1.318,1.338,791000000,79000000,5404000000.0,5404000000.0,0.0,,,,,17000000.0,919000000.0,1.0,306365442.0,311100000,315300000.0,17.371,20367000000,379000000,290000000.0,11084000000,65.468,-567000000
16,TWC,ARQ,2012-03-31,2012-04-26,2012-03-31,2019-05-07,-551000000,49296000000,,3888000000,45408000000,,23.95,-706000000.0,2629000000,2629000000,2404000000.0,383000000.0,0.696,5.556,26839000000,2495000000,24344000000,26839000000,202000000,786000000.0,0,0.025,0.56,1038000000.0,1824000000.0,0.355,1824000000.0,1038000000.0,633000000.0,1.21,1.2,1.21,7518000000,,7518000000,49565792857.0,12.0,6.947,677000000.0,2.157,1.0,2730000000.0,0.532,29649000000,405000000.0,38273000000,,0,770000000,0,770000000,41770000000,5584000000,36186000000,25355792857.0,-2548000000.0,-1395000000.0,-277000000.0,-1350000000.0,-179000000.0,-1838000000.0,-2093000000.0,0.0,1383000000.0,0.0,382000000.0,382000000.0,382000000.0,0.0,1000000.0,0.074,1688000000.0,1042000000.0,352000000,0.463,3.373,14.725,15.338,14542000000,0.0,81.14,1.269,1.275,647000000,100000000,5134000000.0,5134000000.0,0.0,,,,,1000000.0,857000000.0,1.0,312494366.0,313900000,319000000.0,16.356,19647000000,398000000,251000000.0,11022000000,62.59,-1696000000
17,TWC,ARQ,2011-12-31,2012-02-17,2011-12-31,2019-05-07,-559000000,48276000000,,6398000000,41878000000,,23.702,-942000000.0,5177000000,5177000000,2283000000.0,564000000.0,1.191,5.41,26442000000,2122000000,24320000000,26442000000,169000000,766000000.0,0,0.025,0.48,1024000000.0,1790000000.0,0.359,1790000000.0,1024000000.0,618000000.0,1.74,1.73,1.74,7530000000,,7530000000,45656951144.0,11.0,6.518,402000000.0,1.265,1.0,2710000000.0,0.543,26747000000,406000000.0,37424000000,,0,774000000,0,774000000,40739000000,5370000000,35369000000,24391951144.0,-396000000.0,-297000000.0,-361000000.0,-1000000.0,-154000000.0,-517000000.0,-1223000000.0,0.0,1344000000.0,0.0,564000000.0,564000000.0,564000000.0,0.0,0.0,0.113,1681000000.0,1029000000.0,545000000,0.276,3.239,14.65,15.47,13905000000,0.0,77.66,1.24,1.301,767000000,68000000,4993000000.0,4993000000.0,0.0,,,,,22000000.0,821000000.0,1.0,314086417.0,317700000,323000000.0,15.716,21529000000,267000000,54000000.0,10198000000,67.765,1028000000
18,TWC,ARQ,2011-09-30,2011-10-27,2011-09-30,2019-05-07,-370000000,48113000000,,6687000000,41426000000,,23.616,-632000000.0,5573000000,5573000000,2286000000.0,356000000.0,1.44,5.291,26473000000,1774000000,24699000000,26473000000,168000000,759000000.0,0,0.028,0.48,980000000.0,1739000000.0,0.354,1739000000.0,980000000.0,597000000.0,1.09,1.08,1.09,7647000000,,7647000000,41709268284.0,11.0,6.042,632000000.0,1.952,1.0,2625000000.0,0.535,26534000000,383000000.0,37834000000,,0,781000000,0,781000000,40459000000,4645000000,35814000000,20809268284.0,2063000000.0,-30000000.0,-589000000.0,2202000000.0,-158000000.0,1458000000.0,-659000000.0,0.0,1264000000.0,0.0,356000000.0,356000000.0,356000000.0,0.0,0.0,0.072,1623000000.0,1002000000.0,331000000,0.44,2.721,13.938,14.854,13506000000,0.0,65.21,1.068,1.084,708000000,-279000000,4911000000.0,4911000000.0,0.0,,,,,18000000.0,843000000.0,1.0,319111613.0,323800000,329100000.0,15.167,21579000000,201000000,241000000.0,10186000000,66.643,2042000000
19,TWC,ARQ,2011-06-30,2011-07-28,2011-06-30,2019-05-07,-317000000,45904000000,,4531000000,41373000000,,24.075,-700000000.0,3510000000,3510000000,2297000000.0,421000000.0,1.443,4.708,24183000000,261000000,23922000000,24183000000,177000000,752000000.0,0,0.024,0.48,1030000000.0,1782000000.0,0.36,1782000000.0,1030000000.0,664000000.0,1.25,1.24,1.25,8041000000,,8041000000,44551199733.0,12.0,6.516,810000000.0,2.425,1.0,2647000000.0,0.535,26521000000,366000000.0,36915000000,,0,809000000,0,809000000,37855000000,3141000000,34714000000,23878199733.0,477000000.0,-295000000.0,-828000000.0,957000000.0,-163000000.0,-40000000.0,-993000000.0,0.0,1510000000.0,0.0,420000000.0,420000000.0,420000000.0,0.0,1000000.0,0.085,1584000000.0,1063000000.0,300000000,0.384,2.97,15.951,17.077,13583000000,0.0,73.43,1.237,1.27,704000000,-273000000,4944000000.0,4944000000.0,0.0,,,,,12000000.0,823000000.0,1.0,325183164.0,334000000,339600000.0,14.802,19383000000,147000000,244000000.0,9981000000,58.033,1390000000
20,TWC,ARQ,2011-03-31,2011-04-28,2011-03-31,2019-05-07,-287000000,45139000000,,4042000000,41097000000,,25.13,-663000000.0,3033000000,3033000000,2272000000.0,326000000.0,1.462,4.228,23077000000,0,23077000000,23077000000,182000000,750000000.0,0,0.022,0.48,944000000.0,1694000000.0,0.351,1694000000.0,944000000.0,581000000.0,0.94,0.93,0.94,8632000000,,8632000000,45697992269.0,12.0,6.754,907000000.0,2.64,1.0,2555000000.0,0.529,26315000000,363000000.0,36103000000,,0,836000000,0,836000000,36500000000,2765000000,33735000000,25653992269.0,-14000000.0,-8000000.0,-765000000.0,0.0,-167000000.0,-929000000.0,-655000000.0,0.0,1570000000.0,0.0,325000000.0,325000000.0,325000000.0,0.0,1000000.0,0.067,1580000000.0,975000000.0,290000000,0.511,2.972,18.079,19.017,13562000000,0.0,76.26,1.343,1.372,632000000,-135000000,4827000000.0,4827000000.0,0.0,,,,,12000000.0,824000000.0,1.0,336401682.0,343500000,349800000.0,14.052,18824000000,176000000,256000000.0,9892000000,54.801,1277000000
21,TWC,ARQ,2010-12-31,2011-02-18,2010-12-31,2019-05-07,-291000000,45822000000,,4340000000,41482000000,,26.046,-782000000.0,3047000000,3047000000,2284000000.0,393000000.0,1.406,3.974,23121000000,0,23121000000,23121000000,163000000,736000000.0,0,0.022,0.4,952000000.0,1688000000.0,0.352,1688000000.0,952000000.0,592000000.0,1.11,1.09,1.11,9210000000,,9210000000,44759958649.0,12.0,6.667,662000000.0,1.872,1.0,2517000000.0,0.524,26314000000,360000000.0,36496000000,,0,866000000,0,866000000,36605000000,3086000000,33519000000,24685958649.0,1919000000.0,-7000000.0,-445000000.0,1847000000.0,-144000000.0,1261000000.0,-786000000.0,0.0,1444000000.0,0.0,392000000.0,392000000.0,392000000.0,0.0,1000000.0,0.082,1523000000.0,994000000.0,529000000,0.36,2.68,18.873,19.589,13873000000,0.0,71.89,1.308,1.35,718000000,54000000,4801000000.0,4801000000.0,0.0,,,,,27000000.0,779000000.0,1.0,343385153.0,353600000,359800000.0,13.577,19508000000,150000000,200000000.0,9637000000,55.17,1254000000
22,TWC,ARQ,2010-09-30,2010-11-04,2010-09-30,2019-05-07,-289000000,43686000000,,2343000000,41343000000,,26.512,-676000000.0,1128000000,1128000000,2239000000.0,363000000.0,0.838,3.634,21314000000,0,21314000000,21314000000,163000000,774000000.0,0,0.019,0.4,899000000.0,1673000000.0,0.353,1673000000.0,899000000.0,553000000.0,1.0,1.0,1.0,9425000000,,9425000000,42358844248.0,12.0,6.313,406000000.0,1.142,1.0,2495000000.0,0.527,26321000000,346000000.0,34755000000,,0,905000000,0,905000000,34253000000,2796000000,31457000000,22172844248.0,314000000.0,46000000.0,12000000.0,-8000000.0,-144000000.0,-139000000.0,-629000000.0,0.0,1082000000.0,0.0,360000000.0,360000000.0,360000000.0,0.0,3000000.0,0.076,1568000000.0,927000000.0,342000000,0.4,2.353,17.91,17.911,13666000000,0.0,62.33,1.192,1.191,673000000,103000000,4734000000.0,4734000000.0,0.0,,,,,21000000.0,781000000.0,1.0,355733102.0,355500000,361000000.0,13.316,17365000000,133000000,193000000.0,9382000000,48.847,-453000000
23,TWC,ARQ,2010-06-30,2010-08-05,2010-06-30,2019-05-07,-293000000,43098000000,,1756000000,41342000000,,25.851,-736000000.0,814000000,814000000,2223000000.0,342000000.0,0.613,3.698,21247000000,0,21247000000,21247000000,180000000,811000000.0,0,0.014,0.4,900000000.0,1711000000.0,0.361,1711000000.0,900000000.0,559000000.0,0.96,0.95,0.96,9172000000,,9172000000,41182189233.0,12.0,6.218,570000000.0,1.607,1.0,2511000000.0,0.53,26338000000,341000000.0,34328000000,,0,933000000,0,933000000,33922000000,2865000000,31057000000,20749189233.0,453000000.0,-8000000.0,35000000.0,-5000000.0,-144000000.0,-113000000.0,-740000000.0,0.0,1306000000.0,0.0,342000000.0,342000000.0,342000000.0,0.0,0.0,0.072,1593000000.0,918000000.0,333000000,0.417,2.262,18.106,18.019,13722000000,0.0,58.38,1.13,1.128,657000000,-257000000,4734000000.0,4734000000.0,0.0,,,,,25000000.0,762000000.0,1.0,355416054.0,354800000,360100000.0,13.343,16760000000,130000000,217000000.0,9110000000,47.238,-1109000000
24,TWC,ARQ,2010-03-31,2010-04-29,2010-03-31,2019-05-07,-314000000,42626000000,,1287000000,41339000000,,25.2,-736000000.0,361000000,361000000,2195000000.0,215000000.0,0.455,3.793,21138000000,0,21138000000,21138000000,178000000,808000000.0,0,0.007,0.4,834000000.0,1642000000.0,0.357,1642000000.0,834000000.0,487000000.0,0.6,0.6,0.6,8893000000,,8893000000,41035975027.0,13.0,6.611,650000000.0,1.842,1.0,2404000000.0,0.523,26416000000,347000000.0,34156000000,,0,961000000,0,961000000,33728000000,2831000000,30897000000,20258975027.0,-687000000.0,17000000.0,39000000.0,-1256000000.0,-144000000.0,-1356000000.0,-717000000.0,0.0,1386000000.0,0.0,214000000.0,214000000.0,214000000.0,0.0,1000000.0,0.047,1554000000.0,850000000.0,279000000,0.667,2.278,18.088,17.972,13721000000,0.0,57.15,1.119,1.114,548000000,-599000000,4599000000.0,4599000000.0,0.0,,,,,36000000.0,735000000.0,1.0,354487752.0,352900000,357000000.0,13.032,16210000000,139000000,273000000.0,9043000000,45.934,-1544000000
25,TWC,ARQ,2009-12-31,2010-02-19,2009-12-31,2019-05-07,-319000000,43694000000,,2102000000,41592000000,,24.652,-944000000.0,1048000000,1048000000,2132000000.0,323000000.0,0.711,4.031,22331000000,0,22331000000,22331000000,170000000,797000000.0,0,0.657,0.0,887000000.0,1684000000.0,0.372,1684000000.0,887000000.0,542000000.0,0.92,0.91,0.92,8685000000,,8685000000,37814490244.0,12.0,6.008,430000000.0,1.221,1.0,2400000000.0,0.53,26477000000,345000000.0,35542000000,,0,975000000,0,975000000,35005000000,2958000000,32047000000,16531490244.0,542000000.0,-94000000.0,0.0,204000000.0,0.0,203000000.0,-1035000000.0,0.0,1374000000.0,0.0,322000000.0,322000000.0,322000000.0,0.0,1000000.0,0.071,1509000000.0,891000000.0,520000000,0.0,1.903,15.45,15.274,13919000000,0.0,46.89,0.925,0.916,663000000,-813000000,4532000000.0,4532000000.0,0.0,,,,,20000000.0,693000000.0,1.0,352558973.0,352300000,356900000.0,12.864,17217000000,139000000,220000000.0,8957000000,48.87,-856000000
26,TWC,ARQ,2009-09-30,2009-11-05,2009-09-30,2019-05-07,-448000000,42686000000,,1561000000,41125000000,,23.312,-758000000.0,506000000,506000000,2163000000.0,268000000.0,0.562,4.196,22168000000,0,22168000000,22168000000,170000000,777000000.0,0,0.752,0.0,809000000.0,1586000000.0,0.353,1586000000.0,809000000.0,461000000.0,0.76,0.76,0.76,8215000000,,8215000000,36101216924.0,-3.0,-4.456,476000000.0,1.351,1.0,2335000000.0,0.519,26528000000,348000000.0,35044000000,,0,901000000,0,901000000,34467000000,2776000000,31691000000,14439216924.0,-22000000.0,-11000000.0,0.0,-487000000.0,0.0,-489000000.0,-767000000.0,0.0,1234000000.0,0.0,268000000.0,268000000.0,268000000.0,0.0,0.0,0.06,1507000000.0,828000000.0,339000000,0.0,1.758,-1.947,-1.786,13543000000,0.0,40.97,0.814,0.814,646000000,-1135000000,4498000000.0,4498000000.0,0.0,,,,,23000000.0,716000000.0,1.0,352433901.0,352400000,354500000.0,12.764,16158000000,132000000,193000000.0,8645000000,45.851,-1215000000
27,TWC,ARQ,2009-06-30,2009-07-29,2009-06-30,2019-05-07,-459000000,42772000000,,1593000000,41179000000,,22.472,-760000000.0,528000000,528000000,2120000000.0,317000000.0,0.563,4.402,22626000000,0,22626000000,22626000000,170000000,763000000.0,0,0.94,0.0,532000000.0,1295000000.0,0.289,1295000000.0,532000000.0,532000000.0,0.9,0.89,0.9,7917000000,,7917000000,33648413674.0,-3.0,-4.109,670000000.0,1.902,1.0,2354000000.0,0.526,26584000000,0.0,35458000000,,0,911000000,0,911000000,34851000000,2828000000,32023000000,11550413674.0,132000000.0,8000000.0,0.0,-551000000.0,0.0,-552000000.0,-746000000.0,0.0,1430000000.0,0.0,316000000.0,316000000.0,316000000.0,0.0,1000000.0,0.071,1472000000.0,882000000.0,395000000,0.0,1.459,-1.564,-1.44,13557000000,0.0,32.78,0.657,0.657,617000000,-1402000000,4474000000.0,4474000000.0,0.0,,,,,19000000.0,704000000.0,1.0,352361613.0,352300000,353700000.0,12.699,16188000000,142000000,216000000.0,8515000000,45.949,-1235000000
28,TWC,ARQ,2009-03-31,2009-04-29,2009-03-31,2019-05-07,-457000000,42524000000,,1342000000,41182000000,,22.363,-769000000.0,396000000,396000000,2127000000.0,184000000.0,0.521,4.609,23158000000,0,23158000000,23158000000,167000000,748000000.0,0,0.99,30.81,645000000.0,1393000000.0,0.319,1393000000.0,645000000.0,355000000.0,0.48,0.48,0.48,7581000000,,7581000000,33726648675.0,-3.0,-4.095,372000000.0,1.097,1.0,2237000000.0,0.513,26638000000,290000000.0,36073000000,,0,917000000,0,917000000,34939000000,2575000000,32364000000,10964648675.0,-5053000000.0,9000000.0,0.0,5421000000.0,-10856000000.0,-5435000000.0,-759000000.0,0.0,1141000000.0,0.0,164000000.0,164000000.0,164000000.0,0.0,20000000.0,0.038,1521000000.0,716000000.0,413000000,64.188,1.446,-1.477,-1.363,13461000000,0.0,31.12,0.63,0.606,526000000,-1719000000,4364000000.0,4364000000.0,0.0,,,,,35000000.0,730000000.0,1.0,352334469.0,339000000,339600000.0,12.873,15886000000,141000000,191000000.0,8334000000,46.861,-1233000000
29,TWC,ARQ,2008-12-31,2009-02-20,2008-12-31,2019-05-07,-467000000,47889000000,,6659000000,41230000000,,52.688,-943000000.0,5449000000,5449000000,2048000000.0,-8164000000.0,2.318,1.79,17727000000,0,17727000000,17727000000,156000000,769000000.0,0,0.0,0.0,-13144000000.0,-12375000000.0,-2.811,-12375000000.0,-13144000000.0,-13420000000.0,-25.08,-25.08,-25.08,17164000000,,17164000000,29492992671.0,-3.0,-3.669,493000000.0,1.513,1.0,2354000000.0,0.535,26688000000,276000000.0,30606000000,,0,895000000,0,895000000,30725000000,2873000000,27852000000,17214992671.0,2359000000.0,-160000000.0,0.0,1970000000.0,0.0,1968000000.0,-1045000000.0,-9000000.0,1436000000.0,0.0,-8164000000.0,-8164000000.0,-8164000000.0,0.0,0.0,-1.855,16298000000.0,-13944000000.0,755000000,0.0,1.003,-2.344,-2.343,13537000000,0.0,52.86,1.001,1.001,853000000,-1886000000,4402000000.0,4402000000.0,0.0,,,,,14000000.0,693000000.0,1.0,325671447.0,325769000,324968000.0,13.513,21201000000,156000000,-5256000000.0,8193000000,65.08,3786000000
30,TWC,ARQ,2008-09-30,2008-11-05,2008-09-30,2019-05-07,-177000000,60414000000,,4611000000,55803000000,,78.574,-873000000.0,3090000000,3090000000,2072000000.0,301000000.0,1.771,1.361,15748000000,0,15748000000,15748000000,157000000,766000000.0,0,0.0,0.0,733000000.0,1499000000.0,0.345,1499000000.0,733000000.0,504000000.0,0.93,0.93,0.93,25589000000,,25589000000,32099878817.0,13.0,5.691,456000000.0,1.4,1.0,2268000000.0,0.523,41556000000,229000000.0,28913000000,,0,730000000,0,730000000,34825000000,2603000000,32222000000,19441878817.0,-759000000.0,-499000000.0,0.0,-715000000.0,0.0,-716000000.0,-1372000000.0,0.0,1329000000.0,0.0,301000000.0,301000000.0,301000000.0,0.0,0.0,0.069,1480000000.0,788000000.0,618000000,0.0,0.76,16.95,16.864,13304000000,0.0,59.7,1.151,1.151,808000000,6278000000,4340000000.0,4340000000.0,0.0,,,,,16000000.0,706000000.0,1.0,325659612.0,325667000,326067000.0,13.326,18858000000,93000000,203000000.0,13959000000,57.906,2008000000
31,TWC,ARQ,2008-06-30,2008-08-06,2008-06-30,2019-05-07,-180000000,60453000000,,4772000000,55681000000,,77.603,-861000000.0,3849000000,3849000000,2018000000.0,277000000.0,1.87,1.392,16463000000,0,16463000000,16463000000,166000000,787000000.0,0,0.0,0.0,459000000.0,1246000000.0,0.29,1246000000.0,459000000.0,459000000.0,0.84,0.84,0.84,25270000000,,25270000000,40301136039.0,16.0,7.289,488000000.0,1.499,1.0,2280000000.0,0.53,41621000000,0.0,28894000000,,0,731000000,0,731000000,35183000000,2552000000,32631000000,27687136039.0,3623000000.0,-21000000.0,0.0,3155000000.0,0.0,3156000000.0,-882000000.0,0.0,1349000000.0,0.0,277000000.0,277000000.0,277000000.0,0.0,0.0,0.064,1542000000.0,738000000.0,659000000,0.0,1.096,25.308,25.304,13172000000,0.0,85.02,1.673,1.673,717000000,5977000000,4298000000.0,4298000000.0,0.0,,,,,14000000.0,710000000.0,1.0,325654388.0,325633000,326033000.0,13.199,18832000000,80000000,182000000.0,13662000000,57.832,2220000000
32,TWC,ARQ,2008-03-31,2008-04-30,2008-03-31,2019-05-07,-171000000,56523000000,,1064000000,55459000000,,76.764,-845000000.0,226000000,226000000,2007000000.0,242000000.0,0.445,1.261,13226000000,0,13226000000,13226000000,180000000,766000000.0,0,0.0,0.0,606000000.0,1372000000.0,0.33,1372000000.0,606000000.0,407000000.0,0.75,0.75,0.75,24997000000,,24997000000,40354364240.0,15.0,7.096,341000000.0,1.047,1.0,2153000000.0,0.518,41700000000,199000000.0,25433000000,,0,729000000,0,729000000,31526000000,2390000000,29136000000,27354364240.0,-6000000.0,-5000000.0,0.0,-348000000.0,0.0,-351000000.0,-841000000.0,9000000.0,1186000000.0,0.0,242000000.0,242000000.0,242000000.0,0.0,0.0,0.058,1517000000.0,636000000.0,521000000,0.0,1.094,25.119,25.0,12932000000,0.0,84.0,1.682,1.682,631000000,5702000000,4160000000.0,4160000000.0,0.0,,,,,34000000.0,751000000.0,1.0,325647193.0,325633000,325800000.0,12.775,14823000000,80000000,165000000.0,13432000000,45.521,-1326000000
33,TWC,ARQ,2007-12-31,2008-02-22,2007-12-31,2019-05-07,-174000000,56600000000,,1163000000,55437000000,,75.871,-964000000.0,232000000,232000000,1897000000.0,327000000.0,0.459,1.291,13577000000,0,13577000000,13577000000,164000000,768000000.0,0,0.0,0.0,755000000.0,1523000000.0,0.372,1523000000.0,755000000.0,542000000.0,1.02,1.02,1.02,24706000000,,24706000000,40034941898.0,15.0,6.983,346000000.0,1.063,1.0,2192000000.0,0.536,41761000000,213000000.0,25648000000,,0,735000000,0,735000000,31894000000,2536000000,29358000000,26689941898.0,-279000000.0,-20000000.0,0.0,-600000000.0,0.0,-605000000.0,-984000000.0,0.0,1310000000.0,0.0,327000000.0,327000000.0,327000000.0,0.0,0.0,0.08,1397000000.0,795000000.0,657000000,0.0,1.08,23.767,23.757,12873000000,0.0,81.96,1.673,1.673,745000000,5459000000,4089000000.0,4089000000.0,0.0,,,,,10000000.0,626000000.0,1.0,325645948.0,325633000,325733000.0,12.557,14839000000,91000000,215000000.0,13291000000,45.57,-1373000000
34,TWC,ARQ,2007-09-30,2007-11-07,2007-09-30,2019-05-07,-123000000,56593000000,,1390000000,55203000000,,74.931,-861000000.0,511000000,511000000,1890000000.0,248000000.0,0.578,1.319,14178000000,0,14178000000,14178000000,185000000,747000000.0,0,0.0,0.0,641000000.0,1388000000.0,0.347,1388000000.0,641000000.0,414000000.0,0.75,0.75,0.75,24400000000,,24400000000,39428283200.0,15.0,7.098,188000000.0,0.577,1.0,2111000000.0,0.528,41855000000,227000000.0,26000000000,,0,733000000,0,733000000,32193000000,2405000000,29788000000,25761283200.0,441000000.0,-63000000.0,0.0,313000000.0,0.0,316000000.0,-924000000.0,0.0,1049000000.0,0.0,248000000.0,248000000.0,248000000.0,0.0,0.0,0.062,1430000000.0,681000000.0,529000000,0.0,1.056,24.257,24.193,12455000000,0.0,79.11,1.66,1.66,759000000,5132000000,4001000000.0,4001000000.0,0.0,,,,,11000000.0,679000000.0,1.0,325638771.0,325633000,325833000.0,12.287,14738000000,0,166000000.0,13127000000,45.26,-1015000000
35,TWC,ARQ,2007-06-30,2007-08-01,2007-06-30,2019-05-07,-143000000,55873000000,,847000000,55026000000,,73.881,-830000000.0,70000000,70000000,1872000000.0,272000000.0,0.358,1.322,13869000000,0,13869000000,13869000000,189000000,733000000.0,0,0.0,0.0,671000000.0,1404000000.0,0.35,1404000000.0,671000000.0,444000000.0,0.84,0.84,0.84,24058000000,,24058000000,49729913214.0,14.0,,368000000.0,1.13,1.0,2142000000.0,0.534,41890000000,227000000.0,25417000000,,0,692000000,0,692000000,31815000000,2365000000,29450000000,35930913214.0,23000000.0,-34000000.0,0.0,-300000000.0,0.0,-311000000.0,-864000000.0,0.0,1198000000.0,0.0,272000000.0,272000000.0,272000000.0,0.0,0.0,0.068,1431000000.0,711000000.0,653000000,0.0,1.494,18.02,18.029,12301000000,0.0,110.34,2.44,2.44,689000000,4884000000,4014000000.0,4014000000.0,0.0,,,,,33000000.0,692000000.0,1.0,325638148.0,325633000,325733000.0,12.327,13983000000,0,172000000.0,13053000000,42.941,-1518000000
36,TWC,ARQ,2007-03-31,2007-05-02,2007-03-31,2019-05-07,-128000000,55630000000,,771000000,54859000000,,73.115,-717000000.0,47000000,47000000,1883000000.0,276000000.0,0.345,1.336,14142000000,0,14142000000,14142000000,162000000,728000000.0,0,0.0,0.0,690000000.0,1418000000.0,0.368,1418000000.0,690000000.0,463000000.0,0.84,0.84,0.84,23811000000,,23811000000,50191951239.0,,,289000000.0,0.887,1.0,1968000000.0,0.511,41895000000,227000000.0,25592000000,,0,684000000,0,684000000,31819000000,2238000000,29581000000,36096951239.0,-4000000.0,57000000.0,0.0,-283000000.0,0.0,-350000000.0,-660000000.0,0.0,1006000000.0,0.0,276000000.0,276000000.0,276000000.0,0.0,0.0,0.072,1389000000.0,579000000.0,609000000,0.0,1.516,,,12123000000,0.0,110.85,,,621000000,4612000000,3851000000.0,3851000000.0,0.0,,,,,5000000.0,651000000.0,1.0,325637810.0,325667000,325667000.0,11.825,13735000000,0,187000000.0,12985000000,42.175,-1467000000
37,TWC,ARQ,2006-12-31,2007-02-23,2006-12-31,2019-05-07,-130000000,55743000000,,910000000,54833000000,,72.505,-992000000.0,51000000,51000000,1659000000.0,266000000.0,0.365,1.366,14428000000,0,14428000000,14428000000,156000000,676000000.0,0,0.0,0.0,669000000.0,1345000000.0,0.368,1345000000.0,669000000.0,434000000.0,0.84,,0.84,23564000000,,23564000000,54430450630.0,17.0,10.285,42000000.0,0.129,1.0,1992000000.0,0.546,40986000000,235000000.0,26644000000,,0,2072000000,0,2072000000,32179000000,2490000000,29689000000,40053450630.0,51000000.0,-427000000.0,0.0,-259000000.0,0.0,-195000000.0,-788000000.0,0.0,1034000000.0,0.0,266000000.0,266000000.0,266000000.0,-20000000.0,0.0,0.073,1359000000.0,633000000.0,818000000,0.0,1.7,20.27,20.5,11601000000,0.0,123.0,3.404,3.449,730000000,4370000000,3651000000.0,3651000000.0,0.0,,,,,6000000.0,670000000.0,1.0,325637810.0,324999000,,11.234,14757000000,0,168000000.0,12902000000,45.406,-1580000000
38,TWC,ARQ,2006-09-30,2006-12-07,2006-09-30,2019-05-07,-7000000,55467000000,,762000000,54705000000,,71.619,,0,0,1495000000.0,1180000000.0,0.349,1.359,14683000000,0,14683000000,14683000000,148000000,,0,,0.0,1511000000.0,,,,1511000000.0,1325000000.0,3.6,,3.6,23515000000,,23515000000,,,,,,1.0,1714000000.0,0.534,41074000000,186000000.0,26892000000,,0,2269000000,0,2269000000,31952000000,2184000000,29768000000,,,,,,,,,,,,1180000000.0,1180000000.0,1180000000.0,-954000000.0,0.0,0.368,1164000000.0,550000000.0,666000000,0.0,,,,11048000000,0.0,,,,655000000,4104000000,3209000000.0,3209000000.0,0.0,,,,,,573000000.0,1.0,,328333000,,9.774,14393000000,0,145000000.0,12848000000,43.837,-1422000000
0,TWC,ART,2016-03-31,2016-04-28,2016-03-31,2019-05-07,-433000000,49751000000,49158750000.0,2619000000,47132000000,0.49,32.97,-4630000000.0,1297000000,1297000000,11681000000.0,1880000000.0,0.68,4.317,22492000000,5000000,22487000000,22492000000,242000000,3784000000.0,0,0.014,3.0,4451000000.0,8235000000.0,0.342,8235000000.0,4451000000.0,3048000000.0,6.58,6.57,6.58,9357000000,8901250000.0,9357000000,81207191243.0,18.0,9.861,2009000000.0,7.079,1.0,12430000000.0,0.516,29567000000,1403000000.0,37526000000,37453500000.0,0,68000000,0,68000000,40390000000,3853000000,36537000000,60012191243.0,750000000.0,0.0,116000000.0,-638000000.0,-866000000.0,-1373000000.0,-4516000000.0,-1000000.0,6639000000.0,0.0,1880000000.0,1880000000.0,1880000000.0,0.0,0.0,0.078,8130000000.0,4300000000.0,624000000,0.456,6.414,31.921,32.035,17276000000,0.0,210.79,2.489,2.481,846000000,2202000000,24111000000.0,24111000000.0,0.0,0.038,0.211,0.119,0.185,56000000.0,4129000000.0,1.0,284701320.0,283800000,286900000.0,84.958,20184000000,0,1168000000.0,12991000000,71.121,-1234000000
1,TWC,ART,2015-12-31,2016-02-12,2015-12-31,2019-05-07,-414000000,49277000000,48803500000.0,2459000000,46818000000,0.486,31.829,-4446000000.0,1170000000,1170000000,11511000000.0,1844000000.0,0.623,4.478,22502000000,5000000,22497000000,22502000000,224000000,3696000000.0,0,0.02,3.75,4389000000.0,8085000000.0,0.341,8085000000.0,4389000000.0,2988000000.0,6.46,6.44,6.46,8995000000,8597000000.0,8995000000,73734186116.0,17.0,9.12,2093000000.0,7.406,1.0,12186000000.0,0.514,29590000000,1401000000.0,37070000000,37384500000.0,0,65000000,0,65000000,40278000000,3949000000,36329000000,52402186116.0,463000000.0,0.0,129000000.0,-1007000000.0,-865000000.0,-1731000000.0,-4345000000.0,-1000000.0,6539000000.0,0.0,1844000000.0,1844000000.0,1844000000.0,0.0,0.0,0.078,7947000000.0,4239000000.0,656000000,0.58,5.826,28.418,28.636,16945000000,0.0,184.99,2.211,2.206,916000000,1925000000,23697000000.0,23697000000.0,0.0,0.038,0.214,0.117,0.185,69000000.0,4048000000.0,1.0,283270372.0,282600000,285900000.0,83.854,19687000000,0,1144000000.0,12830000000,69.664,-1490000000
2,TWC,ART,2015-09-30,2015-10-29,2015-09-30,2019-05-07,-345000000,48721000000,48609500000.0,1889000000,46832000000,0.482,30.901,-4418000000.0,485000000,485000000,11340000000.0,1912000000.0,0.502,4.571,22695000000,6000000,22689000000,22695000000,214000000,3616000000.0,0,0.02,3.75,4494000000.0,8110000000.0,0.346,8110000000.0,4494000000.0,3092000000.0,6.71,6.69,6.71,8745000000,8351500000.0,8745000000,76532954233.0,17.0,9.437,2098000000.0,7.413,1.0,12075000000.0,0.516,29615000000,1402000000.0,37553000000,37452750000.0,0,68000000,0,68000000,39972000000,3763000000,36209000000,54322954233.0,-41000000.0,0.0,148000000.0,-1527000000.0,-863000000.0,-2231000000.0,-4326000000.0,1000000.0,6516000000.0,0.0,1912000000.0,1912000000.0,1912000000.0,0.0,0.0,0.082,7735000000.0,4340000000.0,482000000,0.559,6.212,28.412,28.587,16746000000,0.0,191.82,2.32,2.318,935000000,1656000000,23415000000.0,23415000000.0,0.0,0.039,0.229,0.12,0.192,68000000.0,3929000000.0,1.0,283197551.0,283000000,286300000.0,82.739,19106000000,219000000,1180000000.0,12688000000,67.512,-1874000000
3,TWC,ART,2015-06-30,2015-07-30,2015-06-30,2019-05-07,-300000000,48886000000,48588250000.0,2074000000,46812000000,0.478,30.096,-4420000000.0,480000000,480000000,11146000000.0,1974000000.0,0.499,4.745,23052000000,320000000,22732000000,23052000000,215000000,3538000000.0,0,0.02,3.75,4639000000.0,8177000000.0,0.352,8177000000.0,4639000000.0,3235000000.0,6.95,6.92,6.95,8508000000,8141500000.0,8508000000,76574810259.0,17.0,9.365,2044000000.0,7.23,1.0,12061000000.0,0.52,29638000000,1404000000.0,37665000000,37488000000.0,0,69000000,0,69000000,40374000000,4155000000,36219000000,54002810259.0,77000000.0,0.0,214000000.0,-1334000000.0,-861000000.0,-1941000000.0,-4446000000.0,1000000.0,6464000000.0,0.0,1974000000.0,1974000000.0,1974000000.0,0.0,0.0,0.085,7571000000.0,4490000000.0,496000000,0.54,6.347,27.357,27.459,16604000000,0.0,190.84,2.327,2.325,1029000000,1436000000,23207000000.0,23207000000.0,0.0,0.041,0.242,0.124,0.2,52000000.0,3841000000.0,1.0,282974273.0,282700000,285800000.0,82.091,19248000000,235000000,1261000000.0,12715000000,68.086,-2081000000
4,TWC,ART,2015-03-31,2015-04-30,2015-03-31,2019-05-07,-336000000,48330000000,48480750000.0,2006000000,46324000000,0.475,28.917,-4397000000.0,547000000,547000000,11009000000.0,2010000000.0,0.482,4.937,23286000000,647000000,22639000000,23286000000,207000000,3449000000.0,0,0.024,3.75,4654000000.0,8103000000.0,0.352,8103000000.0,4654000000.0,3251000000.0,7.1,7.06,7.1,8140000000,7867000000.0,8140000000,66676219422.0,14.0,8.229,2064000000.0,7.332,1.0,11998000000.0,0.521,29660000000,1403000000.0,37250000000,37480250000.0,0,67000000,0,67000000,40186000000,4159000000,36027000000,43937219422.0,-1010000000.0,0.0,218000000.0,-2406000000.0,-859000000.0,-3044000000.0,-4427000000.0,1000000.0,6461000000.0,0.0,2010000000.0,2010000000.0,2010000000.0,0.0,0.0,0.087,7374000000.0,4624000000.0,446000000,0.528,5.398,21.859,21.904,16207000000,0.0,155.52,1.91,1.903,811000000,1189000000,23007000000.0,23007000000.0,0.0,0.041,0.255,0.124,0.202,55000000.0,3754000000.0,1.0,282518129.0,281500000,284900000.0,81.73,18670000000,232000000,1241000000.0,12616000000,66.323,-2153000000
5,TWC,ART,2014-12-31,2015-02-13,2014-12-31,2019-05-07,-324000000,48501000000,48686500000.0,2316000000,46185000000,0.469,28.69,-4097000000.0,707000000,707000000,10862000000.0,2031000000.0,0.515,5.052,23718000000,1017000000,22701000000,23718000000,198000000,3371000000.0,0,0.02,3.0,4667000000.0,8038000000.0,0.352,8038000000.0,4667000000.0,3248000000.0,7.21,7.17,7.21,8013000000,7605500000.0,8013000000,65073016462.0,14.0,8.096,2253000000.0,8.067,1.0,11950000000.0,0.524,29672000000,1419000000.0,37343000000,37493000000.0,0,64000000,0,64000000,40484000000,4497000000,35987000000,42062016462.0,182000000.0,0.0,-33000000.0,-1243000000.0,-857000000.0,-2076000000.0,-4092000000.0,17000000.0,6350000000.0,0.0,2031000000.0,2031000000.0,2031000000.0,0.0,0.0,0.089,7318000000.0,4632000000.0,567000000,0.416,5.249,20.71,20.768,15990000000,0.0,149.74,1.844,1.833,949000000,1162000000,22812000000.0,22812000000.0,0.0,0.042,0.267,0.124,0.205,41000000.0,3722000000.0,1.0,280900337.0,279300000,283000000.0,81.676,18829000000,269000000,1217000000.0,12560000000,67.415,-2181000000
6,TWC,ART,2014-09-30,2014-10-30,2014-09-30,2019-05-07,-15000000,48636000000,48629500000.0,2074000000,46562000000,0.465,28.252,-4006000000.0,526000000,526000000,10714000000.0,2017000000.0,0.413,5.152,24302000000,1540000000,22762000000,24302000000,193000000,3310000000.0,0,0.02,2.9,4608000000.0,7918000000.0,0.35,7918000000.0,4608000000.0,3165000000.0,7.16,7.11,7.16,7905000000,7338000000.0,7905000000,63853053589.0,14.0,8.064,2133000000.0,7.623,1.0,11885000000.0,0.526,29699000000,1443000000.0,37694000000,37610750000.0,0,69000000,0,69000000,40727000000,5019000000,35708000000,40077053589.0,-350000000.0,-421000000.0,-699000000.0,-861000000.0,-827000000.0,-2326000000.0,-4163000000.0,264000000.0,6139000000.0,0.0,2017000000.0,2017000000.0,2017000000.0,0.0,0.0,0.089,7306000000.0,4579000000.0,462000000,0.405,5.07,19.87,19.955,15794000000,0.0,142.88,1.773,1.769,950000000,824000000,22599000000.0,22599000000.0,0.0,0.041,0.275,0.123,0.204,23000000.0,3771000000.0,1.0,280494496.0,279800000,283500000.0,80.768,18937000000,319000000,1148000000.0,12230000000,67.68,-2945000000
7,TWC,ART,2014-06-30,2014-07-31,2014-06-30,2019-05-07,-72000000,48456000000,48328250000.0,1988000000,46468000000,0.464,26.578,-3675000000.0,403000000,403000000,10575000000.0,2050000000.0,0.377,5.539,24580000000,1663000000,22917000000,24580000000,195000000,3275000000.0,0,0.019,2.8,4612000000.0,7887000000.0,0.352,7887000000.0,4612000000.0,3143000000.0,7.25,7.19,7.25,7410000000,7027250000.0,7410000000,64730823139.0,14.0,8.207,2225000000.0,7.981,1.0,11828000000.0,0.528,29725000000,1469000000.0,37634000000,37475250000.0,0,68000000,0,68000000,41042000000,5274000000,35768000000,40553823139.0,-2220000000.0,-421000000.0,-1296000000.0,-2241000000.0,-800000000.0,-4604000000.0,-3516000000.0,584000000.0,5900000000.0,0.0,2050000000.0,2050000000.0,2050000000.0,0.0,0.0,0.092,7240000000.0,4588000000.0,565000000,0.386,5.473,19.782,20.014,15604000000,0.0,145.1,1.81,1.806,906000000,539000000,22403000000.0,22403000000.0,0.0,0.042,0.292,0.123,0.206,21000000.0,3763000000.0,1.0,279488788.0,278800000,282400000.0,80.355,18731000000,348000000,1093000000.0,12162000000,67.184,-3286000000
8,TWC,ART,2014-03-31,2014-04-24,2014-03-31,2019-05-07,-2000000,49153000000,48521250000.0,3114000000,46039000000,0.458,25.536,-3262000000.0,1557000000,1557000000,10384000000.0,2032000000.0,0.487,5.928,25854000000,3062000000,22792000000,25854000000,193000000,3268000000.0,0,0.019,2.7,4639000000.0,7907000000.0,0.356,7907000000.0,4639000000.0,3121000000.0,7.13,7.07,7.13,7094000000,6851750000.0,7094000000,63414061339.0,14.0,8.02,2494000000.0,8.978,1.0,11843000000.0,0.533,29750000000,1518000000.0,37301000000,37191000000.0,0,64000000,0,64000000,42055000000,6399000000,35656000000,39117061339.0,-1236000000.0,-421000000.0,-1945000000.0,-844000000.0,-777000000.0,-3790000000.0,-3202000000.0,479000000.0,5756000000.0,0.0,2032000000.0,2032000000.0,2032000000.0,0.0,0.0,0.091,7231000000.0,4612000000.0,445000000,0.379,5.514,19.251,19.691,15077000000,0.0,140.4,1.76,1.755,836000000,255000000,22227000000.0,22227000000.0,0.0,0.042,0.297,0.125,0.209,14000000.0,3795000000.0,1.0,278611548.0,277800000,281800000.0,80.011,19403000000,326000000,1089000000.0,12101000000,69.845,-3285000000
9,TWC,ART,2013-12-31,2014-02-18,2013-12-31,2019-05-07,44000000,48273000000,48557750000.0,2144000000,46129000000,0.456,24.141,-3198000000.0,525000000,525000000,10342000000.0,1954000000.0,0.41,5.952,25052000000,1767000000,23285000000,25052000000,188000000,3281000000.0,0,0.018,2.6,4591000000.0,7872000000.0,0.356,7872000000.0,4591000000.0,3039000000.0,6.76,6.7,6.76,6943000000,6812750000.0,6943000000,64751873961.0,14.0,8.226,2555000000.0,8.884,1.0,11778000000.0,0.532,29760000000,1552000000.0,37814000000,37275000000.0,0,56000000,0,56000000,41326000000,5226000000,36100000000,40224873961.0,-2779000000.0,-414000000.0,-2371000000.0,-1638000000.0,-758000000.0,-5056000000.0,-3476000000.0,138000000.0,5753000000.0,0.0,1954000000.0,1954000000.0,1954000000.0,0.0,0.0,0.088,7198000000.0,4580000000.0,565000000,0.385,5.794,20.586,21.447,15056000000,0.0,144.98,1.818,1.885,954000000,-55000000,22120000000.0,22120000000.0,0.0,0.04,0.287,0.123,0.208,35000000.0,3798000000.0,1.0,277451193.0,287600000,291700000.0,76.912,18513000000,334000000,1085000000.0,12098000000,64.371,-3082000000
10,TWC,ART,2013-09-30,2013-10-31,2013-09-30,2019-05-07,-516000000,47431000000,48941750000.0,2656000000,44775000000,0.45,23.375,-3275000000.0,876000000,876000000,10329000000.0,1928000000.0,0.535,6.119,25032000000,1771000000,23261000000,25032000000,192000000,3274000000.0,0,0.021,2.51,4589000000.0,7863000000.0,0.357,7863000000.0,4589000000.0,3012000000.0,6.56,6.5,6.56,6662000000,6896750000.0,6662000000,58025070163.0,13.0,7.38,2289000000.0,8.032,1.0,11699000000.0,0.531,29471000000,1577000000.0,37152000000,37403500000.0,0,333000000,250000000,83000000,40765000000,4964000000,35801000000,33869070163.0,-2977000000.0,189000000.0,-2279000000.0,-1851000000.0,-744000000.0,-5193000000.0,-3348000000.0,-260000000.0,5564000000.0,0.0,1927000000.0,1927000000.0,1927000000.0,0.0,1000000.0,0.087,7123000000.0,4576000000.0,468000000,0.383,5.084,17.576,18.316,14627000000,0.0,120.15,1.538,1.555,892000000,119000000,22028000000.0,22028000000.0,0.0,0.039,0.279,0.123,0.208,37000000.0,3751000000.0,1.0,281889889.0,285000000,289000000.0,77.291,17960000000,309000000,1085000000.0,11714000000,63.018,-2308000000
11,TWC,ART,2013-06-30,2013-08-01,2013-06-30,2019-05-07,-603000000,49228000000,49605250000.0,4610000000,44618000000,0.441,23.163,-2162000000.0,2623000000,2623000000,10264000000.0,2205000000.0,0.658,6.338,26392000000,3281000000,23111000000,26392000000,196000000,3272000000.0,0,0.021,2.42,5018000000.0,8290000000.0,0.379,8290000000.0,5018000000.0,3418000000.0,7.34,7.26,7.34,6708000000,7133500000.0,6708000000,57399869184.0,11.0,6.924,3388000000.0,11.699,1.0,11609000000.0,0.531,29494000000,1600000000.0,36497000000,37663250000.0,0,659000000,575000000,84000000,42516000000,7006000000,35510000000,33630869184.0,-603000000.0,173000000.0,-2232000000.0,-620000000.0,-730000000.0,-3596000000.0,-2557000000.0,-580000000.0,5550000000.0,0.0,2203000000.0,2203000000.0,2203000000.0,0.0,2000000.0,0.101,7099000000.0,4510000000.0,521000000,0.33,5.014,15.266,16.033,14690000000,0.0,117.68,1.538,1.558,858000000,42000000,21873000000.0,21873000000.0,0.0,0.044,0.309,0.133,0.229,39000000.0,3720000000.0,1.0,285782369.0,289600000,293300000.0,75.528,19734000000,317000000,1215000000.0,11538000000,68.142,-2396000000
12,TWC,ART,2013-03-31,2013-04-25,2013-03-31,2019-05-07,-640000000,49299000000,49782500000.0,4604000000,44695000000,0.436,23.511,-2047000000.0,2793000000,2793000000,10172000000.0,2177000000.0,0.784,6.105,26521000000,2273000000,24248000000,26521000000,187000000,3299000000.0,0,0.025,2.33,4959000000.0,8258000000.0,0.38,8258000000.0,4959000000.0,3360000000.0,7.13,7.05,7.13,6938000000,7295750000.0,6938000000,50551909301.0,10.0,6.122,3489000000.0,11.823,1.0,11555000000.0,0.532,29516000000,1599000000.0,37637000000,38345000000.0,0,552000000,475000000,77000000,42357000000,5874000000,36483000000,26823909301.0,164000000.0,158000000.0,-2039000000.0,-248000000.0,-716000000.0,-3027000000.0,-2345000000.0,-475000000.0,5536000000.0,0.0,2174000000.0,2174000000.0,2174000000.0,0.0,3000000.0,0.1,7092000000.0,4463000000.0,511000000,0.327,3.866,12.339,12.93,14653000000,0.0,92.19,1.235,1.252,762000000,90000000,21727000000.0,21727000000.0,0.0,0.044,0.298,0.129,0.228,41000000.0,3692000000.0,1.0,290963329.0,295100000,299400000.0,73.626,19783000000,322000000,1186000000.0,11407000000,67.038,-1270000000
13,TWC,ART,2012-12-31,2013-02-15,2012-12-31,2019-05-07,-663000000,49809000000,49781750000.0,4877000000,44932000000,0.43,23.648,-1983000000.0,3304000000,3304000000,9942000000.0,2159000000.0,0.916,5.842,26689000000,1518000000,25171000000,26689000000,183000000,3264000000.0,0,0.026,2.24,4938000000.0,8202000000.0,0.384,8202000000.0,4938000000.0,3332000000.0,6.97,6.9,6.97,7279000000,7440750000.0,7279000000,49076970902.0,10.0,5.984,3542000000.0,11.507,1.0,11444000000.0,0.535,29541000000,1606000000.0,38328000000,38504000000.0,0,237000000,150000000,87000000,42526000000,5325000000,37201000000,25691970902.0,-1873000000.0,-1244000000.0,-1710000000.0,-1598000000.0,-700000000.0,-4053000000.0,-3345000000.0,-150000000.0,5525000000.0,0.0,2155000000.0,2155000000.0,2155000000.0,0.0,4000000.0,0.101,6999000000.0,4445000000.0,653000000,0.321,3.53,11.922,12.473,14742000000,0.0,86.94,1.201,1.251,883000000,363000000,21386000000.0,21386000000.0,0.0,0.043,0.29,0.128,0.231,49000000.0,3620000000.0,1.0,295513813.0,307800000,312400000.0,69.48,20268000000,317000000,1177000000.0,11280000000,65.848,-448000000
14,TWC,ART,2012-09-30,2012-11-05,2012-09-30,2019-05-07,-541000000,50085000000,49398500000.0,5362000000,44723000000,0.423,24.89,-2021000000.0,3853000000,3853000000,9660000000.0,2209000000.0,0.969,5.581,27063000000,1876000000,25187000000,27063000000,191000000,3222000000.0,0,0.023,2.16,4790000000.0,8012000000.0,0.383,8012000000.0,4790000000.0,3180000000.0,7.03,6.96,7.03,7609000000,7503500000.0,7609000000,50952059734.0,11.0,6.359,3438000000.0,11.246,1.0,11234000000.0,0.538,29570000000,1610000000.0,38191000000,38278000000.0,0,88000000,0,88000000,42468000000,5534000000,36934000000,27742059734.0,-1720000000.0,-1723000000.0,-1524000000.0,-1248000000.0,-683000000.0,-3474000000.0,-3705000000.0,0.0,5459000000.0,0.0,2206000000.0,2206000000.0,2206000000.0,0.0,3000000.0,0.106,6929000000.0,4305000000.0,458000000,0.307,3.646,12.576,13.077,14510000000,0.0,91.93,1.328,1.345,899000000,440000000,20894000000.0,20894000000.0,0.0,0.045,0.294,0.125,0.229,53000000.0,3515000000.0,1.0,301773738.0,305700000,310200000.0,68.348,20515000000,372000000,974000000.0,11262000000,67.108,-172000000
15,TWC,ART,2012-06-30,2012-08-02,2012-06-30,2019-05-07,-594000000,49937000000,48905500000.0,4586000000,45351000000,0.418,23.648,-2992000000.0,3226000000,3226000000,9447000000.0,1756000000.0,0.89,5.787,27236000000,1855000000,25381000000,27236000000,187000000,3161000000.0,0,0.024,2.08,4181000000.0,7342000000.0,0.359,7342000000.0,4181000000.0,2590000000.0,5.48,5.44,5.48,7357000000,7513000000.0,7357000000,50951776970.0,12.0,6.94,2536000000.0,8.152,1.0,10995000000.0,0.538,29570000000,1591000000.0,39224000000,38188750000.0,0,771000000,0,771000000,42572000000,5153000000,37419000000,26941776970.0,-284000000.0,-1737000000.0,-1644000000.0,1223000000.0,-668000000.0,-1115000000.0,-4697000000.0,0.0,5528000000.0,0.0,1754000000.0,1754000000.0,1754000000.0,0.0,2000000.0,0.086,6782000000.0,4213000000.0,399000000,0.38,3.662,15.36,16.047,14526000000,0.0,87.94,1.318,1.338,791000000,79000000,20442000000.0,20442000000.0,0.0,0.036,0.233,0.109,0.205,58000000.0,3440000000.0,1.0,306365442.0,311100000,315300000.0,65.709,20367000000,379000000,836000000.0,11084000000,65.468,-567000000
16,TWC,ART,2012-03-31,2012-04-26,2012-03-31,2019-05-07,-551000000,49296000000,47897250000.0,3888000000,45408000000,0.417,23.95,-2980000000.0,2629000000,2629000000,9270000000.0,1724000000.0,0.696,5.556,26839000000,2495000000,24344000000,26839000000,202000000,3063000000.0,0,0.025,2.0,4072000000.0,7135000000.0,0.357,7135000000.0,4072000000.0,2512000000.0,5.29,5.25,5.29,7518000000,7684000000.0,7518000000,49565792857.0,12.0,6.947,2521000000.0,8.031,1.0,10712000000.0,0.536,29649000000,1560000000.0,38273000000,37611500000.0,0,770000000,0,770000000,41770000000,5584000000,36186000000,25355792857.0,-404000000.0,-2017000000.0,-2055000000.0,1808000000.0,-654000000.0,-937000000.0,-4968000000.0,0.0,5501000000.0,0.0,1722000000.0,1722000000.0,1722000000.0,0.0,2000000.0,0.086,6576000000.0,4136000000.0,352000000,0.378,3.373,14.725,15.338,14542000000,0.0,81.14,1.269,1.275,647000000,100000000,19982000000.0,19982000000.0,0.0,0.036,0.224,0.108,0.204,53000000.0,3344000000.0,1.0,312494366.0,313900000,319000000.0,63.657,19647000000,398000000,790000000.0,11022000000,62.59,-1696000000
17,TWC,ART,2011-12-31,2012-02-17,2011-12-31,2019-05-07,-559000000,48276000000,46858000000.0,6398000000,41878000000,0.42,22.839,-2937000000.0,5177000000,5177000000,9138000000.0,1667000000.0,1.191,5.41,26442000000,2122000000,24320000000,26442000000,169000000,3027000000.0,0,0.025,1.92,3978000000.0,7005000000.0,0.356,7005000000.0,3978000000.0,2460000000.0,5.02,4.97,5.02,7530000000,7962500000.0,7530000000,45656951144.0,11.0,6.518,2751000000.0,8.344,1.0,10537000000.0,0.536,26747000000,1518000000.0,37424000000,37069000000.0,0,774000000,0,774000000,40739000000,5370000000,35369000000,24391951144.0,2130000000.0,-630000000.0,-2543000000.0,3158000000.0,-642000000.0,-28000000.0,-3530000000.0,0.0,5688000000.0,0.0,1665000000.0,1665000000.0,1665000000.0,0.0,2000000.0,0.085,6468000000.0,4069000000.0,545000000,0.382,3.239,14.65,15.47,13905000000,0.0,77.66,1.24,1.301,767000000,68000000,19675000000.0,19675000000.0,0.0,0.036,0.209,0.107,0.202,64000000.0,3311000000.0,1.0,314086417.0,329700000,335300000.0,59.675,21529000000,267000000,795000000.0,10198000000,65.299,1028000000
18,TWC,ART,2011-09-30,2011-10-27,2011-09-30,2019-05-07,-370000000,48113000000,46244500000.0,6687000000,41426000000,0.421,23.616,-2777000000.0,5573000000,5573000000,9139000000.0,1496000000.0,1.44,5.291,26473000000,1774000000,24699000000,26473000000,168000000,2997000000.0,0,0.028,1.84,3906000000.0,6903000000.0,0.354,6903000000.0,3906000000.0,2434000000.0,4.39,4.34,4.39,7647000000,8382500000.0,7647000000,41709268284.0,11.0,6.042,3011000000.0,9.299,1.0,10344000000.0,0.531,26534000000,1472000000.0,37834000000,36837000000.0,0,781000000,0,781000000,40459000000,4645000000,35814000000,20809268284.0,4445000000.0,-340000000.0,-2627000000.0,5006000000.0,-632000000.0,1750000000.0,-3093000000.0,0.0,5788000000.0,0.0,1493000000.0,1493000000.0,1493000000.0,0.0,3000000.0,0.077,6310000000.0,4034000000.0,331000000,0.419,2.721,13.938,14.854,13506000000,0.0,65.21,1.068,1.084,708000000,-279000000,19483000000.0,19483000000.0,0.0,0.032,0.178,0.106,0.2,69000000.0,3269000000.0,1.0,319111613.0,323800000,329100000.0,60.17,21579000000,201000000,941000000.0,10186000000,66.643,2042000000
19,TWC,ART,2011-06-30,2011-07-28,2011-06-30,2019-05-07,-317000000,45904000000,45137750000.0,4531000000,41373000000,0.428,24.075,-2821000000.0,3510000000,3510000000,9092000000.0,1503000000.0,1.443,4.708,24183000000,261000000,23922000000,24183000000,177000000,3012000000.0,0,0.024,1.76,3825000000.0,6837000000.0,0.354,6837000000.0,3825000000.0,2390000000.0,4.3,4.26,4.3,8041000000,8827000000.0,8041000000,44551199733.0,12.0,6.516,2785000000.0,8.338,1.0,10214000000.0,0.529,26521000000,1435000000.0,36915000000,36067250000.0,0,809000000,0,809000000,37855000000,3141000000,34714000000,23878199733.0,2696000000.0,-264000000.0,-2026000000.0,2796000000.0,-618000000.0,153000000.0,-3063000000.0,0.0,5606000000.0,0.0,1497000000.0,1497000000.0,1497000000.0,0.0,6000000.0,0.078,6255000000.0,3959000000.0,300000000,0.409,2.97,15.951,17.077,13583000000,0.0,73.43,1.237,1.27,704000000,-273000000,19306000000.0,19306000000.0,0.0,0.033,0.17,0.106,0.198,72000000.0,3207000000.0,1.0,325183164.0,334000000,339600000.0,57.802,19383000000,147000000,893000000.0,9981000000,58.033,1390000000
20,TWC,ART,2011-03-31,2011-04-28,2011-03-31,2019-05-07,-287000000,45139000000,44436250000.0,4042000000,41097000000,0.43,25.13,-2857000000.0,3033000000,3033000000,9018000000.0,1424000000.0,1.462,4.228,23077000000,0,23077000000,23077000000,182000000,3071000000.0,0,0.022,1.68,3695000000.0,6766000000.0,0.354,6766000000.0,3695000000.0,2285000000.0,4.01,3.97,4.01,8632000000,9109750000.0,8632000000,45697992269.0,12.0,6.754,2545000000.0,7.409,1.0,10078000000.0,0.528,26315000000,1410000000.0,36103000000,35420500000.0,0,836000000,0,836000000,36500000000,2765000000,33735000000,25653992269.0,2672000000.0,23000000.0,-1163000000.0,1834000000.0,-599000000.0,80000000.0,-2810000000.0,0.0,5402000000.0,0.0,1419000000.0,1419000000.0,1419000000.0,0.0,5000000.0,0.074,6264000000.0,3814000000.0,290000000,0.419,2.972,18.079,19.017,13562000000,0.0,76.26,1.343,1.372,632000000,-135000000,19096000000.0,19096000000.0,0.0,0.032,0.156,0.104,0.193,85000000.0,3146000000.0,1.0,336401682.0,343500000,349800000.0,55.592,18824000000,176000000,866000000.0,9892000000,54.801,1277000000
21,TWC,ART,2010-12-31,2011-02-18,2010-12-31,2019-05-07,-291000000,45822000000,43808000000.0,4340000000,41482000000,0.431,26.002,-2930000000.0,3047000000,3047000000,8941000000.0,1313000000.0,1.406,3.974,23121000000,0,23121000000,23121000000,163000000,3129000000.0,0,0.022,1.6,3585000000.0,6714000000.0,0.356,6714000000.0,3585000000.0,2191000000.0,3.67,3.64,3.67,9210000000,9175000000.0,9210000000,44759958649.0,12.0,6.667,2288000000.0,6.46,1.0,9927000000.0,0.526,26314000000,1394000000.0,36496000000,34933750000.0,0,866000000,0,866000000,36605000000,3086000000,33519000000,24685958649.0,1999000000.0,48000000.0,-359000000.0,578000000.0,-576000000.0,-347000000.0,-2872000000.0,0.0,5218000000.0,0.0,1308000000.0,1308000000.0,1308000000.0,0.0,5000000.0,0.069,6238000000.0,3689000000.0,529000000,0.436,2.68,18.873,19.589,13873000000,0.0,71.89,1.308,1.35,718000000,54000000,18868000000.0,18868000000.0,0.0,0.03,0.143,0.103,0.19,109000000.0,3057000000.0,1.0,343385153.0,354200000,359500000.0,53.269,19508000000,150000000,883000000.0,9637000000,55.076,1254000000
22,TWC,ART,2010-09-30,2010-11-04,2010-09-30,2019-05-07,-289000000,43686000000,43276000000.0,2343000000,41343000000,0.43,26.512,-3092000000.0,1128000000,1128000000,8789000000.0,1243000000.0,0.838,3.634,21314000000,0,21314000000,21314000000,163000000,3190000000.0,0,0.019,1.2,3520000000.0,6710000000.0,0.361,6710000000.0,3520000000.0,2141000000.0,3.48,3.46,3.48,9425000000,9043750000.0,9425000000,42358844248.0,12.0,6.313,2056000000.0,5.783,1.0,9810000000.0,0.527,26321000000,1379000000.0,34755000000,34695250000.0,0,905000000,0,905000000,34253000000,2796000000,31457000000,22172844248.0,622000000.0,-39000000.0,86000000.0,-1065000000.0,-432000000.0,-1405000000.0,-3121000000.0,0.0,5148000000.0,0.0,1238000000.0,1238000000.0,1238000000.0,0.0,5000000.0,0.067,6224000000.0,3586000000.0,342000000,0.345,2.353,17.91,17.911,13666000000,0.0,62.33,1.192,1.191,673000000,103000000,18599000000.0,18599000000.0,0.0,0.029,0.137,0.101,0.189,102000000.0,2971000000.0,1.0,355733102.0,355500000,361000000.0,52.318,17365000000,133000000,903000000.0,9382000000,48.847,-453000000
23,TWC,ART,2010-06-30,2010-08-05,2010-06-30,2019-05-07,-293000000,43098000000,43026000000.0,1756000000,41342000000,0.427,25.851,-3174000000.0,814000000,814000000,8713000000.0,1148000000.0,0.613,3.698,21247000000,0,21247000000,21247000000,180000000,3193000000.0,0,0.014,0.8,3430000000.0,6623000000.0,0.361,6623000000.0,3430000000.0,2049000000.0,3.24,3.22,3.24,9172000000,8741250000.0,9172000000,41182189233.0,12.0,6.218,2126000000.0,5.992,1.0,9650000000.0,0.526,26338000000,1381000000.0,34328000000,34767500000.0,0,933000000,0,933000000,33922000000,2865000000,31057000000,20749189233.0,286000000.0,-96000000.0,74000000.0,-1544000000.0,-288000000.0,-1755000000.0,-3259000000.0,0.0,5300000000.0,0.0,1146000000.0,1146000000.0,1146000000.0,0.0,2000000.0,0.062,6163000000.0,3487000000.0,333000000,0.247,2.262,18.106,18.019,13722000000,0.0,58.38,1.13,1.128,657000000,-257000000,18363000000.0,18363000000.0,0.0,0.027,0.131,0.099,0.187,104000000.0,2906000000.0,1.0,355416054.0,354800000,360100000.0,51.756,16760000000,130000000,903000000.0,9110000000,47.238,-1109000000
24,TWC,ART,2010-03-31,2010-04-29,2010-03-31,2019-05-07,-314000000,42626000000,42944500000.0,1287000000,41339000000,0.422,25.2,-3198000000.0,361000000,361000000,8610000000.0,1123000000.0,0.455,3.793,21138000000,0,21138000000,21138000000,178000000,3145000000.0,0,0.007,0.4,3062000000.0,6207000000.0,0.343,6207000000.0,3062000000.0,2022000000.0,3.18,3.16,3.18,8893000000,8427500000.0,8893000000,41035975027.0,13.0,6.611,2226000000.0,6.308,1.0,9493000000.0,0.524,26416000000,1040000000.0,34156000000,35050000000.0,0,961000000,0,961000000,33728000000,2831000000,30897000000,20258975027.0,-35000000.0,-80000000.0,39000000.0,-2090000000.0,-144000000.0,-2194000000.0,-3265000000.0,0.0,5424000000.0,0.0,1120000000.0,1120000000.0,1120000000.0,0.0,3000000.0,0.062,6042000000.0,3451000000.0,279000000,0.126,2.278,18.088,17.972,13721000000,0.0,57.15,1.119,1.114,548000000,-599000000,18103000000.0,18103000000.0,0.0,0.026,0.133,0.087,0.169,98000000.0,2848000000.0,1.0,354487752.0,352900000,357000000.0,51.298,16210000000,139000000,902000000.0,9043000000,45.934,-1544000000
25,TWC,ART,2009-12-31,2010-02-19,2009-12-31,2019-05-07,-319000000,43694000000,42919000000.0,2102000000,41592000000,0.416,24.885,-3231000000.0,1048000000,1048000000,8555000000.0,1092000000.0,0.711,4.031,22331000000,0,22331000000,22331000000,170000000,3085000000.0,0,0.657,30.81,3209000000.0,6294000000.0,0.352,6294000000.0,3209000000.0,1890000000.0,3.07,3.05,3.07,8685000000,8099500000.0,8685000000,37814490244.0,12.0,6.008,1948000000.0,5.582,1.0,9313000000.0,0.521,26477000000,1319000000.0,35542000000,35529250000.0,0,975000000,0,975000000,35005000000,2958000000,32047000000,16531490244.0,-4401000000.0,-88000000.0,0.0,4587000000.0,-10856000000.0,-6273000000.0,-3307000000.0,0.0,5179000000.0,0.0,1070000000.0,1070000000.0,1070000000.0,0.0,22000000.0,0.06,5996000000.0,3317000000.0,520000000,10.036,1.903,15.45,15.274,13919000000,0.0,46.89,0.925,0.916,663000000,-813000000,17868000000.0,17868000000.0,0.0,0.025,0.132,0.09,0.18,97000000.0,2830000000.0,1.0,352558973.0,349000000,350900000.0,51.198,17217000000,139000000,820000000.0,8957000000,49.332,-856000000
26,TWC,ART,2009-09-30,2009-11-05,2009-09-30,2019-05-07,-448000000,42686000000,43967750000.0,1561000000,41125000000,0.403,23.312,-3230000000.0,506000000,506000000,8458000000.0,-7395000000.0,0.562,4.196,22168000000,0,22168000000,22168000000,170000000,3057000000.0,0,0.752,30.81,-11158000000.0,-8101000000.0,-0.457,-8101000000.0,-11158000000.0,-12072000000.0,-22.94,-22.95,-22.94,8215000000,10219250000.0,8215000000,36101216924.0,-3.0,-4.456,2011000000.0,5.707,1.0,9280000000.0,0.523,26528000000,914000000.0,35044000000,34295250000.0,0,901000000,0,901000000,34467000000,2776000000,31691000000,14439216924.0,-2584000000.0,-154000000.0,0.0,6353000000.0,-10856000000.0,-4508000000.0,-3317000000.0,-9000000.0,5241000000.0,0.0,-7416000000.0,-7416000000.0,-7416000000.0,0.0,21000000.0,-0.418,20798000000.0,-11518000000.0,339000000,-1.343,1.758,-1.947,-1.786,13543000000,0.0,40.97,0.814,0.814,646000000,-1135000000,17738000000.0,17738000000.0,0.0,-0.169,-0.726,-0.325,-0.629,91000000.0,2843000000.0,1.0,352433901.0,352400000,354500000.0,50.335,16158000000,132000000,-4656000000.0,8645000000,45.851,-1215000000
27,TWC,ART,2009-06-30,2009-07-29,2009-06-30,2019-05-07,-459000000,42772000000,48399750000.0,1593000000,41179000000,0.363,22.472,-3345000000.0,528000000,528000000,8367000000.0,-7362000000.0,0.563,4.402,22626000000,0,22626000000,22626000000,170000000,3046000000.0,0,0.94,30.81,-11234000000.0,-8188000000.0,-0.466,-8188000000.0,-11234000000.0,-12029000000.0,-22.77,-22.78,-22.77,7917000000,14562750000.0,7917000000,33648413674.0,-3.0,-4.109,1991000000.0,5.651,1.0,9213000000.0,0.524,26584000000,795000000.0,35458000000,32762500000.0,0,911000000,0,911000000,34851000000,2828000000,32023000000,11550413674.0,-3321000000.0,-642000000.0,0.0,6125000000.0,-10856000000.0,-4735000000.0,-3922000000.0,-9000000.0,5336000000.0,0.0,-7383000000.0,-7383000000.0,-7383000000.0,0.0,21000000.0,-0.42,20771000000.0,-11558000000.0,395000000,-1.353,1.459,-1.564,-1.44,13557000000,0.0,32.78,0.657,0.657,617000000,-1402000000,17580000000.0,17580000000.0,0.0,-0.153,-0.507,-0.343,-0.639,84000000.0,2833000000.0,1.0,352361613.0,352300000,353700000.0,49.901,16188000000,142000000,-4646000000.0,8515000000,45.949,-1235000000
28,TWC,ART,2009-03-31,2009-04-29,2009-03-31,2019-05-07,-457000000,42524000000,52820000000.0,1342000000,41182000000,0.329,22.363,-3446000000.0,396000000,396000000,8265000000.0,-7402000000.0,0.521,4.609,23158000000,0,23158000000,23158000000,167000000,3070000000.0,0,0.99,30.81,-11307000000.0,-8237000000.0,-0.473,-8237000000.0,-11307000000.0,-12102000000.0,-22.83,-22.83,-22.83,7581000000,18901000000.0,7581000000,33726648675.0,-3.0,-4.095,1809000000.0,5.336,1.0,9139000000.0,0.525,26638000000,795000000.0,36073000000,31121500000.0,0,917000000,0,917000000,34939000000,2575000000,32364000000,10964648675.0,170000000.0,-671000000.0,0.0,9831000000.0,-10856000000.0,-1027000000.0,-4058000000.0,-9000000.0,5255000000.0,0.0,-7422000000.0,-7422000000.0,-7422000000.0,0.0,20000000.0,-0.426,20841000000.0,-11702000000.0,413000000,-1.35,1.446,-1.477,-1.363,13461000000,0.0,31.12,0.63,0.606,526000000,-1719000000,17404000000.0,17404000000.0,0.0,-0.141,-0.393,-0.363,-0.65,79000000.0,2839000000.0,1.0,352334469.0,339000000,339600000.0,51.339,15886000000,141000000,-4680000000.0,8334000000,46.861,-1233000000
29,TWC,ART,2008-12-31,2009-02-20,2008-12-31,2019-05-07,-467000000,47889000000,56319750000.0,6659000000,41230000000,0.305,52.704,-3522000000.0,5449000000,5449000000,8145000000.0,-7344000000.0,2.318,1.79,17727000000,0,17727000000,17727000000,156000000,3088000000.0,0,0.0,0.0,-11127000000.0,-8039000000.0,-0.467,-8039000000.0,-11127000000.0,-12050000000.0,-22.56,-22.56,-22.56,17164000000,23255000000.0,17164000000,29492992671.0,-3.0,-3.669,1778000000.0,5.46,1.0,9055000000.0,0.526,26688000000,923000000.0,30606000000,28461500000.0,0,895000000,0,895000000,30725000000,2873000000,27852000000,17214992671.0,5217000000.0,-685000000.0,0.0,4062000000.0,0.0,4057000000.0,-4140000000.0,0.0,5300000000.0,0.0,-7344000000.0,-7344000000.0,-7344000000.0,0.0,0.0,-0.427,20837000000.0,-11782000000.0,755000000,0.0,1.003,-2.344,-2.343,13537000000,0.0,52.86,1.001,1.001,853000000,-1886000000,17200000000.0,17200000000.0,0.0,-0.13,-0.316,-0.391,-0.647,78000000.0,2854000000.0,1.0,325671447.0,325667000,325667000.0,52.815,21201000000,156000000,-4706000000.0,8193000000,65.1,3786000000
30,TWC,ART,2008-09-30,2008-11-05,2008-09-30,2019-05-07,-177000000,60414000000,58497500000.0,4611000000,55803000000,0.289,78.574,-3543000000.0,3090000000,3090000000,7994000000.0,1147000000.0,1.771,1.361,15748000000,0,15748000000,15748000000,157000000,3087000000.0,0,0.0,0.0,2553000000.0,5640000000.0,0.334,5640000000.0,2553000000.0,1912000000.0,3.54,3.54,3.54,25589000000,25140500000.0,25589000000,32099878817.0,13.0,5.691,1631000000.0,5.008,1.0,8893000000.0,0.527,41556000000,641000000.0,28913000000,27222000000.0,0,730000000,0,730000000,34825000000,2603000000,32222000000,19441878817.0,2579000000.0,-545000000.0,0.0,1492000000.0,0.0,1484000000.0,-4079000000.0,9000000.0,5174000000.0,0.0,1147000000.0,1147000000.0,1147000000.0,0.0,0.0,0.068,5936000000.0,2957000000.0,618000000,0.0,0.76,16.95,16.864,13304000000,0.0,59.7,1.151,1.151,808000000,6278000000,16887000000.0,16887000000.0,0.0,0.02,0.046,0.094,0.151,74000000.0,2793000000.0,1.0,325659612.0,325667000,326067000.0,51.854,18858000000,93000000,765000000.0,13959000000,57.906,2008000000
31,TWC,ART,2008-06-30,2008-08-06,2008-06-30,2019-05-07,-180000000,60453000000,57542250000.0,4772000000,55681000000,0.288,77.603,-3531000000.0,3849000000,3849000000,7812000000.0,1094000000.0,1.87,1.392,16463000000,0,16463000000,16463000000,166000000,3068000000.0,0,0.0,0.0,2461000000.0,5529000000.0,0.334,5529000000.0,2461000000.0,1822000000.0,3.36,3.36,3.36,25270000000,24843250000.0,25270000000,40301136039.0,16.0,7.289,1363000000.0,4.186,1.0,8736000000.0,0.528,41621000000,639000000.0,28894000000,26493750000.0,0,731000000,0,731000000,35183000000,2552000000,32631000000,27687136039.0,3779000000.0,-109000000.0,0.0,2520000000.0,0.0,2516000000.0,-3631000000.0,9000000.0,4894000000.0,0.0,1094000000.0,1094000000.0,1094000000.0,0.0,0.0,0.066,5886000000.0,2850000000.0,659000000,0.0,1.096,25.308,25.304,13172000000,0.0,85.02,1.673,1.673,717000000,5977000000,16548000000.0,16548000000.0,0.0,0.019,0.044,0.093,0.149,69000000.0,2766000000.0,1.0,325654388.0,325633000,326033000.0,50.818,18832000000,80000000,728000000.0,13662000000,57.832,2220000000
32,TWC,ART,2008-03-31,2008-04-30,2008-03-31,2019-05-07,-171000000,56523000000,56397250000.0,1064000000,55459000000,0.288,76.764,-3500000000.0,226000000,226000000,7666000000.0,1089000000.0,0.445,1.261,13226000000,0,13226000000,13226000000,180000000,3014000000.0,0,0.0,0.0,2673000000.0,5687000000.0,0.35,5687000000.0,2673000000.0,1807000000.0,3.36,3.36,3.36,24997000000,24540250000.0,24997000000,40354364240.0,15.0,7.096,1243000000.0,3.817,1.0,8598000000.0,0.529,41700000000,866000000.0,25433000000,25624500000.0,0,729000000,0,729000000,31526000000,2390000000,29136000000,27354364240.0,179000000.0,-122000000.0,0.0,-935000000.0,0.0,-951000000.0,-3613000000.0,9000000.0,4743000000.0,0.0,1089000000.0,1089000000.0,1089000000.0,0.0,0.0,0.067,5775000000.0,2823000000.0,521000000,0.0,1.094,25.119,25.0,12932000000,0.0,84.0,1.682,1.682,631000000,5702000000,16264000000.0,16264000000.0,0.0,0.019,0.044,0.104,0.164,88000000.0,2748000000.0,1.0,325647193.0,325633000,325800000.0,49.946,14823000000,80000000,718000000.0,13432000000,45.521,-1326000000
33,TWC,ART,2007-12-31,2008-02-22,2007-12-31,2019-05-07,-174000000,56600000000,56174000000.0,1163000000,55437000000,0.284,75.871,-3372000000.0,232000000,232000000,7542000000.0,1123000000.0,0.459,1.291,13577000000,0,13577000000,13577000000,164000000,2976000000.0,0,0.0,0.0,2757000000.0,5733000000.0,0.359,5733000000.0,2757000000.0,1863000000.0,3.45,3.45,3.45,24706000000,24243750000.0,24706000000,40034941898.0,15.0,6.983,1191000000.0,3.657,1.0,8413000000.0,0.527,41761000000,894000000.0,25648000000,25664250000.0,0,735000000,0,735000000,31894000000,2536000000,29358000000,26689941898.0,181000000.0,-60000000.0,0.0,-870000000.0,0.0,-950000000.0,-3432000000.0,0.0,4563000000.0,0.0,1123000000.0,1123000000.0,1123000000.0,0.0,0.0,0.07,5647000000.0,2766000000.0,657000000,0.0,1.08,23.767,23.757,12873000000,0.0,81.96,1.673,1.673,745000000,5459000000,15955000000.0,15955000000.0,0.0,0.02,0.046,0.107,0.173,59000000.0,2648000000.0,1.0,325645948.0,325633000,325733000.0,48.997,14839000000,91000000,740000000.0,13291000000,45.57,-1373000000
34,TWC,ART,2007-09-30,2007-11-07,2007-09-30,2019-05-07,-123000000,56593000000,55959750000.0,1390000000,55203000000,0.277,74.931,-3400000000.0,511000000,511000000,7304000000.0,1062000000.0,0.578,1.319,14178000000,0,14178000000,14178000000,185000000,2884000000.0,0,0.0,0.0,2671000000.0,5555000000.0,0.358,5555000000.0,2671000000.0,1755000000.0,3.27,,3.27,24400000000,23958250000.0,24400000000,39428283200.0,15.0,7.098,887000000.0,2.724,1.0,8213000000.0,0.529,41855000000,916000000.0,26000000000,25913250000.0,0,733000000,0,733000000,32193000000,2405000000,29788000000,25761283200.0,511000000.0,-467000000.0,0.0,-529000000.0,0.0,-540000000.0,-3236000000.0,0.0,4287000000.0,0.0,1062000000.0,1062000000.0,1062000000.0,-20000000.0,0.0,0.068,5609000000.0,2604000000.0,529000000,0.0,1.056,24.257,24.193,12455000000,0.0,79.11,1.66,1.66,759000000,5132000000,15517000000.0,15517000000.0,0.0,0.019,0.044,0.103,0.172,55000000.0,2692000000.0,1.0,325638771.0,325633000,,47.652,14738000000,0,693000000.0,13127000000,45.26,-1015000000
35,TWC,ART,2007-06-30,2007-08-01,2007-06-30,2019-05-07,-143000000,55873000000,55678250000.0,847000000,55026000000,0.264,73.881,,70000000,70000000,6909000000.0,1994000000.0,0.358,1.322,13869000000,0,13869000000,13869000000,189000000,,0,0.0,0.0,3541000000.0,,,,3541000000.0,2666000000.0,6.12,,6.12,24058000000,23737000000.0,24058000000,49729913214.0,14.0,,,,1.0,7816000000.0,0.531,41890000000,875000000.0,25417000000,26136250000.0,0,692000000,0,692000000,31815000000,2365000000,29450000000,35930913214.0,,,,,,,,,,,1994000000.0,1994000000.0,1994000000.0,-974000000.0,0.0,0.135,5343000000.0,2473000000.0,653000000,0.0,1.494,18.02,18.029,12301000000,0.0,110.34,2.44,2.44,689000000,4884000000,14725000000.0,14725000000.0,0.0,0.036,0.084,0.135,0.24,,2586000000.0,1.0,325638148.0,325633000,,45.22,13983000000,0,672000000.0,13053000000,42.941,-1518000000
36,TWC,ART,2007-03-31,2007-05-02,2007-03-31,2019-05-07,-128000000,55630000000,,771000000,54859000000,,73.115,,47000000,47000000,,,0.345,1.336,14142000000,0,14142000000,14142000000,162000000,,0,0.0,0.0,,,,,,,,,,23811000000,,23811000000,50191951239.0,,,,,1.0,,,41895000000,,25592000000,,0,684000000,0,684000000,31819000000,2238000000,29581000000,36096951239.0,,,,,,,,,,,,,,,,,,,609000000,,1.516,,,12123000000,,110.85,,,621000000,4612000000,,,,,,,,,,1.0,325637810.0,325667000,,,13735000000,0,,12985000000,42.175,-1467000000
37,TWC,ART,2006-12-31,2007-02-23,2006-12-31,2019-05-07,-130000000,55743000000,,910000000,54833000000,,71.406,-2768000000.0,51000000,51000000,5356000000.0,1976000000.0,0.365,1.366,14428000000,0,14428000000,14428000000,156000000,2050000000.0,0,0.0,0.0,3242000000.0,5292000000.0,0.45,5292000000.0,3242000000.0,2596000000.0,6.0,6.0,6.0,23564000000,,23564000000,54430450630.0,17.0,10.285,827000000.0,2.506,1.0,6411000000.0,0.545,40986000000,646000000.0,26644000000,,0,2072000000,0,2072000000,32179000000,2490000000,29689000000,40053450630.0,39000000.0,-9862000000.0,0.0,9956000000.0,0.0,8443000000.0,-11999000000.0,0.0,3595000000.0,0.0,1976000000.0,1976000000.0,1976000000.0,-1038000000.0,0.0,0.168,4232000000.0,2179000000.0,818000000,0.0,1.7,20.27,20.5,11601000000,0.0,123.0,3.404,3.449,730000000,4370000000,11767000000.0,11767000000.0,0.0,,,,0.276,33000000.0,2126000000.0,1.0,325637810.0,330000000,330000000.0,35.658,14757000000,0,620000000.0,12902000000,44.718,-1580000000
38,TWC,ART,2006-09-30,2006-12-07,2006-09-30,2019-05-07,-7000000,55467000000,,762000000,54705000000,,71.619,,0,0,,,0.349,1.359,14683000000,0,14683000000,14683000000,148000000,,0,,0.0,,,,,,,,,,23515000000,,23515000000,,,,,,1.0,,,41074000000,,26892000000,,0,2269000000,0,2269000000,31952000000,2184000000,29768000000,,,,,,,,,,,,,,,,,,,,666000000,,,,,11048000000,,,,,655000000,4104000000,,,,,,,,,,1.0,,328333000,,,14393000000,0,,12848000000,43.837,-1422000000
