None,ticker,dimension,calendardate,datekey,reportperiod,lastupdated,accoci,assets,assetsavg,assetsc,assetsnc,assetturnover,bvps,capex,cashneq,cashnequsd,cor,consolinc,currentratio,de,debt,debtc,debtnc,debtusd,deferredrev,depamor,deposits,divyield,dps,ebit,ebitda,ebitdamargin,ebitdausd,ebitusd,ebt,eps,epsdil,epsusd,equity,equityavg,equityusd,ev,evebit,evebitda,fcf,fcfps,fxusd,gp,grossmargin,intangibles,intexp,invcap,invcapavg,inventory,investments,investmentsc,investmentsnc,liabilities,liabilitiesc,liabilitiesnc,marketcap,ncf,ncfbus,ncfcommon,ncfdebt,ncfdiv,ncff,ncfi,ncfinv,ncfo,ncfx,netinc,netinccmn,netinccmnusd,netincdis,netincnci,netmargin,opex,opinc,payables,payoutratio,pb,pe,pe1,ppnenet,prefdivis,price,ps,ps1,receivables,retearn,revenue,revenueusd,rnd,roa,roe,roic,ros,sbcomp,sgna,sharefactor,sharesbas,shareswa,shareswadil,sps,tangibles,taxassets,taxexp,taxliabilities,tbvps,workingcapital
0,SLM,MRY,2020-12-31,2020-12-31,2020-12-31,2021-10-20,-34200000.0,30770423000.0,30896462250.0,,,0.056,6.679,0.0,4609709000.0,4609709000.0,0.0,880690000.0,,11.006,5189217000.0,,,5189217000.0,0.0,15066000.0,22666039000.0,0.01,0.12,1154006000.0,1169072000.0,0.68,1169072000.0,1154006000.0,1154006000.0,2.27,2.25,2.27,2562835000.0,2225195750.0,2562835000.0,5083350528.0,4.0,4.348,-182669000.0,-0.476,1.0,1718309000.0,1.0,0.0,0.0,31349931000.0,30292698250.0,0.0,24206008000.0,,,28207588000.0,,,4649196528.0,-1111051000.0,16922000.0,-558167000.0,537828000.0,-46351000.0,-1875712000.0,947330000.0,901699000.0,-182669000.0,0.0,880690000.0,870956000.0,870956000.0,0.0,0.0,0.507,564303000.0,1154006000.0,0.0,0.053,1.814,5.338,5.458,154670000.0,9734000.0,12.39,2.706,2.767,0.0,1722365000.0,1718309000.0,1718309000.0,0.0,0.028,0.391,0.038,0.672,36464000.0,282497000.0,1.0,375237815.0,383705000.0,387195000.0,4.478,30770423000.0,393198000.0,273316000.0,0.0,80.193,
1,SLM,MRY,2019-12-31,2019-12-31,2019-12-31,2021-10-20,-12367000.0,32686479000.0,30261386250.0,,,0.044,7.751,0.0,5720760000.0,5720760000.0,0.0,578276000.0,,8.87,4643267000.0,,,4643267000.0,0.0,14669000.0,24283983000.0,0.013,0.12,743740000.0,758409000.0,0.575,758409000.0,743740000.0,743740000.0,1.31,1.3,1.31,3311836000.0,3159954500.0,3311836000.0,4666759131.0,6.0,6.153,-15641000.0,-0.037,1.0,1317993000.0,1.0,0.0,0.0,31608986000.0,30940672750.0,0.0,25292445000.0,,,29374643000.0,,,3761525131.0,3038865000.0,0.0,-167201000.0,350816000.0,-51114000.0,5361220000.0,-2306714000.0,-2349583000.0,-15641000.0,0.0,578276000.0,561439000.0,561439000.0,0.0,0.0,0.426,574253000.0,743740000.0,0.0,0.092,1.136,6.7,6.802,134749000.0,16837000.0,8.91,2.854,2.889,0.0,1850512000.0,1317993000.0,1317993000.0,0.0,0.019,0.178,0.024,0.564,30600000.0,278229000.0,1.0,422168926.0,427292000.0,430674000.0,3.085,32686479000.0,116402000.0,165464000.0,0.0,76.497,
2,SLM,MRY,2018-12-31,2018-12-31,2018-12-31,2021-10-20,10623000.0,26638173000.0,24981213500.0,,,0.045,6.833,0.0,2681895000.0,2681895000.0,0.0,487476000.0,,7.961,4284304000.0,,,4284304000.0,0.0,13829000.0,18943158000.0,0.0,0.0,559329000.0,573158000.0,0.513,573158000.0,559329000.0,559329000.0,1.08,1.07,1.08,2972656000.0,2787881500.0,2972656000.0,6197855683.0,11.0,10.814,-102741000.0,-0.236,1.0,1116305000.0,1.0,0.0,0.0,28240582000.0,27088013750.0,0.0,22529875000.0,,,23665517000.0,,,3620346683.0,1045720000.0,0.0,0.0,1001289000.0,0.0,4403324000.0,-3254863000.0,-3309522000.0,-102741000.0,0.0,487476000.0,471836000.0,471836000.0,0.0,0.0,0.423,556976000.0,559329000.0,0.0,0.0,1.218,7.673,7.694,105504000.0,15640000.0,8.31,3.243,3.239,0.0,1340017000.0,1116305000.0,1116305000.0,0.0,0.019,0.169,0.021,0.501,31524000.0,252346000.0,1.0,435661454.0,435054000.0,439681000.0,2.566,26638173000.0,80777000.0,71853000.0,0.0,61.23,
3,SLM,MRY,2017-12-31,2017-12-31,2017-12-31,2021-10-20,2748000.0,21779584000.0,20386387750.0,,,0.046,5.738,0.0,1636175000.0,1636175000.0,0.0,288934000.0,,7.802,3275270000.0,,,3275270000.0,0.0,11171000.0,15505383000.0,0.0,0.0,491465000.0,502636000.0,0.534,502636000.0,491465000.0,491465000.0,0.63,0.62,0.63,2474256000.0,2417290500.0,2474256000.0,6604626203.0,13.0,13.14,-171159000.0,-0.397,1.0,940554000.0,1.0,0.0,0.0,23418679000.0,22016535250.0,0.0,18833315000.0,,,19305328000.0,,,4880353203.0,-336335000.0,0.0,0.0,1100941000.0,0.0,2994974000.0,-3160150000.0,-3209296000.0,-171159000.0,0.0,288934000.0,273220000.0,273220000.0,0.0,0.0,0.29,449089000.0,491465000.0,0.0,0.0,1.972,17.862,17.937,89748000.0,15714000.0,11.3,5.189,5.181,0.0,868182000.0,940554000.0,940554000.0,0.0,0.013,0.113,0.022,0.523,27899000.0,213319000.0,1.0,431889664.0,431216000.0,438551000.0,2.181,21779584000.0,168011000.0,202531000.0,102285000.0,50.507,
4,SLM,MRY,2016-12-31,2016-12-31,2016-12-31,2021-10-20,-8671000.0,18533003000.0,16808329500.0,,,0.048,5.485,0.0,1972510000.0,1972510000.0,0.0,250327000.0,,6.896,2167979000.0,,,2167979000.0,0.0,9592000.0,13435667000.0,0.0,0.0,414436000.0,424028000.0,0.53,424028000.0,414436000.0,414436000.0,0.54,0.53,0.54,2347058000.0,2236847500.0,2347058000.0,5154005341.0,12.0,12.155,-199023000.0,-0.465,1.0,800749000.0,1.0,0.0,0.0,18728472000.0,16986133750.0,0.0,15395639000.0,,,16185945000.0,,,4719510341.0,-471689000.0,0.0,0.0,1086381000.0,0.0,3036197000.0,-3308863000.0,-3373732000.0,-199023000.0,0.0,250327000.0,229123000.0,229123000.0,0.0,0.0,0.286,386313000.0,414436000.0,0.0,0.0,2.011,20.598,20.407,87063000.0,21204000.0,11.02,5.894,5.888,0.0,595322000.0,800749000.0,800749000.0,0.0,0.014,0.102,0.024,0.518,22944000.0,183996000.0,1.0,428267726.0,427876000.0,432919000.0,1.871,18533003000.0,259532000.0,164109000.0,184324000.0,43.314,
5,SLM,MRY,2015-12-31,2015-12-31,2015-12-31,2021-10-20,-16059000.0,15214098000.0,13868281750.0,,,0.057,4.926,0.0,2444199000.0,2444199000.0,0.0,274284000.0,,6.258,1079276000.0,,,1079276000.0,0.0,8917000.0,11487707000.0,0.0,0.0,439064000.0,447981000.0,0.563,447981000.0,439064000.0,439064000.0,0.6,0.59,0.6,2096323000.0,1980435750.0,2096323000.0,2774516996.0,6.0,6.193,-85063000.0,-0.2,1.0,795037000.0,1.0,0.0,0.0,13849175000.0,12985638500.0,0.0,11880827000.0,,,13117775000.0,,,2778226996.0,56439000.0,0.0,0.0,1078880000.0,0.0,1989011000.0,-1847509000.0,-1936650000.0,-85063000.0,0.0,274284000.0,254689000.0,254689000.0,0.0,0.0,0.32,355973000.0,439064000.0,0.0,0.0,1.325,10.908,10.867,81273000.0,19595000.0,6.52,3.494,3.49,0.0,366609000.0,795037000.0,795037000.0,0.0,0.018,0.129,0.034,0.552,21598000.0,158975000.0,1.0,426108435.0,425574000.0,432234000.0,1.868,15214098000.0,186076000.0,164780000.0,166662000.0,35.75,
6,SLM,MRY,2014-12-31,2014-12-31,2014-12-31,2021-10-20,-11393000.0,12972243000.0,48134633500.0,,,0.014,4.316,0.0,2364584000.0,2364584000.0,0.0,193785000.0,,6.089,0.0,,,0.0,0.0,9389000.0,10540555000.0,0.015,0.15,334186000.0,343575000.0,0.528,343575000.0,334186000.0,334186000.0,0.43,0.42,0.43,1829958000.0,2744912500.0,1829958000.0,2741669712.0,8.0,7.98,-436773000.0,-1.03,1.0,650234000.0,1.0,3225000.0,0.0,10604434000.0,81728549250.0,0.0,9751199000.0,,,11142285000.0,,,4312047712.0,176915000.0,0.0,0.0,0.0,0.0,2002059000.0,-1388371000.0,-1516240000.0,-436773000.0,0.0,194219000.0,181286000.0,181286000.0,0.0,-434000.0,0.279,316482000.0,333752000.0,0.0,0.349,2.356,23.786,23.698,78470000.0,12933000.0,10.19,6.632,6.644,0.0,113066000.0,650234000.0,650234000.0,0.0,0.004,0.066,0.004,0.514,28242000.0,129709000.0,1.0,423164643.0,423970000.0,432269000.0,1.534,12969018000.0,240311000.0,139967000.0,191499000.0,30.589,
7,SLM,MRY,2013-12-31,2013-12-31,2013-12-31,2021-10-20,-3024000.0,10706664000.0,126957666000.0,,,0.005,2.639,0.0,2182865000.0,2182865000.0,0.0,257593000.0,,8.214,0.0,,,0.0,0.0,5059000.0,9001550000.0,0.023,0.6,417879000.0,422938000.0,0.612,422938000.0,417879000.0,417879000.0,0.59,0.58,0.59,1161471000.0,4341367750.0,1161471000.0,155365019786.0,372.0,367.347,70020000.0,0.159,1.0,691044000.0,1.0,6515000.0,0.0,8517284000.0,237462571000.0,0.0,8037837000.0,,,9540521000.0,,,11465019786.0,583783000.0,0.0,0.0,0.0,0.0,1244879000.0,-731116000.0,-813731000.0,70020000.0,0.0,258945000.0,258945000.0,258945000.0,0.0,-1352000.0,0.375,274517000.0,416527000.0,0.0,1.017,9.871,44.276,44.542,74188000.0,0.0,26.28,16.591,16.737,0.0,0.0,691044000.0,691044000.0,0.0,0.002,0.06,0.002,0.605,21939000.0,106799000.0,1.0,436264071.0,440108000.0,448549000.0,1.57,10700149000.0,0.0,158934000.0,162205000.0,24.313,
8,SLM,MRY,2012-12-31,2012-12-31,2012-12-31,2021-10-20,-6000000.0,181260000000.0,186558500000.0,,,0.003,10.628,0.0,8911000000.0,8911000000.0,0.0,215726000.0,,34.821,172257000000.0,,,172257000000.0,0.0,6837000.0,0.0,0.029,0.5,343763000.0,350600000.0,0.576,350600000.0,343763000.0,343763000.0,0.46,0.45,0.46,5060000000.0,4992250000.0,5060000000.0,173745779970.0,505.0,495.567,99550000.0,0.209,1.0,608764000.0,1.0,448000000.0,0.0,344158000000.0,354394250000.0,0.0,163628000000.0,,,176194000000.0,,,7916779970.0,133188000.0,0.0,0.0,0.0,0.0,1037012000.0,-1003374000.0,-1007593000.0,99550000.0,0.0,217620000.0,217620000.0,217620000.0,0.0,-1894000.0,0.357,266895000.0,341869000.0,0.0,1.087,1.565,36.379,37.239,0.0,0.0,17.13,13.005,13.397,0.0,1451000000.0,608764000.0,608764000.0,0.0,0.001,0.044,0.001,0.565,19102000.0,109575000.0,1.0,462158784.0,476118000.0,482892000.0,1.279,180812000000.0,0.0,126143000.0,0.0,379.763,
9,SLM,MRY,2011-12-31,2011-12-31,2011-12-31,2021-10-20,-14000000.0,193345000000.0,198650101750.0,,,0.01,10.141,0.0,8667000000.0,8667000000.0,0.0,632000000.0,,35.875,183966000000.0,,,183966000000.0,0.0,0.0,0.0,0.022,0.3,961000000.0,961000000.0,0.49,961000000.0,961000000.0,961000000.0,1.19,1.18,1.19,5243000000.0,5056662000.0,5243000000.0,186002070118.0,194.0,193.551,3081000000.0,5.959,1.0,1963000000.0,1.0,478000000.0,0.0,368166000000.0,378104981500.0,0.0,175542000000.0,,,188094000000.0,,,6817070118.0,-1549000000.0,0.0,-300000000.0,-15083000000.0,-154000000.0,-14104000000.0,9474000000.0,9570000000.0,3081000000.0,0.0,633000000.0,615000000.0,615000000.0,-35000000.0,-1000000.0,0.313,1038000000.0,925000000.0,0.0,0.252,1.3,11.085,11.261,0.0,18000000.0,13.4,3.473,3.529,0.0,770000000.0,1963000000.0,1963000000.0,0.0,0.003,0.122,0.003,0.49,56000000.0,493000000.0,1.0,508736576.0,517000000.0,523000000.0,3.797,192867000000.0,0.0,328000000.0,0.0,373.05,
10,SLM,MRY,2010-12-31,2010-12-31,2010-12-31,2021-10-20,-45000000.0,205307000000.0,206561392750.0,,,0.015,10.292,0.0,10598000000.0,10598000000.0,0.0,530000000.0,,39.963,197159000000.0,,,197159000000.0,0.0,0.0,0.0,0.0,0.0,1023000000.0,1023000000.0,0.332,1023000000.0,1023000000.0,1023000000.0,0.94,0.94,0.94,5012000000.0,4857124500.0,5012000000.0,192792894174.0,188.0,188.458,-6692000000.0,-13.741,1.0,3082000000.0,1.0,478000000.0,0.0,391390000000.0,392131730750.0,0.0,185261000000.0,,,200295000000.0,,,6113583174.0,-1727000000.0,0.0,0.0,-3522000000.0,0.0,-2449000000.0,7414000000.0,7371000000.0,-6692000000.0,0.0,530000000.0,458000000.0,458000000.0,67000000.0,0.0,0.149,1992000000.0,1090000000.0,0.0,0.0,1.22,13.348,13.394,0.0,72000000.0,12.59,1.984,1.989,0.0,309000000.0,3082000000.0,3082000000.0,0.0,0.002,0.094,0.003,0.332,40000000.0,561000000.0,1.0,485590403.0,487000000.0,488000000.0,6.329,204829000000.0,0.0,493000000.0,0.0,420.593,
11,SLM,MRY,2009-12-31,2009-12-31,2009-12-31,2021-10-20,-40825000.0,169985298000.0,177291082000.0,,,0.011,11.207,0.0,11238884000.0,11238884000.0,0.0,324000000.0,,31.203,161443083000.0,,,161443083000.0,0.0,0.0,0.0,0.0,0.0,588000000.0,588000000.0,0.304,588000000.0,588000000.0,588000000.0,0.38,0.38,0.38,5278609000.0,5020752000.0,5278609000.0,172455428910.0,293.0,293.292,-15914000000.0,-33.788,1.0,1937000000.0,1.0,1177310000.0,0.0,319012187000.0,334876941250.0,0.0,147648513000.0,,,164706676000.0,,,5348637910.0,2000000000.0,0.0,0.0,18478000000.0,0.0,17603000000.0,311000000.0,600000000.0,-15914000000.0,0.0,324000000.0,178000000.0,178000000.0,220000000.0,0.0,0.092,1129000000.0,808000000.0,0.0,0.0,1.013,30.049,29.658,0.0,146000000.0,11.27,2.761,2.74,0.0,604467000.0,1937000000.0,1937000000.0,0.0,0.001,0.035,0.002,0.304,51000000.0,540000000.0,1.0,474590764.0,471000000.0,472000000.0,4.113,168807988000.0,0.0,264000000.0,0.0,358.403,
12,SLM,MRY,2008-12-31,2008-12-31,2008-12-31,2021-10-20,-76476000.0,168768437000.0,164123691000.0,,,0.007,10.713,0.0,7605288000.0,7605288000.0,0.0,-212626000.0,,32.759,160157837000.0,,,160157837000.0,0.0,0.0,0.0,0.0,0.0,-249319000.0,-249319000.0,-0.223,-249319000.0,-249319000.0,-249319000.0,-0.69,-0.69,-0.69,4999070000.0,5266184000.0,4999070000.0,152702991774.0,-612.0,-612.48,-5691744000.0,-12.197,1.0,1116597000.0,1.0,1249219000.0,0.0,320071767000.0,310333503000.0,0.0,148773153000.0,,,163762097000.0,,,4158831774.0,-3512029000.0,-37868000.0,5979000.0,12527900000.0,0.0,12847002000.0,-10667287000.0,-10494378000.0,-5691744000.0,0.0,-212626000.0,-323832000.0,-323832000.0,215106000.0,0.0,-0.29,1150810000.0,-34213000.0,0.0,0.0,0.832,-12.843,-12.899,0.0,111206000.0,8.9,3.725,3.719,0.0,426175000.0,1116597000.0,1116597000.0,0.0,-0.002,-0.061,-0.001,-0.223,86271000.0,570430000.0,1.0,467284469.0,466642000.0,466642000.0,2.393,167519218000.0,0.0,-36693000.0,0.0,358.989,
13,SLM,MRY,2007-12-31,2007-12-31,2007-12-31,2021-10-20,236364000.0,155564991000.0,141514782250.0,,,0.007,12.644,0.0,12182137000.0,12182137000.0,0.0,-894079000.0,,28.842,147045551000.0,,,147045551000.0,0.0,0.0,0.0,0.012,0.25,-488119000.0,-488119000.0,-0.479,-488119000.0,-488119000.0,-488119000.0,-2.26,-2.26,-2.26,5212175000.0,4977390250.0,5212175000.0,137412965084.0,-282.0,-281.515,-48203000.0,-0.117,1.0,1018415000.0,1.0,1300689000.0,0.0,289127716000.0,263216689500.0,0.0,131335058000.0,,,150330096000.0,,,8337926084.0,4960809000.0,0.0,-711500000.0,35218880000.0,-102658000.0,36265384000.0,-31256372000.0,-30898163000.0,-48203000.0,0.0,-896394000.0,-933539000.0,-933539000.0,-6276000.0,2315000.0,-0.917,1510495000.0,-492080000.0,0.0,-0.111,1.6,-8.932,-8.912,0.0,37145000.0,20.14,8.187,8.152,0.0,557204000.0,1018415000.0,1018415000.0,0.0,-0.007,-0.188,-0.002,-0.479,74621000.0,728095000.0,1.0,413998316.0,412233000.0,412233000.0,2.47,154264302000.0,0.0,408275000.0,0.0,374.216,
14,SLM,MRY,2006-12-31,2006-12-31,2006-12-31,2021-10-20,349111000.0,116135732000.0,105715170000.0,,,0.032,10.591,0.0,6044548000.0,6044548000.0,0.0,1156956000.0,,25.688,108086794000.0,,,108086794000.0,0.0,0.0,0.0,0.02,0.97,1991267000.0,1991267000.0,0.596,1991267000.0,1991267000.0,1991267000.0,2.73,2.63,2.73,4350927000.0,4235064250.0,4350927000.0,112074352661.0,56.0,56.283,808421000.0,1.968,1.0,3341426000.0,1.0,1371606000.0,0.0,216806372000.0,196172834000.0,0.0,103133635000.0,,,111766575000.0,,,19935234661.0,122567000.0,-339836000.0,-357260000.0,14335227000.0,-398414000.0,13780070000.0,-14465924000.0,-13915119000.0,808421000.0,0.0,1156956000.0,1121389000.0,1121389000.0,0.0,0.0,0.336,1346152000.0,1995274000.0,0.0,0.355,4.582,17.777,17.864,0.0,35567000.0,48.77,5.966,5.996,0.0,1834718000.0,3341426000.0,3341426000.0,0.0,0.011,0.265,0.01,0.596,81163000.0,703210000.0,1.0,408760194.0,410805000.0,451170000.0,8.134,114764126000.0,0.0,834311000.0,0.0,279.364,
15,SLM,MRY,2005-12-31,2005-12-31,2005-12-31,2021-10-20,367910000.0,99338684000.0,91553685000.0,,,0.036,9.04,0.0,5798757000.0,5798757000.0,0.0,1382284000.0,,25.26,91928745000.0,,,91928745000.0,0.0,0.0,0.0,0.015,0.85,2111051000.0,2111051000.0,0.648,2111051000.0,2111051000.0,2111051000.0,3.25,3.05,3.25,3782243000.0,3540709250.0,3782243000.0,107875641333.0,51.0,51.1,758830000.0,1.814,1.0,3255791000.0,1.0,1105104000.0,0.0,184363568000.0,171024207250.0,0.0,88516770000.0,,,95538077000.0,,,22989793333.0,-896832000.0,-237919000.0,-535363000.0,15882642000.0,-355368000.0,15248070000.0,-16903732000.0,-16473129000.0,758830000.0,0.0,1382284000.0,1360381000.0,1360381000.0,0.0,0.0,0.418,1138328000.0,2117463000.0,0.0,0.262,6.078,16.9,16.951,0.0,21903000.0,55.09,7.061,7.079,0.0,1111743000.0,3255791000.0,3255791000.0,0.0,0.015,0.384,0.012,0.648,19592000.0,625024000.0,1.0,417313366.0,418374000.0,460260000.0,7.782,98233580000.0,0.0,728767000.0,0.0,234.798,
16,SLM,MRY,2004-12-31,2004-12-31,2004-12-31,2021-10-20,440672000.0,84093526000.0,76070926750.0,,,0.048,6.949,0.0,5607130000.0,5607130000.0,0.0,1913270000.0,,26.7,78121668000.0,,,78121668000.0,0.0,0.0,0.0,0.014,0.74,2555959000.0,2555959000.0,0.696,2555959000.0,2555959000.0,2555959000.0,4.36,4.04,4.36,3030671000.0,2893549500.0,3030671000.0,82279471624.0,32.0,32.191,604825000.0,1.387,1.0,3672765000.0,1.0,1066142000.0,0.0,155541922000.0,138562068000.0,0.0,72924006000.0,,,80919589000.0,,,22948577624.0,1547902000.0,-868404000.0,-545432000.0,11433469000.0,-321313000.0,10555223000.0,-9612146000.0,14049008358.0,604825000.0,0.0,1913270000.0,1901769000.0,1901769000.0,0.0,0.0,0.518,894932000.0,2777833000.0,0.0,0.17,7.572,12.067,12.245,0.0,11501000.0,53.39,6.248,6.34,0.0,2521740000.0,3672765000.0,3672765000.0,0.0,0.025,0.657,0.018,0.696,18844000.0,497170000.0,1.0,429829137.0,436133000.0,475787000.0,8.421,83027384000.0,0.0,642689000.0,0.0,190.372,
17,SLM,MRY,2003-12-31,2003-12-31,2003-12-31,2021-10-20,425621000.0,64610651000.0,59265939500.0,,,0.05,5.818,0.0,2953481000.0,2953481000.0,0.0,1533560000.0,,23.566,58543559000.0,,,58543559000.0,0.0,0.0,0.0,0.016,0.593,2312940000.0,2312940000.0,0.777,2312940000.0,2312940000.0,2312940000.0,3.37,3.18,3.37,2630046000.0,2471114500.0,2630046000.0,69328742880.0,30.0,29.974,893564000.0,1.977,1.0,2977994000.0,1.0,592112000.0,0.0,119608617000.0,110784698250.0,0.0,56126006000.0,,,61980605000.0,,,16987128880.0,1384897000.0,-113614000.0,-578057000.0,8520305000.0,-266882000.0,7646504000.0,-7155171000.0,-7041557000.0,893564000.0,0.0,1533560000.0,1522059000.0,1522059000.0,0.0,0.0,0.511,795025000.0,2182969000.0,0.0,0.176,6.459,11.161,11.181,0.0,11501000.0,37.68,5.704,5.72,0.0,3417120000.0,2977994000.0,2977994000.0,0.0,0.026,0.616,0.021,0.777,0.0,432007000.0,1.0,450826138.0,452037000.0,482104000.0,6.588,64018539000.0,0.0,779380000.0,0.0,141.622,
18,SLM,MRY,2002-12-31,2002-12-31,2002-12-31,2021-10-20,592760000.0,53175005000.0,53757888000.0,,,0.036,4.322,0.0,758302000.0,758302000.0,0.0,791996000.0,,25.615,47861070000.0,,,47861070000.0,0.0,0.0,0.0,0.008,0.283,1223399000.0,1223399000.0,0.639,1223399000.0,1223399000.0,1223399000.0,1.69,1.64,1.69,1997950000.0,1925274250.0,1997950000.0,66239892983.0,54.0,54.144,640643000.0,1.386,1.0,1913171000.0,1.0,586127000.0,0.0,99691646000.0,102170551000.0,0.0,47773221000.0,,,51177055000.0,,,15952698983.0,-32762000.0,-49911000.0,-294794000.0,-225120000.0,-130759000.0,-697589000.0,24184000.0,74095000.0,640643000.0,0.0,791996000.0,780495000.0,780495000.0,0.0,0.0,0.408,689772000.0,1223399000.0,0.0,0.167,7.985,20.439,20.493,0.0,11501000.0,34.633,8.338,8.369,0.0,4863749000.0,1913171000.0,1913171000.0,0.0,0.015,0.405,0.012,0.639,0.0,376382000.0,1.0,460616910.0,462294000.0,474520000.0,4.138,52588878000.0,0.0,431403000.0,0.0,113.756,
19,SLM,MRY,2001-12-31,2001-12-31,2001-12-31,2021-10-20,670199000.0,52873959000.0,52207205000.0,,,0.025,3.504,0.0,715001000.0,715001000.0,0.0,383996000.0,,30.614,48350171000.0,,,48350171000.0,0.0,0.0,0.0,0.011,0.308,607318000.0,607318000.0,0.458,607318000.0,607318000.0,607318000.0,0.78,0.76,0.78,1672462000.0,1392166500.0,1672462000.0,60502480423.0,100.0,99.622,1097283000.0,2.299,1.0,1325042000.0,1.0,566345000.0,0.0,99942784000.0,99093078750.0,0.0,47841169000.0,,,51201497000.0,,,13171828423.0,148065000.0,0.0,-429562000.0,2997773000.0,-114907000.0,2179480000.0,-3128698000.0,-3128698000.0,1097283000.0,0.0,383996000.0,372495000.0,372495000.0,0.0,0.0,0.281,707654000.0,617388000.0,0.0,0.395,7.876,35.361,35.906,0.0,11501000.0,28.007,9.941,10.087,0.0,3927940000.0,1325042000.0,1325042000.0,0.0,0.007,0.268,0.006,0.458,0.0,362904000.0,1.0,470310465.0,477233000.0,490199000.0,2.777,52307614000.0,0.0,223322000.0,0.0,109.606,
20,SLM,MRY,2000-12-31,2000-12-31,2000-12-31,2021-10-20,311301000.0,48791788000.0,43555046500.0,,,0.03,2.511,0.0,734468000.0,734468000.0,0.0,465017000.0,,39.255,45374927000.0,,,45374927000.0,0.0,0.0,0.0,0.01,0.218,700897000.0,700897000.0,0.54,700897000.0,700897000.0,700897000.0,0.947,0.92,0.947,1201453000.0,936405250.0,1201453000.0,52874239504.0,75.0,75.438,744647000.0,1.556,1.0,1297301000.0,1.0,0.0,0.0,93432247000.0,83892035750.0,0.0,7018442000.0,,,47162569000.0,,,11156078504.0,144718000.0,-448754000.0,276955000.0,-1547585000.0,-104627000.0,-1451746000.0,851817000.0,1300571000.0,744647000.0,0.0,465017000.0,453495000.0,453495000.0,0.0,0.0,0.35,585710000.0,711591000.0,0.0,0.23,9.285,24.6,23.935,0.0,11522000.0,22.667,8.599,8.359,0.0,1810902000.0,1297301000.0,1297301000.0,0.0,0.01,0.484,0.008,0.54,0.0,267590000.0,1.0,492179934.0,478446000.0,493065000.0,2.711,48791788000.0,0.0,235880000.0,0.0,101.98,
21,SLM,MRY,1999-12-31,1999-12-31,1999-12-31,2021-10-20,297735000.0,44024784000.0,41631856500.0,,,0.027,1.302,0.0,589750000.0,589750000.0,0.0,500831000.0,,68.529,41987518000.0,,,41987518000.0,0.0,0.0,0.0,0.014,0.203,740958000.0,740958000.0,0.667,740958000.0,740958000.0,740958000.0,1.037,1.02,1.037,627031000.0,484713750.0,627031000.0,48524318354.0,65.0,65.489,338224000.0,0.702,1.0,1110222000.0,1.0,0.0,0.0,85422552000.0,81060046500.0,0.0,6212721000.0,,,42969987000.0,,,6721276354.0,473838000.0,-317722000.0,-140408000.0,4546486000.0,-97693000.0,4306947000.0,-4171333000.0,-3853611000.0,338224000.0,0.0,500831000.0,499393000.0,499393000.0,0.0,0.0,0.45,358570000.0,751652000.0,0.0,0.196,10.719,13.459,13.581,0.0,1438000.0,14.083,6.054,6.111,0.0,1462034000.0,1110222000.0,1110222000.0,0.0,0.012,1.03,0.009,0.667,0.0,138571000.0,1.0,477250392.0,481731000.0,489474000.0,2.305,44024784000.0,0.0,240127000.0,0.0,91.389,
22,SLM,MRY,1998-12-31,1998-12-31,1998-12-31,2021-10-20,371739000.0,37210009000.0,36700968000.0,,,0.03,0.874,0.0,115912000.0,115912000.0,0.0,501464000.0,,82.645,35399101000.0,,,35399101000.0,0.0,0.0,0.0,0.012,0.19,739437000.0,739437000.0,0.666,739437000.0,739437000.0,739437000.0,0.997,0.983,0.997,439743000.0,429068500.0,439743000.0,41629643720.0,56.0,56.299,119601000.0,0.238,1.0,1111000000.0,1.0,0.0,0.0,72493198000.0,71294013250.0,0.0,5170836000.0,,,36342500000.0,,,7954014720.0,61890000.0,0.0,-420148000.0,-2317724000.0,-95265000.0,-2833137000.0,2775426000.0,2775426000.0,119601000.0,0.0,501464000.0,501464000.0,501464000.0,0.0,0.0,0.451,360869000.0,750131000.0,0.0,0.191,18.088,15.862,16.048,0.0,0.0,16.0,7.159,7.245,0.0,1060334000.0,1111000000.0,1111000000.0,0.0,0.014,1.169,0.01,0.666,0.0,189917000.0,1.0,497125920.0,503052000.0,510198000.0,2.209,37210009000.0,0.0,237973000.0,0.0,73.969,
23,SLM,MRY,1997-12-31,1997-12-31,1997-12-31,2021-10-20,378736000.0,39831563000.0,43730726500.0,,,0.029,0.846,0.0,54022000.0,54022000.0,0.0,507895000.0,,84.532,37716825000.0,,,37716825000.0,0.0,0.0,0.0,0.013,0.172,749054000.0,749054000.0,0.598,749054000.0,749054000.0,749054000.0,0.933,0.927,0.933,460689000.0,540376500.0,460689000.0,47458777598.0,63.0,63.358,59050000.0,0.108,1.0,1253515000.0,1.0,0.0,0.0,77494366000.0,84988611000.0,0.0,6450955000.0,,,38943108000.0,,,7019947598.0,-216865000.0,0.0,-615533000.0,-7407028000.0,-93630000.0,-8116191000.0,7840276000.0,7840276000.0,59050000.0,0.0,507895000.0,507895000.0,507895000.0,0.0,0.0,0.405,493767000.0,759748000.0,0.0,0.184,15.238,13.822,14.199,0.0,0.0,13.248,5.6,5.756,0.0,654135000.0,1253515000.0,1253515000.0,0.0,0.012,0.94,0.009,0.598,0.0,224554000.0,1.0,529902586.0,544662000.0,548823000.0,2.301,39831563000.0,0.0,241159000.0,0.0,73.131,
24,SLM,MRY,1996-12-31,1996-12-31,1996-12-31,2021-10-20,349235000.0,47629890000.0,48815812500.0,,,0.021,1.063,0.0,270887000.0,270887000.0,0.0,408716000.0,,75.125,45123853000.0,,,45123853000.0,0.0,0.0,0.0,0.018,0.156,589633000.0,589633000.0,0.586,589633000.0,589633000.0,589633000.0,0.7,0.697,0.7,620064000.0,636751500.0,620064000.0,,,,222774000.0,0.382,1.0,1005979000.0,1.0,0.0,0.0,92482856000.0,94380643000.0,0.0,8908913000.0,,,46582060000.0,,,,-982033000.0,0.0,-329486000.0,-2405762000.0,-90994000.0,-2826242000.0,1621435000.0,1621435000.0,222774000.0,0.0,408716000.0,408716000.0,408716000.0,0.0,0.0,0.406,405652000.0,600327000.0,0.0,0.223,,,12.669,0.0,0.0,8.869,,5.143,0.0,975889000.0,1005979000.0,1005979000.0,0.0,0.008,0.642,0.006,0.586,0.0,206347000.0,1.0,,583398000.0,586017000.0,1.724,47629890000.0,0.0,180917000.0,0.0,81.642,
25,SLM,MRY,1995-12-31,1995-12-31,1995-12-31,2021-10-20,370846000.0,50001735000.0,,,,,,0.0,1252920000.0,1252920000.0,0.0,355585000.0,,74.866,47529615000.0,,,47529615000.0,0.0,0.0,0.0,0.023,0.144,496848000.0,496848000.0,9.856,496848000.0,496848000.0,496848000.0,0.503,0.503,0.503,653439000.0,,653439000.0,,,,175218000.0,,1.0,50413000.0,1.0,0.0,0.0,96278430000.0,,0.0,8926289000.0,,,48920530000.0,,,,-1008602000.0,0.0,-846810000.0,-2805424000.0,-100250000.0,-3752484000.0,2568664000.0,2568664000.0,175218000.0,0.0,355585000.0,355585000.0,355585000.0,0.0,0.0,7.053,438701000.0,-388288000.0,0.0,0.286,,,12.496,0.0,0.0,6.286,,,0.0,2728383000.0,50413000.0,50413000.0,0.0,,,,9.856,0.0,211787000.0,1.0,,,,,50001735000.0,0.0,141263000.0,0.0,,
26,SLM,MRY,1994-12-31,1994-12-31,1994-12-31,2021-10-20,,,,,,,,0.0,,,0.0,409509000.0,,,,,,,,0.0,,0.044,0.135,585424000.0,585424000.0,42.413,585424000.0,585424000.0,585424000.0,0.489,,0.489,,,,,,,456469000.0,,1.0,13803000.0,1.0,,0.0,,,,,,,,,,,1148891000.0,0.0,-387526000.0,5791109000.0,-112946000.0,5290637000.0,-4598215000.0,-4598215000.0,456469000.0,0.0,409509000.0,409509000.0,409509000.0,0.0,0.0,29.668,389942000.0,-376139000.0,,0.276,,,6.33,,0.0,3.095,,,,,13803000.0,13803000.0,0.0,,,,42.413,0.0,196022000.0,1.0,,,,,,,175915000.0,,,
0,SLM,MRQ,2021-09-30,2021-09-30,2021-09-30,2021-10-20,-19703000.0,28791139000.0,,,,,7.107,0.0,2893225000.0,2893225000.0,0.0,72840000.0,,12.509,5419331000.0,,,5419331000.0,0.0,3900000.0,20890860000.0,0.007,0.03,92232000.0,96132000.0,0.413,96132000.0,92232000.0,92232000.0,0.24,0.24,0.24,2131261000.0,,2131261000.0,5909381125.0,3.0,3.465,84809000.0,0.283,1.0,232989000.0,1.0,0.0,0.0,31317245000.0,,0.0,23976306000.0,,,26659878000.0,,,5382207125.0,-1768040000.0,0.0,-249383000.0,228636000.0,-8934000.0,-247551000.0,-1605298000.0,-1610676000.0,84809000.0,0.0,72840000.0,71674000.0,71674000.0,0.0,0.0,0.308,140757000.0,92232000.0,0.0,0.125,2.525,4.199,4.903,153334000.0,1166000.0,17.6,2.437,2.39,0.0,2543411000.0,232989000.0,232989000.0,0.0,,,,,6686000.0,66229000.0,1.0,305807223.0,299890000.0,304511000.0,0.777,28791139000.0,332622000.0,19392000.0,0.0,96.006,
1,SLM,MRQ,2021-06-30,2021-06-30,2021-06-30,2021-10-20,-21640000.0,28925175000.0,,,,,7.378,0.0,4661265000.0,4661265000.0,0.0,140201000.0,,11.558,5188439000.0,,,5188439000.0,0.0,3830000.0,21124376000.0,0.006,0.03,193375000.0,197205000.0,0.613,197205000.0,193375000.0,193375000.0,0.45,0.44,0.45,2303378000.0,,2303378000.0,5422643001.0,3.0,2.948,-225685000.0,-0.723,1.0,321455000.0,1.0,0.0,0.0,29452349000.0,,0.0,22382876000.0,,,26621797000.0,,,6875682001.0,-1710444000.0,0.0,-476508000.0,267081000.0,-9264000.0,-1881587000.0,396828000.0,392155000.0,-225685000.0,0.0,140201000.0,139009000.0,139009000.0,0.0,0.0,0.432,128080000.0,193375000.0,0.0,0.067,2.985,4.986,5.511,153969000.0,1192000.0,20.94,2.922,2.778,0.0,2480672000.0,321455000.0,321455000.0,0.0,,,,,6444000.0,62616000.0,1.0,328351576.0,312183000.0,317119000.0,1.03,28925175000.0,361949000.0,53174000.0,0.0,92.655,
2,SLM,MRQ,2021-03-31,2021-03-31,2021-03-31,2021-10-20,-24077000.0,30628005000.0,,,,,7.225,0.0,6371709000.0,6371709000.0,0.0,641207000.0,,10.742,4918670000.0,,,4918670000.0,0.0,3715000.0,22803143000.0,0.007,0.03,844732000.0,848447000.0,0.874,848447000.0,844732000.0,844732000.0,1.77,1.75,1.77,2608464000.0,,2608464000.0,7114683885.0,5.0,4.65,45752000.0,0.127,1.0,970308000.0,1.0,0.0,0.0,29174966000.0,,0.0,22618037000.0,,,28019541000.0,,,6535175885.0,1762000000.0,0.0,-550790000.0,-274956000.0,-10906000.0,-674114000.0,2390362000.0,2385760000.0,45752000.0,0.0,641207000.0,640006000.0,640006000.0,0.0,0.0,0.66,125576000.0,844732000.0,0.0,0.017,2.505,5.672,5.76,155425000.0,1201000.0,17.97,3.176,3.153,0.0,2350986000.0,970308000.0,970308000.0,0.0,,,,,11124000.0,71581000.0,1.0,363671446.0,361042000.0,366240000.0,2.688,30628005000.0,185333000.0,203525000.0,0.0,84.832,
3,SLM,MRQ,2020-12-31,2020-12-31,2020-12-31,2021-10-20,-34200000.0,30770423000.0,,,,,6.833,0.0,4609709000.0,4609709000.0,0.0,432700000.0,,11.006,5189217000.0,,,5189217000.0,0.0,3680000.0,22666039000.0,0.01,0.03,560010000.0,563690000.0,0.824,563690000.0,560010000.0,560010000.0,1.13,1.12,1.13,2562835000.0,,2562835000.0,5083350528.0,4.0,4.348,26482000.0,0.071,1.0,683841000.0,1.0,0.0,0.0,31349931000.0,,0.0,24206008000.0,,,28207588000.0,,,4649196528.0,96216000.0,0.0,0.0,242066000.0,-11254000.0,-264702000.0,334436000.0,328290000.0,26482000.0,0.0,432700000.0,430966000.0,430966000.0,0.0,0.0,0.63,123831000.0,560010000.0,0.0,0.027,1.814,5.338,5.458,154670000.0,1734000.0,12.39,2.706,2.767,0.0,1722365000.0,683841000.0,683841000.0,0.0,,,,,6211000.0,63084000.0,1.0,375237815.0,375059000.0,380607000.0,1.823,30770423000.0,393198000.0,127310000.0,0.0,82.042,
4,SLM,MRQ,2020-09-30,2020-09-30,2020-09-30,2021-10-20,-38941000.0,30642421000.0,,,,,5.866,0.0,4513493000.0,4513493000.0,0.0,171028000.0,,12.926,4947647000.0,,,4947647000.0,0.0,3709000.0,23109923000.0,0.015,0.03,226217000.0,229926000.0,0.609,229926000.0,226217000.0,226217000.0,0.45,0.45,0.45,2200446000.0,,2200446000.0,2381271517.0,3.0,3.033,-147006000.0,-0.392,1.0,377834000.0,1.0,0.0,0.0,31076575000.0,,0.0,23950168000.0,,,28441975000.0,,,3035657517.0,-590660000.0,0.0,0.0,496303000.0,-11253000.0,20473000.0,-464127000.0,-469382000.0,-147006000.0,0.0,171028000.0,168970000.0,168970000.0,0.0,0.0,0.447,151617000.0,226217000.0,0.0,0.067,1.38,5.257,5.697,148773000.0,2058000.0,8.09,2.245,2.244,0.0,1302654000.0,377834000.0,377834000.0,0.0,,,,,9244000.0,62743000.0,1.0,375235787.0,375094000.0,377918000.0,1.007,30642421000.0,533464000.0,55189000.0,0.0,81.693,
5,SLM,MRQ,2020-06-30,2020-06-30,2020-06-30,2021-10-20,-44071000.0,30412110000.0,,,,,5.378,0.0,5104153000.0,5104153000.0,0.0,-85211000.0,,14.078,4449767000.0,,,4449767000.0,0.0,3822000.0,23592119000.0,0.017,0.03,-115875000.0,-112053000.0,-4.363,-112053000.0,-115875000.0,-115875000.0,-0.23,-0.23,-0.23,2016919000.0,,2016919000.0,-137456611.0,0.0,-0.189,-206559000.0,-0.551,1.0,25682000.0,1.0,0.0,0.0,29757724000.0,,0.0,23356009000.0,,,28395191000.0,,,2636875389.0,-2378215000.0,16922000.0,0.0,-260574000.0,-11249000.0,-1130455000.0,-1041201000.0,-1064117000.0,-206559000.0,0.0,-85211000.0,-87689000.0,-87689000.0,0.0,0.0,-3.414,141557000.0,-115875000.0,0.0,-0.13,1.307,4.949,5.579,147738000.0,2478000.0,7.03,2.033,2.032,0.0,1133269000.0,25682000.0,25682000.0,0.0,,,,,7399000.0,72448000.0,1.0,375088960.0,375009000.0,375009000.0,0.068,30412110000.0,368904000.0,-30664000.0,0.0,81.097,
6,SLM,MRQ,2020-03-31,2020-03-31,2020-03-31,2021-10-20,-43274000.0,31760895000.0,,,,,5.175,0.0,7482368000.0,7482368000.0,0.0,362173000.0,,13.977,4708036000.0,,,4708036000.0,0.0,3855000.0,24445614000.0,0.017,0.03,483654000.0,487509000.0,0.773,487509000.0,483654000.0,483654000.0,0.88,0.87,0.88,2120583000.0,,2120583000.0,1961110238.0,2.0,1.908,144414000.0,0.352,1.0,630952000.0,1.0,0.0,0.0,28986563000.0,,0.0,22497614000.0,,,29640312000.0,,,3038603238.0,1761608000.0,0.0,-558167000.0,60033000.0,-12595000.0,-501028000.0,2118222000.0,2106908000.0,144414000.0,0.0,362173000.0,358709000.0,358709000.0,0.0,0.0,0.569,147298000.0,483654000.0,0.0,0.034,1.433,3.965,3.929,143622000.0,3464000.0,7.19,1.906,1.848,0.0,1243722000.0,630952000.0,630952000.0,0.0,,,,,13610000.0,84222000.0,1.0,422615193.0,409786000.0,412755000.0,1.54,31760895000.0,313733000.0,121481000.0,0.0,77.506,
7,SLM,MRQ,2019-12-31,2019-12-31,2019-12-31,2021-10-20,-12367000.0,32686479000.0,,,,,7.861,0.0,5720760000.0,5720760000.0,0.0,141352000.0,,8.87,4643267000.0,,,4643267000.0,0.0,3819000.0,24283983000.0,0.013,0.03,176018000.0,179837000.0,0.566,179837000.0,176018000.0,176018000.0,0.32,0.32,0.32,3311836000.0,,3311836000.0,4666759131.0,6.0,6.153,61760000.0,0.147,1.0,317697000.0,1.0,0.0,0.0,31608986000.0,,0.0,25292445000.0,,,29374643000.0,,,3761525131.0,1726306000.0,0.0,-9604000.0,-258400000.0,-12629000.0,1386002000.0,278544000.0,267149000.0,61760000.0,0.0,141352000.0,137467000.0,137467000.0,0.0,0.0,0.433,141679000.0,176018000.0,0.0,0.094,1.136,6.7,6.802,134749000.0,3885000.0,8.91,2.854,2.889,0.0,1850512000.0,317697000.0,317697000.0,0.0,,,,,5759000.0,68016000.0,1.0,422168926.0,421283000.0,424980000.0,0.754,32686479000.0,116402000.0,34666000.0,0.0,77.588,
8,SLM,MRQ,2019-09-30,2019-09-30,2019-09-30,2021-10-20,-20183000.0,31160215000.0,,,,,7.505,0.0,3994454000.0,3994454000.0,0.0,128458000.0,,8.789,4899688000.0,,,4899688000.0,0.0,3882000.0,22628677000.0,0.01,0.03,169159000.0,173041000.0,0.536,173041000.0,169159000.0,169159000.0,0.29,0.29,0.29,3183132000.0,,3183132000.0,4487508787.0,6.0,5.795,-14357000.0,-0.034,1.0,322780000.0,1.0,0.0,0.0,32065449000.0,,0.0,25332802000.0,,,27977083000.0,,,3764700787.0,-145501000.0,0.0,-37477000.0,35503000.0,-12661000.0,1410665000.0,-1541809000.0,-1551927000.0,-14357000.0,0.0,128458000.0,124305000.0,124305000.0,0.0,0.0,0.385,153621000.0,169159000.0,0.0,0.103,1.183,6.636,6.788,135208000.0,4153000.0,8.825,2.813,2.797,0.0,1725674000.0,322780000.0,322780000.0,0.0,,,,,5368000.0,64980000.0,1.0,426594990.0,424149000.0,427336000.0,0.761,31160215000.0,146969000.0,40701000.0,0.0,73.465,
9,SLM,MRQ,2019-06-30,2019-06-30,2019-06-30,2021-10-20,-13579000.0,29585226000.0,,,,,7.215,0.0,4139955000.0,4139955000.0,0.0,150277000.0,,8.552,4862763000.0,,,4862763000.0,0.0,3382000.0,21178134000.0,0.006,0.03,184078000.0,187460000.0,0.581,187460000.0,184078000.0,184078000.0,0.34,0.34,0.34,3097316000.0,,3097316000.0,6369790210.0,10.0,9.724,-79759000.0,-0.186,1.0,322884000.0,1.0,0.0,0.0,30308034000.0,,0.0,23665374000.0,,,26487910000.0,,,4203193210.0,1830146000.0,0.0,-60120000.0,384603000.0,-12804000.0,1759677000.0,150228000.0,140459000.0,-79759000.0,0.0,150277000.0,145946000.0,145946000.0,0.0,0.0,0.452,138806000.0,184078000.0,0.0,0.088,1.357,7.744,7.839,129658000.0,4331000.0,9.72,3.455,3.43,0.0,1600855000.0,322884000.0,322884000.0,0.0,,,,,5582000.0,66495000.0,1.0,432427285.0,429278000.0,432253000.0,0.752,29585226000.0,132414000.0,33801000.0,0.0,68.919,
10,SLM,MRQ,2019-03-31,2019-03-31,2019-03-31,2021-10-20,2177000.0,27613625000.0,,,,,7.013,0.0,2309809000.0,2309809000.0,0.0,158189000.0,,8.061,4476406000.0,,,4476406000.0,0.0,3586000.0,19663986000.0,0.003,0.03,214485000.0,218071000.0,0.615,218071000.0,214485000.0,214485000.0,0.35,0.35,0.35,3047534000.0,,3047534000.0,5931122320.0,10.0,9.553,16715000.0,0.038,1.0,354632000.0,1.0,0.0,0.0,29780222000.0,,0.0,23738214000.0,,,24566091000.0,,,4328713320.0,-372086000.0,0.0,-60000000.0,189110000.0,-13020000.0,804876000.0,-1193677000.0,-1205264000.0,16715000.0,0.0,158189000.0,153721000.0,153721000.0,0.0,0.0,0.433,140147000.0,214485000.0,0.0,0.086,1.42,8.611,8.693,130536000.0,4468000.0,9.91,3.672,3.654,0.0,1480718000.0,354632000.0,354632000.0,0.0,,,,,13891000.0,78738000.0,1.0,436802555.0,434574000.0,438248000.0,0.816,27613625000.0,43124000.0,56296000.0,7011000.0,63.542,
11,SLM,MRQ,2018-12-31,2018-12-31,2018-12-31,2021-10-20,10623000.0,26638173000.0,,,,,6.824,0.0,2681895000.0,2681895000.0,0.0,147512000.0,,7.961,4284304000.0,,,4284304000.0,0.0,3852000.0,18943158000.0,0.0,0.0,191961000.0,195813000.0,0.579,195813000.0,191961000.0,191961000.0,0.32,0.32,0.32,2972656000.0,,2972656000.0,6197855683.0,11.0,10.814,-10341000.0,-0.024,1.0,337932000.0,1.0,0.0,0.0,28240582000.0,,0.0,22529875000.0,,,23665517000.0,,,3620346683.0,727183000.0,0.0,0.0,-249338000.0,0.0,777126000.0,-39602000.0,-55769000.0,-10341000.0,0.0,147512000.0,143313000.0,143313000.0,0.0,0.0,0.424,145971000.0,191961000.0,0.0,0.0,1.218,7.673,7.694,105504000.0,4199000.0,8.31,3.243,3.239,0.0,1340017000.0,337932000.0,337932000.0,0.0,,,,,5696000.0,61524000.0,1.0,435661454.0,435591000.0,440272000.0,0.776,26638173000.0,80777000.0,44449000.0,0.0,61.154,
12,SLM,MRQ,2018-09-30,2018-09-30,2018-09-30,2021-10-20,27012000.0,25691183000.0,,,,,6.522,0.0,1954712000.0,1954712000.0,0.0,103878000.0,,8.045,4532221000.0,,,4532221000.0,0.0,3502000.0,17873293000.0,0.0,0.0,50211000.0,53713000.0,0.267,53713000.0,50211000.0,50211000.0,0.23,0.23,0.23,2840335000.0,,2840335000.0,6913164701.0,14.0,14.018,-12906000.0,-0.03,1.0,200935000.0,1.0,0.0,0.0,28268692000.0,,0.0,22183344000.0,,,22850848000.0,,,4854493701.0,-203736000.0,0.0,0.0,313039000.0,0.0,1435449000.0,-1626279000.0,-1637771000.0,-12906000.0,0.0,103878000.0,99754000.0,99754000.0,0.0,0.0,0.496,150724000.0,50211000.0,0.0,0.0,1.709,13.036,13.118,105058000.0,4124000.0,11.15,4.805,4.806,0.0,1196895000.0,200935000.0,200935000.0,0.0,,,,,5567000.0,62260000.0,1.0,435380601.0,435468000.0,440019000.0,0.461,25691183000.0,77043000.0,-53667000.0,0.0,58.997,
13,SLM,MRQ,2018-06-30,2018-06-30,2018-06-30,2021-10-20,23216000.0,24189176000.0,,,,,6.27,0.0,2158448000.0,2158448000.0,0.0,109832000.0,,7.865,4217119000.0,,,4217119000.0,0.0,3358000.0,16745957000.0,0.0,0.0,149906000.0,153264000.0,0.537,153264000.0,149906000.0,149906000.0,0.24,0.24,0.24,2728702000.0,,2728702000.0,7171608753.0,13.0,12.821,-65336000.0,-0.15,1.0,285221000.0,1.0,0.0,0.0,26247847000.0,,0.0,20515111000.0,,,21460474000.0,,,4982996753.0,602715000.0,0.0,0.0,471050000.0,0.0,716067000.0,-48016000.0,-62932000.0,-65336000.0,0.0,109832000.0,105912000.0,105912000.0,0.0,0.0,0.371,135315000.0,149906000.0,0.0,0.0,1.826,14.403,14.494,101335000.0,3920000.0,11.45,4.78,4.78,0.0,1096359000.0,285221000.0,285221000.0,0.0,,,,,5516000.0,60245000.0,1.0,435196223.0,435187000.0,439445000.0,0.655,24189176000.0,153470000.0,40074000.0,79772000.0,55.583,
14,SLM,MRQ,2018-03-31,2018-03-31,2018-03-31,2021-10-20,15601000.0,23406322000.0,,,,,6.014,0.0,1555733000.0,1555733000.0,0.0,126254000.0,,7.969,3744345000.0,,,3744345000.0,0.0,3117000.0,16498646000.0,0.0,0.0,167251000.0,170368000.0,0.583,170368000.0,167251000.0,167251000.0,0.28,0.28,0.28,2609833000.0,,2609833000.0,6499182788.0,13.0,12.395,-14158000.0,-0.033,1.0,292217000.0,1.0,0.0,0.0,25594934000.0,,0.0,20427355000.0,,,20796489000.0,,,4860087788.0,-80442000.0,0.0,0.0,466538000.0,0.0,1474682000.0,-1540966000.0,-1553050000.0,-14158000.0,0.0,126254000.0,122857000.0,122857000.0,0.0,0.0,0.42,124966000.0,167251000.0,0.0,0.0,1.862,15.846,16.014,97211000.0,3397000.0,11.21,4.939,4.944,0.0,990447000.0,292217000.0,292217000.0,0.0,,,,,14745000.0,68317000.0,1.0,433549312.0,433952000.0,438977000.0,0.673,23406322000.0,169242000.0,40997000.0,145167000.0,53.938,
15,SLM,MRQ,2017-12-31,2017-12-31,2017-12-31,2021-10-20,2748000.0,21779584000.0,,,,,5.728,0.0,1636175000.0,1636175000.0,0.0,47003000.0,,7.802,3275270000.0,,,3275270000.0,0.0,2626000.0,15505383000.0,0.0,0.0,113193000.0,115819000.0,0.5,115819000.0,113193000.0,113193000.0,0.1,0.1,0.1,2474256000.0,,2474256000.0,6604626203.0,13.0,13.14,-44138000.0,-0.102,1.0,231861000.0,1.0,0.0,0.0,23418679000.0,,0.0,18833315000.0,,,19305328000.0,,,4880353203.0,321786000.0,0.0,0.0,233802000.0,0.0,713589000.0,-347665000.0,-362052000.0,-44138000.0,0.0,47003000.0,43866000.0,43866000.0,0.0,0.0,0.189,118668000.0,113193000.0,0.0,0.0,1.972,17.862,17.937,89748000.0,3137000.0,11.3,5.189,5.181,0.0,868182000.0,231861000.0,231861000.0,0.0,,,,,6126000.0,55796000.0,1.0,431889664.0,431990000.0,438938000.0,0.537,21779584000.0,168011000.0,66190000.0,102285000.0,50.417,
16,SLM,MRQ,2017-09-30,2017-09-30,2017-09-30,2021-10-20,-4417000.0,21016170000.0,,,,,5.61,0.0,1314389000.0,1314389000.0,0.0,76371000.0,,7.678,3038662000.0,,,3038662000.0,0.0,2946000.0,15034052000.0,0.0,0.0,116988000.0,119934000.0,0.514,119934000.0,116988000.0,116988000.0,0.17,0.17,0.17,2421840000.0,,2421840000.0,6441456792.0,13.0,12.828,-17391000.0,-0.04,1.0,233247000.0,1.0,0.0,0.0,22740443000.0,,0.0,18304317000.0,,,18594330000.0,,,4949859792.0,-66245000.0,0.0,0.0,165462000.0,0.0,1401752000.0,-1450606000.0,-1460458000.0,-17391000.0,0.0,76371000.0,73343000.0,73343000.0,0.0,0.0,0.314,116259000.0,116988000.0,0.0,0.0,2.044,16.831,16.623,88975000.0,3028000.0,11.47,5.379,5.381,0.0,824316000.0,233247000.0,233247000.0,0.0,,,,,6273000.0,51052000.0,1.0,431548369.0,431718000.0,438419000.0,0.54,21016170000.0,214496000.0,40617000.0,96404000.0,48.68,
17,SLM,MRQ,2017-06-30,2017-06-30,2017-06-30,2021-10-20,-7852000.0,19513296000.0,,,,,5.421,0.0,1380634000.0,1380634000.0,0.0,70617000.0,,7.347,2872231000.0,,,2872231000.0,0.0,2897000.0,13794815000.0,0.0,0.0,115330000.0,118227000.0,0.522,118227000.0,115330000.0,115330000.0,0.15,0.15,0.15,2337710000.0,,2337710000.0,6622571074.0,14.0,13.466,-100381000.0,-0.233,1.0,226698000.0,1.0,0.0,0.0,21004893000.0,,0.0,16838431000.0,,,17175586000.0,,,4956946074.0,208912000.0,0.0,0.0,33567000.0,0.0,288705000.0,20588000.0,7613000.0,-100381000.0,0.0,70617000.0,66643000.0,66643000.0,0.0,0.0,0.294,111368000.0,115330000.0,0.0,0.0,2.12,18.198,17.969,88978000.0,3974000.0,11.5,5.56,5.563,0.0,750973000.0,226698000.0,226698000.0,0.0,,,,,6075000.0,51007000.0,1.0,431038789.0,431245000.0,438115000.0,0.526,19513296000.0,233142000.0,44713000.0,140138000.0,45.249,
18,SLM,MRQ,2017-03-31,2017-03-31,2017-03-31,2021-10-20,-6691000.0,19236501000.0,,,,,5.665,0.0,1171722000.0,1171722000.0,0.0,94943000.0,,6.899,2837347000.0,,,2837347000.0,0.0,2702000.0,13361871000.0,0.0,0.0,145954000.0,148656000.0,0.598,148656000.0,145954000.0,145954000.0,0.21,0.2,0.21,2435356000.0,,2435356000.0,5387592407.0,12.0,11.573,-9249000.0,-0.022,1.0,248748000.0,1.0,0.0,0.0,20902126000.0,,0.0,16829448000.0,,,16801145000.0,,,5192123407.0,-800788000.0,0.0,0.0,668110000.0,0.0,590928000.0,-1382467000.0,-1394399000.0,-9249000.0,0.0,94943000.0,89368000.0,89368000.0,0.0,0.0,0.359,102794000.0,145954000.0,0.0,0.0,2.132,20.147,19.836,87982000.0,5575000.0,12.1,6.097,6.108,0.0,684165000.0,248748000.0,248748000.0,0.0,,,,,9425000.0,55464000.0,1.0,429101108.0,429891000.0,438735000.0,0.579,19236501000.0,261033000.0,51011000.0,234414000.0,44.747,
19,SLM,MRQ,2016-12-31,2016-12-31,2016-12-31,2021-10-20,-8671000.0,18533003000.0,,,,,5.479,0.0,1972510000.0,1972510000.0,0.0,70242000.0,,6.896,2167979000.0,,,2167979000.0,0.0,1949000.0,13435667000.0,0.0,0.0,113364000.0,115313000.0,0.545,115313000.0,113364000.0,113364000.0,0.16,0.15,0.16,2347058000.0,,2347058000.0,5154005341.0,12.0,12.155,-57190000.0,-0.134,1.0,211559000.0,1.0,0.0,0.0,18728472000.0,,0.0,15395639000.0,,,16185945000.0,,,4719510341.0,489592000.0,0.0,0.0,238572000.0,0.0,768094000.0,-221312000.0,-248279000.0,-57190000.0,0.0,70242000.0,64736000.0,64736000.0,0.0,0.0,0.306,98195000.0,113364000.0,0.0,0.0,2.011,20.598,20.407,87063000.0,5506000.0,11.02,5.894,5.888,0.0,595322000.0,211559000.0,211559000.0,0.0,,,,,4994000.0,45337000.0,1.0,428267726.0,428371000.0,435439000.0,0.494,18533003000.0,259532000.0,43122000.0,184324000.0,43.264,
20,SLM,MRQ,2016-09-30,2016-09-30,2016-09-30,2021-10-20,-27813000.0,17745613000.0,,,,,5.278,0.0,1493194000.0,1493194000.0,0.0,56965000.0,,6.854,1927689000.0,,,1927689000.0,0.0,5087000.0,12941345000.0,0.0,0.0,104522000.0,109609000.0,0.536,109609000.0,104522000.0,104522000.0,0.12,0.12,0.12,2259496000.0,,2259496000.0,3158558099.0,7.0,6.929,-32912000.0,-0.077,1.0,204457000.0,1.0,0.0,0.0,18180108000.0,,0.0,15020963000.0,,,15486117000.0,,,3197741099.0,412023000.0,0.0,0.0,889209000.0,0.0,1945359000.0,-1500424000.0,-1512803000.0,-32912000.0,0.0,56965000.0,51649000.0,51649000.0,0.0,0.0,0.253,99935000.0,104522000.0,0.0,0.0,1.415,12.83,12.879,86721000.0,5316000.0,7.47,3.906,3.906,0.0,530594000.0,204457000.0,204457000.0,0.0,,,,,5402000.0,43380000.0,1.0,428077791.0,428077000.0,433523000.0,0.478,17745613000.0,276543000.0,47557000.0,199813000.0,41.454,
21,SLM,MRQ,2016-06-30,2016-06-30,2016-06-30,2021-10-20,-33853000.0,15629929000.0,,,,,5.134,0.0,1077212000.0,1077212000.0,0.0,57205000.0,,6.115,1038029000.0,,,1038029000.0,0.0,192000.0,11900083000.0,0.0,0.0,91760000.0,91952000.0,0.492,91952000.0,91760000.0,91760000.0,0.12,0.12,0.12,2196911000.0,,2196911000.0,2766438877.0,7.0,6.71,-59009000.0,-0.138,1.0,186798000.0,1.0,0.0,0.0,15590746000.0,,0.0,13505766000.0,,,13433018000.0,,,2644517877.0,104435000.0,0.0,0.0,-47449000.0,0.0,289361000.0,-125917000.0,-136322000.0,-59009000.0,0.0,57205000.0,51962000.0,51962000.0,0.0,0.0,0.278,95038000.0,91760000.0,0.0,0.0,1.204,11.093,11.036,86512000.0,5243000.0,6.18,3.425,3.426,0.0,478947000.0,186798000.0,186798000.0,0.0,,,,,6332000.0,44570000.0,1.0,427915514.0,427942000.0,431796000.0,0.437,15629929000.0,160325000.0,34555000.0,79904000.0,36.523,
22,SLM,MRQ,2016-03-31,2016-03-31,2016-03-31,2021-10-20,-29269000.0,15324773000.0,,,,,5.02,0.0,963092000.0,963092000.0,0.0,65915000.0,,6.148,1085013000.0,,,1085013000.0,0.0,2364000.0,11543355000.0,0.0,0.0,104790000.0,107154000.0,0.541,107154000.0,104790000.0,104790000.0,0.14,0.14,0.14,2143925000.0,,2143925000.0,1346446792.0,3.0,2.842,-49912000.0,-0.117,1.0,197935000.0,1.0,1485000.0,0.0,15445209000.0,,0.0,13370473000.0,,,13180848000.0,,,2711369792.0,-1477739000.0,0.0,0.0,6049000.0,0.0,33383000.0,-1461210000.0,-1476328000.0,-49912000.0,0.0,65915000.0,60776000.0,60776000.0,0.0,0.0,0.307,93145000.0,104790000.0,0.0,0.0,1.265,9.947,9.938,81261000.0,5139000.0,6.36,3.277,3.283,0.0,426986000.0,197935000.0,197935000.0,0.0,,,,,6216000.0,50209000.0,1.0,426316005.0,427111000.0,430903000.0,0.463,15323288000.0,187156000.0,38875000.0,142410000.0,35.877,
23,SLM,MRQ,2015-12-31,2015-12-31,2015-12-31,2021-10-20,-16059000.0,15214098000.0,,,,,4.919,0.0,2444199000.0,2444199000.0,0.0,89845000.0,,6.258,1079276000.0,,,1079276000.0,0.0,2380000.0,11487707000.0,0.0,0.0,144760000.0,147140000.0,0.641,147140000.0,144760000.0,144760000.0,0.2,0.2,0.2,2096323000.0,,2096323000.0,2774516996.0,6.0,6.193,43769000.0,0.103,1.0,229462000.0,1.0,0.0,0.0,13849175000.0,,0.0,11880827000.0,,,13117775000.0,,,2778226996.0,1134422000.0,0.0,0.0,-224611000.0,0.0,662930000.0,427723000.0,411377000.0,43769000.0,0.0,89845000.0,84856000.0,84856000.0,0.0,0.0,0.37,84702000.0,144760000.0,0.0,0.0,1.325,10.908,10.867,81273000.0,4989000.0,6.52,3.494,3.49,0.0,366609000.0,229462000.0,229462000.0,0.0,,,,,-918000.0,39896000.0,1.0,426108435.0,426144000.0,431343000.0,0.538,15214098000.0,186076000.0,54915000.0,166662000.0,35.702,
24,SLM,MRQ,2015-09-30,2015-09-30,2015-09-30,2021-10-20,-23515000.0,14450544000.0,,,,,4.688,0.0,1307402000.0,1307402000.0,0.0,45724000.0,,6.235,1303692000.0,,,1303692000.0,0.0,2361000.0,10610879000.0,0.0,0.0,63709000.0,66070000.0,0.419,66070000.0,63709000.0,63709000.0,0.1,0.09,0.1,1997334000.0,,1997334000.0,1872669935.0,6.0,5.391,-44944000.0,-0.105,1.0,157853000.0,1.0,2115000.0,0.0,14444719000.0,,0.0,12147696000.0,,,12453210000.0,,,3151532935.0,2934000.0,0.0,0.0,1303491000.0,0.0,1543296000.0,-1495418000.0,-1500444000.0,-44944000.0,0.0,45724000.0,40811000.0,40811000.0,0.0,0.0,0.259,94144000.0,63709000.0,0.0,0.0,1.578,17.063,16.818,80224000.0,4913000.0,7.4,4.514,4.516,0.0,281761000.0,157853000.0,157853000.0,0.0,,,,,5532000.0,39304000.0,1.0,425882829.0,426019000.0,432547000.0,0.371,14448429000.0,200704000.0,17985000.0,117531000.0,33.915,
25,SLM,MRQ,2015-06-30,2015-06-30,2015-06-30,2021-10-20,-11448000.0,12874961000.0,,,,,4.609,0.0,1278863000.0,1278863000.0,0.0,91016000.0,,5.562,0.0,,,0.0,0.0,2147000.0,10340605000.0,0.0,0.0,151174000.0,153321000.0,0.633,153321000.0,151174000.0,151174000.0,0.2,0.2,0.2,1962173000.0,,1962173000.0,3320910433.0,8.0,7.883,-64707000.0,-0.152,1.0,242087000.0,1.0,2485000.0,0.0,11593613000.0,,0.0,10652013000.0,,,10912788000.0,,,4196532433.0,403241000.0,0.0,0.0,0.0,0.0,-120116000.0,588064000.0,566737000.0,-64707000.0,0.0,91016000.0,86146000.0,86146000.0,0.0,0.0,0.356,90913000.0,151174000.0,0.0,0.0,2.139,18.907,18.981,80432000.0,4870000.0,9.87,5.483,5.489,0.0,240967000.0,242087000.0,242087000.0,0.0,,,,,10844000.0,38572000.0,1.0,425180591.0,425688000.0,432742000.0,0.569,12872476000.0,228910000.0,60158000.0,185849000.0,30.239,
26,SLM,MRQ,2015-03-31,2015-03-31,2015-03-31,2021-10-20,-20584000.0,12933524000.0,,,,,4.396,0.0,875622000.0,875622000.0,0.0,47699000.0,,5.931,0.0,,,0.0,0.0,2029000.0,10467753000.0,0.0,0.0,79421000.0,81450000.0,0.492,81450000.0,79421000.0,79421000.0,0.1,0.1,0.1,1865913000.0,,1865913000.0,1570080621.0,5.0,4.515,-19181000.0,-0.045,1.0,165635000.0,1.0,2855000.0,0.0,12055047000.0,,0.0,11142228000.0,,,11067611000.0,,,3929860621.0,-1484158000.0,0.0,0.0,0.0,0.0,-97099000.0,-1367878000.0,-1414320000.0,-19181000.0,0.0,47699000.0,42876000.0,42876000.0,0.0,0.0,0.259,86214000.0,79421000.0,0.0,0.0,2.106,22.239,22.095,79822000.0,4823000.0,9.28,5.826,5.839,0.0,154824000.0,165635000.0,165635000.0,0.0,,,,,6140000.0,41203000.0,1.0,423476360.0,424428000.0,432302000.0,0.39,12930669000.0,227157000.0,31722000.0,194345000.0,30.466,
27,SLM,MRQ,2014-12-31,2014-12-31,2014-12-31,2021-10-20,-11393000.0,12972243000.0,,,,,4.323,0.0,2364584000.0,2364584000.0,0.0,19717000.0,,6.089,0.0,,,0.0,0.0,2317000.0,10540555000.0,0.015,0.0,44182000.0,46499000.0,0.351,46499000.0,44182000.0,44182000.0,0.04,0.04,0.04,1829958000.0,,1829958000.0,2741669712.0,8.0,7.98,-198551000.0,-0.469,1.0,132534000.0,1.0,3225000.0,0.0,10604434000.0,,0.0,9751199000.0,,,11142285000.0,,,4312047712.0,789402000.0,0.0,0.0,0.0,0.0,1351216000.0,-363263000.0,-402881000.0,-198551000.0,0.0,19717000.0,14862000.0,14862000.0,0.0,0.0,0.112,88352000.0,44182000.0,0.0,0.0,2.356,23.786,23.698,78470000.0,4855000.0,10.19,6.632,6.644,0.0,113066000.0,132534000.0,132534000.0,0.0,,,,,8115000.0,36778000.0,1.0,423164643.0,423319000.0,432104000.0,0.313,12969018000.0,240311000.0,24465000.0,191499000.0,30.637,
28,SLM,MRQ,2014-09-30,2014-09-30,2014-09-30,2021-10-20,-1852000.0,11714952000.0,,,,,4.298,0.0,1570378000.0,1570378000.0,0.0,82926000.0,,5.442,0.0,,,0.0,0.0,2199000.0,9173022000.0,0.035,0.0,137829000.0,140028000.0,0.622,140028000.0,137829000.0,137829000.0,0.18,0.18,0.18,1818428000.0,,1818428000.0,2096160252.0,5.0,5.29,-6364000.0,-0.015,1.0,225137000.0,1.0,3733000.0,0.0,10140841000.0,,0.0,9301457000.0,,,9896524000.0,,,3620336252.0,46202000.0,0.0,0.0,0.0,0.0,245240000.0,-192674000.0,-189836000.0,-6364000.0,0.0,82926000.0,78076000.0,78076000.0,0.0,0.0,0.347,87308000.0,137829000.0,0.0,0.0,1.991,15.975,16.151,78806000.0,4850000.0,8.56,5.246,5.248,0.0,98210000.0,225137000.0,225137000.0,0.0,,,,,11659000.0,31597000.0,1.0,422936478.0,423079000.0,431604000.0,0.532,11711219000.0,253681000.0,54903000.0,283118000.0,27.681,
29,SLM,MRQ,2014-06-30,2014-06-30,2014-06-30,2021-10-20,-365000.0,11379339000.0,,,,,4.111,0.0,1524176000.0,1524176000.0,0.0,44128000.0,,5.546,0.0,,,0.0,0.0,3691000.0,8890209000.0,0.054,0.0,76069000.0,79760000.0,0.527,79760000.0,76069000.0,76069000.0,0.1,0.09,0.1,1738264000.0,,1738264000.0,143780313725.0,437.0,426.395,-113611000.0,-0.269,1.0,151224000.0,1.0,4241000.0,0.0,9850922000.0,,0.0,8988787000.0,,,9641075000.0,,,3513313725.0,289037000.0,0.0,0.0,0.0,0.0,576863000.0,-174215000.0,-238001000.0,-113611000.0,0.0,44128000.0,40900000.0,40900000.0,0.0,0.0,0.27,75155000.0,76069000.0,0.0,0.0,2.021,17.749,18.065,77833000.0,3228000.0,8.31,5.718,5.718,0.0,20167000.0,151224000.0,151224000.0,0.0,,,,,1220000.0,31667000.0,1.0,422781435.0,422805000.0,430750000.0,0.358,11375098000.0,270198000.0,31941000.0,323467000.0,26.904,
30,SLM,MRQ,2014-03-31,2014-03-31,2014-03-31,2021-10-20,7000000.0,156472000000.0,,,,,13.107,0.0,7536000000.0,7536000000.0,0.0,47014000.0,,26.976,147803000000.0,,,147803000000.0,0.0,1182000.0,0.0,0.025,0.15,76106000.0,77288000.0,0.547,77288000.0,76106000.0,76106000.0,0.11,0.11,0.11,5593000000.0,,5593000000.0,152097532230.0,404.0,397.562,-118247000.0,-0.277,1.0,141339000.0,1.0,421000000.0,0.0,296318000000.0,,0.0,141579000000.0,,,150874000000.0,,,10494532230.0,-947726000.0,0.0,0.0,0.0,0.0,-171260000.0,-658219000.0,-685522000.0,-118247000.0,0.0,47448000.0,47448000.0,47448000.0,0.0,-434000.0,0.336,65667000.0,75672000.0,0.0,1.364,1.876,44.943,46.189,0.0,0.0,24.48,16.053,15.979,0.0,2733000000.0,141339000.0,141339000.0,0.0,,,,,7248000.0,29667000.0,1.0,428698212.0,426717000.0,434650000.0,0.331,156051000000.0,0.0,28658000.0,0.0,365.701,
31,SLM,MRQ,2013-12-31,2013-12-31,2013-12-31,2021-10-20,-3024000.0,10706664000.0,,,,,2.677,0.0,2182865000.0,2182865000.0,0.0,59870000.0,,8.214,0.0,,,0.0,0.0,2082000.0,9001550000.0,0.023,0.15,97125000.0,99207000.0,0.575,99207000.0,97125000.0,97125000.0,0.14,0.14,0.14,1161471000.0,,1161471000.0,155365019786.0,372.0,367.347,63164000.0,0.146,1.0,172391000.0,1.0,6515000.0,0.0,8517284000.0,,0.0,8037837000.0,,,9540521000.0,,,11465019786.0,1035006000.0,0.0,0.0,0.0,0.0,1028096000.0,-56254000.0,-138869000.0,63164000.0,0.0,60202000.0,60202000.0,60202000.0,0.0,-332000.0,0.349,75598000.0,96793000.0,0.0,1.071,9.871,44.276,44.542,74188000.0,0.0,26.28,16.591,16.737,0.0,0.0,172391000.0,172391000.0,0.0,,,,,9519000.0,24183000.0,1.0,436264071.0,433808000.0,442885000.0,0.397,10700149000.0,0.0,36923000.0,162205000.0,24.666,
32,SLM,MRQ,2013-09-30,2013-09-30,2013-09-30,2021-10-20,8000000.0,161570000000.0,,,,,12.903,0.0,8616000000.0,8616000000.0,0.0,49057000.0,,27.712,152516000000.0,,,152516000000.0,0.0,1283000.0,0.0,0.023,0.15,79662000.0,80945000.0,0.541,80945000.0,79662000.0,79662000.0,0.11,0.11,0.11,5627000000.0,,5627000000.0,155862102415.0,902.0,853.193,67182000.0,0.154,1.0,149526000.0,1.0,436000000.0,0.0,305034000000.0,,0.0,145098000000.0,,,155938000000.0,,,10861102415.0,-384634000.0,0.0,0.0,0.0,0.0,392462000.0,-844278000.0,-844278000.0,67182000.0,0.0,49390000.0,49390000.0,49390000.0,0.0,-333000.0,0.33,70197000.0,79329000.0,0.0,1.364,1.93,100.122,80.323,0.0,0.0,24.9,85.001,84.986,0.0,2385000000.0,149526000.0,149526000.0,0.0,,,,,3191000.0,26031000.0,1.0,436188852.0,436109000.0,444939000.0,0.343,161134000000.0,0.0,30272000.0,0.0,369.481,
33,SLM,MRQ,2013-06-30,2013-06-30,2013-06-30,2021-10-20,9000000.0,161468000000.0,,,,,12.339,0.0,7436000000.0,7436000000.0,0.0,76122000.0,,28.741,152437000000.0,,,152437000000.0,0.0,1694000.0,0.0,0.024,0.15,123442000.0,125136000.0,0.657,125136000.0,123442000.0,123442000.0,0.17,0.17,0.17,5429000000.0,,5429000000.0,166782648830.0,433.0,423.59,-589326000.0,-1.339,1.0,190486000.0,1.0,440000000.0,0.0,306029000000.0,,0.0,146545000000.0,,,156034000000.0,,,10154648830.0,148411000.0,0.0,199000000.0,2694000000.0,68000000.0,2752321000.0,-2014584000.0,-1949584000.0,-589326000.0,0.0,76469000.0,76469000.0,76469000.0,0.0,-347000.0,0.401,67391000.0,123095000.0,0.0,0.882,1.87,41.946,38.746,0.0,0.0,22.86,20.463,20.268,0.0,2195000000.0,190486000.0,190486000.0,0.0,,,,,-9771000.0,26821000.0,1.0,444210360.0,439972000.0,448064000.0,0.433,161028000000.0,0.0,46973000.0,0.0,365.996,
34,SLM,MRQ,2013-03-31,2013-03-31,2013-03-31,2021-10-20,-4000000.0,174086000000.0,,,,,11.415,0.0,8513000000.0,8513000000.0,0.0,346000000.0,,32.815,165141000000.0,,,165141000000.0,0.0,0.0,0.0,0.026,0.15,557000000.0,557000000.0,0.693,557000000.0,557000000.0,557000000.0,0.76,0.74,0.76,5148000000.0,,5148000000.0,172639497716.0,239.0,236.622,529000000.0,1.173,1.0,804000000.0,1.0,444000000.0,0.0,330270000000.0,,0.0,157666000000.0,,,168932000000.0,,,9293497716.0,-215000000.0,0.0,-199000000.0,-2694000000.0,-68000000.0,-2928000000.0,2184000000.0,2119000000.0,529000000.0,0.0,346000000.0,341000000.0,341000000.0,-1000000.0,0.0,0.424,248000000.0,556000000.0,0.0,0.197,1.805,20.533,20.297,0.0,5000000.0,20.5,9.213,9.165,0.0,1723000000.0,804000000.0,804000000.0,0.0,,,,,19000000.0,125000000.0,1.0,453341352.0,451000000.0,458000000.0,1.783,173642000000.0,0.0,211000000.0,0.0,385.016,
35,SLM,MRQ,2012-12-31,2012-12-31,2012-12-31,2021-10-20,-6000000.0,181260000000.0,,,,,11.109,0.0,8911000000.0,8911000000.0,0.0,-373274000.0,,34.821,172257000000.0,,,172257000000.0,0.0,6837000.0,0.0,0.029,0.125,-587237000.0,-580400000.0,0.571,-580400000.0,-587237000.0,-587237000.0,-0.73,-0.73,-0.73,5060000000.0,,5060000000.0,173745779970.0,505.0,495.567,-1842450000.0,-4.045,1.0,-1016236000.0,1.0,448000000.0,0.0,344158000000.0,,0.0,163628000000.0,,,176194000000.0,,,7916779970.0,-155812000.0,0.0,730000000.0,9663000000.0,180000000.0,11074012000.0,-9387374000.0,-9492593000.0,-1842450000.0,0.0,-373380000.0,-358380000.0,-358380000.0,-2000000.0,106000.0,0.353,-427105000.0,-589131000.0,0.0,-0.171,1.565,36.379,37.239,0.0,-15000000.0,17.13,13.005,13.397,0.0,1451000000.0,-1016236000.0,-1016236000.0,0.0,,,,,-21898000.0,-233425000.0,1.0,462158784.0,455472000.0,461568000.0,-2.231,180812000000.0,0.0,-213857000.0,0.0,396.977,
36,SLM,MRQ,2012-09-30,2012-09-30,2012-09-30,2021-10-20,-8000000.0,184203000000.0,,,,,10.647,0.0,9414000000.0,9414000000.0,0.0,187000000.0,,36.287,175243000000.0,,,175243000000.0,0.0,0.0,0.0,0.03,0.125,292000000.0,292000000.0,0.564,292000000.0,292000000.0,292000000.0,0.39,0.39,0.39,4940000000.0,,4940000000.0,177611002568.0,103.0,102.844,804000000.0,1.733,1.0,518000000.0,1.0,462000000.0,0.0,349570000000.0,,0.0,166048000000.0,,,179257000000.0,,,7379002568.0,63000000.0,0.0,-121000000.0,-5210000000.0,-57000000.0,-5180000000.0,4439000000.0,4540000000.0,804000000.0,0.0,188000000.0,183000000.0,183000000.0,0.0,-1000000.0,0.353,227000000.0,291000000.0,0.0,0.321,1.494,6.813,7.244,0.0,5000000.0,15.72,2.816,2.784,0.0,1165000000.0,518000000.0,518000000.0,0.0,,,,,9000000.0,113000000.0,1.0,469402199.0,464000000.0,471000000.0,1.116,183741000000.0,0.0,104000000.0,0.0,395.994,
37,SLM,MRQ,2012-06-30,2012-06-30,2012-06-30,2021-10-20,-10000000.0,189079000000.0,,,,,10.23,0.0,9737000000.0,9737000000.0,0.0,291000000.0,,37.344,179969000000.0,,,179969000000.0,0.0,0.0,0.0,0.029,0.125,461000000.0,461000000.0,0.656,461000000.0,461000000.0,461000000.0,0.59,0.59,0.59,4931000000.0,,4931000000.0,181446508858.0,135.0,135.206,547000000.0,1.135,1.0,703000000.0,1.0,467000000.0,0.0,358844000000.0,,0.0,170390000000.0,,,184141000000.0,,,7662508858.0,-23000000.0,0.0,-341000000.0,-2411000000.0,-60000000.0,-2574000000.0,2004000000.0,2125000000.0,547000000.0,0.0,292000000.0,287000000.0,287000000.0,4000000.0,-1000000.0,0.408,239000000.0,464000000.0,0.0,0.212,1.554,9.036,9.351,0.0,5000000.0,15.71,3.364,3.324,0.0,1040000000.0,703000000.0,703000000.0,0.0,,,,,10000000.0,117000000.0,1.0,487747222.0,482000000.0,488000000.0,1.459,188612000000.0,0.0,169000000.0,0.0,391.311,
38,SLM,MRQ,2012-03-31,2012-03-31,2012-03-31,2021-10-20,-9000000.0,191692000000.0,,,,,10.016,0.0,8927000000.0,8927000000.0,0.0,111000000.0,,37.048,182711000000.0,,,182711000000.0,0.0,0.0,0.0,0.027,0.125,179000000.0,179000000.0,0.398,179000000.0,179000000.0,179000000.0,0.21,0.21,0.21,5038000000.0,,5038000000.0,183325917714.0,212.0,211.937,591000000.0,1.175,1.0,450000000.0,1.0,471000000.0,0.0,365005000000.0,,0.0,173665000000.0,,,186647000000.0,,,8026917714.0,249000000.0,0.0,-268000000.0,-2042000000.0,-63000000.0,-2283000000.0,1941000000.0,1820000000.0,591000000.0,0.0,112000000.0,107000000.0,107000000.0,0.0,-1000000.0,0.238,272000000.0,178000000.0,0.0,0.595,1.593,14.568,14.729,0.0,5000000.0,15.76,4.401,4.346,0.0,814000000.0,450000000.0,450000000.0,0.0,,,,,22000000.0,127000000.0,1.0,509322190.0,503000000.0,510000000.0,0.895,191221000000.0,0.0,67000000.0,0.0,380.161,
39,SLM,MRQ,2011-12-31,2011-12-31,2011-12-31,2021-10-20,-14000000.0,193345000000.0,,,,,10.321,0.0,8667000000.0,8667000000.0,0.0,510000000.0,,35.875,183966000000.0,,,183966000000.0,0.0,0.0,0.0,0.022,0.1,795000000.0,795000000.0,0.838,795000000.0,795000000.0,795000000.0,0.98,0.97,0.98,5243000000.0,,5243000000.0,186002070118.0,194.0,193.551,1007000000.0,1.982,1.0,949000000.0,1.0,478000000.0,0.0,368166000000.0,,0.0,175542000000.0,,,188094000000.0,,,6817070118.0,-729000000.0,0.0,0.0,-4252000000.0,-51000000.0,-4040000000.0,2304000000.0,2026000000.0,1007000000.0,0.0,511000000.0,506000000.0,506000000.0,-2000000.0,-1000000.0,0.533,157000000.0,792000000.0,0.0,0.102,1.3,11.085,11.261,0.0,5000000.0,13.4,3.473,3.529,0.0,770000000.0,949000000.0,949000000.0,0.0,,,,,8000000.0,95000000.0,1.0,508736576.0,508000000.0,514000000.0,1.868,192867000000.0,0.0,284000000.0,0.0,379.659,
40,SLM,MRQ,2011-09-30,2011-09-30,2011-09-30,2021-10-20,-20000000.0,197544000000.0,,,,,9.342,0.0,9370000000.0,9370000000.0,0.0,-47000000.0,,40.377,188555000000.0,,,188555000000.0,0.0,0.0,0.0,0.016,0.1,-93000000.0,-93000000.0,-0.528,-93000000.0,-93000000.0,-93000000.0,-0.1,-0.1,-0.1,4774000000.0,,4774000000.0,187714334766.0,215.0,215.022,707000000.0,1.384,1.0,176000000.0,1.0,484000000.0,0.0,376245000000.0,,0.0,178243000000.0,,,192762000000.0,,,6402999766.0,-622000000.0,0.0,-144000000.0,-3804000000.0,-51000000.0,-3193000000.0,1864000000.0,2117000000.0,707000000.0,0.0,-47000000.0,-52000000.0,-52000000.0,-23000000.0,0.0,-0.295,292000000.0,-116000000.0,0.0,-1.0,1.341,11.857,11.528,0.0,5000000.0,12.45,3.013,2.994,0.0,315000000.0,176000000.0,176000000.0,0.0,,,,,11000000.0,138000000.0,1.0,514297170.0,511000000.0,511000000.0,0.344,197060000000.0,0.0,-46000000.0,0.0,385.636,
41,SLM,MRQ,2011-06-30,2011-06-30,2011-06-30,2021-10-20,-29636000.0,200356599000.0,,,,,9.547,0.0,10219635000.0,10219635000.0,0.0,-6000000.0,,39.049,191530970000.0,,,191530970000.0,0.0,0.0,0.0,0.006,0.1,-16000000.0,-16000000.0,-0.064,-16000000.0,-16000000.0,-16000000.0,-0.02,-0.02,-0.02,5002561000.0,,5002561000.0,192804388875.0,559.0,558.853,608000000.0,1.16,1.0,249000000.0,1.0,479917000.0,0.0,381188017000.0,,0.0,179527114000.0,,,195345360000.0,,,8865942875.0,273000000.0,92000000.0,-156000000.0,-3135000000.0,-52000000.0,-3183000000.0,2848000000.0,2974000000.0,608000000.0,0.0,-6000000.0,-10000000.0,-10000000.0,-11000000.0,0.0,-0.04,276000000.0,-27000000.0,0.0,-5.0,1.772,113.666,140.083,0.0,4000000.0,16.81,3.836,3.812,0.0,417702000.0,249000000.0,249000000.0,0.0,,,,,12000000.0,125000000.0,1.0,527420754.0,524000000.0,524000000.0,0.475,199876682000.0,0.0,-10000000.0,0.0,381.444,
42,SLM,MRQ,2011-03-31,2011-03-31,2011-03-31,2021-10-20,-35401000.0,203354808000.0,,,,,9.881,0.0,10264719000.0,10264719000.0,0.0,175000000.0,,38.053,194203165000.0,,,194203165000.0,0.0,0.0,0.0,0.0,0.0,274000000.0,274000000.0,0.465,274000000.0,274000000.0,274000000.0,0.32,0.32,0.32,5207087000.0,,5207087000.0,194624256895.0,217.0,216.78,759000000.0,1.44,1.0,589000000.0,1.0,472345000.0,0.0,386820909000.0,,0.0,182415771000.0,,,198147721000.0,,,8061716895.0,-471000000.0,-92000000.0,0.0,-3892000000.0,0.0,-3688000000.0,2458000000.0,2453000000.0,759000000.0,0.0,175000000.0,171000000.0,171000000.0,2000000.0,0.0,0.29,313000000.0,276000000.0,0.0,0.0,1.548,19.802,19.125,0.0,4000000.0,15.3,2.739,2.74,0.0,479655000.0,589000000.0,589000000.0,0.0,,,,,25000000.0,135000000.0,1.0,526909601.0,527000000.0,532000000.0,1.118,202882463000.0,0.0,99000000.0,0.0,384.976,
43,SLM,MRQ,2010-12-31,2010-12-31,2010-12-31,2021-10-20,-45000000.0,205307000000.0,,,,,10.166,0.0,10598000000.0,10598000000.0,0.0,447000000.0,,39.963,197159000000.0,,,197159000000.0,0.0,0.0,0.0,0.0,0.0,708000000.0,708000000.0,0.637,708000000.0,708000000.0,708000000.0,0.88,0.88,0.88,5012000000.0,,5012000000.0,192792894174.0,188.0,188.458,1961000000.0,3.978,1.0,1111000000.0,1.0,478000000.0,0.0,391390000000.0,,0.0,185261000000.0,,,200295000000.0,,,6113583174.0,-1532000000.0,0.0,0.0,-5278000000.0,0.0,-5687000000.0,2194000000.0,2127000000.0,1961000000.0,0.0,447000000.0,431000000.0,431000000.0,52000000.0,0.0,0.388,351000000.0,760000000.0,0.0,0.0,1.22,13.348,13.394,0.0,16000000.0,12.59,1.984,1.989,0.0,309000000.0,1111000000.0,1111000000.0,0.0,,,,,9000000.0,135000000.0,1.0,485590403.0,493000000.0,494000000.0,2.254,204829000000.0,0.0,261000000.0,0.0,415.475,
44,SLM,MRQ,2010-09-30,2010-09-30,2010-09-30,2021-10-20,-44159000.0,206106774000.0,,,,,9.431,0.0,11713056000.0,11713056000.0,0.0,-495000000.0,,44.06,198392367000.0,,,198392367000.0,0.0,0.0,0.0,0.0,0.0,-621000000.0,-621000000.0,-1.715,-621000000.0,-621000000.0,-621000000.0,-1.06,-1.06,-1.06,4574077000.0,,4574077000.0,191813307113.0,224.0,224.004,-85611000.0,-0.177,1.0,362000000.0,1.0,488220000.0,0.0,392297865000.0,,0.0,183252049000.0,,,201532697000.0,,,5609913113.0,-392026000.0,0.0,-194000.0,-3855313000.0,0.0,-2583631000.0,2277216000.0,1800175000.0,-85611000.0,0.0,-495000000.0,-514000000.0,-514000000.0,1000000.0,0.0,-1.42,982000000.0,-620000000.0,0.0,0.0,1.226,19.726,18.934,0.0,19000000.0,11.55,1.951,1.948,0.0,-122565000.0,362000000.0,362000000.0,0.0,,,,,4903000.0,138000000.0,1.0,485706763.0,485000000.0,485000000.0,0.746,205618554000.0,0.0,-126000000.0,0.0,423.956,
45,SLM,MRQ,2010-06-30,2010-06-30,2010-06-30,2021-10-20,-43333000.0,207318712000.0,,,,,10.492,0.0,12519953000.0,12519953000.0,0.0,337818000.0,,39.757,198723347000.0,,,198723347000.0,0.0,0.0,0.0,0.0,0.0,536796000.0,536796000.0,0.609,536796000.0,536796000.0,536796000.0,0.66,0.63,0.66,5086744000.0,,5086744000.0,191176333904.0,111.0,111.354,-3017973000.0,-6.225,1.0,880997000.0,1.0,1157888000.0,0.0,392364218000.0,,0.0,185056467000.0,,,202231964000.0,,,5046979904.0,-573863000.0,0.0,183000.0,578120000.0,0.0,1054953000.0,1389157000.0,968514000.0,-3017973000.0,0.0,337818000.0,319107000.0,319107000.0,6954000.0,0.0,0.362,337247000.0,543750000.0,0.0,0.0,0.992,5.517,5.411,0.0,18711000.0,10.39,1.641,1.638,0.0,391169000.0,880997000.0,880997000.0,0.0,,,,,13819000.0,139061000.0,1.0,485753600.0,484832000.0,527391000.0,1.817,206160824000.0,0.0,198978000.0,0.0,425.221,
46,SLM,MRQ,2010-03-31,2010-03-31,2010-03-31,2021-10-20,-42511000.0,207513085000.0,,,,,9.821,0.0,12956301000.0,12956301000.0,0.0,240140000.0,,42.635,199085655000.0,,,199085655000.0,0.0,0.0,0.0,0.0,0.0,399300000.0,399300000.0,0.548,399300000.0,399300000.0,399300000.0,0.46,0.45,0.46,4755677000.0,,4755677000.0,156275301872.0,154.0,154.087,-5549416000.0,-11.46,1.0,728065000.0,1.0,1167599000.0,0.0,392474840000.0,,0.0,183622145000.0,,,202757389000.0,,,6071102872.0,770889000.0,0.0,11000.0,5033193000.0,0.0,4766678000.0,1553627000.0,2475311000.0,-5549416000.0,0.0,240140000.0,221462000.0,221462000.0,6614000.0,0.0,0.304,322151000.0,405914000.0,0.0,0.0,1.277,13.575,13.319,0.0,18678000.0,12.52,2.587,2.584,0.0,72062000.0,728065000.0,728065000.0,0.0,,,,,12278000.0,149102000.0,1.0,484912370.0,484259000.0,526631000.0,1.503,206345486000.0,0.0,159160000.0,0.0,426.106,
47,SLM,MRQ,2009-12-31,2009-12-31,2009-12-31,2021-10-20,-40825000.0,169985298000.0,,,,,10.994,0.0,11238884000.0,11238884000.0,0.0,308306000.0,,31.203,161443083000.0,,,161443083000.0,0.0,0.0,0.0,0.0,0.0,541200000.0,541200000.0,0.598,541200000.0,541200000.0,541200000.0,0.55,0.55,0.55,5278609000.0,,5278609000.0,172455428910.0,293.0,293.292,-1997148000.0,-4.16,1.0,904595000.0,1.0,1177310000.0,0.0,319012187000.0,,0.0,147648513000.0,,,164706676000.0,,,5348637910.0,883004000.0,0.0,-6000.0,1819759000.0,0.0,2044081000.0,836071000.0,448459000.0,-1997148000.0,0.0,308996000.0,257818000.0,257818000.0,160867000.0,-690000.0,0.285,203218000.0,701377000.0,0.0,0.0,1.013,30.049,29.658,0.0,51178000.0,11.27,2.761,2.74,0.0,604467000.0,904595000.0,904595000.0,0.0,,,,,10927000.0,126187000.0,1.0,474590764.0,480120000.0,484120000.0,1.884,168807988000.0,0.0,232204000.0,0.0,351.595,
48,SLM,MRQ,2009-09-30,2009-09-30,2009-09-30,2021-10-20,-44143000.0,186443924000.0,,,,,10.609,0.0,10947581000.0,10947581000.0,0.0,159308000.0,,36.371,178054372000.0,,,178054372000.0,0.0,0.0,0.0,0.0,0.0,239533000.0,239533000.0,0.427,239533000.0,239533000.0,239533000.0,0.25,0.25,0.25,4989018000.0,,4989018000.0,165903499289.0,-861.0,-861.045,-5037928000.0,-10.713,1.0,561544000.0,1.0,1224272000.0,0.0,352326443000.0,,0.0,162973065000.0,,,181454899000.0,,,4077538289.0,-952959000.0,0.0,1000.0,3332273000.0,0.0,3826672000.0,258297000.0,198907000.0,-5037928000.0,0.0,159110000.0,116483000.0,116483000.0,6417000.0,198000.0,0.207,315396000.0,246148000.0,0.0,0.0,0.817,-12.618,-12.638,0.0,42627000.0,8.72,4.073,4.097,0.0,346347000.0,561544000.0,561544000.0,0.0,,,,,9929000.0,140888000.0,1.0,467607602.0,470280000.0,471058000.0,1.194,185219652000.0,0.0,80423000.0,0.0,393.85,
49,SLM,MRQ,2009-06-30,2009-06-30,2009-06-30,2021-10-20,-48683000.0,181183795000.0,,,,,10.393,0.0,11385659000.0,11385659000.0,0.0,-122509000.0,,36.346,173211620000.0,,,173211620000.0,0.0,0.0,0.0,0.0,0.0,-165830000.0,-165830000.0,-1.088,-165830000.0,-165830000.0,-165830000.0,-0.32,-0.32,-0.32,4851534000.0,,4851534000.0,160882619580.0,-232.0,-231.629,-3410766000.0,-7.307,1.0,152420000.0,1.0,1233871000.0,0.0,341775885000.0,,0.0,158539136000.0,,,176332256000.0,,,4801124580.0,3076156000.0,0.0,5000.0,8560767000.0,0.0,7907101000.0,-1420179000.0,-661459000.0,-3410766000.0,0.0,-122720000.0,-148520000.0,-148520000.0,6542000.0,211000.0,-0.974,311497000.0,-159077000.0,0.0,0.0,0.99,-7.674,-7.664,0.0,25800000.0,10.27,8.646,8.633,0.0,229865000.0,152420000.0,152420000.0,0.0,,,,,16901000.0,137783000.0,1.0,467490222.0,466799000.0,466799000.0,0.327,179949924000.0,0.0,-43110000.0,0.0,385.498,
50,SLM,MRQ,2009-03-31,2009-03-31,2009-03-31,2021-10-20,-70450000.0,171551311000.0,,,,,10.635,0.0,6919347000.0,6919347000.0,0.0,-21105000.0,,33.56,163000842000.0,,,163000842000.0,0.0,0.0,0.0,0.0,0.0,-26903000.0,-26903000.0,-0.084,-26903000.0,-26903000.0,-26903000.0,-0.1,-0.1,-0.1,4963847000.0,,4963847000.0,154865607122.0,-1409.0,-1408.766,-5468158000.0,-11.715,1.0,318441000.0,1.0,1239556000.0,0.0,326393250000.0,,0.0,153694077000.0,,,166587452000.0,,,2313058122.0,-1006201000.0,0.0,0.0,4765201000.0,0.0,3825146000.0,636811000.0,614093000.0,-5468158000.0,0.0,-21386000.0,-47781000.0,-47781000.0,46174000.0,281000.0,-0.15,298889000.0,19552000.0,0.0,0.0,0.466,-9.687,-9.706,0.0,26395000.0,4.95,1.888,1.886,0.0,378387000.0,318441000.0,318441000.0,0.0,,,,,13243000.0,135142000.0,1.0,467284469.0,466761000.0,466761000.0,0.682,170311755000.0,0.0,-5517000.0,0.0,364.88,
51,SLM,MRQ,2008-12-31,2008-12-31,2008-12-31,2021-10-20,-76476000.0,168768437000.0,,,,,10.712,0.0,7605288000.0,7605288000.0,0.0,-219422000.0,,32.759,160157837000.0,,,160157837000.0,0.0,0.0,0.0,0.0,0.0,-239477000.0,-239477000.0,7.632,-239477000.0,-239477000.0,-239477000.0,-0.52,-0.52,-0.52,4999070000.0,,4999070000.0,152702991774.0,-612.0,-612.48,-2781593000.0,-5.96,1.0,-31380000.0,1.0,1249219000.0,0.0,320071767000.0,,0.0,148773153000.0,,,163762097000.0,,,4158831774.0,174149000.0,0.0,-4000.0,2662872000.0,0.0,2723506000.0,232236000.0,300271000.0,-2781593000.0,0.0,-216017000.0,-243333000.0,-243333000.0,215106000.0,-3405000.0,7.754,-3604000.0,-27776000.0,0.0,0.0,0.832,-12.843,-12.899,0.0,27316000.0,8.9,3.725,3.719,0.0,426175000.0,-31380000.0,-31380000.0,0.0,,,,,16334000.0,65505000.0,1.0,467284469.0,466693000.0,466693000.0,-0.067,167519218000.0,0.0,-23460000.0,0.0,358.949,
52,SLM,MRQ,2008-09-30,2008-09-30,2008-09-30,2021-10-20,46687000.0,164991094000.0,,,,,11.44,0.0,7793271000.0,7793271000.0,0.0,-157997000.0,,29.902,156337431000.0,,,156337431000.0,0.0,0.0,0.0,0.0,0.0,-262360000.0,-262360000.0,-2.265,-262360000.0,-262360000.0,-262360000.0,-0.4,-0.4,-0.4,5338583000.0,,5338583000.0,152054390618.0,-88.0,-87.588,-3291455000.0,-7.053,1.0,115844000.0,1.0,1259541000.0,0.0,312275713000.0,,0.0,145539062000.0,,,159635429000.0,,,5766453618.0,-1227348000.0,0.0,1580000.0,4505550000.0,0.0,3831502000.0,-1767395000.0,-1758676000.0,-3291455000.0,0.0,-158541000.0,-186015000.0,-186015000.0,0.0,544000.0,-1.606,377660000.0,-261816000.0,0.0,0.0,1.08,-3.342,-2.966,0.0,27474000.0,12.34,-31.287,-31.243,0.0,669509000.0,115844000.0,115844000.0,0.0,,,,,21857000.0,157408000.0,1.0,467297700.0,466646000.0,466646000.0,0.248,163731553000.0,0.0,-103819000.0,0.0,350.869,
53,SLM,MRQ,2008-06-30,2008-06-30,2008-06-30,2021-10-20,61994000.0,163562241000.0,,,,,11.841,0.0,8824655000.0,8824655000.0,0.0,268662000.0,,28.598,155112592000.0,,,155112592000.0,0.0,0.0,0.0,0.0,0.0,418810000.0,418810000.0,0.509,418810000.0,418810000.0,418810000.0,0.51,0.5,0.51,5525524000.0,,5525524000.0,151621377001.0,-87.0,-87.493,157948000.0,0.338,1.0,822164000.0,1.0,1304941000.0,0.0,308545237000.0,,0.0,140525491000.0,,,158017757000.0,,,9033351001.0,1301173000.0,0.0,3647000.0,5663953000.0,0.0,5289267000.0,-4146042000.0,-4126685000.0,157948000.0,0.0,265736000.0,238345000.0,238345000.0,0.0,2926000.0,0.29,400428000.0,421736000.0,0.0,0.0,1.635,-4.773,-4.197,0.0,27391000.0,19.35,-44.392,-44.374,0.0,855527000.0,822164000.0,822164000.0,0.0,,,,,27431000.0,167788000.0,1.0,466839845.0,466649000.0,517954000.0,1.762,162257300000.0,0.0,153074000.0,0.0,347.707,
54,SLM,MRQ,2008-03-31,2008-03-31,2008-03-31,2021-10-20,-2394000.0,159172992000.0,,,,,11.148,0.0,7992962000.0,7992962000.0,0.0,-103869000.0,,29.598,150580988000.0,,,150580988000.0,0.0,0.0,0.0,0.0,0.0,-166292000.0,-166292000.0,-0.792,-166292000.0,-166292000.0,-166292000.0,-0.28,-0.28,-0.28,5201559000.0,,5201559000.0,142025273078.0,-131.0,-131.435,223356000.0,0.479,1.0,209969000.0,1.0,1319723000.0,0.0,300441295000.0,,0.0,136524496000.0,,,153958217000.0,,,7161859078.0,-3760003000.0,-37868000.0,756000.0,-304475000.0,0.0,1002727000.0,-4986086000.0,-4909288000.0,223356000.0,0.0,-103804000.0,-132829000.0,-132829000.0,0.0,-65000.0,-0.633,376326000.0,-166357000.0,0.0,0.0,1.377,-6.103,-5.482,0.0,29025000.0,15.35,16.093,16.093,0.0,617184000.0,209969000.0,209969000.0,0.0,,,,,20649000.0,179729000.0,1.0,466570624.0,466580000.0,466580000.0,0.45,157853269000.0,0.0,-62488000.0,0.0,338.32,
55,SLM,MRQ,2007-12-31,2007-12-31,2007-12-31,2021-10-20,236364000.0,155564991000.0,,,,,12.619,0.0,12182137000.0,12182137000.0,0.0,-1632943000.0,,28.842,147045551000.0,,,147045551000.0,0.0,0.0,0.0,0.012,0.0,-1726170000.0,-1726170000.0,1.296,-1726170000.0,-1726170000.0,-1726170000.0,-3.99,-3.95,-3.99,5212175000.0,,5212175000.0,137412965084.0,-282.0,-281.515,-654328000.0,-1.584,1.0,-1332287000.0,1.0,1300689000.0,0.0,289127716000.0,,0.0,131335058000.0,,,150330096000.0,,,8337926084.0,-212923000.0,0.0,-543612000.0,3495651000.0,0.0,4891959000.0,-4450554000.0,-4296979000.0,-654328000.0,0.0,-1635258000.0,-1644880000.0,-1644880000.0,-6276000.0,2315000.0,1.235,399622000.0,-1731909000.0,0.0,0.0,1.6,-8.932,-8.912,0.0,9622000.0,20.14,8.187,8.152,0.0,557204000.0,-1332287000.0,-1332287000.0,0.0,,,,,9428000.0,164372000.0,1.0,413998316.0,413058000.0,388017000.0,-3.225,154264302000.0,0.0,-90912000.0,0.0,373.469,
56,SLM,MRQ,2007-09-30,2007-09-30,2007-09-30,2021-10-20,245352000.0,150815390000.0,,,,,12.088,0.0,12794323000.0,12794323000.0,0.0,-343760000.0,,29.209,141869362000.0,,,141869362000.0,0.0,0.0,0.0,0.01,0.0,-259311000.0,-259311000.0,-2.683,-259311000.0,-259311000.0,-259311000.0,-0.85,-0.85,-0.85,4991653000.0,,4991653000.0,137617681950.0,101.0,100.604,915740000.0,2.218,1.0,96665000.0,1.0,1354141000.0,0.0,278536288000.0,,0.0,127831901000.0,,,145803629000.0,,,20474688950.0,5114731000.0,0.0,-46065000.0,16021738000.0,0.0,15888954000.0,-11689963000.0,-11618687000.0,915740000.0,0.0,-343760000.0,-353034000.0,-353034000.0,0.0,0.0,-3.652,355899000.0,-259234000.0,0.0,0.0,4.102,28.43,28.383,0.0,9274000.0,49.67,7.225,7.238,0.0,2437639000.0,96665000.0,96665000.0,0.0,,,,,12353000.0,185741000.0,1.0,412214394.0,412944000.0,412944000.0,0.234,149461249000.0,0.0,84449000.0,0.0,361.941,
57,SLM,MRQ,2007-06-30,2007-06-30,2007-06-30,2021-10-20,265388000.0,132802282000.0,,,,,12.96,0.0,6981049000.0,6981049000.0,0.0,966471000.0,,23.875,124124042000.0,,,124124042000.0,0.0,0.0,0.0,0.013,0.0,1071195000.0,1071195000.0,0.728,1071195000.0,1071195000.0,1071195000.0,2.32,1.03,2.32,5337980000.0,,5337980000.0,134790985735.0,64.0,64.359,-499431000.0,-1.213,1.0,1470691000.0,1.0,1356620000.0,0.0,248588655000.0,,0.0,117137505000.0,,,127444140000.0,,,23689336735.0,-998885000.0,0.0,-27232000.0,5634199000.0,0.0,5627425000.0,-6126879000.0,-6051757000.0,-499431000.0,0.0,966471000.0,957315000.0,957315000.0,0.0,0.0,0.651,398800000.0,1071891000.0,0.0,0.0,4.438,17.845,17.882,0.0,9156000.0,57.58,6.656,6.664,0.0,2790674000.0,1470691000.0,1470691000.0,0.0,,,,,26739000.0,191632000.0,1.0,411416060.0,411870000.0,452406000.0,3.571,131445662000.0,0.0,104724000.0,0.0,319.144,
58,SLM,MRQ,2007-03-31,2007-03-31,2007-03-31,2021-10-20,300884000.0,126876466000.0,,,,,10.626,0.0,7398128000.0,7398128000.0,0.0,116153000.0,,28.044,118499777000.0,,,118499777000.0,0.0,0.0,0.0,0.024,0.25,426167000.0,426167000.0,0.544,426167000.0,426167000.0,426167000.0,0.26,0.26,0.26,4367753000.0,,4367753000.0,118830806507.0,56.0,55.821,189816000.0,0.462,1.0,783346000.0,1.0,1364016000.0,0.0,236614099000.0,,0.0,112012047000.0,,,122490655000.0,,,16788560507.0,1057886000.0,0.0,-94591000.0,10067292000.0,-102658000.0,9857046000.0,-8988976000.0,-8930740000.0,189816000.0,0.0,116153000.0,107060000.0,107060000.0,0.0,0.0,0.137,356174000.0,427172000.0,0.0,0.962,3.844,15.471,15.492,0.0,9093000.0,40.9,4.781,4.787,0.0,1833359000.0,783346000.0,783346000.0,0.0,,,,,26101000.0,186350000.0,1.0,410478252.0,411040000.0,418449000.0,1.906,125512450000.0,0.0,310014000.0,0.0,305.353,
59,SLM,MRQ,2006-12-31,2006-12-31,2006-12-31,2021-10-20,349111000.0,116135732000.0,,,,,10.623,0.0,6044548000.0,6044548000.0,0.0,18105000.0,,25.688,108086794000.0,,,108086794000.0,0.0,0.0,0.0,0.02,0.25,129857000.0,129857000.0,0.269,129857000.0,129857000.0,129857000.0,0.02,0.07,0.02,4350927000.0,,4350927000.0,112074352661.0,56.0,56.283,55870000.0,0.136,1.0,483067000.0,1.0,1371606000.0,0.0,216806372000.0,,0.0,103133635000.0,,,111766575000.0,,,19935234661.0,231470000.0,-50674000.0,14044000.0,8593808000.0,-102333000.0,8769302000.0,-8593702000.0,-8442925000.0,55870000.0,0.0,18105000.0,8847000.0,8847000.0,0.0,0.0,0.018,352747000.0,130320000.0,0.0,12.5,4.582,17.777,17.864,0.0,9258000.0,48.77,5.966,5.996,0.0,1834718000.0,483067000.0,483067000.0,0.0,,,,,19082000.0,179233000.0,1.0,408760194.0,409584000.0,448644000.0,1.179,114764126000.0,0.0,111752000.0,0.0,280.197,
60,SLM,MRQ,2006-09-30,2006-09-30,2006-09-30,2021-10-20,460527000.0,107052697000.0,,,,,10.959,0.0,6347287000.0,6347287000.0,0.0,263472000.0,,22.819,98486405000.0,,,98486405000.0,0.0,0.0,0.0,0.018,0.25,467158000.0,467158000.0,0.568,467158000.0,467158000.0,467158000.0,0.62,0.6,0.62,4493685000.0,,4493685000.0,108744631178.0,43.0,43.353,1147273000.0,2.798,1.0,821751000.0,1.0,1333123000.0,0.0,197858692000.0,,0.0,94767273000.0,,,102540336000.0,,,21313738178.0,-997864000.0,-289162000.0,-146458000.0,3739457000.0,-101995000.0,3467570000.0,-5612707000.0,-5264715000.0,1147273000.0,0.0,263472000.0,254251000.0,254251000.0,0.0,0.0,0.309,353494000.0,468257000.0,0.0,0.403,4.743,13.878,13.973,0.0,9221000.0,51.98,5.605,5.605,0.0,1928204000.0,821751000.0,821751000.0,0.0,,,,,20467000.0,179910000.0,1.0,410037287.0,410034000.0,449841000.0,2.004,105719574000.0,0.0,203686000.0,0.0,257.831,
61,SLM,MRQ,2006-06-30,2006-06-30,2006-06-30,2021-10-20,370204000.0,101906665000.0,,,,,10.586,0.0,6877158000.0,6877158000.0,0.0,723778000.0,,22.42,94308051000.0,,,94308051000.0,0.0,0.0,0.0,0.017,0.25,1105606000.0,1105606000.0,0.777,1105606000.0,1105606000.0,1105606000.0,1.74,1.52,1.74,4350399000.0,,4350399000.0,106838204697.0,41.0,40.741,-183323000.0,-0.446,1.0,1423563000.0,1.0,1080703000.0,0.0,188256855000.0,,0.0,89297953000.0,,,97537528000.0,,,21743072697.0,1102238000.0,0.0,-101087000.0,3201389000.0,-102613000.0,2971572000.0,-1686011000.0,-1667040000.0,-183323000.0,0.0,723778000.0,714991000.0,714991000.0,0.0,0.0,0.502,316602000.0,1106961000.0,0.0,0.144,4.998,12.748,12.845,0.0,8787000.0,52.92,5.64,5.641,0.0,1775948000.0,1423563000.0,1423563000.0,0.0,,,,,18846000.0,168727000.0,1.0,410866831.0,410957000.0,454314000.0,3.464,100825962000.0,0.0,381828000.0,0.0,245.344,
62,SLM,MRQ,2006-03-31,2006-03-31,2006-03-31,2021-10-20,328496000.0,97765586000.0,,,,,9.076,0.0,5350526000.0,5350526000.0,0.0,151601000.0,,25.099,90445658000.0,,,90445658000.0,0.0,0.0,0.0,0.017,0.22,288646000.0,288646000.0,0.471,288646000.0,288646000.0,288646000.0,0.35,0.34,0.35,3745246000.0,,3745246000.0,107609501899.0,54.0,54.079,-211399000.0,-0.512,1.0,613045000.0,1.0,1091301000.0,0.0,181769417000.0,,0.0,87310309000.0,,,94000976000.0,,,21479513899.0,-213277000.0,0.0,-123759000.0,-1199427000.0,-91473000.0,-1428374000.0,1426496000.0,1459561000.0,-211399000.0,0.0,151601000.0,143300000.0,143300000.0,0.0,0.0,0.234,323309000.0,289736000.0,0.0,0.629,5.735,16.739,16.864,0.0,8301000.0,51.94,6.724,6.71,0.0,1163570000.0,613045000.0,613045000.0,0.0,,,,,22768000.0,175340000.0,1.0,413544742.0,412675000.0,422974000.0,1.486,96674285000.0,0.0,137045000.0,0.0,234.263,
63,SLM,MRQ,2005-12-31,2005-12-31,2005-12-31,2021-10-20,367910000.0,99338684000.0,,,,,9.095,0.0,5798757000.0,5798757000.0,0.0,431035000.0,,25.26,91928745000.0,,,91928745000.0,0.0,0.0,0.0,0.015,0.22,646942000.0,646942000.0,0.685,646942000.0,646942000.0,646942000.0,1.01,0.95,1.01,3782243000.0,,3782243000.0,107875641333.0,51.0,51.1,237383000.0,0.571,1.0,944559000.0,1.0,1105104000.0,0.0,184363568000.0,,0.0,88516770000.0,,,95538077000.0,,,22989793333.0,939355000.0,-59075000.0,-194307000.0,3460156000.0,-91484000.0,3047489000.0,-2345517000.0,-2093758000.0,237383000.0,0.0,431035000.0,423203000.0,423203000.0,0.0,0.0,0.448,296663000.0,647896000.0,0.0,0.218,6.078,16.9,16.951,0.0,7832000.0,55.09,7.061,7.079,0.0,1111743000.0,944559000.0,944559000.0,0.0,,,,,19592000.0,163859000.0,1.0,417313366.0,415881000.0,457374000.0,2.271,98233580000.0,0.0,215907000.0,0.0,236.206,
64,SLM,MRQ,2005-09-30,2005-09-30,2005-09-30,2021-10-20,407768000.0,96320359000.0,,,,,9.132,0.0,4266225000.0,4266225000.0,0.0,431350000.0,,24.273,89152073000.0,,,89152073000.0,0.0,0.0,0.0,0.015,0.22,581171000.0,581171000.0,0.665,581171000.0,581171000.0,581171000.0,1.02,0.95,1.02,3810073000.0,,3810073000.0,98653316013.0,44.0,44.481,-83480000.0,-0.2,1.0,874161000.0,1.0,1063916000.0,0.0,180142291000.0,,0.0,87264548000.0,,,92482836000.0,,,22396666013.0,541931000.0,-178844000.0,-111525000.0,9756055000.0,-91758000.0,9545552000.0,-8920141000.0,-8741297000.0,-83480000.0,0.0,431350000.0,424062000.0,424062000.0,0.0,0.0,0.485,291961000.0,582200000.0,0.0,0.216,5.878,14.134,14.304,0.0,7288000.0,53.64,6.486,6.481,0.0,3195034000.0,874161000.0,874161000.0,0.0,,,,,0.0,162897000.0,1.0,417536652.0,417235000.0,458798000.0,2.095,95256443000.0,0.0,149821000.0,0.0,228.304,
65,SLM,MRQ,2005-06-30,2005-06-30,2005-06-30,2021-10-20,473121000.0,86758744000.0,,,,,8.53,0.0,3440083000.0,3440083000.0,0.0,296515000.0,,23.204,79696733000.0,,,79696733000.0,0.0,0.0,0.0,0.016,0.22,473088000.0,473088000.0,0.62,473088000.0,473088000.0,473088000.0,0.7,0.66,0.7,3578408000.0,,3578408000.0,96109394645.0,46.0,45.976,737454000.0,1.758,1.0,762736000.0,1.0,1003427000.0,0.0,162011967000.0,,0.0,79044403000.0,,,83033676000.0,,,21312358645.0,281500000.0,0.0,-106389000.0,2252976000.0,-92193000.0,2447524000.0,-2903478000.0,-2903478000.0,737454000.0,0.0,296515000.0,292607000.0,292607000.0,0.0,0.0,0.384,287413000.0,475323000.0,0.0,0.314,5.956,14.075,14.35,0.0,3908000.0,50.8,6.369,6.368,0.0,2862730000.0,762736000.0,762736000.0,0.0,,,,,0.0,151336000.0,1.0,419534619.0,419497000.0,461900000.0,1.818,85755317000.0,0.0,176573000.0,0.0,204.424,
66,SLM,MRQ,2005-03-31,2005-03-31,2005-03-31,2021-10-20,374574000.0,83796953000.0,,,,,7.108,0.0,2960223000.0,2960223000.0,0.0,223384000.0,,26.957,77757259000.0,,,77757259000.0,0.0,0.0,0.0,0.015,0.19,409850000.0,409850000.0,0.608,409850000.0,409850000.0,409850000.0,0.52,0.49,0.52,2992113000.0,,2992113000.0,93529977104.0,36.0,36.181,-132527000.0,-0.315,1.0,674335000.0,1.0,1014986000.0,0.0,157579003000.0,,0.0,75746477000.0,,,80659102000.0,,,21015284104.0,-2659618000.0,0.0,-123142000.0,413455000.0,-79933000.0,207505000.0,-2734596000.0,-2734596000.0,-132527000.0,0.0,223384000.0,220509000.0,220509000.0,0.0,0.0,0.327,262291000.0,412044000.0,0.0,0.365,7.024,11.461,11.783,0.0,2875000.0,49.84,5.593,5.583,0.0,2662316000.0,674335000.0,674335000.0,0.0,,,,,0.0,146932000.0,1.0,421654978.0,420924000.0,463014000.0,1.602,82781967000.0,0.0,186466000.0,0.0,196.667,
67,SLM,MRQ,2004-12-31,2004-12-31,2004-12-31,2021-10-20,440672000.0,84093526000.0,,,,,7.11,0.0,5607130000.0,5607130000.0,0.0,650301000.0,,26.7,78121668000.0,,,78121668000.0,0.0,0.0,0.0,0.014,0.19,753789000.0,753789000.0,0.66,753789000.0,753789000.0,753789000.0,1.51,1.39,1.51,3030671000.0,,3030671000.0,82279471624.0,32.0,32.191,1475300000.0,3.461,1.0,1141905000.0,1.0,1066142000.0,0.0,155541922000.0,,0.0,72924006000.0,,,80919589000.0,,,22948577624.0,-882158000.0,-719968000.0,-61052000.0,4802898000.0,-79404000.0,4659566000.0,-7017024000.0,16495694358.0,1475300000.0,0.0,650301000.0,647425000.0,647425000.0,0.0,0.0,0.567,269232000.0,872673000.0,0.0,0.126,7.572,12.067,12.245,0.0,2876000.0,53.39,6.248,6.34,0.0,2521740000.0,1141905000.0,1141905000.0,0.0,,,,,18844000.0,144032000.0,1.0,429829137.0,426242000.0,468179000.0,2.679,83027384000.0,0.0,103488000.0,0.0,194.789,
68,SLM,MRQ,2004-09-30,2004-09-30,2004-09-30,2021-10-20,486944000.0,70959303000.0,,,,,6.621,0.0,6108761000.0,6108761000.0,0.0,356578000.0,,23.584,65439655000.0,,,65439655000.0,0.0,0.0,0.0,0.016,0.19,453714000.0,453714000.0,0.591,453714000.0,453714000.0,453714000.0,0.81,0.76,0.81,2885210000.0,,2885210000.0,78173861160.0,35.0,35.318,180924000.0,0.415,1.0,767476000.0,1.0,753266000.0,0.0,129536931000.0,,0.0,58508067000.0,,,68044559000.0,,,19444365160.0,-5177125000.0,-148436000.0,-144484000.0,-4689654000.0,-83547000.0,-4920560000.0,-437489000.0,-289053000.0,180924000.0,0.0,356578000.0,353703000.0,353703000.0,0.0,0.0,0.461,210772000.0,556704000.0,0.0,0.235,6.739,12.827,12.965,0.0,2875000.0,44.6,6.107,6.104,0.0,4463819000.0,767476000.0,767476000.0,0.0,,,,,0.0,113386000.0,1.0,435972313.0,435764000.0,474455000.0,1.761,70206037000.0,0.0,97136000.0,0.0,161.11,
69,SLM,MRQ,2004-06-30,2004-06-30,2004-06-30,2021-10-20,355955000.0,75967421000.0,,,,,6.639,0.0,11370308000.0,11370308000.0,0.0,614926000.0,,25.01,70099804000.0,,,70099804000.0,0.0,0.0,0.0,0.017,0.19,967713000.0,967713000.0,0.824,967713000.0,967713000.0,967713000.0,1.39,1.29,1.39,2920666000.0,,2920666000.0,80172636523.0,33.0,32.802,-264391000.0,-0.601,1.0,1173764000.0,1.0,618930000.0,0.0,134077987000.0,,0.0,58292397000.0,,,73046755000.0,,,17755583523.0,5635958000.0,0.0,-165015000.0,2783726000.0,-81599000.0,2534248000.0,3366101000.0,3366101000.0,-264391000.0,0.0,614926000.0,612062000.0,612062000.0,0.0,0.0,0.521,206051000.0,967713000.0,0.0,0.137,6.079,10.832,10.962,0.0,2864000.0,40.45,5.628,5.64,0.0,4013923000.0,1173764000.0,1173764000.0,0.0,,,,,0.0,113512000.0,1.0,438951385.0,439901000.0,478497000.0,2.668,75348491000.0,0.0,352787000.0,0.0,171.285,
70,SLM,MRQ,2004-03-31,2004-03-31,2004-03-31,2021-10-20,534445000.0,73263457000.0,,,,,6.184,0.0,5064640000.0,5064640000.0,0.0,291465000.0,,25.761,67481693000.0,,,67481693000.0,0.0,0.0,0.0,0.016,0.17,380743000.0,380743000.0,0.646,380743000.0,380743000.0,380743000.0,0.65,0.61,0.65,2737651000.0,,2737651000.0,74330555428.0,36.0,36.251,-787008000.0,-1.778,1.0,589620000.0,1.0,589078000.0,0.0,135091432000.0,,0.0,61993788000.0,,,70525806000.0,,,18520168428.0,1971227000.0,0.0,-174881000.0,8536499000.0,-76763000.0,8281969000.0,-5523734000.0,-5523734000.0,-787008000.0,0.0,291465000.0,288579000.0,288579000.0,0.0,0.0,0.489,208877000.0,380743000.0,0.0,0.262,6.765,13.257,13.413,0.0,2886000.0,41.85,6.747,6.749,0.0,3635342000.0,589620000.0,589620000.0,0.0,,,,,0.0,126241000.0,1.0,442536880.0,442664000.0,482060000.0,1.332,72674379000.0,0.0,89278000.0,0.0,164.175,
71,SLM,MRQ,2003-12-31,2003-12-31,2003-12-31,2021-10-20,425621000.0,64610651000.0,,,,,5.861,0.0,2953481000.0,2953481000.0,0.0,264429000.0,,23.566,58543559000.0,,,58543559000.0,0.0,0.0,0.0,0.016,0.17,411287000.0,411287000.0,0.63,411287000.0,411287000.0,411287000.0,0.59,0.47,0.59,2630046000.0,,2630046000.0,69328742880.0,30.0,29.974,816607000.0,1.82,1.0,652875000.0,1.0,592112000.0,0.0,119608617000.0,,0.0,56126006000.0,,,61980605000.0,,,16987128880.0,341095000.0,-70107000.0,-131636000.0,2495613000.0,-75957000.0,2285144000.0,-2760656000.0,-2690549000.0,816607000.0,0.0,264429000.0,261553000.0,261553000.0,0.0,0.0,0.401,241588000.0,411287000.0,0.0,0.288,6.459,11.161,11.181,0.0,2876000.0,37.68,5.704,5.72,0.0,3417120000.0,652875000.0,652875000.0,0.0,,,,,0.0,115363000.0,1.0,450826138.0,448731000.0,533041000.0,1.455,64018539000.0,0.0,146858000.0,0.0,142.666,
72,SLM,MRQ,2003-09-30,2003-09-30,2003-09-30,2021-10-20,568381000.0,59936558000.0,,,,,5.866,0.0,1912709000.0,1912709000.0,0.0,479888000.0,,21.669,54254323000.0,,,54254323000.0,0.0,0.0,0.0,0.013,0.17,684402000.0,684402000.0,0.927,684402000.0,684402000.0,684402000.0,1.06,1.04,1.06,2643984000.0,,2643984000.0,69637488769.0,29.0,29.252,627606000.0,1.392,1.0,738636000.0,1.0,581208000.0,0.0,111696964000.0,,0.0,52248600000.0,,,57292574000.0,,,17565969769.0,1201331000.0,0.0,-29801000.0,2193519000.0,-75424000.0,2085419000.0,-1511694000.0,-1511694000.0,627606000.0,0.0,479888000.0,477013000.0,477013000.0,0.0,0.0,0.646,184205000.0,554431000.0,0.0,0.16,6.644,11.234,11.293,0.0,2875000.0,38.96,5.885,5.883,0.0,3504817000.0,738636000.0,738636000.0,0.0,,,,,0.0,110103000.0,1.0,450871914.0,450725000.0,460647000.0,1.639,59355350000.0,0.0,204514000.0,0.0,131.689,
73,SLM,MRQ,2003-06-30,2003-06-30,2003-06-30,2021-10-20,689220000.0,58182773000.0,,,,,5.233,0.0,597565000.0,597565000.0,0.0,372694000.0,,23.589,52669084000.0,,,52669084000.0,0.0,0.0,0.0,0.01,0.17,574010000.0,574010000.0,0.751,574010000.0,574010000.0,574010000.0,0.82,0.8,0.82,2366172000.0,,2366172000.0,66121511141.0,42.0,41.573,-497307000.0,-1.1,1.0,763877000.0,1.0,583676000.0,0.0,109670616000.0,,0.0,50763841000.0,,,55816601000.0,,,17713326141.0,-31919000.0,-43507000.0,-286145000.0,2900212000.0,-77651000.0,2522545000.0,-2057157000.0,-2013650000.0,-497307000.0,0.0,372694000.0,369819000.0,369819000.0,0.0,0.0,0.484,189867000.0,574010000.0,0.0,0.207,7.486,17.342,17.409,0.0,2875000.0,39.17,7.652,7.652,0.0,6371995000.0,763877000.0,763877000.0,0.0,,,,,0.0,110722000.0,1.0,452216649.0,452174000.0,465132000.0,1.689,57599097000.0,0.0,201316000.0,0.0,127.383,
74,SLM,MRQ,2003-03-31,2003-03-31,2003-03-31,2021-10-20,596693000.0,54333776000.0,,,,,4.915,0.0,658142000.0,658142000.0,0.0,416549000.0,,23.21,49066327000.0,,,49066327000.0,0.0,0.0,0.0,0.008,0.083,643241000.0,643241000.0,0.782,643241000.0,643241000.0,643241000.0,0.91,0.88,0.91,2244256000.0,,2244256000.0,63919820331.0,53.0,52.734,-53342000.0,-0.117,1.0,822606000.0,1.0,579365000.0,0.0,102162596000.0,,0.0,48602463000.0,,,52089520000.0,,,16817052331.0,-125610000.0,0.0,-130475000.0,930961000.0,-37850000.0,753396000.0,-825664000.0,-825664000.0,-53342000.0,0.0,416549000.0,413674000.0,413674000.0,0.0,0.0,0.503,179365000.0,643241000.0,0.0,0.091,7.493,21.708,21.745,0.0,2875000.0,36.967,8.784,8.816,0.0,5575368000.0,822606000.0,822606000.0,0.0,,,,,0.0,95819000.0,1.0,454924770.0,456581000.0,469696000.0,1.802,53754411000.0,0.0,226692000.0,0.0,117.732,
75,SLM,MRQ,2002-12-31,2002-12-31,2002-12-31,2021-10-20,592760000.0,53175005000.0,,,,,4.36,0.0,758302000.0,758302000.0,0.0,306030000.0,,25.615,47861070000.0,,,47861070000.0,0.0,0.0,0.0,0.008,0.083,478952000.0,478952000.0,0.726,478952000.0,478952000.0,478952000.0,0.66,0.64,0.66,1997950000.0,,1997950000.0,66239892983.0,54.0,54.144,398246000.0,0.869,1.0,659672000.0,1.0,586127000.0,0.0,99691646000.0,,0.0,47773221000.0,,,51177055000.0,,,15952698983.0,148570000.0,-3519000.0,-151538000.0,-2846329000.0,-37785000.0,-3048097000.0,2798421000.0,2801940000.0,398246000.0,0.0,306030000.0,303154000.0,303154000.0,0.0,0.0,0.46,180720000.0,478952000.0,0.0,0.126,7.985,20.439,20.493,0.0,2876000.0,34.633,8.338,8.369,0.0,4863749000.0,659672000.0,659672000.0,0.0,,,,,0.0,96334000.0,1.0,460616910.0,458286000.0,471187000.0,1.439,52588878000.0,0.0,172922000.0,0.0,114.751,
76,SLM,MRQ,2002-09-30,2002-09-30,2002-09-30,2021-10-20,606838000.0,55524659000.0,,,,,3.956,0.0,533669000.0,533669000.0,0.0,-62379000.0,,29.435,50820863000.0,,,50820863000.0,0.0,0.0,0.0,0.011,0.067,-105719000.0,-105719000.0,-1.541,-105719000.0,-105719000.0,-105719000.0,-0.14,-0.14,-0.14,1824366000.0,,1824366000.0,63690338597.0,55.0,55.1,478709000.0,1.038,1.0,68590000.0,1.0,0.0,0.0,105811853000.0,,0.0,7894193000.0,,,53700293000.0,,,14405727597.0,206646000.0,0.0,-98366000.0,1364902000.0,-30750000.0,1225749000.0,-1497812000.0,-1497812000.0,478709000.0,0.0,-62379000.0,-65254000.0,-65254000.0,0.0,0.0,-0.951,174309000.0,-105719000.0,0.0,-0.479,7.896,19.456,19.613,0.0,2875000.0,31.047,7.775,7.727,0.0,2452857000.0,68590000.0,68590000.0,0.0,,,,,0.0,96328000.0,1.0,464002392.0,461159000.0,461159000.0,0.149,55524659000.0,0.0,-43340000.0,0.0,120.402,
77,SLM,MRQ,2002-06-30,2002-06-30,2002-06-30,2021-10-20,505635000.0,53887453000.0,,,,,4.158,0.0,327023000.0,327023000.0,0.0,126001000.0,,26.998,49611634000.0,,,49611634000.0,0.0,0.0,0.0,0.01,0.067,195655000.0,195655000.0,0.538,195655000.0,195655000.0,195655000.0,0.27,0.26,0.27,1924695000.0,,1924695000.0,62614145794.0,65.0,64.588,-133611000.0,-0.289,1.0,363597000.0,1.0,0.0,0.0,103172064000.0,,0.0,7439043000.0,,,51962758000.0,,,15051939794.0,-267516000.0,0.0,-59464000.0,1452332000.0,-30976000.0,1351453000.0,-1485358000.0,-1485358000.0,-133611000.0,0.0,126001000.0,123126000.0,123126000.0,0.0,0.0,0.339,167942000.0,195655000.0,0.0,0.248,7.82,24.706,24.713,0.0,2875000.0,32.3,8.965,8.906,0.0,2548861000.0,363597000.0,363597000.0,0.0,,,,,0.0,89617000.0,1.0,466004328.0,462907000.0,475846000.0,0.785,53887453000.0,0.0,69654000.0,0.0,116.411,
78,SLM,MRQ,2002-03-31,2002-03-31,2002-03-31,2021-10-20,560148000.0,52444435000.0,,,,,4.185,0.0,594539000.0,594539000.0,0.0,422344000.0,,25.838,48156745000.0,,,48156745000.0,0.0,0.0,0.0,0.01,0.067,654511000.0,654511000.0,0.797,654511000.0,654511000.0,654511000.0,0.9,0.877,0.9,1954086000.0,,1954086000.0,62804336701.0,52.0,51.853,-102701000.0,-0.22,1.0,821312000.0,1.0,0.0,0.0,100006641000.0,,0.0,8349054000.0,,,50490349000.0,,,15169166701.0,-120462000.0,-46392000.0,14574000.0,-196025000.0,-31248000.0,-226694000.0,208933000.0,255325000.0,-102701000.0,0.0,422344000.0,419469000.0,419469000.0,0.0,0.0,0.511,166801000.0,654511000.0,0.0,0.074,7.763,19.828,20.161,0.0,2875000.0,32.6,7.877,7.904,0.0,2456711000.0,821312000.0,821312000.0,0.0,,,,,0.0,94103000.0,1.0,465311862.0,466887000.0,479049000.0,1.759,52444435000.0,0.0,232167000.0,0.0,112.328,
79,SLM,MRQ,2001-12-31,2001-12-31,2001-12-31,2021-10-20,670199000.0,52873959000.0,,,,,3.584,0.0,715001000.0,715001000.0,0.0,265945000.0,,30.614,48350171000.0,,,48350171000.0,0.0,0.0,0.0,0.011,0.133,411467000.0,411467000.0,0.686,411467000.0,411467000.0,411467000.0,0.553,0.54,0.553,1672462000.0,,1672462000.0,60502480423.0,100.0,99.622,609857000.0,1.307,1.0,599418000.0,1.0,566345000.0,0.0,99942784000.0,,0.0,47841169000.0,,,51201497000.0,,,13171828423.0,-1190477000.0,0.0,-155097000.0,-1055281000.0,-30943000.0,-1471086000.0,-329248000.0,-329248000.0,609857000.0,0.0,265945000.0,263069000.0,263069000.0,0.0,0.0,0.439,185901000.0,413517000.0,0.0,0.241,7.876,35.361,35.906,0.0,2876000.0,28.007,9.941,10.087,0.0,3927940000.0,599418000.0,599418000.0,0.0,,,,,0.0,97164000.0,1.0,470310465.0,466637000.0,465770000.0,1.285,52307614000.0,0.0,145522000.0,0.0,112.095,
80,SLM,MRQ,2001-09-30,2001-09-30,2001-09-30,2021-10-20,706028000.0,53860835000.0,,,,,2.784,0.0,2073010000.0,2073010000.0,0.0,-193545000.0,,39.734,49403662000.0,,,49403662000.0,0.0,0.0,0.0,0.008,0.058,-292201000.0,-292201000.0,2.772,-292201000.0,-292201000.0,-292201000.0,-0.417,-0.417,-0.417,1311743000.0,,1311743000.0,60186532928.0,173.0,172.816,386494000.0,0.82,1.0,-105415000.0,1.0,0.0,0.0,101191487000.0,,0.0,5920783000.0,,,52121326000.0,,,13309043928.0,1263829000.0,0.0,-28105000.0,1726511000.0,-27392000.0,1632705000.0,-755370000.0,-755370000.0,386494000.0,0.0,-193545000.0,-196420000.0,-196420000.0,0.0,0.0,1.863,184113000.0,-289528000.0,0.0,-0.139,10.146,64.853,66.917,0.0,2875000.0,27.637,12.615,12.344,0.0,1836364000.0,-105415000.0,-105415000.0,0.0,,,,,0.0,88435000.0,1.0,481571967.0,471222000.0,471222000.0,-0.224,53860835000.0,0.0,-98656000.0,0.0,114.3,
81,SLM,MRQ,2001-06-30,2001-06-30,2001-06-30,2021-10-20,485100000.0,51225397000.0,,,,,2.859,0.0,809181000.0,809181000.0,0.0,281795000.0,,35.859,47686670000.0,,,47686670000.0,0.0,0.0,0.0,0.009,0.058,437412000.0,437412000.0,0.717,437412000.0,437412000.0,437412000.0,0.58,0.56,0.58,1378166000.0,,1378166000.0,58163249137.0,75.0,74.712,194810000.0,0.404,1.0,610352000.0,1.0,0.0,0.0,98102886000.0,,0.0,5956690000.0,,,49419465000.0,,,11896720137.0,-246747000.0,0.0,-123861000.0,363714000.0,-28060000.0,208918000.0,-650475000.0,-650475000.0,194810000.0,0.0,281795000.0,278920000.0,278920000.0,0.0,0.0,0.457,170267000.0,440085000.0,0.0,0.1,8.632,24.23,23.927,0.0,2875000.0,24.333,7.82,7.712,0.0,2060176000.0,610352000.0,610352000.0,0.0,,,,,0.0,84677000.0,1.0,488906307.0,482121000.0,499224000.0,1.266,51225397000.0,0.0,155617000.0,0.0,106.25,
82,SLM,MRQ,2001-03-31,2001-03-31,2001-03-31,2021-10-20,440228000.0,50868629000.0,,,,,2.466,0.0,1055928000.0,1055928000.0,0.0,29801000.0,,40.815,47322457000.0,,,47322457000.0,0.0,0.0,0.0,0.009,0.058,50640000.0,50640000.0,0.229,50640000.0,50640000.0,50640000.0,0.057,0.053,0.057,1206295000.0,,1206295000.0,53637118402.0,103.0,102.669,-93878000.0,-0.192,1.0,220687000.0,1.0,0.0,0.0,97135158000.0,,0.0,6554887000.0,,,49234568000.0,,,11918957402.0,321460000.0,0.0,-122499000.0,1962829000.0,-28512000.0,1808943000.0,-1393605000.0,-1393605000.0,-93878000.0,0.0,29801000.0,26926000.0,26926000.0,0.0,0.0,0.122,167373000.0,53314000.0,0.0,1.018,9.881,36.153,35.25,0.0,2875000.0,24.217,10.016,9.955,0.0,1809316000.0,220687000.0,220687000.0,0.0,,,,,0.0,92567000.0,1.0,492179934.0,489153000.0,509817000.0,0.451,50868629000.0,0.0,20839000.0,0.0,103.993,
83,SLM,MRQ,2000-12-31,2000-12-31,2000-12-31,2021-10-20,311301000.0,48791788000.0,,,,,2.443,0.0,734468000.0,734468000.0,0.0,98657000.0,,39.255,45374927000.0,,,45374927000.0,0.0,0.0,0.0,0.01,0.058,152419000.0,152419000.0,0.463,152419000.0,152419000.0,152419000.0,0.193,0.187,0.193,1201453000.0,,1201453000.0,52874239504.0,75.0,75.438,80800000.0,0.164,1.0,329403000.0,1.0,0.0,0.0,93432247000.0,,0.0,7018442000.0,,,47162569000.0,,,11156078504.0,29909000.0,0.0,65387000.0,2952208000.0,-28483000.0,2921280000.0,-2972171000.0,-2972171000.0,80800000.0,0.0,98657000.0,95792000.0,95792000.0,0.0,0.0,0.291,174311000.0,155092000.0,0.0,0.301,9.285,24.6,23.935,0.0,2865000.0,22.667,8.599,8.359,0.0,1810902000.0,329403000.0,329403000.0,0.0,,,,,0.0,79645000.0,1.0,492179934.0,491883000.0,509724000.0,0.67,48791788000.0,0.0,53762000.0,0.0,99.194,
84,SLM,MRQ,2000-09-30,2000-09-30,2000-09-30,2021-10-20,298974000.0,45644014000.0,,,,,2.327,0.0,704559000.0,704559000.0,0.0,92218000.0,,39.321,42422720000.0,,,42422720000.0,0.0,0.0,0.0,0.013,0.053,138031000.0,138031000.0,0.383,138031000.0,138031000.0,138031000.0,0.187,0.183,0.187,1121397000.0,,1121397000.0,44480849320.0,58.0,58.484,306707000.0,0.636,1.0,360821000.0,1.0,0.0,0.0,87362175000.0,,0.0,4796319000.0,,,44094851000.0,,,7474617320.0,447780000.0,-448754000.0,330363000.0,224714000.0,-26043000.0,526170000.0,-385097000.0,63657000.0,306707000.0,0.0,92218000.0,89353000.0,89353000.0,0.0,0.0,0.248,220116000.0,140705000.0,0.0,0.283,6.665,15.003,15.245,0.0,2865000.0,16.053,5.853,6.059,0.0,1743593000.0,360821000.0,360821000.0,0.0,,,,,0.0,86727000.0,1.0,465611544.0,481956000.0,489837000.0,0.749,45644014000.0,0.0,45813000.0,0.0,94.706,
85,SLM,MRQ,2000-06-30,2000-06-30,2000-06-30,2021-10-20,295378000.0,39549486000.0,,,,,1.546,0.0,256779000.0,256779000.0,0.0,120494000.0,,53.026,37263011000.0,,,37263011000.0,0.0,0.0,0.0,0.017,0.053,181338000.0,181338000.0,0.65,181338000.0,181338000.0,181338000.0,0.25,0.243,0.25,724128000.0,,724128000.0,43846365724.0,55.0,54.708,199480000.0,0.426,1.0,279055000.0,1.0,0.0,0.0,76555718000.0,,0.0,4850534000.0,,,38397592000.0,,,5863260724.0,151007000.0,0.0,-67168000.0,-825866000.0,-24962000.0,-920882000.0,872409000.0,872409000.0,199480000.0,0.0,120494000.0,117608000.0,117608000.0,0.0,0.0,0.421,95044000.0,184011000.0,0.0,0.212,8.097,11.057,11.143,0.0,2886000.0,12.48,4.93,4.914,0.0,1680283000.0,279055000.0,279055000.0,0.0,,,,,0.0,47347000.0,1.0,469812558.0,468270000.0,485907000.0,0.596,39549486000.0,0.0,60844000.0,0.0,84.459,
86,SLM,MRQ,2000-03-31,2000-03-31,2000-03-31,2021-10-20,295371000.0,40234898000.0,,,,,1.481,0.0,105772000.0,105772000.0,0.0,153649000.0,,55.978,38088877000.0,,,38088877000.0,0.0,0.0,0.0,0.019,0.053,229110000.0,229110000.0,0.698,229110000.0,229110000.0,229110000.0,0.32,0.31,0.32,698643000.0,,698643000.0,46633115756.0,58.0,58.12,157660000.0,0.334,1.0,328022000.0,1.0,0.0,0.0,78218003000.0,,0.0,4999970000.0,,,39108489000.0,,,5235347756.0,-483978000.0,0.0,-51627000.0,-3898641000.0,-25139000.0,-3978314000.0,3336676000.0,3336676000.0,157660000.0,0.0,153649000.0,150742000.0,150742000.0,0.0,0.0,0.46,96238000.0,231784000.0,0.0,0.166,7.494,9.762,9.852,0.0,2907000.0,11.103,4.431,4.432,0.0,1587637000.0,328022000.0,328022000.0,0.0,,,,,0.0,53871000.0,1.0,471511356.0,471591000.0,486768000.0,0.696,40234898000.0,0.0,75461000.0,0.0,85.317,
87,SLM,MRQ,1999-12-31,1999-12-31,1999-12-31,2021-10-20,297735000.0,44024784000.0,,,,,1.321,0.0,589750000.0,589750000.0,0.0,141954000.0,,68.529,41987518000.0,,,41987518000.0,0.0,0.0,0.0,0.014,0.053,212091000.0,212091000.0,0.686,212091000.0,212091000.0,212091000.0,0.297,0.29,0.297,627031000.0,,627031000.0,48524318354.0,65.0,65.489,1592000.0,0.003,1.0,309136000.0,1.0,0.0,0.0,85422552000.0,,0.0,6212721000.0,,,42969987000.0,,,6721276354.0,471531000.0,0.0,99395000.0,66258000.0,-25275000.0,138940000.0,330999000.0,330999000.0,1592000.0,0.0,141954000.0,140516000.0,140516000.0,0.0,0.0,0.455,94372000.0,214764000.0,0.0,0.178,10.719,13.459,13.581,0.0,1438000.0,14.083,6.054,6.111,0.0,1462034000.0,309136000.0,309136000.0,0.0,,,,,0.0,0.0,1.0,477250392.0,474531000.0,482652000.0,0.651,44024784000.0,0.0,70137000.0,0.0,92.775,
88,SLM,MRQ,1999-09-30,1999-09-30,1999-09-30,2021-10-20,305197000.0,43806989000.0,,,,,0.877,0.0,118219000.0,118219000.0,0.0,121405000.0,,102.319,41921261000.0,,,41921261000.0,0.0,0.0,0.0,0.014,0.05,178929000.0,178929000.0,0.655,178929000.0,178929000.0,178929000.0,0.253,0.25,0.253,419857000.0,,419857000.0,44823441044.0,65.0,64.911,39517000.0,0.083,1.0,273123000.0,1.0,0.0,0.0,85610031000.0,,0.0,4604330000.0,,,42959366000.0,,,6919040044.0,63226000.0,-317722000.0,-97382000.0,1919935000.0,-23890000.0,1798663000.0,-1774954000.0,-1457232000.0,39517000.0,0.0,121405000.0,121405000.0,121405000.0,0.0,0.0,0.445,91520000.0,181603000.0,0.0,0.198,16.48,14.744,14.822,0.0,0.0,14.333,6.557,6.506,0.0,1346793000.0,273123000.0,273123000.0,0.0,,,,,0.0,49461000.0,1.0,482723724.0,478983000.0,486909000.0,0.57,43806989000.0,0.0,57524000.0,0.0,91.458,
89,SLM,MRQ,1999-06-30,1999-06-30,1999-06-30,2021-10-20,330973000.0,39858887000.0,,,,,0.92,0.0,54993000.0,54993000.0,0.0,123663000.0,,87.51,37959394000.0,,,37959394000.0,0.0,0.0,0.0,0.013,0.05,182224000.0,182224000.0,0.672,182224000.0,182224000.0,182224000.0,0.257,0.253,0.257,445500000.0,,445500000.0,44068962465.0,66.0,65.783,-185238000.0,-0.383,1.0,271308000.0,1.0,0.0,0.0,77763288000.0,,0.0,4644263000.0,,,38985621000.0,,,7461413465.0,-99708000.0,0.0,-88096000.0,1197144000.0,-24105000.0,1084943000.0,-999413000.0,-999413000.0,-185238000.0,0.0,123663000.0,123663000.0,123663000.0,0.0,0.0,0.456,86410000.0,184898000.0,0.0,0.195,16.748,16.374,16.419,0.0,0.0,15.27,7.247,7.179,0.0,1249278000.0,271308000.0,271308000.0,0.0,,,,,0.0,44950000.0,1.0,488632185.0,484032000.0,491409000.0,0.561,39858887000.0,0.0,58561000.0,0.0,82.348,
90,SLM,MRQ,1999-03-31,1999-03-31,1999-03-31,2021-10-20,343402000.0,38836766000.0,,,,,0.912,0.0,154701000.0,154701000.0,0.0,113809000.0,,85.029,36762250000.0,,,36762250000.0,0.0,0.0,0.0,0.014,0.05,167714000.0,167714000.0,0.653,167714000.0,167714000.0,167714000.0,0.233,0.23,0.233,446467000.0,,446467000.0,42085539713.0,60.0,60.018,482353000.0,0.985,1.0,256655000.0,1.0,0.0,0.0,75444315000.0,,0.0,4896972000.0,,,37962533000.0,,,6802350713.0,38789000.0,0.0,-54325000.0,1363149000.0,-24423000.0,1284401000.0,-1727965000.0,-1727965000.0,482353000.0,0.0,113809000.0,113809000.0,113809000.0,0.0,0.0,0.443,86268000.0,170387000.0,0.0,0.215,15.236,14.283,14.497,0.0,0.0,13.917,6.368,6.377,0.0,1149720000.0,256655000.0,256655000.0,0.0,,,,,0.0,44064000.0,1.0,488791668.0,489492000.0,497037000.0,0.524,38836766000.0,0.0,53905000.0,0.0,79.341,
91,SLM,MRQ,1998-12-31,1998-12-31,1998-12-31,2021-10-20,371739000.0,37210009000.0,,,,,0.891,0.0,115912000.0,115912000.0,0.0,110413000.0,,82.645,35399101000.0,,,35399101000.0,0.0,0.0,0.0,0.012,0.05,161673000.0,161673000.0,0.636,161673000.0,161673000.0,161673000.0,0.223,0.22,0.223,439743000.0,,439743000.0,41629643720.0,56.0,56.299,-234368000.0,-0.475,1.0,254081000.0,1.0,0.0,0.0,72493198000.0,,0.0,5170836000.0,,,36342500000.0,,,7954014720.0,34808000.0,0.0,-70106000.0,1642368000.0,-24601000.0,1547661000.0,-1278485000.0,-1278485000.0,-234368000.0,0.0,110413000.0,110413000.0,110413000.0,0.0,0.0,0.435,89735000.0,164346000.0,0.0,0.224,18.088,15.862,16.048,0.0,0.0,16.0,7.159,7.245,0.0,1060334000.0,254081000.0,254081000.0,0.0,,,,,0.0,46018000.0,1.0,497125920.0,493449000.0,500595000.0,0.515,37210009000.0,0.0,51260000.0,0.0,75.408,
92,SLM,MRQ,1998-09-30,1998-09-30,1998-09-30,2021-10-20,400187000.0,35942965000.0,,,,,0.907,0.0,81104000.0,81104000.0,0.0,107812000.0,,77.489,33756733000.0,,,33756733000.0,0.0,0.0,0.0,0.017,0.047,158299000.0,158299000.0,0.64,158299000.0,158299000.0,158299000.0,0.217,0.213,0.217,452485000.0,,452485000.0,38603819093.0,50.0,49.804,371975000.0,0.746,1.0,247513000.0,1.0,0.0,0.0,69618594000.0,,0.0,5616986000.0,,,35062714000.0,,,5432917093.0,20739000.0,0.0,-77169000.0,525466000.0,-23207000.0,425090000.0,-776326000.0,-776326000.0,371975000.0,0.0,107812000.0,107812000.0,107812000.0,0.0,0.0,0.436,86540000.0,160973000.0,0.0,0.217,12.007,10.374,10.529,0.0,0.0,10.813,3.126,3.104,0.0,974522000.0,247513000.0,247513000.0,0.0,,,,,0.0,45773000.0,1.0,502427598.0,498894000.0,505890000.0,0.496,35942965000.0,0.0,50487000.0,0.0,72.045,
93,SLM,MRQ,1998-06-30,1998-06-30,1998-06-30,2021-10-20,371635000.0,35250112000.0,,,,,0.825,0.0,60365000.0,60365000.0,0.0,144231000.0,,82.608,33231267000.0,,,33231267000.0,0.0,0.0,0.0,0.011,0.047,213534000.0,213534000.0,0.689,213534000.0,213534000.0,213534000.0,0.287,0.28,0.287,416497000.0,,416497000.0,44573474467.0,54.0,53.688,-182083000.0,-0.361,1.0,309940000.0,1.0,0.0,0.0,68421014000.0,,0.0,5939443000.0,,,34405849000.0,,,8331013467.0,-7243000.0,0.0,-109788000.0,-3078802000.0,-23429000.0,-3212019000.0,3386859000.0,3386859000.0,-182083000.0,0.0,144231000.0,144231000.0,144231000.0,0.0,0.0,0.465,93732000.0,216208000.0,0.0,0.164,20.003,14.917,15.222,0.0,0.0,16.333,4.875,4.825,0.0,889917000.0,309940000.0,309940000.0,0.0,,,,,0.0,49327000.0,1.0,510062049.0,504846000.0,513324000.0,0.614,35250112000.0,0.0,69303000.0,0.0,69.823,
94,SLM,MRQ,1998-03-31,1998-03-31,1998-03-31,2021-10-20,373701000.0,38400786000.0,,,,,0.791,0.0,67608000.0,67608000.0,0.0,139008000.0,,92.174,36310069000.0,,,36310069000.0,0.0,0.0,0.0,0.012,0.047,205931000.0,205931000.0,0.688,205931000.0,205931000.0,205931000.0,0.27,0.267,0.27,407549000.0,,407549000.0,45135066983.0,58.0,57.552,164077000.0,0.318,1.0,299466000.0,1.0,0.0,0.0,74643247000.0,,0.0,6677213000.0,,,37565471000.0,,,7472263983.0,13586000.0,0.0,-163085000.0,-1406756000.0,-24028000.0,-1593869000.0,1443378000.0,1443378000.0,164077000.0,0.0,139008000.0,139008000.0,139008000.0,0.0,0.0,0.464,90862000.0,208604000.0,0.0,0.174,18.335,14.079,14.587,0.0,0.0,14.543,5.059,5.073,0.0,769115000.0,299466000.0,299466000.0,0.0,,,,,0.0,48799000.0,1.0,513793077.0,515202000.0,522285000.0,0.581,38400786000.0,0.0,66923000.0,0.0,74.535,
95,SLM,MRQ,1997-12-31,1997-12-31,1997-12-31,2021-10-20,378736000.0,39831563000.0,,,,,0.879,0.0,54022000.0,54022000.0,0.0,132648000.0,,84.532,37716825000.0,,,37716825000.0,0.0,0.0,0.0,0.013,0.047,197347000.0,197347000.0,0.224,197347000.0,197347000.0,197347000.0,0.253,0.25,0.253,460689000.0,,460689000.0,47458777598.0,63.0,63.358,-275105000.0,-0.525,1.0,880829000.0,1.0,0.0,0.0,77494366000.0,,0.0,6450955000.0,,,38943108000.0,,,7019947598.0,-38095000.0,0.0,-138674000.0,-2814122000.0,-24385000.0,-2977181000.0,3214191000.0,3214191000.0,-275105000.0,0.0,132648000.0,132648000.0,132648000.0,0.0,0.0,0.151,103980000.0,776849000.0,0.0,0.186,15.238,13.822,14.199,0.0,0.0,13.248,5.6,5.756,0.0,654135000.0,880829000.0,880829000.0,0.0,,,,,0.0,49871000.0,1.0,529902586.0,524196000.0,528600000.0,1.68,39831563000.0,0.0,64699000.0,0.0,75.986,
96,SLM,MRQ,1997-09-30,1997-09-30,1997-09-30,2021-10-20,361540000.0,43018179000.0,,,,,0.874,0.0,92117000.0,92117000.0,0.0,142593000.0,,88.872,40530947000.0,,,40530947000.0,0.0,0.0,0.0,0.011,0.042,213414000.0,213414000.0,0.976,213414000.0,213414000.0,213414000.0,0.263,0.26,0.263,473903000.0,,473903000.0,,,,181295000.0,0.335,1.0,218691000.0,1.0,0.0,0.0,83457009000.0,,0.0,8115753000.0,,,42116510000.0,,,7725000000.0,-2131322000.0,0.0,-304073000.0,-4807934000.0,-22623000.0,-5134630000.0,2822013000.0,2822013000.0,181295000.0,0.0,142593000.0,142593000.0,142593000.0,0.0,0.0,0.652,172945000.0,45746000.0,0.0,0.16,16.301,15.932,16.855,0.0,0.0,14.714,5.971,6.164,0.0,572020000.0,218691000.0,218691000.0,0.0,,,,,0.0,71902000.0,1.0,525000000.0,541947000.0,547179000.0,0.404,43018179000.0,0.0,70821000.0,0.0,79.377,
97,SLM,MRQ,1997-06-30,1997-06-30,1997-06-30,2021-10-20,344628000.0,47898918000.0,,,,,1.138,0.0,2223439000.0,2223439000.0,0.0,116491000.0,,74.506,45338881000.0,,,45338881000.0,0.0,0.0,0.0,0.014,0.042,167560000.0,167560000.0,2.147,167560000.0,167560000.0,167560000.0,0.21,0.21,0.21,628703000.0,,628703000.0,,,,-404926000.0,-0.733,1.0,78055000.0,1.0,0.0,0.0,91014360000.0,,0.0,9723134000.0,,,46842449000.0,,,6350000000.0,2147791000.0,0.0,-60212000.0,1841634000.0,-23172000.0,1758250000.0,794467000.0,794467000.0,-404926000.0,0.0,116491000.0,116491000.0,116491000.0,0.0,0.0,1.492,115283000.0,-37228000.0,0.0,0.2,10.1,14.404,15.507,0.0,0.0,12.095,5.719,6.02,0.0,1194769000.0,78055000.0,78055000.0,0.0,,,,,0.0,51112000.0,1.0,525000000.0,552657000.0,556431000.0,0.141,47898918000.0,0.0,51069000.0,0.0,86.67,
98,SLM,MRQ,1997-03-31,1997-03-31,1997-03-31,2021-10-20,,,,,,,,0.0,,,0.0,116163000.0,,,,,,,,0.0,,0.018,0.042,170733000.0,170733000.0,2.248,170733000.0,170733000.0,170733000.0,0.207,0.207,0.207,,,,,,,557786000.0,0.996,1.0,75940000.0,1.0,,0.0,,,,,,,,,,4762500000.0,-195239000.0,0.0,-112574000.0,-1626606000.0,-23450000.0,-1762630000.0,1009605000.0,1009605000.0,557786000.0,0.0,116163000.0,116163000.0,116163000.0,0.0,0.0,1.53,101559000.0,-25619000.0,,0.203,,,,,0.0,9.071,,,,,75940000.0,75940000.0,0.0,,,,,0.0,51669000.0,1.0,525000000.0,560052000.0,563259000.0,0.136,,,54570000.0,,,
99,SLM,MRQ,1996-12-31,1996-12-31,1996-12-31,2021-10-20,349235000.0,47629890000.0,,,,,1.063,0.0,270887000.0,270887000.0,0.0,109614000.0,,75.125,45123853000.0,,,45123853000.0,0.0,0.0,0.0,0.018,0.042,155346000.0,155346000.0,0.169,155346000.0,155346000.0,155346000.0,0.193,,0.193,620064000.0,,620064000.0,,,,256096000.0,0.439,1.0,921115000.0,1.0,0.0,0.0,92482856000.0,,0.0,8908913000.0,,,46582060000.0,,,,-214638000.0,0.0,-67230000.0,-128019000.0,-23780000.0,-219029000.0,-251705000.0,-251705000.0,256096000.0,0.0,109614000.0,109614000.0,109614000.0,0.0,0.0,0.119,106659000.0,814456000.0,0.0,0.218,,,12.669,0.0,0.0,8.869,,5.143,0.0,975889000.0,921115000.0,921115000.0,0.0,,,,,0.0,53555000.0,1.0,,583398000.0,,1.579,47629890000.0,0.0,45732000.0,0.0,81.642,
100,SLM,MRQ,1996-09-30,1996-09-30,1996-09-30,2021-10-20,,,,,,,,0.0,,,0.0,98574000.0,,,,,,,,0.0,,0.021,0.038,141451000.0,141451000.0,4.017,141451000.0,141451000.0,141451000.0,0.17,,0.17,,,,,,,-188640000.0,,1.0,35211000.0,1.0,,0.0,,,,,,,,,,,173992000.0,0.0,-78152000.0,346524000.0,-21985000.0,246387000.0,116245000.0,116245000.0,-188640000.0,0.0,98574000.0,98574000.0,98574000.0,0.0,0.0,2.8,100075000.0,-64864000.0,,0.224,,,,,0.0,7.108,,,,,35211000.0,35211000.0,0.0,,,,,0.0,50696000.0,1.0,,,,,,,42877000.0,,,
101,SLM,MRQ,1995-12-31,1995-12-31,1995-12-31,2021-10-20,370846000.0,50001735000.0,,,,,,,1252920000.0,1252920000.0,,,,74.866,47529615000.0,,,47529615000.0,0.0,,0.0,0.023,0.038,,,,,,,,,,653439000.0,,653439000.0,,,,,,1.0,,,0.0,,96278430000.0,,0.0,8926289000.0,,,48920530000.0,,,,,,,,,,,,,,,,,,,,,,0.0,,,,12.496,0.0,,6.286,,,0.0,2728383000.0,,,,,,,,,,1.0,,,,,50001735000.0,0.0,,0.0,,
0,SLM,MRT,2021-09-30,2021-09-30,2021-09-30,2021-10-20,-19703000.0,28791139000.0,29778685500.0,,,0.074,7.107,0.0,2893225000.0,2893225000.0,0.0,1286948000.0,,12.509,5419331000.0,,,5419331000.0,0.0,15125000.0,20890860000.0,0.007,0.12,1690349000.0,1705474000.0,0.772,1705474000.0,1690349000.0,1690349000.0,3.59,3.55,3.59,2131261000.0,2401484500.0,2131261000.0,5909381125.0,3.0,3.465,-68642000.0,-0.229,1.0,2208593000.0,1.0,0.0,0.0,31317245000.0,30323622750.0,0.0,23976306000.0,,,26659878000.0,,,5382207125.0,-1620268000.0,0.0,-1276681000.0,462827000.0,-40358000.0,-3067954000.0,1516328000.0,1495529000.0,-68642000.0,0.0,1286948000.0,1281655000.0,1281655000.0,0.0,0.0,0.58,518244000.0,1690349000.0,0.0,0.033,2.525,4.199,4.903,153334000.0,5293000.0,17.6,2.437,2.39,0.0,2543411000.0,2208593000.0,2208593000.0,0.0,0.043,0.534,0.056,0.765,30465000.0,263510000.0,1.0,305807223.0,299890000.0,304511000.0,7.365,28791139000.0,332622000.0,403401000.0,0.0,96.006,
1,SLM,MRT,2021-06-30,2021-06-30,2021-06-30,2021-10-20,-21640000.0,28925175000.0,30241506000.0,,,0.078,7.378,0.0,4661265000.0,4661265000.0,0.0,1385136000.0,,11.558,5188439000.0,,,5188439000.0,0.0,14934000.0,21124376000.0,0.006,0.12,1824334000.0,1839268000.0,0.782,1839268000.0,1824334000.0,1824334000.0,3.8,3.76,3.8,2303378000.0,2418780750.0,2303378000.0,5422643001.0,3.0,2.948,-300457000.0,-0.962,1.0,2353438000.0,1.0,0.0,0.0,29452349000.0,30263455250.0,0.0,22382876000.0,,,26621797000.0,,,6875682001.0,-442888000.0,0.0,-1027298000.0,730494000.0,-42677000.0,-2799930000.0,2657499000.0,2636823000.0,-300457000.0,0.0,1385136000.0,1378951000.0,1378951000.0,0.0,0.0,0.586,529104000.0,1824334000.0,0.0,0.032,2.985,4.986,5.511,153969000.0,6185000.0,20.94,2.922,2.778,0.0,2480672000.0,2353438000.0,2353438000.0,0.0,0.046,0.57,0.06,0.775,33023000.0,260024000.0,1.0,328351576.0,312183000.0,317119000.0,7.539,28925175000.0,361949000.0,439198000.0,0.0,92.655,
2,SLM,MRT,2021-03-31,2021-03-31,2021-03-31,2021-10-20,-24077000.0,30628005000.0,30613239750.0,,,0.067,7.225,0.0,6371709000.0,6371709000.0,0.0,1159724000.0,,10.742,4918670000.0,,,4918670000.0,0.0,14926000.0,22803143000.0,0.007,0.12,1515084000.0,1530010000.0,0.744,1530010000.0,1515084000.0,1515084000.0,3.12,3.09,3.12,2608464000.0,2347166000.0,2608464000.0,7114683885.0,5.0,4.65,-281331000.0,-0.779,1.0,2057665000.0,1.0,0.0,0.0,29174966000.0,30339799000.0,0.0,22618037000.0,,,28019541000.0,,,6535175885.0,-1110659000.0,16922000.0,-550790000.0,202839000.0,-44662000.0,-2048798000.0,1219470000.0,1180551000.0,-281331000.0,0.0,1159724000.0,1152253000.0,1152253000.0,0.0,0.0,0.56,542581000.0,1515084000.0,0.0,0.038,2.505,5.672,5.76,155425000.0,7471000.0,17.97,3.176,3.153,0.0,2350986000.0,2057665000.0,2057665000.0,0.0,0.038,0.491,0.05,0.736,33978000.0,269856000.0,1.0,363671446.0,361042000.0,366240000.0,5.699,30628005000.0,185333000.0,355360000.0,0.0,84.832,
3,SLM,MRT,2020-12-31,2020-12-31,2020-12-31,2021-10-20,-34200000.0,30770423000.0,30896462250.0,,,0.056,6.679,0.0,4609709000.0,4609709000.0,0.0,880690000.0,,11.006,5189217000.0,,,5189217000.0,0.0,15066000.0,22666039000.0,0.01,0.12,1154006000.0,1169072000.0,0.68,1169072000.0,1154006000.0,1154006000.0,2.27,2.25,2.27,2562835000.0,2225195750.0,2562835000.0,5083350528.0,4.0,4.348,-182669000.0,-0.476,1.0,1718309000.0,1.0,0.0,0.0,31349931000.0,30292698250.0,0.0,24206008000.0,,,28207588000.0,,,4649196528.0,-1111051000.0,16922000.0,-558167000.0,537828000.0,-46351000.0,-1875712000.0,947330000.0,901699000.0,-182669000.0,0.0,880690000.0,870956000.0,870956000.0,0.0,0.0,0.507,564303000.0,1154006000.0,0.0,0.053,1.814,5.338,5.458,154670000.0,9734000.0,12.39,2.706,2.767,0.0,1722365000.0,1718309000.0,1718309000.0,0.0,0.028,0.391,0.038,0.672,36464000.0,282497000.0,1.0,375237815.0,383705000.0,387195000.0,4.478,30770423000.0,393198000.0,273316000.0,0.0,80.193,
4,SLM,MRT,2020-09-30,2020-09-30,2020-09-30,2021-10-20,-38941000.0,30642421000.0,31375476250.0,,,0.043,5.866,0.0,4513493000.0,4513493000.0,0.0,589342000.0,,12.926,4947647000.0,,,4947647000.0,0.0,15205000.0,23109923000.0,0.015,0.12,770014000.0,785219000.0,0.581,785219000.0,770014000.0,770014000.0,1.42,1.41,1.42,2200446000.0,2412446000.0,2200446000.0,2381271517.0,3.0,3.033,-147391000.0,-0.393,1.0,1352165000.0,1.0,0.0,0.0,31076575000.0,30357462000.0,0.0,23950168000.0,,,28441975000.0,,,3035657517.0,519039000.0,16922000.0,-567771000.0,37362000.0,-47726000.0,-225008000.0,891438000.0,840558000.0,-147391000.0,0.0,589342000.0,577457000.0,577457000.0,0.0,0.0,0.427,582151000.0,770014000.0,0.0,0.085,1.38,5.257,5.697,148773000.0,11885000.0,8.09,2.245,2.244,0.0,1302654000.0,1352165000.0,1352165000.0,0.0,0.018,0.239,0.025,0.569,36012000.0,287429000.0,1.0,375235787.0,375094000.0,377918000.0,3.605,30642421000.0,533464000.0,180672000.0,0.0,81.693,
5,SLM,MRT,2020-06-30,2020-06-30,2020-06-30,2021-10-20,-44071000.0,30412110000.0,31504924750.0,,,0.041,5.378,0.0,5104153000.0,5104153000.0,0.0,546772000.0,,14.078,4449767000.0,,,4449767000.0,0.0,15378000.0,23592119000.0,0.017,0.12,712956000.0,728334000.0,0.562,728334000.0,712956000.0,712956000.0,1.26,1.25,1.26,2016919000.0,2658117500.0,2016919000.0,-137456611.0,0.0,-0.189,-14742000.0,-0.039,1.0,1297111000.0,1.0,0.0,0.0,29757724000.0,30604680500.0,0.0,23356009000.0,,,28395191000.0,,,2636875389.0,964198000.0,16922000.0,-605248000.0,-423438000.0,-49134000.0,1165184000.0,-186244000.0,-241987000.0,-14742000.0,0.0,546772000.0,532792000.0,532792000.0,0.0,0.0,0.411,584155000.0,712956000.0,0.0,0.095,1.307,4.949,5.579,147738000.0,13980000.0,7.03,2.033,2.032,0.0,1133269000.0,1297111000.0,1297111000.0,0.0,0.017,0.2,0.023,0.55,32136000.0,289666000.0,1.0,375088960.0,375009000.0,375009000.0,3.459,30412110000.0,368904000.0,166184000.0,0.0,81.097,
6,SLM,MRT,2020-03-31,2020-03-31,2020-03-31,2021-10-20,-43274000.0,31760895000.0,31298203750.0,,,0.051,5.175,0.0,7482368000.0,7482368000.0,0.0,782260000.0,,13.977,4708036000.0,,,4708036000.0,0.0,14938000.0,24445614000.0,0.017,0.12,1012909000.0,1027847000.0,0.645,1027847000.0,1012909000.0,1012909000.0,1.83,1.82,1.83,2120583000.0,2928216750.0,2120583000.0,1961110238.0,2.0,1.908,112058000.0,0.273,1.0,1594313000.0,1.0,0.0,0.0,28986563000.0,30742258000.0,0.0,22497614000.0,,,29640312000.0,,,3038603238.0,5172559000.0,0.0,-665368000.0,221739000.0,-50689000.0,4055316000.0,1005185000.0,962589000.0,112058000.0,0.0,782260000.0,766427000.0,766427000.0,0.0,0.0,0.481,581404000.0,1012909000.0,0.0,0.066,1.433,3.965,3.929,143622000.0,15833000.0,7.19,1.906,1.848,0.0,1243722000.0,1594313000.0,1594313000.0,0.0,0.024,0.262,0.033,0.635,30319000.0,283713000.0,1.0,422615193.0,409786000.0,412755000.0,3.891,31760895000.0,313733000.0,230649000.0,0.0,77.506,
7,SLM,MRT,2019-12-31,2019-12-31,2019-12-31,2021-10-20,-12367000.0,32686479000.0,30261386250.0,,,0.044,7.751,0.0,5720760000.0,5720760000.0,0.0,578276000.0,,8.87,4643267000.0,,,4643267000.0,0.0,14669000.0,24283983000.0,0.013,0.12,743740000.0,758409000.0,0.575,758409000.0,743740000.0,743740000.0,1.31,1.3,1.31,3311836000.0,3159954500.0,3311836000.0,4666759131.0,6.0,6.153,-15641000.0,-0.037,1.0,1317993000.0,1.0,0.0,0.0,31608986000.0,30940672750.0,0.0,25292445000.0,,,29374643000.0,,,3761525131.0,3038865000.0,0.0,-167201000.0,350816000.0,-51114000.0,5361220000.0,-2306714000.0,-2349583000.0,-15641000.0,0.0,578276000.0,561439000.0,561439000.0,0.0,0.0,0.426,574253000.0,743740000.0,0.0,0.092,1.136,6.7,6.802,134749000.0,16837000.0,8.91,2.854,2.889,0.0,1850512000.0,1317993000.0,1317993000.0,0.0,0.019,0.178,0.024,0.564,30600000.0,278229000.0,1.0,422168926.0,427292000.0,430674000.0,3.085,32686479000.0,116402000.0,165464000.0,0.0,76.497,
8,SLM,MRT,2019-09-30,2019-09-30,2019-09-30,2021-10-20,-20183000.0,31160215000.0,28749309750.0,,,0.047,7.505,0.0,3994454000.0,3994454000.0,0.0,584436000.0,,8.789,4899688000.0,,,4899688000.0,0.0,14702000.0,22628677000.0,0.01,0.09,759683000.0,774385000.0,0.579,774385000.0,759683000.0,759683000.0,1.3,1.3,1.3,3183132000.0,3075159500.0,3183132000.0,4487508787.0,6.0,5.795,-87742000.0,-0.207,1.0,1338228000.0,1.0,0.0,0.0,32065449000.0,30098571750.0,0.0,25332802000.0,,,27977083000.0,,,3764700787.0,2039742000.0,0.0,-157597000.0,359878000.0,-38485000.0,4752344000.0,-2624860000.0,-2672501000.0,-87742000.0,0.0,584436000.0,567285000.0,567285000.0,0.0,0.0,0.424,578545000.0,759683000.0,0.0,0.069,1.183,6.636,6.788,135208000.0,17151000.0,8.825,2.813,2.797,0.0,1725674000.0,1338228000.0,1338228000.0,0.0,0.02,0.184,0.025,0.568,30537000.0,271737000.0,1.0,426594990.0,424149000.0,427336000.0,3.155,31160215000.0,146969000.0,175247000.0,0.0,73.465,
9,SLM,MRT,2019-06-30,2019-06-30,2019-06-30,2021-10-20,-13579000.0,29585226000.0,27382051750.0,,,0.044,7.215,0.0,4139955000.0,4139955000.0,0.0,559856000.0,,8.552,4862763000.0,,,4862763000.0,0.0,14322000.0,21178134000.0,0.006,0.06,640735000.0,655057000.0,0.539,655057000.0,640735000.0,640735000.0,1.24,1.24,1.24,3097316000.0,2989460250.0,3097316000.0,6369790210.0,10.0,9.724,-86291000.0,-0.201,1.0,1216383000.0,1.0,0.0,0.0,30308034000.0,29149382500.0,0.0,23665374000.0,,,26487910000.0,,,4203193210.0,1981507000.0,0.0,-120120000.0,637414000.0,-25824000.0,4777128000.0,-2709330000.0,-2758345000.0,-86291000.0,0.0,559856000.0,542734000.0,542734000.0,0.0,0.0,0.446,575648000.0,640735000.0,0.0,0.048,1.357,7.744,7.839,129658000.0,17122000.0,9.72,3.455,3.43,0.0,1600855000.0,1216383000.0,1216383000.0,0.0,0.02,0.182,0.022,0.527,30736000.0,269017000.0,1.0,432427285.0,429278000.0,432253000.0,2.834,29585226000.0,132414000.0,80879000.0,0.0,68.919,
10,SLM,MRT,2019-03-31,2019-03-31,2019-03-31,2021-10-20,2177000.0,27613625000.0,26033039250.0,,,0.045,7.013,0.0,2309809000.0,2309809000.0,0.0,519411000.0,,8.061,4476406000.0,,,4476406000.0,0.0,14298000.0,19663986000.0,0.003,0.03,606563000.0,620861000.0,0.527,620861000.0,606563000.0,606563000.0,1.14,1.14,1.14,3047534000.0,2897306750.0,3047534000.0,5931122320.0,10.0,9.553,-71868000.0,-0.165,1.0,1178720000.0,1.0,0.0,0.0,29780222000.0,28134335750.0,0.0,23738214000.0,,,24566091000.0,,,4328713320.0,754076000.0,0.0,-60000000.0,723861000.0,-13020000.0,3733518000.0,-2907574000.0,-2961736000.0,-71868000.0,0.0,519411000.0,502700000.0,502700000.0,0.0,0.0,0.426,572157000.0,606563000.0,0.0,0.026,1.42,8.611,8.693,130536000.0,16711000.0,9.91,3.672,3.654,0.0,1480718000.0,1178720000.0,1178720000.0,0.0,0.019,0.174,0.022,0.515,30670000.0,262767000.0,1.0,436802555.0,434574000.0,438248000.0,2.712,27613625000.0,43124000.0,87152000.0,7011000.0,63.542,
11,SLM,MRT,2018-12-31,2018-12-31,2018-12-31,2021-10-20,10623000.0,26638173000.0,24981213500.0,,,0.045,6.833,0.0,2681895000.0,2681895000.0,0.0,487476000.0,,7.961,4284304000.0,,,4284304000.0,0.0,13829000.0,18943158000.0,0.0,0.0,559329000.0,573158000.0,0.513,573158000.0,559329000.0,559329000.0,1.08,1.07,1.08,2972656000.0,2787881500.0,2972656000.0,6197855683.0,11.0,10.814,-102741000.0,-0.236,1.0,1116305000.0,1.0,0.0,0.0,28240582000.0,27088013750.0,0.0,22529875000.0,,,23665517000.0,,,3620346683.0,1045720000.0,0.0,0.0,1001289000.0,0.0,4403324000.0,-3254863000.0,-3309522000.0,-102741000.0,0.0,487476000.0,471836000.0,471836000.0,0.0,0.0,0.423,556976000.0,559329000.0,0.0,0.0,1.218,7.673,7.694,105504000.0,15640000.0,8.31,3.243,3.239,0.0,1340017000.0,1116305000.0,1116305000.0,0.0,0.019,0.169,0.021,0.501,31524000.0,252346000.0,1.0,435661454.0,435054000.0,439681000.0,2.566,26638173000.0,80777000.0,71853000.0,0.0,61.23,
12,SLM,MRT,2018-09-30,2018-09-30,2018-09-30,2021-10-20,27012000.0,25691183000.0,23766566250.0,,,0.043,6.522,0.0,1954712000.0,1954712000.0,0.0,386967000.0,,8.045,4532221000.0,,,4532221000.0,0.0,12603000.0,17873293000.0,0.0,0.0,480561000.0,493164000.0,0.488,493164000.0,480561000.0,480561000.0,0.85,0.85,0.85,2840335000.0,2663281500.0,2840335000.0,6913164701.0,14.0,14.018,-136538000.0,-0.314,1.0,1010234000.0,1.0,0.0,0.0,28268692000.0,25882538000.0,0.0,22183344000.0,,,22850848000.0,,,4854493701.0,640323000.0,0.0,0.0,1484429000.0,0.0,4339787000.0,-3562926000.0,-3615805000.0,-136538000.0,0.0,386967000.0,372389000.0,372389000.0,0.0,0.0,0.369,529673000.0,480561000.0,0.0,0.0,1.709,13.036,13.118,105058000.0,14578000.0,11.15,4.805,4.806,0.0,1196895000.0,1010234000.0,1010234000.0,0.0,0.016,0.14,0.019,0.476,31954000.0,246618000.0,1.0,435380601.0,435468000.0,440019000.0,2.32,25691183000.0,77043000.0,93594000.0,0.0,58.997,
13,SLM,MRT,2018-06-30,2018-06-30,2018-06-30,2021-10-20,23216000.0,24189176000.0,22597813000.0,,,0.046,6.27,0.0,2158448000.0,2158448000.0,0.0,359460000.0,,7.865,4217119000.0,,,4217119000.0,0.0,12047000.0,16745957000.0,0.0,0.0,547338000.0,559385000.0,0.537,559385000.0,547338000.0,547338000.0,0.79,0.79,0.79,2728702000.0,2558657750.0,2728702000.0,7171608753.0,13.0,12.821,-141023000.0,-0.324,1.0,1042546000.0,1.0,0.0,0.0,26247847000.0,24500475750.0,0.0,20515111000.0,,,21460474000.0,,,4982996753.0,777814000.0,0.0,0.0,1336852000.0,0.0,4306090000.0,-3387253000.0,-3438492000.0,-141023000.0,0.0,359460000.0,345978000.0,345978000.0,0.0,0.0,0.332,495208000.0,547338000.0,0.0,0.0,1.826,14.403,14.494,101335000.0,13482000.0,11.45,4.78,4.78,0.0,1096359000.0,1042546000.0,1042546000.0,0.0,0.015,0.135,0.022,0.525,32660000.0,235410000.0,1.0,435196223.0,435187000.0,439445000.0,2.396,24189176000.0,153470000.0,187878000.0,79772000.0,55.583,
14,SLM,MRT,2018-03-31,2018-03-31,2018-03-31,2021-10-20,15601000.0,23406322000.0,21428843000.0,,,0.046,6.014,0.0,1555733000.0,1555733000.0,0.0,320245000.0,,7.969,3744345000.0,,,3744345000.0,0.0,11586000.0,16498646000.0,0.0,0.0,512762000.0,524348000.0,0.533,524348000.0,512762000.0,512762000.0,0.7,0.7,0.7,2609833000.0,2460909750.0,2609833000.0,6499182788.0,13.0,12.395,-176068000.0,-0.406,1.0,984023000.0,1.0,0.0,0.0,25594934000.0,23189737250.0,0.0,20427355000.0,,,20796489000.0,,,4860087788.0,384011000.0,0.0,0.0,899369000.0,0.0,3878728000.0,-3318649000.0,-3367947000.0,-176068000.0,0.0,320245000.0,306709000.0,306709000.0,0.0,0.0,0.312,471261000.0,512762000.0,0.0,0.0,1.862,15.846,16.014,97211000.0,13536000.0,11.21,4.939,4.944,0.0,990447000.0,984023000.0,984023000.0,0.0,0.014,0.125,0.022,0.521,33219000.0,226172000.0,1.0,433549312.0,433952000.0,438977000.0,2.268,23406322000.0,169242000.0,192517000.0,145167000.0,53.938,
15,SLM,MRT,2017-12-31,2017-12-31,2017-12-31,2021-10-20,2748000.0,21779584000.0,20386387750.0,,,0.046,5.738,0.0,1636175000.0,1636175000.0,0.0,288934000.0,,7.802,3275270000.0,,,3275270000.0,0.0,11171000.0,15505383000.0,0.0,0.0,491465000.0,502636000.0,0.534,502636000.0,491465000.0,491465000.0,0.63,0.62,0.63,2474256000.0,2417290500.0,2474256000.0,6604626203.0,13.0,13.14,-171159000.0,-0.397,1.0,940554000.0,1.0,0.0,0.0,23418679000.0,22016535250.0,0.0,18833315000.0,,,19305328000.0,,,4880353203.0,-336335000.0,0.0,0.0,1100941000.0,0.0,2994974000.0,-3160150000.0,-3209296000.0,-171159000.0,0.0,288934000.0,273220000.0,273220000.0,0.0,0.0,0.29,449089000.0,491465000.0,0.0,0.0,1.972,17.862,17.937,89748000.0,15714000.0,11.3,5.189,5.181,0.0,868182000.0,940554000.0,940554000.0,0.0,0.013,0.113,0.022,0.523,27899000.0,213319000.0,1.0,431889664.0,431216000.0,438551000.0,2.181,21779584000.0,168011000.0,202531000.0,102285000.0,50.507,
16,SLM,MRT,2017-09-30,2017-09-30,2017-09-30,2021-10-20,-4417000.0,21016170000.0,19574742500.0,,,0.047,5.61,0.0,1314389000.0,1314389000.0,0.0,312173000.0,,7.678,3038662000.0,,,3038662000.0,0.0,10494000.0,15034052000.0,0.0,0.0,491636000.0,502130000.0,0.546,502130000.0,491636000.0,491636000.0,0.69,0.67,0.69,2421840000.0,2385491000.0,2421840000.0,6441456792.0,13.0,12.828,-184211000.0,-0.427,1.0,920252000.0,1.0,0.0,0.0,22740443000.0,20843983500.0,0.0,18304317000.0,,,18594330000.0,,,4949859792.0,-168529000.0,0.0,0.0,1105711000.0,0.0,3049479000.0,-3033797000.0,-3095523000.0,-184211000.0,0.0,312173000.0,294090000.0,294090000.0,0.0,0.0,0.32,428616000.0,491636000.0,0.0,0.0,2.044,16.831,16.623,88975000.0,18083000.0,11.47,5.379,5.381,0.0,824316000.0,920252000.0,920252000.0,0.0,0.015,0.123,0.024,0.534,26767000.0,202860000.0,1.0,431548369.0,431718000.0,438419000.0,2.132,21016170000.0,214496000.0,179463000.0,96404000.0,48.68,
17,SLM,MRT,2017-06-30,2017-06-30,2017-06-30,2021-10-20,-7852000.0,19513296000.0,18757103250.0,,,0.048,5.421,0.0,1380634000.0,1380634000.0,0.0,292767000.0,,7.347,2872231000.0,,,2872231000.0,0.0,12635000.0,13794815000.0,0.0,0.0,479170000.0,491805000.0,0.552,491805000.0,479170000.0,479170000.0,0.64,0.62,0.64,2337710000.0,2344905000.0,2337710000.0,6622571074.0,14.0,13.466,-199732000.0,-0.463,1.0,891462000.0,1.0,0.0,0.0,21004893000.0,19703899750.0,0.0,16838431000.0,,,17175586000.0,,,4956946074.0,309739000.0,0.0,0.0,1829458000.0,0.0,3593086000.0,-3083615000.0,-3147868000.0,-199732000.0,0.0,292767000.0,272396000.0,272396000.0,0.0,0.0,0.306,412292000.0,479170000.0,0.0,0.0,2.12,18.198,17.969,88978000.0,20371000.0,11.5,5.56,5.563,0.0,750973000.0,891462000.0,891462000.0,0.0,0.015,0.116,0.024,0.538,25896000.0,195188000.0,1.0,431038789.0,431245000.0,438115000.0,2.067,19513296000.0,233142000.0,186403000.0,140138000.0,45.249,
18,SLM,MRT,2017-03-31,2017-03-31,2017-03-31,2021-10-20,-6691000.0,19236501000.0,17786261500.0,,,0.048,5.665,0.0,1171722000.0,1171722000.0,0.0,279355000.0,,6.899,2837347000.0,,,2837347000.0,0.0,9930000.0,13361871000.0,0.0,0.0,455600000.0,465530000.0,0.547,465530000.0,455600000.0,455600000.0,0.61,0.59,0.61,2435356000.0,2309705250.0,2435356000.0,5387592407.0,12.0,11.573,-158360000.0,-0.368,1.0,851562000.0,1.0,0.0,0.0,20902126000.0,18350363000.0,0.0,16829448000.0,,,16801145000.0,,,5192123407.0,205262000.0,0.0,0.0,1748442000.0,0.0,3593742000.0,-3230120000.0,-3291803000.0,-158360000.0,0.0,279355000.0,257715000.0,257715000.0,0.0,0.0,0.303,395962000.0,455600000.0,0.0,0.0,2.132,20.147,19.836,87982000.0,21640000.0,12.1,6.097,6.108,0.0,684165000.0,851562000.0,851562000.0,0.0,0.014,0.112,0.025,0.535,26153000.0,188751000.0,1.0,429101108.0,429891000.0,438735000.0,1.981,19236501000.0,261033000.0,176245000.0,234414000.0,44.747,
19,SLM,MRT,2016-12-31,2016-12-31,2016-12-31,2021-10-20,-8671000.0,18533003000.0,16808329500.0,,,0.048,5.485,0.0,1972510000.0,1972510000.0,0.0,250327000.0,,6.896,2167979000.0,,,2167979000.0,0.0,9592000.0,13435667000.0,0.0,0.0,414436000.0,424028000.0,0.53,424028000.0,414436000.0,414436000.0,0.54,0.53,0.54,2347058000.0,2236847500.0,2347058000.0,5154005341.0,12.0,12.155,-199023000.0,-0.465,1.0,800749000.0,1.0,0.0,0.0,18728472000.0,16986133750.0,0.0,15395639000.0,,,16185945000.0,,,4719510341.0,-471689000.0,0.0,0.0,1086381000.0,0.0,3036197000.0,-3308863000.0,-3373732000.0,-199023000.0,0.0,250327000.0,229123000.0,229123000.0,0.0,0.0,0.286,386313000.0,414436000.0,0.0,0.0,2.011,20.598,20.407,87063000.0,21204000.0,11.02,5.894,5.888,0.0,595322000.0,800749000.0,800749000.0,0.0,0.014,0.102,0.024,0.518,22944000.0,183996000.0,1.0,428267726.0,427876000.0,432919000.0,1.871,18533003000.0,259532000.0,164109000.0,184324000.0,43.314,
20,SLM,MRT,2016-09-30,2016-09-30,2016-09-30,2021-10-20,-27813000.0,17745613000.0,15978603250.0,,,0.051,5.278,0.0,1493194000.0,1493194000.0,0.0,269930000.0,,6.854,1927689000.0,,,1927689000.0,0.0,10023000.0,12941345000.0,0.0,0.0,445832000.0,455855000.0,0.557,455855000.0,445832000.0,445832000.0,0.58,0.58,0.58,2259496000.0,2174163750.0,2259496000.0,3158558099.0,7.0,6.929,-98064000.0,-0.229,1.0,818652000.0,1.0,0.0,0.0,18180108000.0,15766309500.0,0.0,15020963000.0,,,15486117000.0,,,3197741099.0,173141000.0,0.0,0.0,623198000.0,0.0,2931033000.0,-2659828000.0,-2714076000.0,-98064000.0,0.0,269930000.0,249243000.0,249243000.0,0.0,0.0,0.304,372820000.0,445832000.0,0.0,0.0,1.415,12.83,12.879,86721000.0,20687000.0,7.47,3.906,3.906,0.0,530594000.0,818652000.0,818652000.0,0.0,0.016,0.115,0.028,0.545,17032000.0,178055000.0,1.0,428077791.0,428077000.0,433523000.0,1.912,17745613000.0,276543000.0,175902000.0,199813000.0,41.454,
21,SLM,MRT,2016-06-30,2016-06-30,2016-06-30,2021-10-20,-33853000.0,15629929000.0,15154836000.0,,,0.051,5.134,0.0,1077212000.0,1077212000.0,0.0,258689000.0,,6.115,1038029000.0,,,1038029000.0,0.0,7297000.0,11900083000.0,0.0,0.0,405019000.0,412316000.0,0.534,412316000.0,405019000.0,405019000.0,0.56,0.55,0.56,2196911000.0,2108623250.0,2196911000.0,2766438877.0,7.0,6.71,-110096000.0,-0.257,1.0,772048000.0,1.0,0.0,0.0,15590746000.0,14832462250.0,0.0,13505766000.0,,,13433018000.0,,,2644517877.0,-235948000.0,0.0,0.0,1037480000.0,0.0,2528970000.0,-2654822000.0,-2701717000.0,-110096000.0,0.0,258689000.0,238405000.0,238405000.0,0.0,0.0,0.309,367029000.0,405019000.0,0.0,0.0,1.204,11.093,11.036,86512000.0,20284000.0,6.18,3.425,3.426,0.0,478947000.0,772048000.0,772048000.0,0.0,0.016,0.113,0.027,0.525,17162000.0,173979000.0,1.0,427915514.0,427942000.0,431796000.0,1.804,15629929000.0,160325000.0,146330000.0,79904000.0,36.523,
22,SLM,MRT,2016-03-31,2016-03-31,2016-03-31,2021-10-20,-29269000.0,15324773000.0,14466094000.0,,,0.057,5.02,0.0,963092000.0,963092000.0,0.0,292500000.0,,6.148,1085013000.0,,,1085013000.0,0.0,9252000.0,11543355000.0,0.0,0.0,464433000.0,473685000.0,0.573,473685000.0,464433000.0,464433000.0,0.64,0.63,0.64,2143925000.0,2049938750.0,2143925000.0,1346446792.0,3.0,2.842,-115794000.0,-0.271,1.0,827337000.0,1.0,1485000.0,0.0,15445209000.0,13833179000.0,0.0,13370473000.0,,,13180848000.0,,,2711369792.0,62858000.0,0.0,0.0,1084929000.0,0.0,2119493000.0,-1940841000.0,-1998658000.0,-115794000.0,0.0,292500000.0,272589000.0,272589000.0,0.0,0.0,0.329,362904000.0,464433000.0,0.0,0.0,1.265,9.947,9.938,81261000.0,19911000.0,6.36,3.277,3.283,0.0,426986000.0,827337000.0,827337000.0,0.0,0.019,0.133,0.034,0.561,21674000.0,167981000.0,1.0,426316005.0,427111000.0,430903000.0,1.937,15323288000.0,187156000.0,171933000.0,142410000.0,35.877,
23,SLM,MRT,2015-12-31,2015-12-31,2015-12-31,2021-10-20,-16059000.0,15214098000.0,13868281750.0,,,0.057,4.926,0.0,2444199000.0,2444199000.0,0.0,274284000.0,,6.258,1079276000.0,,,1079276000.0,0.0,8917000.0,11487707000.0,0.0,0.0,439064000.0,447981000.0,0.563,447981000.0,439064000.0,439064000.0,0.6,0.59,0.6,2096323000.0,1980435750.0,2096323000.0,2774516996.0,6.0,6.193,-85063000.0,-0.2,1.0,795037000.0,1.0,0.0,0.0,13849175000.0,12985638500.0,0.0,11880827000.0,,,13117775000.0,,,2778226996.0,56439000.0,0.0,0.0,1078880000.0,0.0,1989011000.0,-1847509000.0,-1936650000.0,-85063000.0,0.0,274284000.0,254689000.0,254689000.0,0.0,0.0,0.32,355973000.0,439064000.0,0.0,0.0,1.325,10.908,10.867,81273000.0,19595000.0,6.52,3.494,3.49,0.0,366609000.0,795037000.0,795037000.0,0.0,0.018,0.129,0.034,0.552,21598000.0,158975000.0,1.0,426108435.0,425574000.0,432234000.0,1.868,15214098000.0,186076000.0,164780000.0,166662000.0,35.75,
24,SLM,MRT,2015-09-30,2015-09-30,2015-09-30,2021-10-20,-23515000.0,14450544000.0,13307818000.0,,,0.052,4.688,0.0,1307402000.0,1307402000.0,0.0,204156000.0,,6.235,1303692000.0,,,1303692000.0,0.0,8854000.0,10610879000.0,0.0,0.0,338486000.0,347340000.0,0.498,347340000.0,338486000.0,338486000.0,0.44,0.43,0.44,1997334000.0,1913844500.0,1997334000.0,1872669935.0,6.0,5.391,-327383000.0,-0.768,1.0,698109000.0,1.0,2115000.0,0.0,14444719000.0,12174453250.0,0.0,12147696000.0,,,12453210000.0,,,3151532935.0,-288581000.0,0.0,0.0,1303491000.0,0.0,2677297000.0,-2638495000.0,-2750908000.0,-327383000.0,0.0,204156000.0,184695000.0,184695000.0,0.0,0.0,0.265,359623000.0,338486000.0,0.0,0.0,1.578,17.063,16.818,80224000.0,19461000.0,7.4,4.514,4.516,0.0,281761000.0,698109000.0,698109000.0,0.0,0.014,0.097,0.028,0.485,30631000.0,155857000.0,1.0,425882829.0,426019000.0,432547000.0,1.639,14448429000.0,200704000.0,134330000.0,117531000.0,33.915,
25,SLM,MRT,2015-06-30,2015-06-30,2015-06-30,2021-10-20,-11448000.0,12874961000.0,12623920000.0,,,0.061,4.609,0.0,1278863000.0,1278863000.0,0.0,241358000.0,,5.562,0.0,,,0.0,0.0,8692000.0,10340605000.0,0.0,0.0,412606000.0,421298000.0,0.55,421298000.0,412606000.0,412606000.0,0.52,0.52,0.52,1962173000.0,1869118000.0,1962173000.0,3320910433.0,8.0,7.883,-288803000.0,-0.678,1.0,765393000.0,1.0,2485000.0,0.0,11593613000.0,11098483750.0,0.0,10652013000.0,,,10912788000.0,,,4196532433.0,-245313000.0,0.0,0.0,0.0,0.0,1379241000.0,-1335751000.0,-1440300000.0,-288803000.0,0.0,241358000.0,221960000.0,221960000.0,0.0,0.0,0.29,352787000.0,412606000.0,0.0,0.0,2.139,18.907,18.981,80432000.0,19398000.0,9.87,5.483,5.489,0.0,240967000.0,765393000.0,765393000.0,0.0,0.018,0.119,0.037,0.539,36758000.0,148150000.0,1.0,425180591.0,425688000.0,432742000.0,1.798,12872476000.0,228910000.0,171248000.0,185849000.0,30.239,
26,SLM,MRT,2015-03-31,2015-03-31,2015-03-31,2021-10-20,-20584000.0,12933524000.0,12250014500.0,,,0.055,4.396,0.0,875622000.0,875622000.0,0.0,194470000.0,,5.931,0.0,,,0.0,0.0,10236000.0,10467753000.0,0.0,0.0,337501000.0,347737000.0,0.516,347737000.0,337501000.0,337501000.0,0.42,0.41,0.42,1865913000.0,1813140750.0,1865913000.0,1570080621.0,5.0,4.515,-337707000.0,-0.796,1.0,674530000.0,1.0,2855000.0,0.0,12055047000.0,10662811000.0,0.0,11142228000.0,,,11067611000.0,,,3929860621.0,-359517000.0,0.0,0.0,0.0,0.0,2076220000.0,-2098030000.0,-2245038000.0,-337707000.0,0.0,194470000.0,176714000.0,176714000.0,0.0,0.0,0.262,337029000.0,337501000.0,0.0,0.0,2.106,22.239,22.095,79822000.0,17756000.0,9.28,5.826,5.839,0.0,154824000.0,674530000.0,674530000.0,0.0,0.014,0.097,0.032,0.5,27134000.0,141245000.0,1.0,423476360.0,424428000.0,432302000.0,1.589,12930669000.0,227157000.0,143031000.0,194345000.0,30.466,
27,SLM,MRT,2014-12-31,2014-12-31,2014-12-31,2021-10-20,-11393000.0,12972243000.0,48134633500.0,,,0.014,4.316,0.0,2364584000.0,2364584000.0,0.0,193785000.0,,6.089,0.0,,,0.0,0.0,9389000.0,10540555000.0,0.015,0.15,334186000.0,343575000.0,0.528,343575000.0,334186000.0,334186000.0,0.43,0.42,0.43,1829958000.0,2744912500.0,1829958000.0,2741669712.0,8.0,7.98,-436773000.0,-1.03,1.0,650234000.0,1.0,3225000.0,0.0,10604434000.0,81728549250.0,0.0,9751199000.0,,,11142285000.0,,,4312047712.0,176915000.0,0.0,0.0,0.0,0.0,2002059000.0,-1388371000.0,-1516240000.0,-436773000.0,0.0,194219000.0,181286000.0,181286000.0,0.0,-434000.0,0.279,316482000.0,333752000.0,0.0,0.349,2.356,23.786,23.698,78470000.0,12933000.0,10.19,6.632,6.644,0.0,113066000.0,650234000.0,650234000.0,0.0,0.004,0.066,0.004,0.514,28242000.0,129709000.0,1.0,423164643.0,423970000.0,432269000.0,1.534,12969018000.0,240311000.0,139967000.0,191499000.0,30.589,
28,SLM,MRT,2014-09-30,2014-09-30,2014-09-30,2021-10-20,-1852000.0,11714952000.0,47568238750.0,,,0.015,4.298,0.0,1570378000.0,1570378000.0,0.0,233938000.0,,5.442,0.0,,,0.0,0.0,9154000.0,9173022000.0,0.035,0.3,387129000.0,396283000.0,0.574,396283000.0,387129000.0,387129000.0,0.53,0.52,0.53,1818428000.0,2577790750.0,1818428000.0,2096160252.0,5.0,5.29,-175058000.0,-0.414,1.0,690091000.0,1.0,3733000.0,0.0,10140841000.0,81206761750.0,0.0,9301457000.0,,,9896524000.0,,,3620336252.0,422519000.0,0.0,0.0,0.0,0.0,1678939000.0,-1081362000.0,-1252228000.0,-175058000.0,0.0,234704000.0,226626000.0,226626000.0,0.0,-766000.0,0.328,303728000.0,386363000.0,0.0,0.566,1.991,15.975,16.151,78806000.0,8078000.0,8.56,5.246,5.248,0.0,98210000.0,690091000.0,690091000.0,0.0,0.005,0.088,0.005,0.561,29646000.0,117114000.0,1.0,422936478.0,423079000.0,431604000.0,1.631,11711219000.0,253681000.0,152425000.0,283118000.0,27.681,
29,SLM,MRT,2014-06-30,2014-06-30,2014-06-30,2021-10-20,-365000.0,11379339000.0,85032000750.0,,,0.007,4.111,0.0,1524176000.0,1524176000.0,0.0,200069000.0,,5.546,0.0,,,0.0,0.0,8238000.0,8890209000.0,0.054,0.45,328962000.0,337200000.0,0.549,337200000.0,328962000.0,328962000.0,0.46,0.45,0.46,1738264000.0,3529933750.0,1738264000.0,143780313725.0,437.0,426.395,-101512000.0,-0.24,1.0,614480000.0,1.0,4241000.0,0.0,9850922000.0,154930051500.0,0.0,8988787000.0,,,9641075000.0,,,3513313725.0,-8317000.0,0.0,0.0,0.0,0.0,1826161000.0,-1732966000.0,-1906670000.0,-101512000.0,0.0,201168000.0,197940000.0,197940000.0,0.0,-1099000.0,0.322,286617000.0,327863000.0,0.0,0.978,2.021,17.749,18.065,77833000.0,3228000.0,8.31,5.718,5.718,0.0,20167000.0,614480000.0,614480000.0,0.0,0.002,0.056,0.002,0.535,21178000.0,111548000.0,1.0,422781435.0,422805000.0,430750000.0,1.453,11375098000.0,270198000.0,127794000.0,323467000.0,26.904,
30,SLM,MRT,2014-03-31,2014-03-31,2014-03-31,2021-10-20,7000000.0,156472000000.0,122554166000.0,,,0.005,13.107,0.0,7536000000.0,7536000000.0,0.0,232063000.0,,26.976,147803000000.0,,,147803000000.0,0.0,6241000.0,0.0,0.025,0.6,376335000.0,382576000.0,0.585,382576000.0,376335000.0,376335000.0,0.53,0.53,0.53,5593000000.0,4452617750.0,5593000000.0,152097532230.0,404.0,397.562,-577227000.0,-1.353,1.0,653742000.0,1.0,421000000.0,0.0,296318000000.0,228974571000.0,0.0,141579000000.0,,,150874000000.0,,,10494532230.0,-148943000.0,0.0,199000000.0,2694000000.0,68000000.0,4001619000.0,-3573335000.0,-3618253000.0,-577227000.0,0.0,233509000.0,233509000.0,233509000.0,0.0,-1446000.0,0.357,278853000.0,374889000.0,0.0,1.132,1.876,44.943,46.189,0.0,0.0,24.48,16.053,15.979,0.0,2733000000.0,653742000.0,653742000.0,0.0,0.002,0.052,0.002,0.576,10187000.0,106702000.0,1.0,428698212.0,426717000.0,434650000.0,1.532,156051000000.0,0.0,142826000.0,0.0,365.701,
31,SLM,MRT,2013-12-31,2013-12-31,2013-12-31,2021-10-20,-3024000.0,10706664000.0,126957666000.0,,,0.005,2.639,0.0,2182865000.0,2182865000.0,0.0,257593000.0,,8.214,0.0,,,0.0,0.0,5059000.0,9001550000.0,0.023,0.6,417879000.0,422938000.0,0.612,422938000.0,417879000.0,417879000.0,0.59,0.58,0.59,1161471000.0,4341367750.0,1161471000.0,155365019786.0,372.0,367.347,70020000.0,0.159,1.0,691044000.0,1.0,6515000.0,0.0,8517284000.0,237462571000.0,0.0,8037837000.0,,,9540521000.0,,,11465019786.0,583783000.0,0.0,0.0,0.0,0.0,1244879000.0,-731116000.0,-813731000.0,70020000.0,0.0,258945000.0,258945000.0,258945000.0,0.0,-1352000.0,0.375,274517000.0,416527000.0,0.0,1.017,9.871,44.276,44.542,74188000.0,0.0,26.28,16.591,16.737,0.0,0.0,691044000.0,691044000.0,0.0,0.002,0.06,0.002,0.605,21939000.0,106799000.0,1.0,436264071.0,440108000.0,448549000.0,1.57,10700149000.0,0.0,158934000.0,162205000.0,24.313,
32,SLM,MRT,2013-09-30,2013-09-30,2013-09-30,2021-10-20,8000000.0,161570000000.0,169596000000.0,,,0.001,12.903,0.0,8616000000.0,8616000000.0,0.0,97905000.0,,27.712,152516000000.0,,,152516000000.0,0.0,9814000.0,0.0,0.023,0.575,172867000.0,182681000.0,1.43,182681000.0,172867000.0,172867000.0,0.31,0.29,0.31,5627000000.0,5316000000.0,5627000000.0,155862102415.0,902.0,853.193,-1835594000.0,-4.209,1.0,127776000.0,1.0,436000000.0,0.0,305034000000.0,321372750000.0,0.0,145098000000.0,,,155938000000.0,,,10861102415.0,-607035000.0,0.0,730000000.0,9663000000.0,180000000.0,11290795000.0,-10062236000.0,-10167455000.0,-1835594000.0,0.0,98479000.0,108479000.0,108479000.0,-3000000.0,-574000.0,0.849,-41517000.0,169293000.0,0.0,1.855,1.93,100.122,80.323,0.0,-10000000.0,24.9,85.001,84.986,0.0,2385000000.0,127776000.0,127776000.0,0.0,0.001,0.02,0.001,1.353,-9478000.0,-55573000.0,1.0,436188852.0,436109000.0,444939000.0,0.293,161134000000.0,0.0,74388000.0,0.0,369.481,
33,SLM,MRT,2013-06-30,2013-06-30,2013-06-30,2021-10-20,9000000.0,161468000000.0,175254250000.0,,,0.003,12.339,0.0,7436000000.0,7436000000.0,0.0,235848000.0,,28.741,152437000000.0,,,152437000000.0,0.0,8531000.0,0.0,0.024,0.55,385205000.0,393736000.0,0.793,393736000.0,385205000.0,385205000.0,0.59,0.57,0.59,5429000000.0,5144250000.0,5429000000.0,166782648830.0,433.0,423.59,-1098776000.0,-2.497,1.0,496250000.0,1.0,440000000.0,0.0,306029000000.0,332506750000.0,0.0,146545000000.0,,,156034000000.0,,,10154648830.0,-159401000.0,0.0,609000000.0,4453000000.0,123000000.0,5718333000.0,-4778958000.0,-4783177000.0,-1098776000.0,0.0,237089000.0,242089000.0,242089000.0,-3000000.0,-1241000.0,0.488,115286000.0,380964000.0,0.0,0.932,1.87,41.946,38.746,0.0,-5000000.0,22.86,20.463,20.268,0.0,2195000000.0,496250000.0,496250000.0,0.0,0.001,0.047,0.001,0.776,-3669000.0,31396000.0,1.0,444210360.0,439972000.0,448064000.0,1.128,161028000000.0,0.0,148116000.0,0.0,365.996,
34,SLM,MRT,2013-03-31,2013-03-31,2013-03-31,2021-10-20,-4000000.0,174086000000.0,182157000000.0,,,0.006,11.415,0.0,8513000000.0,8513000000.0,0.0,450726000.0,,32.815,165141000000.0,,,165141000000.0,0.0,6837000.0,0.0,0.026,0.525,722763000.0,729600000.0,0.723,729600000.0,722763000.0,722763000.0,1.01,0.99,1.01,5148000000.0,5019750000.0,5148000000.0,172639497716.0,239.0,236.622,37550000.0,0.083,1.0,1008764000.0,1.0,444000000.0,0.0,330270000000.0,345710500000.0,0.0,157666000000.0,,,168932000000.0,,,9293497716.0,-330812000.0,0.0,69000000.0,-652000000.0,-5000000.0,392012000.0,-760374000.0,-708593000.0,37550000.0,0.0,452620000.0,452620000.0,452620000.0,1000000.0,-1894000.0,0.449,286895000.0,721869000.0,0.0,0.52,1.805,20.533,20.297,0.0,0.0,20.5,9.213,9.165,0.0,1723000000.0,1008764000.0,1008764000.0,0.0,0.002,0.09,0.002,0.716,16102000.0,121575000.0,1.0,453341352.0,451000000.0,458000000.0,2.237,173642000000.0,0.0,270143000.0,0.0,385.016,
35,SLM,MRT,2012-12-31,2012-12-31,2012-12-31,2021-10-20,-6000000.0,181260000000.0,186558500000.0,,,0.003,10.628,0.0,8911000000.0,8911000000.0,0.0,215726000.0,,34.821,172257000000.0,,,172257000000.0,0.0,6837000.0,0.0,0.029,0.5,343763000.0,350600000.0,0.576,350600000.0,343763000.0,343763000.0,0.46,0.45,0.46,5060000000.0,4992250000.0,5060000000.0,173745779970.0,505.0,495.567,99550000.0,0.209,1.0,608764000.0,1.0,448000000.0,0.0,344158000000.0,354394250000.0,0.0,163628000000.0,,,176194000000.0,,,7916779970.0,133188000.0,0.0,0.0,0.0,0.0,1037012000.0,-1003374000.0,-1007593000.0,99550000.0,0.0,217620000.0,217620000.0,217620000.0,0.0,-1894000.0,0.357,266895000.0,341869000.0,0.0,1.087,1.565,36.379,37.239,0.0,0.0,17.13,13.005,13.397,0.0,1451000000.0,608764000.0,608764000.0,0.0,0.001,0.044,0.001,0.565,19102000.0,109575000.0,1.0,462158784.0,476118000.0,482892000.0,1.279,180812000000.0,0.0,126143000.0,0.0,379.763,
36,SLM,MRT,2012-09-30,2012-09-30,2012-09-30,2021-10-20,-8000000.0,184203000000.0,189579750000.0,,,0.014,10.647,0.0,9414000000.0,9414000000.0,0.0,1099000000.0,,36.287,175243000000.0,,,175243000000.0,0.0,0.0,0.0,0.03,0.475,1727000000.0,1727000000.0,0.659,1727000000.0,1727000000.0,1727000000.0,2.17,2.16,2.17,4940000000.0,5038000000.0,4940000000.0,177611002568.0,103.0,102.844,2949000000.0,6.356,1.0,2620000000.0,1.0,462000000.0,0.0,349570000000.0,360396250000.0,0.0,166048000000.0,,,179257000000.0,,,7379002568.0,-440000000.0,0.0,-730000000.0,-13915000000.0,-231000000.0,-14077000000.0,10688000000.0,10511000000.0,2949000000.0,0.0,1103000000.0,1083000000.0,1083000000.0,2000000.0,-4000000.0,0.413,895000000.0,1725000000.0,0.0,0.219,1.494,6.813,7.244,0.0,20000000.0,15.72,2.816,2.784,0.0,1165000000.0,2620000000.0,2620000000.0,0.0,0.006,0.215,0.005,0.659,49000000.0,452000000.0,1.0,469402199.0,464000000.0,471000000.0,5.647,183741000000.0,0.0,624000000.0,0.0,395.994,
37,SLM,MRT,2012-06-30,2012-06-30,2012-06-30,2021-10-20,-10000000.0,189079000000.0,192915000000.0,,,0.012,10.23,0.0,9737000000.0,9737000000.0,0.0,865000000.0,,37.344,179969000000.0,,,179969000000.0,0.0,0.0,0.0,0.029,0.45,1342000000.0,1342000000.0,0.589,1342000000.0,1342000000.0,1342000000.0,1.68,1.67,1.68,4931000000.0,4996500000.0,4931000000.0,181446508858.0,135.0,135.206,2852000000.0,5.917,1.0,2278000000.0,1.0,467000000.0,0.0,358844000000.0,367065000000.0,0.0,170390000000.0,,,184141000000.0,,,7662508858.0,-1125000000.0,0.0,-753000000.0,-12509000000.0,-225000000.0,-12090000000.0,8113000000.0,8088000000.0,2852000000.0,0.0,868000000.0,848000000.0,848000000.0,-21000000.0,-3000000.0,0.372,960000000.0,1318000000.0,0.0,0.268,1.554,9.036,9.351,0.0,20000000.0,15.71,3.364,3.324,0.0,1040000000.0,2278000000.0,2278000000.0,0.0,0.004,0.17,0.004,0.589,51000000.0,477000000.0,1.0,487747222.0,482000000.0,488000000.0,4.726,188612000000.0,0.0,474000000.0,0.0,391.311,
38,SLM,MRT,2012-03-31,2012-03-31,2012-03-31,2021-10-20,-9000000.0,191692000000.0,195734399750.0,,,0.009,10.016,0.0,8927000000.0,8927000000.0,0.0,568000000.0,,37.048,182711000000.0,,,182711000000.0,0.0,0.0,0.0,0.027,0.425,865000000.0,865000000.0,0.474,865000000.0,865000000.0,865000000.0,1.07,1.06,1.07,5038000000.0,5014390250.0,5038000000.0,183325917714.0,212.0,211.937,2913000000.0,5.791,1.0,1824000000.0,1.0,471000000.0,0.0,365005000000.0,372651004250.0,0.0,173665000000.0,,,186647000000.0,,,8026917714.0,-829000000.0,92000000.0,-568000000.0,-13233000000.0,-217000000.0,-12699000000.0,8957000000.0,8937000000.0,2913000000.0,0.0,570000000.0,551000000.0,551000000.0,-36000000.0,-2000000.0,0.302,997000000.0,827000000.0,0.0,0.397,1.593,14.568,14.729,0.0,19000000.0,15.76,4.401,4.346,0.0,814000000.0,1824000000.0,1824000000.0,0.0,0.003,0.11,0.002,0.474,53000000.0,485000000.0,1.0,509322190.0,503000000.0,510000000.0,3.626,191221000000.0,0.0,295000000.0,0.0,380.161,
39,SLM,MRT,2011-12-31,2011-12-31,2011-12-31,2021-10-20,-14000000.0,193345000000.0,198650101750.0,,,0.01,10.141,0.0,8667000000.0,8667000000.0,0.0,632000000.0,,35.875,183966000000.0,,,183966000000.0,0.0,0.0,0.0,0.022,0.3,961000000.0,961000000.0,0.49,961000000.0,961000000.0,961000000.0,1.19,1.18,1.19,5243000000.0,5056662000.0,5243000000.0,186002070118.0,194.0,193.551,3081000000.0,5.959,1.0,1963000000.0,1.0,478000000.0,0.0,368166000000.0,378104981500.0,0.0,175542000000.0,,,188094000000.0,,,6817070118.0,-1549000000.0,0.0,-300000000.0,-15083000000.0,-154000000.0,-14104000000.0,9474000000.0,9570000000.0,3081000000.0,0.0,633000000.0,615000000.0,615000000.0,-35000000.0,-1000000.0,0.313,1038000000.0,925000000.0,0.0,0.252,1.3,11.085,11.261,0.0,18000000.0,13.4,3.473,3.529,0.0,770000000.0,1963000000.0,1963000000.0,0.0,0.003,0.122,0.003,0.49,56000000.0,493000000.0,1.0,508736576.0,517000000.0,523000000.0,3.797,192867000000.0,0.0,328000000.0,0.0,373.05,
40,SLM,MRT,2011-09-30,2011-09-30,2011-09-30,2021-10-20,-20000000.0,197544000000.0,201640601750.0,,,0.011,9.342,0.0,9370000000.0,9370000000.0,0.0,569000000.0,,40.377,188555000000.0,,,188555000000.0,0.0,0.0,0.0,0.016,0.2,873000000.0,873000000.0,0.411,873000000.0,873000000.0,873000000.0,1.08,1.08,1.08,4774000000.0,4998912000.0,4774000000.0,187714334766.0,215.0,215.022,4035000000.0,7.896,1.0,2125000000.0,1.0,484000000.0,0.0,376245000000.0,383910981500.0,0.0,178243000000.0,,,192762000000.0,,,6402999766.0,-2352000000.0,0.0,-300000000.0,-16109000000.0,-103000000.0,-15751000000.0,9364000000.0,9671000000.0,4035000000.0,0.0,569000000.0,540000000.0,540000000.0,20000000.0,0.0,0.254,1232000000.0,893000000.0,0.0,0.185,1.341,11.857,11.528,0.0,29000000.0,12.45,3.013,2.994,0.0,315000000.0,2125000000.0,2125000000.0,0.0,0.003,0.108,0.002,0.411,57000000.0,533000000.0,1.0,514297170.0,511000000.0,511000000.0,4.159,197060000000.0,0.0,304000000.0,0.0,385.636,
41,SLM,MRT,2011-06-30,2011-06-30,2011-06-30,2021-10-20,-29636000.0,200356599000.0,203781295250.0,,,0.011,9.547,0.0,10219635000.0,10219635000.0,0.0,121000000.0,,39.049,191530970000.0,,,191530970000.0,0.0,0.0,0.0,0.006,0.1,345000000.0,345000000.0,0.149,345000000.0,345000000.0,345000000.0,0.12,0.12,0.12,5002561000.0,4948931250.0,5002561000.0,192804388875.0,559.0,558.853,3242389000.0,6.188,1.0,2311000000.0,1.0,479917000.0,0.0,381188017000.0,387924197750.0,0.0,179527114000.0,,,195345360000.0,,,8865942875.0,-2122026000.0,0.0,-156194000.0,-16160313000.0,-52000000.0,-15141631000.0,9777216000.0,9354175000.0,3242389000.0,0.0,121000000.0,78000000.0,78000000.0,44000000.0,0.0,0.034,1922000000.0,389000000.0,0.0,0.833,1.772,113.666,140.083,0.0,43000000.0,16.81,3.836,3.812,0.0,417702000.0,2311000000.0,2311000000.0,0.0,0.0,0.016,0.001,0.149,50903000.0,533000000.0,1.0,527420754.0,524000000.0,524000000.0,4.41,199876682000.0,0.0,224000000.0,0.0,381.444,
42,SLM,MRT,2011-03-31,2011-03-31,2011-03-31,2021-10-20,-35401000.0,203354808000.0,205521823500.0,,,0.014,9.881,0.0,10264719000.0,10264719000.0,0.0,464818000.0,,38.053,194203165000.0,,,194203165000.0,0.0,0.0,0.0,0.0,0.0,897796000.0,897796000.0,0.305,897796000.0,897796000.0,897796000.0,0.8,0.77,0.8,5207087000.0,4969977000.0,5207087000.0,194624256895.0,217.0,216.78,-383584000.0,-0.728,1.0,2942997000.0,1.0,472345000.0,0.0,386820909000.0,390718248000.0,0.0,182415771000.0,,,198147721000.0,,,8061716895.0,-2968889000.0,-92000000.0,-11000.0,-12447193000.0,0.0,-10903678000.0,8318373000.0,7348689000.0,-383584000.0,0.0,464818000.0,407107000.0,407107000.0,61954000.0,0.0,0.138,1983247000.0,959750000.0,0.0,0.0,1.548,19.802,19.125,0.0,57711000.0,15.3,2.739,2.74,0.0,479655000.0,2942997000.0,2942997000.0,0.0,0.002,0.082,0.002,0.305,52722000.0,547061000.0,1.0,526909601.0,527000000.0,532000000.0,5.584,202882463000.0,0.0,432978000.0,0.0,384.976,
43,SLM,MRT,2010-12-31,2010-12-31,2010-12-31,2021-10-20,-45000000.0,205307000000.0,206561392750.0,,,0.015,10.292,0.0,10598000000.0,10598000000.0,0.0,530000000.0,,39.963,197159000000.0,,,197159000000.0,0.0,0.0,0.0,0.0,0.0,1023000000.0,1023000000.0,0.332,1023000000.0,1023000000.0,1023000000.0,0.94,0.94,0.94,5012000000.0,4857124500.0,5012000000.0,192792894174.0,188.0,188.458,-6692000000.0,-13.741,1.0,3082000000.0,1.0,478000000.0,0.0,391390000000.0,392131730750.0,0.0,185261000000.0,,,200295000000.0,,,6113583174.0,-1727000000.0,0.0,0.0,-3522000000.0,0.0,-2449000000.0,7414000000.0,7371000000.0,-6692000000.0,0.0,530000000.0,458000000.0,458000000.0,67000000.0,0.0,0.149,1992000000.0,1090000000.0,0.0,0.0,1.22,13.348,13.394,0.0,72000000.0,12.59,1.984,1.989,0.0,309000000.0,3082000000.0,3082000000.0,0.0,0.002,0.094,0.003,0.332,40000000.0,561000000.0,1.0,485590403.0,487000000.0,488000000.0,6.329,204829000000.0,0.0,493000000.0,0.0,420.593,
44,SLM,MRT,2010-09-30,2010-09-30,2010-09-30,2021-10-20,-44159000.0,206106774000.0,197730967250.0,,,0.015,9.431,0.0,11713056000.0,11713056000.0,0.0,391264000.0,,44.06,198392367000.0,,,198392367000.0,0.0,0.0,0.0,0.0,0.0,856296000.0,856296000.0,0.298,856296000.0,856296000.0,856296000.0,0.61,0.57,0.61,4574077000.0,4923776750.0,4574077000.0,191813307113.0,224.0,224.004,-10650148000.0,-21.959,1.0,2875657000.0,1.0,488220000.0,0.0,392297865000.0,374037277500.0,0.0,183252049000.0,,,201532697000.0,,,5609913113.0,688004000.0,0.0,-6000.0,3575759000.0,0.0,5282081000.0,6056071000.0,5692459000.0,-10650148000.0,0.0,391954000.0,284387000.0,284387000.0,175435000.0,-690000.0,0.099,1844616000.0,1031041000.0,0.0,0.0,1.226,19.726,18.934,0.0,107567000.0,11.55,1.951,1.948,0.0,-122565000.0,2875657000.0,2875657000.0,0.0,0.001,0.058,0.002,0.298,41927000.0,552350000.0,1.0,485706763.0,485000000.0,485000000.0,5.929,205618554000.0,0.0,464342000.0,0.0,423.956,
45,SLM,MRT,2010-06-30,2010-06-30,2010-06-30,2021-10-20,-43333000.0,207318712000.0,192815254750.0,,,0.016,10.492,0.0,12519953000.0,12519953000.0,0.0,1045572000.0,,39.757,198723347000.0,,,198723347000.0,0.0,0.0,0.0,0.0,0.0,1716829000.0,1716829000.0,0.558,1716829000.0,1716829000.0,1716829000.0,1.92,1.88,1.92,5086744000.0,5027512000.0,5086744000.0,191176333904.0,111.0,111.354,-15602465000.0,-32.181,1.0,3075201000.0,1.0,1157888000.0,0.0,392364218000.0,364044422000.0,0.0,185056467000.0,,,202231964000.0,,,5046979904.0,127071000.0,0.0,189000.0,10763345000.0,0.0,11692384000.0,4037152000.0,4091191000.0,-15602465000.0,0.0,1046064000.0,914870000.0,914870000.0,180852000.0,-492000.0,0.297,1178012000.0,1897189000.0,0.0,0.0,0.992,5.517,5.411,0.0,131194000.0,10.39,1.641,1.638,0.0,391169000.0,3075201000.0,3075201000.0,0.0,0.005,0.182,0.005,0.558,46953000.0,555238000.0,1.0,485753600.0,484832000.0,527391000.0,6.343,206160824000.0,0.0,670765000.0,0.0,425.221,
46,SLM,MRT,2010-03-31,2010-03-31,2010-03-31,2021-10-20,-42511000.0,207513085000.0,186281525500.0,,,0.013,9.821,0.0,12956301000.0,12956301000.0,0.0,585245000.0,,42.635,199085655000.0,,,199085655000.0,0.0,0.0,0.0,0.0,0.0,1014203000.0,1014203000.0,0.432,1014203000.0,1014203000.0,1014203000.0,0.94,0.93,0.94,4755677000.0,4968709500.0,4755677000.0,156275301872.0,154.0,154.087,-15995258000.0,-33.03,1.0,2346624000.0,1.0,1167599000.0,0.0,392474840000.0,351397338750.0,0.0,183622145000.0,,,202757389000.0,,,6071102872.0,3777090000.0,0.0,11000.0,18745992000.0,0.0,18544532000.0,1227816000.0,2461218000.0,-15995258000.0,0.0,585526000.0,447243000.0,447243000.0,180440000.0,-281000.0,0.191,1152262000.0,1194362000.0,0.0,0.0,1.277,13.575,13.319,0.0,138283000.0,12.52,2.587,2.584,0.0,72062000.0,2346624000.0,2346624000.0,0.0,0.002,0.09,0.003,0.432,50035000.0,553960000.0,1.0,484912370.0,484259000.0,526631000.0,4.846,206345486000.0,0.0,428677000.0,0.0,426.106,
47,SLM,MRT,2009-12-31,2009-12-31,2009-12-31,2021-10-20,-40825000.0,169985298000.0,177291082000.0,,,0.011,11.207,0.0,11238884000.0,11238884000.0,0.0,324000000.0,,31.203,161443083000.0,,,161443083000.0,0.0,0.0,0.0,0.0,0.0,588000000.0,588000000.0,0.304,588000000.0,588000000.0,588000000.0,0.38,0.38,0.38,5278609000.0,5020752000.0,5278609000.0,172455428910.0,293.0,293.292,-15914000000.0,-33.788,1.0,1937000000.0,1.0,1177310000.0,0.0,319012187000.0,334876941250.0,0.0,147648513000.0,,,164706676000.0,,,5348637910.0,2000000000.0,0.0,0.0,18478000000.0,0.0,17603000000.0,311000000.0,600000000.0,-15914000000.0,0.0,324000000.0,178000000.0,178000000.0,220000000.0,0.0,0.092,1129000000.0,808000000.0,0.0,0.0,1.013,30.049,29.658,0.0,146000000.0,11.27,2.761,2.74,0.0,604467000.0,1937000000.0,1937000000.0,0.0,0.001,0.035,0.002,0.304,51000000.0,540000000.0,1.0,474590764.0,471000000.0,472000000.0,4.113,168807988000.0,0.0,264000000.0,0.0,358.403,
48,SLM,MRT,2009-09-30,2009-09-30,2009-09-30,2021-10-20,-44143000.0,186443924000.0,176986866750.0,,,0.006,10.609,0.0,10947581000.0,10947581000.0,0.0,-203728000.0,,36.371,178054372000.0,,,178054372000.0,0.0,0.0,0.0,0.0,0.0,-192677000.0,-192677000.0,-0.192,-192677000.0,-192677000.0,-192677000.0,-0.69,-0.69,-0.69,4989018000.0,4950867250.0,4989018000.0,165903499289.0,-861.0,-861.045,-16698445000.0,-35.507,1.0,1001025000.0,1.0,1224272000.0,0.0,352326443000.0,335141836250.0,0.0,162973065000.0,,,181454899000.0,,,4077538289.0,1291145000.0,0.0,2000.0,19321113000.0,0.0,18282425000.0,-292835000.0,451812000.0,-16698445000.0,0.0,-201013000.0,-323151000.0,-323151000.0,274239000.0,-2715000.0,-0.323,922178000.0,78847000.0,0.0,0.0,0.817,-12.618,-12.638,0.0,122138000.0,8.72,4.073,4.097,0.0,346347000.0,1001025000.0,1001025000.0,0.0,-0.002,-0.065,-0.001,-0.192,56407000.0,479318000.0,1.0,467607602.0,470280000.0,471058000.0,2.129,185219652000.0,0.0,8336000.0,0.0,393.85,
49,SLM,MRT,2009-06-30,2009-06-30,2009-06-30,2021-10-20,-48683000.0,181183795000.0,171623659250.0,,,0.003,10.393,0.0,11385659000.0,11385659000.0,0.0,-521033000.0,,36.346,173211620000.0,,,173211620000.0,0.0,0.0,0.0,0.0,0.0,-694570000.0,-694570000.0,-1.251,-694570000.0,-694570000.0,-694570000.0,-1.34,-1.34,-1.34,4851534000.0,5038258500.0,4851534000.0,160882619580.0,-232.0,-231.629,-14951972000.0,-32.031,1.0,555325000.0,1.0,1233871000.0,0.0,341775885000.0,325129153750.0,0.0,158539136000.0,,,176332256000.0,,,4801124580.0,1016756000.0,0.0,1581000.0,20494390000.0,0.0,18287255000.0,-2318527000.0,-1505771000.0,-14951972000.0,0.0,-518664000.0,-625649000.0,-625649000.0,267822000.0,-2369000.0,-1.127,984442000.0,-429117000.0,0.0,0.0,0.99,-7.674,-7.664,0.0,106985000.0,10.27,8.646,8.633,0.0,229865000.0,555325000.0,555325000.0,0.0,-0.004,-0.124,-0.002,-1.251,68335000.0,495838000.0,1.0,467490222.0,466799000.0,466799000.0,1.19,179949924000.0,0.0,-175906000.0,0.0,385.498,
50,SLM,MRT,2009-03-31,2009-03-31,2009-03-31,2021-10-20,-70450000.0,171551311000.0,167218270750.0,,,0.007,10.635,0.0,6919347000.0,6919347000.0,0.0,-129862000.0,,33.56,163000842000.0,,,163000842000.0,0.0,0.0,0.0,0.0,0.0,-109930000.0,-109930000.0,-0.09,-109930000.0,-109930000.0,-109930000.0,-0.51,-0.52,-0.51,4963847000.0,5206756000.0,4963847000.0,154865607122.0,-1409.0,-1408.766,-11383258000.0,-24.388,1.0,1225069000.0,1.0,1239556000.0,0.0,326393250000.0,316821491750.0,0.0,153694077000.0,,,166587452000.0,,,2313058122.0,-758227000.0,0.0,5223000.0,17597576000.0,0.0,15669421000.0,-5044390000.0,-4970997000.0,-11383258000.0,0.0,-130208000.0,-238784000.0,-238784000.0,261280000.0,346000.0,-0.195,1073373000.0,151696000.0,0.0,0.0,0.466,-9.687,-9.706,0.0,108576000.0,4.95,1.888,1.886,0.0,378387000.0,1225069000.0,1225069000.0,0.0,-0.001,-0.046,0.0,-0.09,78865000.0,525843000.0,1.0,467284469.0,466761000.0,466761000.0,2.625,170311755000.0,0.0,20278000.0,0.0,364.88,
51,SLM,MRT,2008-12-31,2008-12-31,2008-12-31,2021-10-20,-76476000.0,168768437000.0,164123691000.0,,,0.007,10.713,0.0,7605288000.0,7605288000.0,0.0,-212626000.0,,32.759,160157837000.0,,,160157837000.0,0.0,0.0,0.0,0.0,0.0,-249319000.0,-249319000.0,-0.223,-249319000.0,-249319000.0,-249319000.0,-0.69,-0.69,-0.69,4999070000.0,5266184000.0,4999070000.0,152702991774.0,-612.0,-612.48,-5691744000.0,-12.197,1.0,1116597000.0,1.0,1249219000.0,0.0,320071767000.0,310333503000.0,0.0,148773153000.0,,,163762097000.0,,,4158831774.0,-3512029000.0,-37868000.0,5979000.0,12527900000.0,0.0,12847002000.0,-10667287000.0,-10494378000.0,-5691744000.0,0.0,-212626000.0,-323832000.0,-323832000.0,215106000.0,0.0,-0.29,1150810000.0,-34213000.0,0.0,0.0,0.832,-12.843,-12.899,0.0,111206000.0,8.9,3.725,3.719,0.0,426175000.0,1116597000.0,1116597000.0,0.0,-0.002,-0.061,-0.001,-0.223,86271000.0,570430000.0,1.0,467284469.0,466642000.0,466642000.0,2.393,167519218000.0,0.0,-36693000.0,0.0,358.989,
52,SLM,MRT,2008-09-30,2008-09-30,2008-09-30,2021-10-20,46687000.0,164991094000.0,160822829500.0,,,-0.001,11.44,0.0,7793271000.0,7793271000.0,0.0,-1626147000.0,,29.902,156337431000.0,,,156337431000.0,0.0,0.0,0.0,0.0,0.0,-1736012000.0,-1736012000.0,9.419,-1736012000.0,-1736012000.0,-1736012000.0,-4.16,-4.13,-4.16,5338583000.0,5319460250.0,5338583000.0,152054390618.0,-88.0,-87.588,-3564479000.0,-7.639,1.0,-184310000.0,1.0,1259541000.0,0.0,312275713000.0,302597490250.0,0.0,145539062000.0,,,159635429000.0,,,5766453618.0,-3899101000.0,-37868000.0,-537629000.0,13360679000.0,0.0,15015455000.0,-15350077000.0,-15091628000.0,-3564479000.0,0.0,-1631867000.0,-1725379000.0,-1725379000.0,-6276000.0,5720000.0,9.361,1554036000.0,-1738346000.0,0.0,0.0,1.08,-3.342,-2.966,0.0,93512000.0,12.34,-31.287,-31.243,0.0,669509000.0,-184310000.0,-184310000.0,0.0,-0.011,-0.324,-0.006,9.419,79365000.0,669297000.0,1.0,467297700.0,466646000.0,466646000.0,-0.395,163731553000.0,0.0,-104145000.0,0.0,350.869,
53,SLM,MRT,2008-06-30,2008-06-30,2008-06-30,2021-10-20,61994000.0,163562241000.0,157278903500.0,,,-0.001,11.841,0.0,8824655000.0,8824655000.0,0.0,-1811910000.0,,28.598,155112592000.0,,,155112592000.0,0.0,0.0,0.0,0.0,0.0,-1732963000.0,-1732963000.0,8.516,-1732963000.0,-1732963000.0,-1732963000.0,-4.61,-4.58,-4.61,5525524000.0,5232727750.0,5525524000.0,151621377001.0,-87.0,-87.493,642716000.0,1.377,1.0,-203489000.0,1.0,1304941000.0,0.0,308545237000.0,294162634000.0,0.0,140525491000.0,,,158017757000.0,,,9033351001.0,2442978000.0,-37868000.0,-585274000.0,24876867000.0,0.0,27072907000.0,-25272645000.0,-24951639000.0,642716000.0,0.0,-1817086000.0,-1892398000.0,-1892398000.0,-6276000.0,5176000.0,9.3,1532275000.0,-1735764000.0,0.0,0.0,1.635,-4.773,-4.197,0.0,75312000.0,19.35,-44.392,-44.374,0.0,855527000.0,-203489000.0,-203489000.0,0.0,-0.012,-0.362,-0.006,8.516,69861000.0,697630000.0,1.0,466839845.0,466649000.0,517954000.0,-0.436,162257300000.0,0.0,84123000.0,0.0,347.707,
54,SLM,MRT,2008-03-31,2008-03-31,2008-03-31,2021-10-20,-2394000.0,159172992000.0,149588913750.0,,,0.003,11.148,0.0,7992962000.0,7992962000.0,0.0,-1114101000.0,,29.598,150580988000.0,,,150580988000.0,0.0,0.0,0.0,0.0,0.0,-1080578000.0,-1080578000.0,-2.428,-1080578000.0,-1080578000.0,-1080578000.0,-2.8,-4.05,-2.8,5201559000.0,5185841750.0,5201559000.0,142025273078.0,-131.0,-131.435,-14663000.0,-0.031,1.0,445038000.0,1.0,1319723000.0,0.0,300441295000.0,279173488500.0,0.0,136524496000.0,,,153958217000.0,,,7161859078.0,142920000.0,-37868000.0,-616153000.0,24847113000.0,0.0,27411065000.0,-27253482000.0,-26876711000.0,-14663000.0,0.0,-1116351000.0,-1173428000.0,-1173428000.0,-6276000.0,2250000.0,-2.637,1530647000.0,-1085609000.0,0.0,0.0,1.377,-6.103,-5.482,0.0,57077000.0,15.35,16.093,16.093,0.0,617184000.0,445038000.0,445038000.0,0.0,-0.008,-0.226,-0.004,-2.428,69169000.0,721474000.0,1.0,466570624.0,466580000.0,466580000.0,0.954,157853269000.0,0.0,35773000.0,0.0,338.32,
55,SLM,MRT,2007-12-31,2007-12-31,2007-12-31,2021-10-20,236364000.0,155564991000.0,141514782250.0,,,0.007,12.644,0.0,12182137000.0,12182137000.0,0.0,-894079000.0,,28.842,147045551000.0,,,147045551000.0,0.0,0.0,0.0,0.012,0.25,-488119000.0,-488119000.0,-0.479,-488119000.0,-488119000.0,-488119000.0,-2.26,-2.26,-2.26,5212175000.0,4977390250.0,5212175000.0,137412965084.0,-282.0,-281.515,-48203000.0,-0.117,1.0,1018415000.0,1.0,1300689000.0,0.0,289127716000.0,263216689500.0,0.0,131335058000.0,,,150330096000.0,,,8337926084.0,4960809000.0,0.0,-711500000.0,35218880000.0,-102658000.0,36265384000.0,-31256372000.0,-30898163000.0,-48203000.0,0.0,-896394000.0,-933539000.0,-933539000.0,-6276000.0,2315000.0,-0.917,1510495000.0,-492080000.0,0.0,-0.111,1.6,-8.932,-8.912,0.0,37145000.0,20.14,8.187,8.152,0.0,557204000.0,1018415000.0,1018415000.0,0.0,-0.007,-0.188,-0.002,-0.479,74621000.0,728095000.0,1.0,413998316.0,412233000.0,412233000.0,2.47,154264302000.0,0.0,408275000.0,0.0,374.216,
56,SLM,MRT,2007-09-30,2007-09-30,2007-09-30,2021-10-20,245352000.0,150815390000.0,131657467500.0,,,0.022,12.088,0.0,12794323000.0,12794323000.0,0.0,756969000.0,,29.209,141869362000.0,,,141869362000.0,0.0,0.0,0.0,0.01,0.5,1367908000.0,1367908000.0,0.483,1367908000.0,1367908000.0,1367908000.0,1.75,0.51,1.75,4991653000.0,4762078250.0,4991653000.0,137617681950.0,101.0,100.604,661995000.0,1.603,1.0,2833769000.0,1.0,1354141000.0,0.0,278536288000.0,245136353500.0,0.0,127831901000.0,,,145803629000.0,,,20474688950.0,5405202000.0,-50674000.0,-153844000.0,40317037000.0,-204991000.0,40142727000.0,-35399520000.0,-35044109000.0,661995000.0,0.0,756969000.0,720188000.0,720188000.0,0.0,0.0,0.254,1463620000.0,1370149000.0,0.0,0.286,4.102,28.43,28.383,0.0,36781000.0,49.67,7.225,7.238,0.0,2437639000.0,2833769000.0,2833769000.0,0.0,0.005,0.151,0.006,0.483,84275000.0,742956000.0,1.0,412214394.0,412944000.0,412944000.0,6.862,149461249000.0,0.0,610939000.0,0.0,361.941,
57,SLM,MRT,2007-06-30,2007-06-30,2007-06-30,2021-10-20,265388000.0,132802282000.0,120716794250.0,,,0.029,12.96,0.0,6981049000.0,6981049000.0,0.0,1364201000.0,,23.875,124124042000.0,,,124124042000.0,0.0,0.0,0.0,0.013,0.75,2094377000.0,2094377000.0,0.588,2094377000.0,2094377000.0,2094377000.0,3.22,1.96,3.22,5337980000.0,4637586250.0,5337980000.0,134790985735.0,64.0,64.359,893528000.0,2.169,1.0,3558855000.0,1.0,1356620000.0,0.0,248588655000.0,224966954500.0,0.0,117137505000.0,,,127444140000.0,,,23689336735.0,-707393000.0,-339836000.0,-254237000.0,28034756000.0,-306986000.0,27721343000.0,-29322264000.0,-28690137000.0,893528000.0,0.0,1364201000.0,1327473000.0,1327473000.0,0.0,0.0,0.373,1461215000.0,2097640000.0,0.0,0.233,4.438,17.845,17.882,0.0,36728000.0,57.58,6.656,6.664,0.0,2790674000.0,3558855000.0,3558855000.0,0.0,0.011,0.286,0.009,0.588,92389000.0,737125000.0,1.0,411416060.0,411870000.0,452406000.0,8.641,131445662000.0,0.0,730176000.0,0.0,319.144,
58,SLM,MRT,2007-03-31,2007-03-31,2007-03-31,2021-10-20,300884000.0,126876466000.0,112992890000.0,,,0.031,10.626,0.0,7398128000.0,7398128000.0,0.0,1121508000.0,,28.044,118499777000.0,,,118499777000.0,0.0,0.0,0.0,0.024,1.0,2128788000.0,2128788000.0,0.606,2128788000.0,2128788000.0,2128788000.0,2.64,2.45,2.64,4367753000.0,4390691000.0,4367753000.0,118830806507.0,56.0,55.821,1209636000.0,2.943,1.0,3511727000.0,1.0,1364016000.0,0.0,236614099000.0,209884004500.0,0.0,112012047000.0,,,122490655000.0,,,16788560507.0,1393730000.0,-339836000.0,-328092000.0,25601946000.0,-409599000.0,25065490000.0,-24881396000.0,-24305420000.0,1209636000.0,0.0,1121508000.0,1085149000.0,1085149000.0,0.0,0.0,0.309,1379017000.0,2132710000.0,0.0,0.379,3.844,15.471,15.492,0.0,36359000.0,40.9,4.781,4.787,0.0,1833359000.0,3511727000.0,3511727000.0,0.0,0.01,0.247,0.01,0.606,84496000.0,714220000.0,1.0,410478252.0,411040000.0,418449000.0,8.544,125512450000.0,0.0,1007280000.0,0.0,305.353,
59,SLM,MRT,2006-12-31,2006-12-31,2006-12-31,2021-10-20,349111000.0,116135732000.0,105715170000.0,,,0.032,10.591,0.0,6044548000.0,6044548000.0,0.0,1156956000.0,,25.688,108086794000.0,,,108086794000.0,0.0,0.0,0.0,0.02,0.97,1991267000.0,1991267000.0,0.596,1991267000.0,1991267000.0,1991267000.0,2.73,2.63,2.73,4350927000.0,4235064250.0,4350927000.0,112074352661.0,56.0,56.283,808421000.0,1.968,1.0,3341426000.0,1.0,1371606000.0,0.0,216806372000.0,196172834000.0,0.0,103133635000.0,,,111766575000.0,,,19935234661.0,122567000.0,-339836000.0,-357260000.0,14335227000.0,-398414000.0,13780070000.0,-14465924000.0,-13915119000.0,808421000.0,0.0,1156956000.0,1121389000.0,1121389000.0,0.0,0.0,0.336,1346152000.0,1995274000.0,0.0,0.355,4.582,17.777,17.864,0.0,35567000.0,48.77,5.966,5.996,0.0,1834718000.0,3341426000.0,3341426000.0,0.0,0.011,0.265,0.01,0.596,81163000.0,703210000.0,1.0,408760194.0,410805000.0,451170000.0,8.134,114764126000.0,0.0,834311000.0,0.0,279.364,
60,SLM,MRT,2006-09-30,2006-09-30,2006-09-30,2021-10-20,460527000.0,107052697000.0,101515908000.0,,,0.037,10.959,0.0,6347287000.0,6347287000.0,0.0,1569886000.0,,22.819,98486405000.0,,,98486405000.0,0.0,0.0,0.0,0.018,0.94,2508352000.0,2508352000.0,0.66,2508352000.0,2508352000.0,2508352000.0,3.72,3.41,3.72,4493685000.0,4092893250.0,4493685000.0,108744631178.0,43.0,43.353,989934000.0,2.414,1.0,3802918000.0,1.0,1333123000.0,0.0,197858692000.0,188062133000.0,0.0,94767273000.0,,,102540336000.0,,,21313738178.0,830452000.0,-348237000.0,-565611000.0,9201575000.0,-387565000.0,8058257000.0,-8217739000.0,-7565952000.0,989934000.0,0.0,1569886000.0,1535745000.0,1535745000.0,0.0,0.0,0.404,1290068000.0,2512850000.0,0.0,0.253,4.743,13.878,13.973,0.0,34141000.0,51.98,5.605,5.605,0.0,1928204000.0,3802918000.0,3802918000.0,0.0,0.015,0.375,0.013,0.66,81673000.0,687836000.0,1.0,410037287.0,410034000.0,449841000.0,9.275,105719574000.0,0.0,938466000.0,0.0,257.831,
61,SLM,MRT,2006-06-30,2006-06-30,2006-06-30,2021-10-20,370204000.0,101906665000.0,98832823500.0,,,0.039,10.586,0.0,6877158000.0,6877158000.0,0.0,1737764000.0,,22.42,94308051000.0,,,94308051000.0,0.0,0.0,0.0,0.017,0.91,2622365000.0,2622365000.0,0.68,2622365000.0,2622365000.0,2622365000.0,4.12,3.76,4.12,4350399000.0,3921990250.0,4350399000.0,106838204697.0,41.0,40.741,-240819000.0,-0.586,1.0,3855328000.0,1.0,1080703000.0,0.0,188256855000.0,183633032750.0,0.0,89297953000.0,,,97537528000.0,,,21743072697.0,2370247000.0,-237919000.0,-530678000.0,15218173000.0,-377328000.0,14136239000.0,-11525173000.0,-11042534000.0,-240819000.0,0.0,1737764000.0,1705556000.0,1705556000.0,0.0,0.0,0.442,1228535000.0,2626793000.0,0.0,0.221,4.998,12.748,12.845,0.0,32208000.0,52.92,5.64,5.641,0.0,1775948000.0,3855328000.0,3855328000.0,0.0,0.017,0.435,0.014,0.68,61206000.0,670823000.0,1.0,410866831.0,410957000.0,454314000.0,9.381,100825962000.0,0.0,884601000.0,0.0,245.344,
62,SLM,MRT,2006-03-31,2006-03-31,2006-03-31,2021-10-20,328496000.0,97765586000.0,95045843250.0,,,0.034,9.076,0.0,5350526000.0,5350526000.0,0.0,1310501000.0,,25.099,90445658000.0,,,90445658000.0,0.0,0.0,0.0,0.017,0.88,1989847000.0,1989847000.0,0.623,1989847000.0,1989847000.0,1989847000.0,3.08,2.9,3.08,3745246000.0,3728992500.0,3745246000.0,107609501899.0,54.0,54.079,679958000.0,1.648,1.0,3194501000.0,1.0,1091301000.0,0.0,181769417000.0,177071810750.0,0.0,87310309000.0,,,94000976000.0,,,21479513899.0,1549509000.0,-237919000.0,-535980000.0,14269760000.0,-366908000.0,13612191000.0,-12742640000.0,-12278972000.0,679958000.0,0.0,1310501000.0,1283172000.0,1283172000.0,0.0,0.0,0.402,1199346000.0,1995155000.0,0.0,0.286,5.735,16.739,16.864,0.0,27329000.0,51.94,6.724,6.71,0.0,1163570000.0,3194501000.0,3194501000.0,0.0,0.014,0.344,0.011,0.623,42360000.0,653432000.0,1.0,413544742.0,412675000.0,422974000.0,7.741,96674285000.0,0.0,679346000.0,0.0,234.263,
63,SLM,MRT,2005-12-31,2005-12-31,2005-12-31,2021-10-20,367910000.0,99338684000.0,91553685000.0,,,0.036,9.04,0.0,5798757000.0,5798757000.0,0.0,1382284000.0,,25.26,91928745000.0,,,91928745000.0,0.0,0.0,0.0,0.015,0.85,2111051000.0,2111051000.0,0.648,2111051000.0,2111051000.0,2111051000.0,3.25,3.05,3.25,3782243000.0,3540709250.0,3782243000.0,107875641333.0,51.0,51.1,758830000.0,1.814,1.0,3255791000.0,1.0,1105104000.0,0.0,184363568000.0,171024207250.0,0.0,88516770000.0,,,95538077000.0,,,22989793333.0,-896832000.0,-237919000.0,-535363000.0,15882642000.0,-355368000.0,15248070000.0,-16903732000.0,-16473129000.0,758830000.0,0.0,1382284000.0,1360381000.0,1360381000.0,0.0,0.0,0.418,1138328000.0,2117463000.0,0.0,0.262,6.078,16.9,16.951,0.0,21903000.0,55.09,7.061,7.079,0.0,1111743000.0,3255791000.0,3255791000.0,0.0,0.015,0.384,0.012,0.648,19592000.0,625024000.0,1.0,417313366.0,418374000.0,460260000.0,7.782,98233580000.0,0.0,728767000.0,0.0,234.798,
64,SLM,MRT,2005-09-30,2005-09-30,2005-09-30,2021-10-20,407768000.0,96320359000.0,87742395500.0,,,0.039,9.132,0.0,4266225000.0,4266225000.0,0.0,1601550000.0,,24.273,89152073000.0,,,89152073000.0,0.0,0.0,0.0,0.015,0.82,2217898000.0,2217898000.0,0.642,2217898000.0,2217898000.0,2217898000.0,3.75,3.49,3.75,3810073000.0,3352816250.0,3810073000.0,98653316013.0,44.0,44.481,1996747000.0,4.786,1.0,3453137000.0,1.0,1063916000.0,0.0,180142291000.0,163818795750.0,0.0,87264548000.0,,,92482836000.0,,,22396666013.0,-2718345000.0,-898812000.0,-402108000.0,17225384000.0,-343288000.0,16860147000.0,-21575239000.0,2116323358.0,1996747000.0,0.0,1601550000.0,1584603000.0,1584603000.0,0.0,0.0,0.459,1110897000.0,2342240000.0,0.0,0.219,5.878,14.134,14.304,0.0,16947000.0,53.64,6.486,6.481,0.0,3195034000.0,3453137000.0,3453137000.0,0.0,0.018,0.473,0.014,0.642,18844000.0,605197000.0,1.0,417536652.0,417235000.0,458798000.0,8.276,95256443000.0,0.0,616348000.0,0.0,228.304,
65,SLM,MRT,2005-06-30,2005-06-30,2005-06-30,2021-10-20,473121000.0,86758744000.0,81402131500.0,,,0.041,8.53,0.0,3440083000.0,3440083000.0,0.0,1526778000.0,,23.204,79696733000.0,,,79696733000.0,0.0,0.0,0.0,0.016,0.79,2090441000.0,2090441000.0,0.625,2090441000.0,2090441000.0,2090441000.0,3.54,3.3,3.54,3578408000.0,3121600500.0,3578408000.0,96109394645.0,46.0,45.976,2261151000.0,5.39,1.0,3346452000.0,1.0,1003427000.0,0.0,162011967000.0,151167455750.0,0.0,79044403000.0,,,83033676000.0,,,21312358645.0,-8437401000.0,-868404000.0,-435067000.0,2779675000.0,-335077000.0,2394035000.0,-13092587000.0,10568567358.0,2261151000.0,0.0,1526778000.0,1514244000.0,1514244000.0,0.0,0.0,0.452,1029708000.0,2316744000.0,0.0,0.223,5.956,14.075,14.35,0.0,12534000.0,50.8,6.369,6.368,0.0,2862730000.0,3346452000.0,3346452000.0,0.0,0.019,0.485,0.014,0.625,18844000.0,555686000.0,1.0,419534619.0,419497000.0,461900000.0,7.977,85755317000.0,0.0,563663000.0,0.0,204.424,
66,SLM,MRT,2005-03-31,2005-03-31,2005-03-31,2021-10-20,374574000.0,83796953000.0,78704300750.0,,,0.048,7.108,0.0,2960223000.0,2960223000.0,0.0,1845189000.0,,26.957,77757259000.0,,,77757259000.0,0.0,0.0,0.0,0.015,0.76,2585066000.0,2585066000.0,0.688,2585066000.0,2585066000.0,2585066000.0,4.23,3.93,4.23,2992113000.0,2957165000.0,2992113000.0,93529977104.0,36.0,36.181,1259306000.0,2.992,1.0,3757480000.0,1.0,1014986000.0,0.0,157579003000.0,144183960750.0,0.0,75746477000.0,,,80659102000.0,,,21015284104.0,-3082943000.0,-868404000.0,-493693000.0,3310425000.0,-324483000.0,2480759000.0,-6823008000.0,16838146358.0,1259306000.0,0.0,1845189000.0,1833699000.0,1833699000.0,0.0,0.0,0.488,948346000.0,2809134000.0,0.0,0.18,7.024,11.461,11.783,0.0,11490000.0,49.84,5.593,5.583,0.0,2662316000.0,3757480000.0,3757480000.0,0.0,0.023,0.62,0.018,0.688,18844000.0,517862000.0,1.0,421654978.0,420924000.0,463014000.0,8.927,82781967000.0,0.0,739877000.0,0.0,196.667,
67,SLM,MRT,2004-12-31,2004-12-31,2004-12-31,2021-10-20,440672000.0,84093526000.0,76070926750.0,,,0.048,6.949,0.0,5607130000.0,5607130000.0,0.0,1913270000.0,,26.7,78121668000.0,,,78121668000.0,0.0,0.0,0.0,0.014,0.74,2555959000.0,2555959000.0,0.696,2555959000.0,2555959000.0,2555959000.0,4.36,4.04,4.36,3030671000.0,2893549500.0,3030671000.0,82279471624.0,32.0,32.191,604825000.0,1.387,1.0,3672765000.0,1.0,1066142000.0,0.0,155541922000.0,138562068000.0,0.0,72924006000.0,,,80919589000.0,,,22948577624.0,1547902000.0,-868404000.0,-545432000.0,11433469000.0,-321313000.0,10555223000.0,-9612146000.0,14049008358.0,604825000.0,0.0,1913270000.0,1901769000.0,1901769000.0,0.0,0.0,0.518,894932000.0,2777833000.0,0.0,0.17,7.572,12.067,12.245,0.0,11501000.0,53.39,6.248,6.34,0.0,2521740000.0,3672765000.0,3672765000.0,0.0,0.025,0.657,0.018,0.696,18844000.0,497170000.0,1.0,429829137.0,436133000.0,475787000.0,8.421,83027384000.0,0.0,642689000.0,0.0,190.372,
68,SLM,MRT,2004-09-30,2004-09-30,2004-09-30,2021-10-20,486944000.0,70959303000.0,71200208000.0,,,0.045,6.621,0.0,6108761000.0,6108761000.0,0.0,1527398000.0,,23.584,65439655000.0,,,65439655000.0,0.0,0.0,0.0,0.016,0.72,2213457000.0,2213457000.0,0.695,2213457000.0,2213457000.0,2213457000.0,3.44,3.13,3.44,2885210000.0,2793393250.0,2885210000.0,78173861160.0,35.0,35.318,-53868000.0,-0.124,1.0,3183735000.0,1.0,753266000.0,0.0,129536931000.0,129578741750.0,0.0,58508067000.0,,,68044559000.0,,,19444365160.0,2771155000.0,-218543000.0,-616016000.0,9126184000.0,-317866000.0,8180801000.0,-5355778000.0,-5137235000.0,-53868000.0,0.0,1527398000.0,1515897000.0,1515897000.0,0.0,0.0,0.476,867288000.0,2316447000.0,0.0,0.209,6.739,12.827,12.965,0.0,11501000.0,44.6,6.107,6.104,0.0,4463819000.0,3183735000.0,3183735000.0,0.0,0.021,0.543,0.017,0.695,0.0,468502000.0,1.0,435972313.0,435764000.0,474455000.0,7.306,70206037000.0,0.0,686059000.0,0.0,161.11,
69,SLM,MRT,2004-06-30,2004-06-30,2004-06-30,2021-10-20,355955000.0,75967421000.0,68444521750.0,,,0.046,6.639,0.0,11370308000.0,11370308000.0,0.0,1650708000.0,,25.01,70099804000.0,,,70099804000.0,0.0,0.0,0.0,0.017,0.7,2444145000.0,2444145000.0,0.775,2444145000.0,2444145000.0,2444145000.0,3.69,3.41,3.69,2920666000.0,2733086750.0,2920666000.0,80172636523.0,33.0,32.802,392814000.0,0.893,1.0,3154895000.0,1.0,618930000.0,0.0,134077987000.0,125118750000.0,0.0,58292397000.0,,,73046755000.0,,,17755583523.0,9149611000.0,-70107000.0,-501333000.0,16009357000.0,-309743000.0,15186780000.0,-6429983000.0,-6359876000.0,392814000.0,0.0,1650708000.0,1639207000.0,1639207000.0,0.0,0.0,0.52,840721000.0,2314174000.0,0.0,0.19,6.079,10.832,10.962,0.0,11501000.0,40.45,5.628,5.64,0.0,4013923000.0,3154895000.0,3154895000.0,0.0,0.024,0.6,0.02,0.775,0.0,465219000.0,1.0,438951385.0,439901000.0,478497000.0,7.172,75348491000.0,0.0,793437000.0,0.0,171.285,
70,SLM,MRT,2004-03-31,2004-03-31,2004-03-31,2021-10-20,534445000.0,73263457000.0,63998359750.0,,,0.043,6.184,0.0,5064640000.0,5064640000.0,0.0,1408476000.0,,25.761,67481693000.0,,,67481693000.0,0.0,0.0,0.0,0.016,0.68,2050442000.0,2050442000.0,0.747,2050442000.0,2050442000.0,2050442000.0,3.12,2.92,3.12,2737651000.0,2594463250.0,2737651000.0,74330555428.0,36.0,36.251,159898000.0,0.361,1.0,2745008000.0,1.0,589078000.0,0.0,135091432000.0,119016907250.0,0.0,61993788000.0,,,70525806000.0,,,18520168428.0,3481734000.0,-113614000.0,-622463000.0,16125843000.0,-305795000.0,15175077000.0,-11853241000.0,-11739627000.0,159898000.0,0.0,1408476000.0,1396964000.0,1396964000.0,0.0,0.0,0.509,824537000.0,1920471000.0,0.0,0.218,6.765,13.257,13.413,0.0,11512000.0,41.85,6.747,6.749,0.0,3635342000.0,2745008000.0,2745008000.0,0.0,0.022,0.538,0.017,0.747,0.0,462429000.0,1.0,442536880.0,442664000.0,482060000.0,6.201,72674379000.0,0.0,641966000.0,0.0,164.175,
71,SLM,MRT,2003-12-31,2003-12-31,2003-12-31,2021-10-20,425621000.0,64610651000.0,59265939500.0,,,0.05,5.818,0.0,2953481000.0,2953481000.0,0.0,1533560000.0,,23.566,58543559000.0,,,58543559000.0,0.0,0.0,0.0,0.016,0.593,2312940000.0,2312940000.0,0.777,2312940000.0,2312940000.0,2312940000.0,3.37,3.18,3.37,2630046000.0,2471114500.0,2630046000.0,69328742880.0,30.0,29.974,893564000.0,1.977,1.0,2977994000.0,1.0,592112000.0,0.0,119608617000.0,110784698250.0,0.0,56126006000.0,,,61980605000.0,,,16987128880.0,1384897000.0,-113614000.0,-578057000.0,8520305000.0,-266882000.0,7646504000.0,-7155171000.0,-7041557000.0,893564000.0,0.0,1533560000.0,1522059000.0,1522059000.0,0.0,0.0,0.511,795025000.0,2182969000.0,0.0,0.176,6.459,11.161,11.181,0.0,11501000.0,37.68,5.704,5.72,0.0,3417120000.0,2977994000.0,2977994000.0,0.0,0.026,0.616,0.021,0.777,0.0,432007000.0,1.0,450826138.0,452037000.0,482104000.0,6.588,64018539000.0,0.0,779380000.0,0.0,141.622,
72,SLM,MRT,2003-09-30,2003-09-30,2003-09-30,2021-10-20,568381000.0,59936558000.0,56407028000.0,,,0.053,5.866,0.0,1912709000.0,1912709000.0,0.0,1575161000.0,,21.669,54254323000.0,,,54254323000.0,0.0,0.0,0.0,0.013,0.507,2380605000.0,2380605000.0,0.798,2380605000.0,2380605000.0,2380605000.0,3.45,3.36,3.45,2643984000.0,2313090500.0,2643984000.0,69637488769.0,29.0,29.252,475203000.0,1.054,1.0,2984791000.0,1.0,581208000.0,0.0,111696964000.0,105805455500.0,0.0,52248600000.0,,,57292574000.0,,,17565969769.0,1192372000.0,-47026000.0,-597959000.0,3178363000.0,-228710000.0,2313263000.0,-1596094000.0,-1549068000.0,475203000.0,0.0,1575161000.0,1563660000.0,1563660000.0,0.0,0.0,0.524,734157000.0,2250634000.0,0.0,0.147,6.644,11.234,11.293,0.0,11501000.0,38.96,5.885,5.883,0.0,3504817000.0,2984791000.0,2984791000.0,0.0,0.028,0.676,0.022,0.798,0.0,412978000.0,1.0,450871914.0,450725000.0,460647000.0,6.622,59355350000.0,0.0,805444000.0,0.0,131.689,
73,SLM,MRT,2003-06-30,2003-06-30,2003-06-30,2021-10-20,689220000.0,58182773000.0,55304053250.0,,,0.042,5.233,0.0,597565000.0,597565000.0,0.0,1032894000.0,,23.589,52669084000.0,,,52669084000.0,0.0,0.0,0.0,0.01,0.403,1590484000.0,1590484000.0,0.687,1590484000.0,1590484000.0,1590484000.0,2.25,2.18,2.25,2366172000.0,2108186000.0,2366172000.0,66121511141.0,42.0,41.573,326306000.0,0.722,1.0,2314745000.0,1.0,583676000.0,0.0,109670616000.0,104334177750.0,0.0,50763841000.0,,,55816601000.0,,,17713326141.0,197687000.0,-47026000.0,-666524000.0,2349746000.0,-184036000.0,1453593000.0,-1582212000.0,-1535186000.0,326306000.0,0.0,1032894000.0,1021393000.0,1021393000.0,0.0,0.0,0.441,724261000.0,1590484000.0,0.0,0.179,7.486,17.342,17.409,0.0,11501000.0,39.17,7.652,7.652,0.0,6371995000.0,2314745000.0,2314745000.0,0.0,0.018,0.484,0.015,0.687,0.0,399203000.0,1.0,452216649.0,452174000.0,465132000.0,5.119,57599097000.0,0.0,557590000.0,0.0,127.383,
74,SLM,MRT,2003-03-31,2003-03-31,2003-03-31,2021-10-20,596693000.0,54333776000.0,54230223250.0,,,0.035,4.915,0.0,658142000.0,658142000.0,0.0,786201000.0,,23.21,49066327000.0,,,49066327000.0,0.0,0.0,0.0,0.008,0.3,1212129000.0,1212129000.0,0.633,1212129000.0,1212129000.0,1212129000.0,1.7,1.64,1.7,2244256000.0,1997816750.0,2244256000.0,63919820331.0,53.0,52.734,690002000.0,1.511,1.0,1914465000.0,1.0,579365000.0,0.0,102162596000.0,102709539750.0,0.0,48602463000.0,,,52089520000.0,,,16817052331.0,-37910000.0,-3519000.0,-439843000.0,901866000.0,-137361000.0,282501000.0,-1010413000.0,-1006894000.0,690002000.0,0.0,786201000.0,774700000.0,774700000.0,0.0,0.0,0.405,702336000.0,1212129000.0,0.0,0.176,7.493,21.708,21.745,0.0,11501000.0,36.967,8.784,8.816,0.0,5575368000.0,1914465000.0,1914465000.0,0.0,0.014,0.388,0.012,0.633,0.0,378098000.0,1.0,454924770.0,456581000.0,469696000.0,4.193,53754411000.0,0.0,425928000.0,0.0,117.732,
75,SLM,MRT,2002-12-31,2002-12-31,2002-12-31,2021-10-20,592760000.0,53175005000.0,53757888000.0,,,0.036,4.322,0.0,758302000.0,758302000.0,0.0,791996000.0,,25.615,47861070000.0,,,47861070000.0,0.0,0.0,0.0,0.008,0.283,1223399000.0,1223399000.0,0.639,1223399000.0,1223399000.0,1223399000.0,1.69,1.64,1.69,1997950000.0,1925274250.0,1997950000.0,66239892983.0,54.0,54.144,640643000.0,1.386,1.0,1913171000.0,1.0,586127000.0,0.0,99691646000.0,102170551000.0,0.0,47773221000.0,,,51177055000.0,,,15952698983.0,-32762000.0,-49911000.0,-294794000.0,-225120000.0,-130759000.0,-697589000.0,24184000.0,74095000.0,640643000.0,0.0,791996000.0,780495000.0,780495000.0,0.0,0.0,0.408,689772000.0,1223399000.0,0.0,0.167,7.985,20.439,20.493,0.0,11501000.0,34.633,8.338,8.369,0.0,4863749000.0,1913171000.0,1913171000.0,0.0,0.015,0.405,0.012,0.639,0.0,376382000.0,1.0,460616910.0,462294000.0,474520000.0,4.138,52588878000.0,0.0,431403000.0,0.0,113.756,
76,SLM,MRT,2002-09-30,2002-09-30,2002-09-30,2021-10-20,606838000.0,55524659000.0,53682626500.0,,,0.035,3.956,0.0,533669000.0,533669000.0,0.0,751911000.0,,29.435,50820863000.0,,,50820863000.0,0.0,0.0,0.0,0.011,0.333,1155914000.0,1155914000.0,0.624,1155914000.0,1155914000.0,1155914000.0,1.583,1.537,1.583,1824366000.0,1843902250.0,1824366000.0,63690338597.0,55.0,55.1,852254000.0,1.848,1.0,1852917000.0,1.0,0.0,0.0,105811853000.0,102233335500.0,0.0,7894193000.0,,,53700293000.0,,,14405727597.0,-1371809000.0,-46392000.0,-298353000.0,1565928000.0,-123917000.0,879422000.0,-3103485000.0,-3057093000.0,852254000.0,0.0,751911000.0,740410000.0,740410000.0,0.0,0.0,0.4,694953000.0,1157964000.0,0.0,0.21,7.896,19.456,19.613,0.0,11501000.0,31.047,7.775,7.727,0.0,2452857000.0,1852917000.0,1852917000.0,0.0,0.014,0.402,0.011,0.624,0.0,377212000.0,1.0,464002392.0,461159000.0,461159000.0,4.018,55524659000.0,0.0,404003000.0,0.0,120.402,
77,SLM,MRT,2002-06-30,2002-06-30,2002-06-30,2021-10-20,505635000.0,53887453000.0,53266670500.0,,,0.032,4.158,0.0,327023000.0,327023000.0,0.0,620745000.0,,26.998,49611634000.0,,,49611634000.0,0.0,0.0,0.0,0.01,0.325,969432000.0,969432000.0,0.577,969432000.0,969432000.0,969432000.0,1.307,1.26,1.307,1924695000.0,1715746500.0,1924695000.0,62614145794.0,65.0,64.588,760039000.0,1.642,1.0,1678912000.0,1.0,0.0,0.0,103172064000.0,101078244000.0,0.0,7439043000.0,,,51962758000.0,,,15051939794.0,-314626000.0,-46392000.0,-228092000.0,1927537000.0,-120559000.0,1286378000.0,-2361043000.0,-2314651000.0,760039000.0,0.0,620745000.0,609244000.0,609244000.0,0.0,0.0,0.363,704757000.0,974155000.0,0.0,0.249,7.82,24.706,24.713,0.0,11501000.0,32.3,8.965,8.906,0.0,2548861000.0,1678912000.0,1678912000.0,0.0,0.011,0.355,0.01,0.577,0.0,369319000.0,1.0,466004328.0,462907000.0,475846000.0,3.627,53887453000.0,0.0,348687000.0,0.0,116.411,
78,SLM,MRT,2002-03-31,2002-03-31,2002-03-31,2021-10-20,560148000.0,52444435000.0,52601156500.0,,,0.037,4.185,0.0,594539000.0,594539000.0,0.0,776539000.0,,25.838,48156745000.0,,,48156745000.0,0.0,0.0,0.0,0.01,0.317,1211189000.0,1211189000.0,0.629,1211189000.0,1211189000.0,1211189000.0,1.617,1.56,1.617,1954086000.0,1579114250.0,1954086000.0,62804336701.0,52.0,51.853,1088460000.0,2.331,1.0,1925667000.0,1.0,0.0,0.0,100006641000.0,99810949500.0,0.0,8349054000.0,,,50490349000.0,,,15169166701.0,-293857000.0,-46392000.0,-292489000.0,838919000.0,-117643000.0,143843000.0,-1526160000.0,-1479768000.0,1088460000.0,0.0,776539000.0,765038000.0,765038000.0,0.0,0.0,0.397,707082000.0,1218585000.0,0.0,0.196,7.763,19.828,20.161,0.0,11501000.0,32.6,7.877,7.904,0.0,2456711000.0,1925667000.0,1925667000.0,0.0,0.015,0.484,0.012,0.629,0.0,364379000.0,1.0,465311862.0,466887000.0,479049000.0,4.124,52444435000.0,0.0,434650000.0,0.0,112.328,
79,SLM,MRT,2001-12-31,2001-12-31,2001-12-31,2021-10-20,670199000.0,52873959000.0,52207205000.0,,,0.025,3.504,0.0,715001000.0,715001000.0,0.0,383996000.0,,30.614,48350171000.0,,,48350171000.0,0.0,0.0,0.0,0.011,0.308,607318000.0,607318000.0,0.458,607318000.0,607318000.0,607318000.0,0.78,0.76,0.78,1672462000.0,1392166500.0,1672462000.0,60502480423.0,100.0,99.622,1097283000.0,2.299,1.0,1325042000.0,1.0,566345000.0,0.0,99942784000.0,99093078750.0,0.0,47841169000.0,,,51201497000.0,,,13171828423.0,148065000.0,0.0,-429562000.0,2997773000.0,-114907000.0,2179480000.0,-3128698000.0,-3128698000.0,1097283000.0,0.0,383996000.0,372495000.0,372495000.0,0.0,0.0,0.281,707654000.0,617388000.0,0.0,0.395,7.876,35.361,35.906,0.0,11501000.0,28.007,9.941,10.087,0.0,3927940000.0,1325042000.0,1325042000.0,0.0,0.007,0.268,0.006,0.458,0.0,362904000.0,1.0,470310465.0,477233000.0,490199000.0,2.777,52307614000.0,0.0,223322000.0,0.0,109.606,
80,SLM,MRT,2001-09-30,2001-09-30,2001-09-30,2021-10-20,706028000.0,53860835000.0,51186662250.0,,,0.021,2.784,0.0,2073010000.0,2073010000.0,0.0,216708000.0,,39.734,49403662000.0,,,49403662000.0,0.0,0.0,0.0,0.008,0.233,348270000.0,348270000.0,0.33,348270000.0,348270000.0,348270000.0,0.413,0.383,0.413,1311743000.0,1274414250.0,1311743000.0,60186532928.0,173.0,172.816,568226000.0,1.206,1.0,1055027000.0,1.0,0.0,0.0,101191487000.0,97465444500.0,0.0,5920783000.0,,,52121326000.0,,,13309043928.0,1368451000.0,0.0,-209078000.0,7005262000.0,-112447000.0,6571846000.0,-5771621000.0,-5771621000.0,568226000.0,0.0,216708000.0,205218000.0,205218000.0,0.0,0.0,0.195,696064000.0,358963000.0,0.0,0.564,10.146,64.853,66.917,0.0,11490000.0,27.637,12.615,12.344,0.0,1836364000.0,1055027000.0,1055027000.0,0.0,0.004,0.161,0.004,0.33,0.0,345324000.0,1.0,481571967.0,471222000.0,471222000.0,2.239,53860835000.0,0.0,131562000.0,0.0,114.3,
81,SLM,MRT,2001-06-30,2001-06-30,2001-06-30,2021-10-20,485100000.0,51225397000.0,49132457000.0,,,0.031,2.859,0.0,809181000.0,809181000.0,0.0,502471000.0,,35.859,47686670000.0,,,47686670000.0,0.0,0.0,0.0,0.009,0.228,778502000.0,778502000.0,0.512,778502000.0,778502000.0,778502000.0,1.017,0.983,1.017,1378166000.0,1226827750.0,1378166000.0,58163249137.0,75.0,74.712,488439000.0,1.013,1.0,1521263000.0,1.0,0.0,0.0,98102886000.0,94008116500.0,0.0,5956690000.0,,,49419465000.0,,,11896720137.0,552402000.0,-448754000.0,149390000.0,5503465000.0,-111098000.0,5465311000.0,-5401348000.0,-4952594000.0,488439000.0,0.0,502471000.0,490991000.0,490991000.0,0.0,0.0,0.323,732067000.0,789196000.0,0.0,0.224,8.632,24.23,23.927,0.0,11480000.0,24.333,7.82,7.712,0.0,2060176000.0,1521263000.0,1521263000.0,0.0,0.01,0.4,0.008,0.512,0.0,343616000.0,1.0,488906307.0,482121000.0,499224000.0,3.155,51225397000.0,0.0,276031000.0,0.0,106.25,
82,SLM,MRT,2001-03-31,2001-03-31,2001-03-31,2021-10-20,440228000.0,50868629000.0,46213479250.0,,,0.026,2.466,0.0,1055928000.0,1055928000.0,0.0,341170000.0,,40.815,47322457000.0,,,47322457000.0,0.0,0.0,0.0,0.009,0.223,522428000.0,522428000.0,0.439,522428000.0,522428000.0,522428000.0,0.687,0.667,0.687,1206295000.0,1063318250.0,1206295000.0,53637118402.0,103.0,102.669,493109000.0,1.008,1.0,1189966000.0,1.0,0.0,0.0,97135158000.0,88621324500.0,0.0,6554887000.0,,,49234568000.0,,,11918957402.0,950156000.0,-448754000.0,206083000.0,4313885000.0,-108000000.0,4335511000.0,-3878464000.0,-3429710000.0,493109000.0,0.0,341170000.0,329679000.0,329679000.0,0.0,0.0,0.277,656844000.0,533122000.0,0.0,0.325,9.881,36.153,35.25,0.0,11491000.0,24.217,10.016,9.955,0.0,1809316000.0,1189966000.0,1189966000.0,0.0,0.007,0.31,0.006,0.439,0.0,306286000.0,1.0,492179934.0,489153000.0,509817000.0,2.433,50868629000.0,0.0,181258000.0,0.0,103.993,
83,SLM,MRT,2000-12-31,2000-12-31,2000-12-31,2021-10-20,311301000.0,48791788000.0,43555046500.0,,,0.03,2.511,0.0,734468000.0,734468000.0,0.0,465017000.0,,39.255,45374927000.0,,,45374927000.0,0.0,0.0,0.0,0.01,0.218,700897000.0,700897000.0,0.54,700897000.0,700897000.0,700897000.0,0.947,0.92,0.947,1201453000.0,936405250.0,1201453000.0,52874239504.0,75.0,75.438,744647000.0,1.556,1.0,1297301000.0,1.0,0.0,0.0,93432247000.0,83892035750.0,0.0,7018442000.0,,,47162569000.0,,,11156078504.0,144718000.0,-448754000.0,276955000.0,-1547585000.0,-104627000.0,-1451746000.0,851817000.0,1300571000.0,744647000.0,0.0,465017000.0,453495000.0,453495000.0,0.0,0.0,0.35,585710000.0,711591000.0,0.0,0.23,9.285,24.6,23.935,0.0,11522000.0,22.667,8.599,8.359,0.0,1810902000.0,1297301000.0,1297301000.0,0.0,0.01,0.484,0.008,0.54,0.0,267590000.0,1.0,492179934.0,478446000.0,493065000.0,2.711,48791788000.0,0.0,235880000.0,0.0,101.98,
84,SLM,MRT,2000-09-30,2000-09-30,2000-09-30,2021-10-20,298974000.0,45644014000.0,42363295500.0,,,0.03,2.327,0.0,704559000.0,704559000.0,0.0,508315000.0,,39.321,42422720000.0,,,42422720000.0,0.0,0.0,0.0,0.013,0.213,760570000.0,760570000.0,0.596,760570000.0,760570000.0,760570000.0,1.053,1.027,1.053,1121397000.0,792799750.0,1121397000.0,44480849320.0,58.0,58.484,665439000.0,1.381,1.0,1277034000.0,1.0,0.0,0.0,87362175000.0,81889612000.0,0.0,4796319000.0,,,44094851000.0,,,7474617320.0,586340000.0,-448754000.0,310963000.0,-4433535000.0,-101419000.0,-4234086000.0,4154987000.0,4603741000.0,665439000.0,0.0,508315000.0,498219000.0,498219000.0,0.0,0.0,0.39,505770000.0,771264000.0,0.0,0.202,6.665,15.003,15.245,0.0,10096000.0,16.053,5.853,6.059,0.0,1743593000.0,1277034000.0,1277034000.0,0.0,0.012,0.628,0.009,0.596,0.0,187945000.0,1.0,465611544.0,481956000.0,489837000.0,2.65,45644014000.0,0.0,252255000.0,0.0,94.706,
85,SLM,MRT,2000-06-30,2000-06-30,2000-06-30,2021-10-20,295378000.0,39549486000.0,41904039250.0,,,0.028,1.546,0.0,256779000.0,256779000.0,0.0,537502000.0,,53.026,37263011000.0,,,37263011000.0,0.0,0.0,0.0,0.017,0.21,801468000.0,801468000.0,0.674,801468000.0,801468000.0,801468000.0,1.12,1.093,1.12,724128000.0,617414750.0,724128000.0,43846365724.0,55.0,54.708,398249000.0,0.85,1.0,1189336000.0,1.0,0.0,0.0,76555718000.0,81451576000.0,0.0,4850534000.0,,,38397592000.0,,,5863260724.0,201786000.0,-317722000.0,-116782000.0,-2738314000.0,-99266000.0,-2961593000.0,2765130000.0,3082852000.0,398249000.0,0.0,537502000.0,530271000.0,530271000.0,0.0,0.0,0.446,377174000.0,812162000.0,0.0,0.188,8.097,11.057,11.143,0.0,7231000.0,12.48,4.93,4.914,0.0,1680283000.0,1189336000.0,1189336000.0,0.0,0.013,0.859,0.01,0.674,0.0,150679000.0,1.0,469812558.0,468270000.0,485907000.0,2.54,39549486000.0,0.0,263966000.0,0.0,84.459,
86,SLM,MRT,2000-03-31,2000-03-31,2000-03-31,2021-10-20,295371000.0,40234898000.0,41981389500.0,,,0.028,1.481,0.0,105772000.0,105772000.0,0.0,540671000.0,,55.978,38088877000.0,,,38088877000.0,0.0,0.0,0.0,0.019,0.207,802354000.0,802354000.0,0.679,802354000.0,802354000.0,802354000.0,1.127,1.103,1.127,698643000.0,547757750.0,698643000.0,46633115756.0,58.0,58.12,13531000.0,0.029,1.0,1181589000.0,1.0,0.0,0.0,78218003000.0,81753468500.0,0.0,4999970000.0,,,39108489000.0,,,5235347756.0,-48929000.0,-317722000.0,-137710000.0,-715304000.0,-98409000.0,-955768000.0,893308000.0,1211030000.0,13531000.0,0.0,540671000.0,536326000.0,536326000.0,0.0,0.0,0.454,368540000.0,813049000.0,0.0,0.184,7.494,9.762,9.852,0.0,4345000.0,11.103,4.431,4.432,0.0,1587637000.0,1181589000.0,1181589000.0,0.0,0.013,0.979,0.01,0.679,0.0,148282000.0,1.0,471511356.0,471591000.0,486768000.0,2.506,40234898000.0,0.0,261683000.0,0.0,85.317,
87,SLM,MRT,1999-12-31,1999-12-31,1999-12-31,2021-10-20,297735000.0,44024784000.0,41631856500.0,,,0.027,1.302,0.0,589750000.0,589750000.0,0.0,500831000.0,,68.529,41987518000.0,,,41987518000.0,0.0,0.0,0.0,0.014,0.203,740958000.0,740958000.0,0.667,740958000.0,740958000.0,740958000.0,1.037,1.02,1.037,627031000.0,484713750.0,627031000.0,48524318354.0,65.0,65.489,338224000.0,0.702,1.0,1110222000.0,1.0,0.0,0.0,85422552000.0,81060046500.0,0.0,6212721000.0,,,42969987000.0,,,6721276354.0,473838000.0,-317722000.0,-140408000.0,4546486000.0,-97693000.0,4306947000.0,-4171333000.0,-3853611000.0,338224000.0,0.0,500831000.0,499393000.0,499393000.0,0.0,0.0,0.45,358570000.0,751652000.0,0.0,0.196,10.719,13.459,13.581,0.0,1438000.0,14.083,6.054,6.111,0.0,1462034000.0,1110222000.0,1110222000.0,0.0,0.012,1.03,0.009,0.667,0.0,138571000.0,1.0,477250392.0,481731000.0,489474000.0,2.305,44024784000.0,0.0,240127000.0,0.0,91.389,
88,SLM,MRT,1999-09-30,1999-09-30,1999-09-30,2021-10-20,305197000.0,43806989000.0,39928162750.0,,,0.026,0.877,0.0,118219000.0,118219000.0,0.0,469290000.0,,102.319,41921261000.0,,,41921261000.0,0.0,0.0,0.0,0.014,0.2,690540000.0,690540000.0,0.654,690540000.0,690540000.0,690540000.0,0.967,0.953,0.967,419857000.0,437891750.0,419857000.0,44823441044.0,65.0,64.911,102264000.0,0.214,1.0,1055167000.0,1.0,0.0,0.0,85610031000.0,77827708000.0,0.0,4604330000.0,,,42959366000.0,,,6919040044.0,37115000.0,-317722000.0,-309909000.0,6122596000.0,-97019000.0,5715668000.0,-5780817000.0,-5463095000.0,102264000.0,0.0,469290000.0,469290000.0,469290000.0,0.0,0.0,0.445,353933000.0,701234000.0,0.0,0.207,16.48,14.744,14.822,0.0,0.0,14.333,6.557,6.506,0.0,1346793000.0,1055167000.0,1055167000.0,0.0,0.012,1.072,0.009,0.654,0.0,184493000.0,1.0,482723724.0,478983000.0,486909000.0,2.203,43806989000.0,0.0,221250000.0,0.0,91.458,
89,SLM,MRT,1999-06-30,1999-06-30,1999-06-30,2021-10-20,330973000.0,39858887000.0,37962156750.0,,,0.027,0.92,0.0,54993000.0,54993000.0,0.0,455697000.0,,87.51,37959394000.0,,,37959394000.0,0.0,0.0,0.0,0.013,0.197,669910000.0,669910000.0,0.651,669910000.0,669910000.0,669910000.0,0.93,0.917,0.93,445500000.0,446048750.0,445500000.0,44068962465.0,66.0,65.783,434722000.0,0.898,1.0,1029557000.0,1.0,0.0,0.0,77763288000.0,73829848750.0,0.0,4644263000.0,,,38985621000.0,,,7461413465.0,-5372000.0,0.0,-289696000.0,4728127000.0,-96336000.0,4342095000.0,-4782189000.0,-4782189000.0,434722000.0,0.0,455697000.0,455697000.0,455697000.0,0.0,0.0,0.443,348953000.0,680604000.0,0.0,0.212,16.748,16.374,16.419,0.0,0.0,15.27,7.247,7.179,0.0,1249278000.0,1029557000.0,1029557000.0,0.0,0.012,1.022,0.009,0.651,0.0,180805000.0,1.0,488632185.0,484032000.0,491409000.0,2.127,39858887000.0,0.0,214213000.0,0.0,82.348,
90,SLM,MRT,1999-03-31,1999-03-31,1999-03-31,2021-10-20,343402000.0,38836766000.0,36809963000.0,,,0.029,0.912,0.0,154701000.0,154701000.0,0.0,476265000.0,,85.029,36762250000.0,,,36762250000.0,0.0,0.0,0.0,0.014,0.193,701220000.0,701220000.0,0.656,701220000.0,701220000.0,701220000.0,0.96,0.943,0.96,446467000.0,438798000.0,446467000.0,42085539713.0,60.0,60.018,437877000.0,0.895,1.0,1068189000.0,1.0,0.0,0.0,75444315000.0,71494280250.0,0.0,4896972000.0,,,37962533000.0,,,6802350713.0,87093000.0,0.0,-311388000.0,452181000.0,-95660000.0,45133000.0,-395917000.0,-395917000.0,437877000.0,0.0,476265000.0,476265000.0,476265000.0,0.0,0.0,0.446,356275000.0,711914000.0,0.0,0.201,15.236,14.283,14.497,0.0,0.0,13.917,6.368,6.377,0.0,1149720000.0,1068189000.0,1068189000.0,0.0,0.013,1.085,0.01,0.656,0.0,185182000.0,1.0,488791668.0,489492000.0,497037000.0,2.182,38836766000.0,0.0,224955000.0,0.0,79.341,
91,SLM,MRT,1998-12-31,1998-12-31,1998-12-31,2021-10-20,371739000.0,37210009000.0,36700968000.0,,,0.03,0.874,0.0,115912000.0,115912000.0,0.0,501464000.0,,82.645,35399101000.0,,,35399101000.0,0.0,0.0,0.0,0.012,0.19,739437000.0,739437000.0,0.666,739437000.0,739437000.0,739437000.0,0.997,0.983,0.997,439743000.0,429068500.0,439743000.0,41629643720.0,56.0,56.299,119601000.0,0.238,1.0,1111000000.0,1.0,0.0,0.0,72493198000.0,71294013250.0,0.0,5170836000.0,,,36342500000.0,,,7954014720.0,61890000.0,0.0,-420148000.0,-2317724000.0,-95265000.0,-2833137000.0,2775426000.0,2775426000.0,119601000.0,0.0,501464000.0,501464000.0,501464000.0,0.0,0.0,0.451,360869000.0,750131000.0,0.0,0.191,18.088,15.862,16.048,0.0,0.0,16.0,7.159,7.245,0.0,1060334000.0,1111000000.0,1111000000.0,0.0,0.014,1.169,0.01,0.666,0.0,189917000.0,1.0,497125920.0,503052000.0,510198000.0,2.209,37210009000.0,0.0,237973000.0,0.0,73.969,
92,SLM,MRT,1998-09-30,1998-09-30,1998-09-30,2021-10-20,400187000.0,35942965000.0,37356356500.0,,,0.047,0.907,0.0,81104000.0,81104000.0,0.0,523699000.0,,77.489,33756733000.0,,,33756733000.0,0.0,0.0,0.0,0.017,0.187,775111000.0,775111000.0,0.446,775111000.0,775111000.0,775111000.0,1.027,1.01,1.027,452485000.0,434305000.0,452485000.0,38603819093.0,50.0,49.804,78864000.0,0.158,1.0,1737748000.0,1.0,0.0,0.0,69618594000.0,72544305250.0,0.0,5616986000.0,,,35062714000.0,,,5432917093.0,-11013000.0,0.0,-488716000.0,-6774214000.0,-95049000.0,-7357979000.0,7268102000.0,7268102000.0,78864000.0,0.0,523699000.0,523699000.0,523699000.0,0.0,0.0,0.301,375114000.0,1362634000.0,0.0,0.182,12.007,10.374,10.529,0.0,0.0,10.813,3.126,3.104,0.0,974522000.0,1737748000.0,1737748000.0,0.0,0.014,1.206,0.011,0.446,0.0,193770000.0,1.0,502427598.0,498894000.0,505890000.0,3.483,35942965000.0,0.0,251412000.0,0.0,72.045,
93,SLM,MRT,1998-06-30,1998-06-30,1998-06-30,2021-10-20,371635000.0,35250112000.0,39125160000.0,,,0.044,0.825,0.0,60365000.0,60365000.0,0.0,558480000.0,,82.608,33231267000.0,,,33231267000.0,0.0,0.0,0.0,0.011,0.182,830226000.0,830226000.0,0.486,830226000.0,830226000.0,830226000.0,1.073,1.057,1.073,416497000.0,439659500.0,416497000.0,44573474467.0,54.0,53.688,-111816000.0,-0.221,1.0,1708926000.0,1.0,0.0,0.0,68421014000.0,76003909000.0,0.0,5939443000.0,,,34405849000.0,,,8331013467.0,-2163074000.0,0.0,-715620000.0,-12107614000.0,-94465000.0,-12917699000.0,10866441000.0,10866441000.0,-111816000.0,0.0,558480000.0,558480000.0,558480000.0,0.0,0.0,0.327,461519000.0,1247407000.0,0.0,0.17,20.003,14.917,15.222,0.0,0.0,16.333,4.875,4.825,0.0,889917000.0,1708926000.0,1708926000.0,0.0,0.014,1.27,0.011,0.486,0.0,219899000.0,1.0,510062049.0,504846000.0,513324000.0,3.385,35250112000.0,0.0,271746000.0,0.0,69.823,
94,SLM,MRT,1998-03-31,1998-03-31,1998-03-31,2021-10-20,373701000.0,38400786000.0,42287361500.0,,,0.035,0.791,0.0,67608000.0,67608000.0,0.0,530740000.0,,92.174,36310069000.0,,,36310069000.0,0.0,0.0,0.0,0.012,0.177,784252000.0,784252000.0,0.531,784252000.0,784252000.0,784252000.0,0.997,0.987,0.997,407549000.0,492711000.0,407549000.0,45135066983.0,58.0,57.552,-334659000.0,-0.65,1.0,1477041000.0,1.0,0.0,0.0,74643247000.0,81652245500.0,0.0,6677213000.0,,,37565471000.0,,,7472263983.0,-8040000.0,0.0,-666044000.0,-7187178000.0,-94208000.0,-7947430000.0,8274049000.0,8274049000.0,-334659000.0,0.0,530740000.0,530740000.0,530740000.0,0.0,0.0,0.359,483070000.0,993971000.0,0.0,0.178,18.335,14.079,14.587,0.0,0.0,14.543,5.059,5.073,0.0,769115000.0,1477041000.0,1477041000.0,0.0,0.013,1.077,0.01,0.531,0.0,221684000.0,1.0,513793077.0,515202000.0,522285000.0,2.867,38400786000.0,0.0,253512000.0,0.0,74.535,
95,SLM,MRT,1997-12-31,1997-12-31,1997-12-31,2021-10-20,378736000.0,39831563000.0,43730726500.0,,,0.029,0.846,0.0,54022000.0,54022000.0,0.0,507895000.0,,84.532,37716825000.0,,,37716825000.0,0.0,0.0,0.0,0.013,0.172,749054000.0,749054000.0,0.598,749054000.0,749054000.0,749054000.0,0.933,0.927,0.933,460689000.0,540376500.0,460689000.0,47458777598.0,63.0,63.358,59050000.0,0.108,1.0,1253515000.0,1.0,0.0,0.0,77494366000.0,84988611000.0,0.0,6450955000.0,,,38943108000.0,,,7019947598.0,-216865000.0,0.0,-615533000.0,-7407028000.0,-93630000.0,-8116191000.0,7840276000.0,7840276000.0,59050000.0,0.0,507895000.0,507895000.0,507895000.0,0.0,0.0,0.405,493767000.0,759748000.0,0.0,0.184,15.238,13.822,14.199,0.0,0.0,13.248,5.6,5.756,0.0,654135000.0,1253515000.0,1253515000.0,0.0,0.012,0.94,0.009,0.598,0.0,224554000.0,1.0,529902586.0,544662000.0,548823000.0,2.301,39831563000.0,0.0,241159000.0,0.0,73.131,
96,SLM,MRT,1997-09-30,1997-09-30,1997-09-30,2021-10-20,361540000.0,43018179000.0,,,,,0.874,0.0,92117000.0,92117000.0,0.0,484861000.0,,88.872,40530947000.0,,,40530947000.0,0.0,0.0,0.0,0.011,0.168,707053000.0,707053000.0,0.546,707053000.0,707053000.0,707053000.0,0.873,,0.873,473903000.0,,473903000.0,,,,590251000.0,1.089,1.0,1293801000.0,1.0,0.0,0.0,83457009000.0,,0.0,8115753000.0,,,42116510000.0,,,7725000000.0,-393408000.0,0.0,-544089000.0,-4720925000.0,-93025000.0,-5358039000.0,4374380000.0,4374380000.0,590251000.0,0.0,484861000.0,484861000.0,484861000.0,0.0,0.0,0.375,496446000.0,797355000.0,0.0,0.192,16.301,15.932,16.855,0.0,0.0,14.714,5.971,6.164,0.0,572020000.0,1293801000.0,1293801000.0,0.0,,,,0.546,0.0,228238000.0,1.0,525000000.0,541947000.0,,2.387,43018179000.0,0.0,222192000.0,0.0,79.377,
97,SLM,MRT,1997-06-30,1997-06-30,1997-06-30,2021-10-20,344628000.0,47898918000.0,,,,,1.138,0.0,2223439000.0,2223439000.0,0.0,440842000.0,,74.506,45338881000.0,,,45338881000.0,0.0,0.0,0.0,0.014,0.164,635090000.0,635090000.0,0.572,635090000.0,635090000.0,635090000.0,0.78,,0.78,628703000.0,,628703000.0,,,,220316000.0,0.399,1.0,1110321000.0,1.0,0.0,0.0,91014360000.0,,0.0,9723134000.0,,,46842449000.0,,,6350000000.0,1911906000.0,0.0,-318168000.0,433533000.0,-92387000.0,22978000.0,1668612000.0,1668612000.0,220316000.0,0.0,440842000.0,440842000.0,440842000.0,0.0,0.0,0.397,423576000.0,686745000.0,0.0,0.21,10.1,14.404,15.507,0.0,0.0,12.095,5.719,6.02,0.0,1194769000.0,1110321000.0,1110321000.0,0.0,,,,0.572,0.0,207032000.0,1.0,525000000.0,552657000.0,,2.009,47898918000.0,0.0,194248000.0,0.0,86.67,
98,SLM,MRT,1997-03-31,1997-03-31,1997-03-31,2021-10-20,,,,,,,,,,,,,,,,,,,,,,0.018,0.16,,,,,,,,,,,,,,,,,,1.0,,,,,,,,,,,,,,4762500000.0,,,,,,,,,,,,,,,,,,,,,,,,,,9.071,,,,,,,,,,,,,,1.0,525000000.0,560052000.0,,,,,,,,
99,SLM,MRT,1996-12-31,1996-12-31,1996-12-31,2021-10-20,349235000.0,47629890000.0,48815812500.0,,,0.021,1.063,0.0,270887000.0,270887000.0,0.0,408716000.0,,75.125,45123853000.0,,,45123853000.0,0.0,0.0,0.0,0.018,0.156,589633000.0,589633000.0,0.586,589633000.0,589633000.0,589633000.0,0.7,0.697,0.7,620064000.0,636751500.0,620064000.0,,,,222774000.0,0.382,1.0,1005979000.0,1.0,0.0,0.0,92482856000.0,94380643000.0,0.0,8908913000.0,,,46582060000.0,,,,-982033000.0,0.0,-329486000.0,-2405762000.0,-90994000.0,-2826242000.0,1621435000.0,1621435000.0,222774000.0,0.0,408716000.0,408716000.0,408716000.0,0.0,0.0,0.406,405652000.0,600327000.0,0.0,0.223,,,12.669,0.0,0.0,8.869,,5.143,0.0,975889000.0,1005979000.0,1005979000.0,0.0,0.008,0.642,0.006,0.586,0.0,206347000.0,1.0,,583398000.0,586017000.0,1.724,47629890000.0,0.0,180917000.0,0.0,81.642,
100,SLM,MRT,1996-09-30,1996-09-30,1996-09-30,2021-10-20,,,,,,,,,,,,,,,,,,,,,,0.021,0.152,,,,,,,,,,,,,,,,,,1.0,,,,,,,,,,,,,,,,,,,,,,,,,,,,,,,,,,,,,,,,7.108,,,,,,,,,,,,,,1.0,,,,,,,,,,
101,SLM,MRT,1995-12-31,1995-12-31,1995-12-31,2021-10-20,370846000.0,50001735000.0,,,,,,0.0,1252920000.0,1252920000.0,0.0,355585000.0,,74.866,47529615000.0,,,47529615000.0,0.0,0.0,0.0,0.023,0.144,496848000.0,496848000.0,9.856,496848000.0,496848000.0,496848000.0,0.503,0.503,0.503,653439000.0,,653439000.0,,,,175218000.0,,1.0,50413000.0,1.0,0.0,0.0,96278430000.0,,0.0,8926289000.0,,,48920530000.0,,,,-1008602000.0,0.0,-846810000.0,-2805424000.0,-100250000.0,-3752484000.0,2568664000.0,2568664000.0,175218000.0,0.0,355585000.0,355585000.0,355585000.0,0.0,0.0,7.053,438701000.0,-388288000.0,0.0,0.286,,,12.496,0.0,0.0,6.286,,,0.0,2728383000.0,50413000.0,50413000.0,0.0,,,,9.856,0.0,211787000.0,1.0,,,,,50001735000.0,0.0,141263000.0,0.0,,
102,SLM,MRT,1994-12-31,1994-12-31,1994-12-31,2021-10-20,,,,,,,,0.0,,,0.0,409509000.0,,,,,,,,0.0,,0.044,0.135,585424000.0,585424000.0,42.413,585424000.0,585424000.0,585424000.0,0.489,,0.489,,,,,,,456469000.0,,1.0,13803000.0,1.0,,0.0,,,,,,,,,,,1148891000.0,0.0,-387526000.0,5791109000.0,-112946000.0,5290637000.0,-4598215000.0,-4598215000.0,456469000.0,0.0,409509000.0,409509000.0,409509000.0,0.0,0.0,29.668,389942000.0,-376139000.0,,0.276,,,6.33,,0.0,3.095,,,,,13803000.0,13803000.0,0.0,,,,42.413,0.0,196022000.0,1.0,,,,,,,175915000.0,,,
