None,ticker,dimension,calendardate,datekey,reportperiod,lastupdated,accoci,assets,assetsavg,assetsc,assetsnc,assetturnover,bvps,capex,cashneq,cashnequsd,cor,consolinc,currentratio,de,debt,debtc,debtnc,debtusd,deferredrev,depamor,deposits,divyield,dps,ebit,ebitda,ebitdamargin,ebitdausd,ebitusd,ebt,eps,epsdil,epsusd,equity,equityavg,equityusd,ev,evebit,evebitda,fcf,fcfps,fxusd,gp,grossmargin,intangibles,intexp,invcap,invcapavg,inventory,investments,investmentsc,investmentsnc,liabilities,liabilitiesc,liabilitiesnc,marketcap,ncf,ncfbus,ncfcommon,ncfdebt,ncfdiv,ncff,ncfi,ncfinv,ncfo,ncfx,netinc,netinccmn,netinccmnusd,netincdis,netincnci,netmargin,opex,opinc,payables,payoutratio,pb,pe,pe1,ppnenet,prefdivis,price,ps,ps1,receivables,retearn,revenue,revenueusd,rnd,roa,roe,roic,ros,sbcomp,sgna,sharefactor,sharesbas,shareswa,shareswadil,sps,tangibles,taxassets,taxexp,taxliabilities,tbvps,workingcapital
0,PCAR,MRY,2020-12-31,2020-12-31,2020-12-31,2021-09-08,-1050300000.0,28260000000.0,27298700000.0,7769000000.0,20491000000.0,0.686,29.96,-1638400000.0,3539600000.0,3539600000.0,15076400000.0,1298400000.0,2.125,1.72,10853300000.0,0.0,10853300000.0,10853300000.0,457400000.0,1049000000.0,0.0,0.023,1.98,1850000000.0,2899000000.0,0.155,2899000000.0,1850000000.0,1657900000.0,3.74,3.74,3.74,10390000000.0,9997150000.0,10390000000.0,36938926117.0,20.0,12.742,1348800000.0,3.889,1.0,3652100000.0,0.195,0.0,192100000.0,31917200000.0,31306900000.0,1221900000.0,13249700000.0,1429000000.0,11820700000.0,17870000000.0,3656500000.0,14213500000.0,29890826117.0,-635500000.0,601900000.0,11600000.0,-580300000.0,-1239800000.0,-1808500000.0,-1875800000.0,-856600000.0,2987200000.0,61600000.0,1298400000.0,1298400000.0,1298400000.0,0.0,0.0,0.069,1892100000.0,1760000000.0,3974900000.0,0.529,2.877,23.021,23.07,6855100000.0,0.0,86.28,1.596,1.598,1197500000.0,11005200000.0,18728500000.0,18728500000.0,273900000.0,0.048,0.13,0.059,0.099,0.0,581400000.0,1.0,346439802.0,346800000,347400000.0,54.004,28260000000.0,0.0,359500000.0,854600000.0,81.488,4112500000.0
1,PCAR,MRY,2019-12-31,2019-12-31,2019-12-31,2021-09-08,-1100100000.0,28361100000.0,27363500000.0,8016700000.0,20344400000.0,0.936,27.98,-1970800000.0,4175100000.0,4175100000.0,20555600000.0,2387900000.0,2.009,1.922,11222700000.0,0.0,11222700000.0,11222700000.0,587300000.0,1077300000.0,0.0,0.045,3.58,3329700000.0,4407000000.0,0.172,4407000000.0,3329700000.0,3099200000.0,6.88,6.87,6.88,9706100000.0,9602425000.0,9706100000.0,34545103184.0,10.0,7.839,889500000.0,2.564,1.0,5044100000.0,0.197,0.0,230500000.0,31418000000.0,30987275000.0,1153200000.0,13248100000.0,1162100000.0,12086000000.0,18655000000.0,3990700000.0,14664300000.0,27358603184.0,739200000.0,638100000.0,-49400000.0,1271400000.0,-1138600000.0,83400000.0,-2207400000.0,-875800000.0,2860300000.0,2900000.0,2387900000.0,2387900000.0,2387900000.0,0.0,0.0,0.093,1838700000.0,3205400000.0,3823200000.0,0.52,2.819,11.457,11.497,6531900000.0,0.0,79.1,1.069,1.072,1306100000.0,10398500000.0,25599700000.0,25599700000.0,326600000.0,0.087,0.249,0.107,0.13,0.0,698500000.0,1.0,345873618.0,346900000,347500000.0,73.796,28361100000.0,0.0,711300000.0,790200000.0,81.756,4026000000.0
2,PCAR,MRY,2018-12-31,2018-12-31,2018-12-31,2021-09-08,-1098500000.0,25482400000.0,24630825000.0,7163400000.0,18319000000.0,0.954,24.481,-1952300000.0,3435900000.0,3435900000.0,18925000000.0,2195100000.0,1.924,1.966,9950500000.0,0.0,9950500000.0,9950500000.0,842400000.0,1054100000.0,0.0,0.054,3.09,2997100000.0,4051200000.0,0.172,4051200000.0,2997100000.0,2810200000.0,6.25,6.24,6.25,8592900000.0,8777650000.0,8592900000.0,26639627099.0,9.0,6.576,1040000000.0,2.963,1.0,4570700000.0,0.195,0.0,186900000.0,28274200000.0,27991975000.0,1184700000.0,11861200000.0,1020400000.0,10840800000.0,16889500000.0,3722800000.0,13166700000.0,19966727099.0,1071200000.0,653700000.0,-335100000.0,1210500000.0,-804300000.0,71100000.0,-1930700000.0,-630200000.0,2992300000.0,-61500000.0,2195100000.0,2195100000.0,2195100000.0,0.0,0.0,0.093,1695300000.0,2875400000.0,3550900000.0,0.494,2.324,9.096,9.142,6122500000.0,0.0,57.14,0.85,0.854,1314400000.0,9275400000.0,23495700000.0,23495700000.0,306100000.0,0.089,0.25,0.107,0.128,0.0,644700000.0,1.0,349435196.0,351000000,351800000.0,66.939,25482400000.0,0.0,615100000.0,704900000.0,72.599,3440600000.0
3,PCAR,MRY,2017-12-31,2017-12-31,2017-12-31,2021-09-08,-793600000.0,23440200000.0,22409275000.0,6082600000.0,17357600000.0,0.868,22.877,-1846600000.0,2364700000.0,2364700000.0,15628900000.0,1675200000.0,2.033,1.912,8879400000.0,0.0,8879400000.0,8879400000.0,1339000000.0,1107500000.0,0.0,0.031,2.19,2322900000.0,3430400000.0,0.176,3430400000.0,2322900000.0,2173300000.0,4.76,4.75,4.76,8050500000.0,7641475000.0,8050500000.0,31511151239.0,14.0,9.186,869200000.0,2.47,1.0,3827500000.0,0.197,0.0,149600000.0,26963300000.0,26310175000.0,928400000.0,11064200000.0,1367100000.0,9697100000.0,15389700000.0,2991600000.0,12398100000.0,24992451239.0,449000000.0,470700000.0,39300000.0,125200000.0,-558300000.0,-393800000.0,-1964600000.0,-588700000.0,2715800000.0,91600000.0,1675200000.0,1675200000.0,1675200000.0,0.0,0.0,0.086,1586300000.0,2241200000.0,3035700000.0,0.46,3.104,14.919,14.933,6606400000.0,0.0,71.08,1.285,1.286,1127900000.0,8369100000.0,19456400000.0,19456400000.0,264700000.0,0.075,0.219,0.088,0.119,0.0,571800000.0,1.0,351610175.0,351900000,352900000.0,55.29,23440200000.0,0.0,498100000.0,773700000.0,66.61,3091000000.0
4,PCAR,MRY,2016-12-31,2016-12-31,2016-12-31,2021-09-08,-1128100000.0,20638900000.0,21097975000.0,4738200000.0,15900700000.0,0.807,19.304,-1964900000.0,1915700000.0,1915700000.0,13533600000.0,521700000.0,2.111,2.045,8475200000.0,0.0,8475200000.0,8475200000.0,1072600000.0,993100000.0,0.0,0.024,1.56,1257600000.0,2250700000.0,0.132,2250700000.0,1257600000.0,1130400000.0,1.49,1.48,1.49,6777600000.0,6702175000.0,6777600000.0,29141731617.0,23.0,12.948,335900000.0,0.957,1.0,3499700000.0,0.205,0.0,127200000.0,24953900000.0,24938700000.0,727800000.0,9978300000.0,1140900000.0,8837400000.0,13861300000.0,2244500000.0,11616800000.0,22399331617.0,-100700000.0,433800000.0,-41100000.0,46900000.0,-829300000.0,-823500000.0,-1564300000.0,-33700000.0,2300800000.0,-13700000.0,521700000.0,521700000.0,521700000.0,0.0,0.0,0.031,2276600000.0,1223100000.0,2429100000.0,1.047,3.305,42.935,42.886,5897800000.0,0.0,63.9,1.315,1.317,862200000.0,7484900000.0,17033300000.0,17033300000.0,247200000.0,0.025,0.078,0.05,0.074,0.0,542800000.0,1.0,350537271.0,351100000,351800000.0,48.514,20638900000.0,0.0,608700000.0,934900000.0,58.784,2493700000.0
5,PCAR,MRY,2015-12-31,2015-12-31,2015-12-31,2021-09-08,-1017000000.0,21109800000.0,21092925000.0,5299200000.0,15810600000.0,0.906,19.572,-1725200000.0,2016400000.0,2016400000.0,15292100000.0,1604000000.0,2.067,2.042,8591500000.0,0.0,8591500000.0,8591500000.0,1047400000.0,907100000.0,0.0,0.049,2.32,2455100000.0,3362200000.0,0.176,3362200000.0,2455100000.0,2337100000.0,4.52,4.51,4.52,6940400000.0,7058600000.0,6940400000.0,23307802645.0,9.0,6.932,830800000.0,2.343,1.0,3823000000.0,0.2,0.0,118000000.0,25120600000.0,25121300000.0,796500000.0,10751700000.0,1448100000.0,9303600000.0,14169400000.0,2564300000.0,11605100000.0,16753802645.0,278800000.0,448800000.0,-179800000.0,663800000.0,-680500000.0,-196500000.0,-1974900000.0,-701600000.0,2556000000.0,-105800000.0,1604000000.0,1604000000.0,1604000000.0,0.0,0.0,0.084,1377400000.0,2445600000.0,2428600000.0,0.513,2.414,10.445,10.487,5549400000.0,0.0,47.4,0.876,0.879,879000000.0,7536800000.0,19115100000.0,19115100000.0,239800000.0,0.076,0.227,0.098,0.128,0.0,541500000.0,1.0,353455752.0,354600000,355600000.0,53.906,21109800000.0,0.0,733100000.0,889100000.0,59.531,2734900000.0
6,PCAR,MRY,2014-12-31,2014-12-31,2014-12-31,2021-09-08,-579800000.0,20618800000.0,20787475000.0,5200400000.0,15418400000.0,0.914,19.023,-1537300000.0,1737600000.0,1737600000.0,15481600000.0,1358800000.0,1.961,2.053,8230600000.0,0.0,8230600000.0,8230600000.0,970900000.0,917700000.0,0.0,0.027,1.86,2151300000.0,3069000000.0,0.162,3069000000.0,2151300000.0,2017600000.0,3.83,3.82,3.83,6753200000.0,6984675000.0,6753200000.0,30652432015.0,14.0,9.988,586300000.0,1.652,1.0,3515400000.0,0.185,0.0,133700000.0,24460200000.0,25025125000.0,925700000.0,10314600000.0,1272000000.0,9042600000.0,13865600000.0,2651600000.0,11214000000.0,24082632015.0,-12500000.0,395500000.0,-13600000.0,116900000.0,-623800000.0,-520500000.0,-1531900000.0,-390100000.0,2123600000.0,-83700000.0,1358800000.0,1358800000.0,1358800000.0,0.0,0.0,0.072,1380900000.0,2134500000.0,2681700000.0,0.486,3.566,17.723,17.757,5553800000.0,0.0,68.01,1.268,1.271,1047100000.0,6863800000.0,18997000000.0,18997000000.0,215600000.0,0.065,0.195,0.086,0.113,0.0,561400000.0,1.0,354104279.0,355000000,356100000.0,53.513,20618800000.0,0.0,658800000.0,909200000.0,58.081,2548800000.0
7,PCAR,MRY,2013-12-31,2013-12-31,2013-12-31,2021-09-08,8700000.0,20725500000.0,19768300000.0,5066500000.0,15659000000.0,0.866,18.73,-1872800000.0,1750100000.0,1750100000.0,13900700000.0,1171300000.0,1.931,2.124,8424200000.0,150000000.0,8274200000.0,8424200000.0,1093800000.0,810700000.0,0.0,0.029,1.7,1850900000.0,2661600000.0,0.155,2661600000.0,1850900000.0,1695000000.0,3.31,3.3,3.31,6634300000.0,6293675000.0,6634300000.0,27527616895.0,15.0,10.343,502900000.0,1.42,1.0,3223100000.0,0.188,0.0,155900000.0,24775800000.0,23767425000.0,813600000.0,10079600000.0,1267500000.0,8812100000.0,14091200000.0,2623800000.0,11467400000.0,20951616895.0,477700000.0,340100000.0,31000000.0,525900000.0,-283100000.0,273800000.0,-2151000000.0,-618300000.0,2375700000.0,-20800000.0,1171300000.0,1171300000.0,1171300000.0,0.0,0.0,0.068,1395500000.0,1827600000.0,2546700000.0,0.514,3.158,17.887,17.876,5841700000.0,0.0,59.17,1.224,1.224,1019600000.0,6165100000.0,17123800000.0,17123800000.0,251400000.0,0.059,0.186,0.078,0.108,0.0,559500000.0,1.0,354091886.0,354200000,355200000.0,48.345,20725500000.0,0.0,523700000.0,973300000.0,58.514,2442700000.0
8,PCAR,MRY,2012-12-31,2012-12-31,2012-12-31,2021-09-08,-159500000.0,18627800000.0,18430725000.0,4412100000.0,14215700000.0,0.925,16.466,-1803400000.0,1272400000.0,1272400000.0,13908300000.0,1111600000.0,2.128,2.186,7880100000.0,0.0,7880100000.0,7880100000.0,903500000.0,700900000.0,0.0,0.035,1.58,1787300000.0,2488200000.0,0.146,2488200000.0,1787300000.0,1628900000.0,3.13,3.12,3.13,5846900000.0,5785050000.0,5846900000.0,21874326627.0,12.0,8.791,-284400000.0,-0.801,1.0,3142200000.0,0.184,0.0,158400000.0,23162300000.0,23753000000.0,782400000.0,9491000000.0,1192700000.0,8298300000.0,12780900000.0,2073200000.0,10707700000.0,15960526627.0,-834300000.0,330200000.0,-148200000.0,1167200000.0,-809500000.0,209500000.0,-2588000000.0,-1117500000.0,1519000000.0,25200000.0,1111600000.0,1111600000.0,1111600000.0,0.0,0.0,0.065,1388300000.0,1753900000.0,2382700000.0,0.505,2.73,14.358,14.444,5201600000.0,0.0,45.21,0.936,0.942,902100000.0,5596400000.0,17050500000.0,17050500000.0,279300000.0,0.06,0.192,0.075,0.105,0.0,571600000.0,1.0,353030892.0,355100000,355800000.0,48.016,18627800000.0,0.0,517300000.0,940000000.0,52.458,2338900000.0
9,PCAR,MRY,2011-12-31,2011-12-31,2011-12-31,2021-09-08,-219000000.0,17172700000.0,16240425000.0,4838000000.0,12334700000.0,1.007,14.766,-1647300000.0,2106700000.0,2106700000.0,13341800000.0,1042300000.0,1.841,2.201,6655400000.0,0.0,6655400000.0,6655400000.0,712000000.0,673800000.0,0.0,0.035,1.3,1688200000.0,2362000000.0,0.144,2362000000.0,1688200000.0,1506900000.0,2.87,2.86,2.87,5364400000.0,5630300000.0,5364400000.0,17670199721.0,10.0,7.481,-54700000.0,-0.151,1.0,3013400000.0,0.184,0.0,181300000.0,19093700000.0,19715800000.0,710400000.0,8169800000.0,910100000.0,7259700000.0,11808300000.0,2627700000.0,9180600000.0,13422399721.0,65900000.0,339000000.0,-326700000.0,1490200000.0,-217400000.0,946100000.0,-2419000000.0,-1100800000.0,1592600000.0,-53800000.0,1042300000.0,1042300000.0,1042300000.0,0.0,0.0,0.064,1352700000.0,1660700000.0,2740800000.0,0.453,2.502,12.878,13.056,4363100000.0,0.0,37.47,0.821,0.832,977800000.0,5174500000.0,16355200000.0,16355200000.0,288200000.0,0.064,0.185,0.086,0.103,0.0,546900000.0,1.0,358217233.0,363300000,364400000.0,45.018,17172700000.0,0.0,464600000.0,942800000.0,47.269,2210300000.0
10,PCAR,MRY,2010-12-31,2010-12-31,2010-12-31,2021-09-08,41300000.0,14234100000.0,13907475000.0,3795500000.0,10438600000.0,0.74,14.679,-883800000.0,2040800000.0,2040800000.0,8198800000.0,457600000.0,,1.657,5276000000.0,5276000000.0,,5276000000.0,563800000.0,623200000.0,0.0,0.012,0.69,873300000.0,1496500000.0,0.145,1496500000.0,873300000.0,660300000.0,1.25,1.25,1.25,5357800000.0,5190200000.0,5357800000.0,24096642840.0,28.0,16.102,667600000.0,1.829,1.0,2094100000.0,0.203,0.0,213000000.0,17469300000.0,17295350000.0,534000000.0,6521400000.0,450500000.0,6070900000.0,8876300000.0,,,20911942840.0,128800000.0,392100000.0,22000000.0,-730700000.0,-251700000.0,-960400000.0,-467100000.0,24600000.0,1551400000.0,4900000.0,457600000.0,457600000.0,457600000.0,0.0,0.0,0.044,1232600000.0,861500000.0,1952400000.0,0.552,3.903,45.699,45.872,3693000000.0,0.0,57.34,2.032,2.033,610400000.0,4846100000.0,10292900000.0,10292900000.0,238500000.0,0.033,0.088,0.05,0.085,0.0,481500000.0,1.0,364700782.0,365000000,366200000.0,28.2,14234100000.0,0.0,202700000.0,713800000.0,38.998,
11,PCAR,MRY,2009-12-31,2009-12-31,2009-12-31,2021-09-08,36200000.0,14569000000.0,14839250000.0,3467100000.0,11101900000.0,0.545,14.029,-971000000.0,1912000000.0,1912000000.0,6483400000.0,111900000.0,,1.855,6072800000.0,6072800000.0,6072800000.0,6072800000.0,547200000.0,651700000.0,0.0,0.015,0.54,466800000.0,1118500000.0,0.138,1118500000.0,466800000.0,175000000.0,0.31,0.31,0.31,5103700000.0,4945975000.0,5103700000.0,17755556596.0,38.0,15.874,402300000.0,1.106,1.0,1603100000.0,0.198,0.0,291800000.0,18729800000.0,19501275000.0,632100000.0,6717200000.0,219500000.0,6497700000.0,9465300000.0,,,13184456596.0,-43200000.0,520100000.0,17600000.0,-1601700000.0,-232100000.0,-1816200000.0,310600000.0,761500000.0,1373300000.0,89100000.0,111900000.0,111900000.0,111900000.0,0.0,0.0,0.014,1115000000.0,488100000.0,1705200000.0,1.742,2.583,117.824,117.0,3774700000.0,0.0,36.27,1.63,1.632,554700000.0,4640500000.0,8086500000.0,8086500000.0,199200000.0,0.008,0.023,0.024,0.058,0.0,434900000.0,1.0,363508591.0,363800000,364900000.0,22.228,14569000000.0,0.0,63100000.0,734800000.0,40.047,
12,PCAR,MRY,2008-12-31,2008-12-31,2008-12-31,2021-09-08,-269800000.0,16249800000.0,17267725000.0,3643100000.0,12606700000.0,0.867,13.308,-1550000000.0,1955200000.0,1955200000.0,11736900000.0,1017900000.0,,2.353,7484800000.0,7484800000.0,,7484800000.0,470800000.0,653100000.0,0.0,0.029,0.82,1858100000.0,2511200000.0,0.168,2511200000.0,1858100000.0,1464000000.0,2.79,2.78,2.79,4846700000.0,5200925000.0,4846700000.0,16583557724.0,9.0,6.604,-245100000.0,-0.673,1.0,3235600000.0,0.216,0.0,394100000.0,21779400000.0,23357175000.0,658100000.0,8211800000.0,175400000.0,8036400000.0,11403100000.0,,,10372657724.0,97100000.0,393600000.0,-219100000.0,-19800000.0,-629200000.0,-868100000.0,-251900000.0,891700000.0,1304900000.0,-87800000.0,1017900000.0,1017900000.0,1017900000.0,0.0,0.0,0.068,1463900000.0,1771700000.0,2041500000.0,0.294,2.14,10.19,10.251,3742900000.0,0.0,28.6,0.693,0.696,698700000.0,4724700000.0,14972500000.0,14972500000.0,341800000.0,0.059,0.196,0.08,0.124,0.0,581400000.0,1.0,362680340.0,364200000,365900000.0,41.111,16249800000.0,0.0,446100000.0,733100000.0,44.618,
13,PCAR,MRY,2007-12-31,2007-12-31,2007-12-31,2021-09-08,408100000.0,17310200000.0,16724700000.0,4000900000.0,13309300000.0,0.91,13.509,-1267400000.0,1858100000.0,1858100000.0,11917300000.0,1227300000.0,,2.453,7875800000.0,7875800000.0,,7875800000.0,539400000.0,526400000.0,0.0,0.03,1.647,2155500000.0,2681900000.0,0.176,2681900000.0,2155500000.0,1764300000.0,3.31,3.29,3.31,5013100000.0,5014700000.0,5013100000.0,26191447496.0,12.0,9.766,788000000.0,2.123,1.0,3304400000.0,0.217,0.0,391200000.0,23327900000.0,22806025000.0,628300000.0,9803900000.0,778500000.0,9025400000.0,12297100000.0,,,20066447496.0,5600000.0,240100000.0,-329700000.0,227900000.0,-736700000.0,-838500000.0,-1296800000.0,-203000000.0,2055400000.0,85500000.0,1227300000.0,1227300000.0,1227300000.0,0.0,0.0,0.081,1262900000.0,2041500000.0,2476800000.0,0.498,4.003,16.35,16.459,3450500000.0,0.0,54.48,1.318,1.328,652000000.0,4260600000.0,15221700000.0,15221700000.0,255500000.0,0.073,0.245,0.095,0.142,0.0,602300000.0,1.0,368326863.0,371100000,373300000.0,41.018,17310200000.0,205600000.0,537000000.0,1038000000.0,46.646,
14,PCAR,MRY,2006-12-31,2006-12-31,2006-12-31,2021-09-08,156200000.0,16107400000.0,15112400000.0,4199500000.0,11907900000.0,1.089,11.88,-954300000.0,1852500000.0,1852500000.0,13036600000.0,1496000000.0,,2.615,7280000000.0,7280000000.0,,7280000000.0,477500000.0,434600000.0,0.0,0.043,1.844,2749000000.0,3183600000.0,0.193,3183600000.0,2749000000.0,2175300000.0,3.99,3.97,3.99,4456200000.0,4416700000.0,4456200000.0,21442920320.0,8.0,6.735,898400000.0,2.395,1.0,3417500000.0,0.208,0.0,573700000.0,21534900000.0,20377850000.0,693700000.0,9364400000.0,821700000.0,8542700000.0,11651200000.0,,,16115520320.0,153600000.0,162200000.0,-274300000.0,847200000.0,-530400000.0,42500000.0,-1826100000.0,-1035000000.0,1852700000.0,84500000.0,1496000000.0,1496000000.0,1496000000.0,0.0,0.0,0.091,750100000.0,2667400000.0,2483700000.0,0.462,3.616,10.772,10.844,2798500000.0,0.0,43.267,0.979,0.986,665000000.0,4026100000.0,16454100000.0,16454100000.0,163100000.0,0.099,0.339,0.135,0.167,0.0,553200000.0,1.0,372469653.0,375100000,377200000.0,43.866,16107400000.0,212800000.0,679300000.0,913000000.0,42.942,
15,PCAR,MRY,2005-12-31,2005-12-31,2005-12-31,2021-09-08,154700000.0,13715400000.0,12940950000.0,3508400000.0,10207000000.0,1.086,10.096,-848500000.0,1698900000.0,1698900000.0,11222700000.0,1133200000.0,,2.516,6254900000.0,6254900000.0,,6254900000.0,410400000.0,370100000.0,0.0,0.041,1.276,2207400000.0,2577500000.0,0.183,2577500000.0,2207400000.0,1773600000.0,2.93,2.92,2.93,3901100000.0,3935350000.0,3901100000.0,16157384153.0,7.0,6.269,138300000.0,0.358,1.0,2834700000.0,0.202,0.0,433800000.0,18271400000.0,17091300000.0,495500000.0,7853900000.0,591400000.0,7262500000.0,9814300000.0,,,11719984153.0,84200000.0,96100000.0,-355300000.0,1573200000.0,-496900000.0,721000000.0,-1502600000.0,-796700000.0,986800000.0,-121000000.0,1133200000.0,1133200000.0,1133200000.0,0.0,0.0,0.081,673000000.0,2161700000.0,2003800000.0,0.435,3.004,10.342,10.501,2349900000.0,0.0,30.769,0.834,0.846,582200000.0,3471500000.0,14057400000.0,14057400000.0,117800000.0,0.088,0.288,0.129,0.157,0.0,514800000.0,1.0,380903717.0,386400000,388700000.0,36.38,13715400000.0,214900000.0,640400000.0,806500000.0,35.495,
16,PCAR,MRY,2004-12-31,2004-12-31,2004-12-31,2021-09-08,311100000.0,12228000000.0,11008450000.0,3331700000.0,8896300000.0,1.035,9.581,-633500000.0,1614700000.0,1614700000.0,9268600000.0,906800000.0,,2.25,4824800000.0,4824800000.0,,4824800000.0,526200000.0,315000000.0,0.0,0.034,1.222,1664300000.0,1979300000.0,0.174,1979300000.0,1664300000.0,1368200000.0,2.307,2.293,2.307,3762400000.0,3584375000.0,3762400000.0,17089746999.0,10.0,8.634,257500000.0,0.656,1.0,2127700000.0,0.187,0.0,296100000.0,15438100000.0,13711200000.0,495600000.0,6710900000.0,604800000.0,6106100000.0,8465600000.0,,,13981246999.0,267700000.0,103200000.0,-92000000.0,879200000.0,-270900000.0,516300000.0,-1206100000.0,-675800000.0,891000000.0,66500000.0,906800000.0,906800000.0,906800000.0,0.0,0.0,0.08,488500000.0,1639200000.0,1943200000.0,0.53,3.716,15.418,15.505,2226300000.0,0.0,35.769,1.227,1.233,538700000.0,2826900000.0,11396300000.0,11396300000.0,0.0,0.082,0.253,0.121,0.146,0.0,470400000.0,1.0,390877308.0,392700000,395400000.0,29.02,12228000000.0,113300000.0,461400000.0,823600000.0,31.138,
17,PCAR,MRY,2003-12-31,2003-12-31,2003-12-31,2021-09-08,147900000.0,9939600000.0,9428050000.0,2598900000.0,7340700000.0,0.869,8.254,-369300000.0,1347000000.0,1347000000.0,6732000000.0,526500000.0,,2.062,3827600000.0,3827600000.0,,3827600000.0,560400000.0,267500000.0,0.0,0.024,0.61,1054200000.0,1321700000.0,0.161,1321700000.0,1054200000.0,805500000.0,1.338,1.329,1.338,3246400000.0,3009700000.0,3246400000.0,12472757370.0,12.0,9.437,409000000.0,1.04,1.0,1462900000.0,0.179,0.0,248700000.0,12420200000.0,11872350000.0,334500000.0,5372000000.0,377100000.0,4994900000.0,6693200000.0,,,9931957370.0,574000000.0,30900000.0,23800000.0,17400000.0,-171900000.0,-130700000.0,-198900000.0,147200000.0,778300000.0,125300000.0,526500000.0,526500000.0,526500000.0,0.0,0.0,0.064,446500000.0,1016400000.0,1461200000.0,0.456,3.059,18.864,18.85,1859200000.0,0.0,25.221,1.212,1.21,479100000.0,2399200000.0,8194900000.0,8194900000.0,0.0,0.056,0.175,0.089,0.129,0.0,417900000.0,1.0,393801176.0,393300000,396225000.0,20.836,9939600000.0,85000000.0,279000000.0,703900000.0,25.272,
18,PCAR,MRY,2002-12-31,2002-12-31,2002-12-31,2021-09-08,-174300000.0,8702500000.0,8378100000.0,2101600000.0,6600900000.0,0.862,6.67,-340200000.0,773000000.0,773000000.0,5947200000.0,372000000.0,,2.346,3599200000.0,3599200000.0,,3599200000.0,516400000.0,218200000.0,0.0,0.032,0.444,811800000.0,1030000000.0,0.143,1030000000.0,811800000.0,574100000.0,0.956,0.947,0.956,2600700000.0,2472700000.0,2600700000.0,8084501667.0,10.0,7.849,247900000.0,0.636,1.0,1271400000.0,0.176,222900000.0,237700000.0,11305800000.0,11090300000.0,310600000.0,5194500000.0,535300000.0,4659200000.0,6101800000.0,,,5345801667.0,117800000.0,28500000.0,22400000.0,-58500000.0,-123000000.0,-159100000.0,-385700000.0,-79600000.0,588100000.0,74500000.0,372000000.0,372000000.0,372000000.0,0.0,0.0,0.052,477200000.0,794200000.0,1275200000.0,0.464,2.056,14.37,14.297,1576600000.0,0.0,13.668,0.741,0.738,404700000.0,2113300000.0,7218600000.0,7218600000.0,0.0,0.044,0.15,0.073,0.112,0.0,424000000.0,1.0,391113822.0,389925000,392850000.0,18.513,8479600000.0,112900000.0,202100000.0,639600000.0,21.747,
19,PCAR,MRY,2001-12-31,2001-12-31,2001-12-31,2021-09-08,-295400000.0,7913900000.0,7885075000.0,1834100000.0,6079800000.0,0.774,5.817,-309300000.0,655200000.0,655200000.0,5079100000.0,173600000.0,,2.513,3568100000.0,3568100000.0,,3568100000.0,408000000.0,179900000.0,0.0,0.022,0.286,530600000.0,710500000.0,0.116,710500000.0,530600000.0,255300000.0,0.449,0.444,0.449,2252600000.0,2225625000.0,2252600000.0,8064578280.0,15.0,11.351,316400000.0,0.817,1.0,1021400000.0,0.167,145200000.0,275300000.0,10681600000.0,10938750000.0,267800000.0,4846800000.0,406900000.0,4439900000.0,5661300000.0,,,5035778280.0,118500000.0,18800000.0,12000000.0,-396100000.0,-168400000.0,-552500000.0,75100000.0,329600000.0,625700000.0,-29800000.0,173600000.0,173600000.0,173600000.0,0.0,0.0,0.028,515600000.0,505800000.0,1110400000.0,0.637,2.236,29.008,28.869,1363600000.0,0.0,12.962,0.825,0.823,396300000.0,1916500000.0,6100500000.0,6100500000.0,0.0,0.022,0.078,0.049,0.087,0.0,429100000.0,1.0,388503925.0,387225000,389475000.0,15.754,7768700000.0,146900000.0,81700000.0,555600000.0,20.062,
20,PCAR,MRY,2000-12-31,2000-12-31,2000-12-31,2021-09-08,-221000000.0,8270900000.0,8285625000.0,1861300000.0,6409600000.0,0.958,5.795,-367900000.0,536700000.0,536700000.0,6507900000.0,441800000.0,,2.677,3997700000.0,3997700000.0,,3997700000.0,537200000.0,155500000.0,0.0,0.045,0.435,965500000.0,1121000000.0,0.141,1121000000.0,965500000.0,665100000.0,1.138,1.132,1.138,2249100000.0,2217800000.0,2249100000.0,7427435380.0,8.0,6.626,299500000.0,0.772,1.0,1428600000.0,0.18,0.0,300400000.0,11731900000.0,11802400000.0,303100000.0,5299200000.0,394700000.0,4904500000.0,6021800000.0,,,3765935380.0,8300000.0,36100000.0,-92800000.0,388400000.0,-217500000.0,78100000.0,-725400000.0,-387100000.0,667400000.0,-11800000.0,441800000.0,441800000.0,441800000.0,0.0,0.0,0.056,487600000.0,941000000.0,1189900000.0,0.382,1.674,8.524,8.549,1021600000.0,0.0,9.728,0.475,0.476,530800000.0,1854100000.0,7936500000.0,7936500000.0,0.0,0.053,0.199,0.082,0.122,0.0,445200000.0,1.0,387107571.0,388125000,390488000.0,20.448,8270900000.0,117700000.0,223300000.0,220600000.0,21.31,
21,PCAR,MRY,1999-12-31,1999-12-31,1999-12-31,2021-09-08,-175500000.0,7933000000.0,7449200000.0,2119000000.0,5814000000.0,1.211,5.331,-406100000.0,528400000.0,528400000.0,7282400000.0,583600000.0,,2.759,3658000000.0,3658000000.0,,3658000000.0,0.0,146900000.0,0.0,0.054,0.474,1143100000.0,1290000000.0,0.143,1290000000.0,1143100000.0,923200000.0,1.474,1.464,1.474,2110600000.0,2004775000.0,2110600000.0,6458970241.0,6.0,5.007,549200000.0,1.387,1.0,1738600000.0,0.193,0.0,219900000.0,11062600000.0,10353425000.0,384500000.0,4970900000.0,530700000.0,4440200000.0,5822400000.0,,,3470470241.0,96000000.0,168800000.0,4700000.0,709900000.0,-188100000.0,526500000.0,-1347900000.0,-818500000.0,955300000.0,-37900000.0,583600000.0,583600000.0,583600000.0,0.0,0.0,0.065,657600000.0,1081000000.0,1374400000.0,0.322,1.644,5.947,5.938,966500000.0,0.0,8.753,0.385,0.384,570200000.0,1580900000.0,9021000000.0,9021000000.0,0.0,0.078,0.291,0.11,0.127,0.0,636900000.0,1.0,396507687.0,395887000,395887000.0,22.787,7933000000.0,122100000.0,339600000.0,269000000.0,20.039,
22,PCAR,MRY,1998-12-31,1998-12-31,1998-12-31,2021-09-08,-119800000.0,6794800000.0,6239825000.0,2030400000.0,4764400000.0,1.265,4.462,-222800000.0,432400000.0,432400000.0,6431000000.0,416800000.0,,2.851,2972800000.0,2972800000.0,,2972800000.0,0.0,123900000.0,0.0,0.054,0.435,831400000.0,955300000.0,0.121,955300000.0,831400000.0,653100000.0,1.055,1.047,1.055,1764200000.0,1704675000.0,1764200000.0,5624170844.0,7.0,5.887,444000000.0,1.123,1.0,1463800000.0,0.185,0.0,178300000.0,9335200000.0,8626250000.0,511100000.0,3927800000.0,404800000.0,3523000000.0,5030600000.0,,,3213270844.0,94500000.0,-30900000.0,6600000.0,569500000.0,-163600000.0,412500000.0,-973000000.0,-661700000.0,666800000.0,-11800000.0,416800000.0,416800000.0,416800000.0,0.0,0.0,0.053,656900000.0,806900000.0,1377500000.0,0.412,1.821,7.709,7.701,893000000.0,0.0,8.124,0.407,0.407,606000000.0,1185700000.0,7894800000.0,7894800000.0,0.0,0.067,0.245,0.096,0.105,0.0,642900000.0,1.0,395506532.0,395381000,395381000.0,19.968,6794800000.0,98200000.0,236300000.0,218900000.0,17.185,
23,PCAR,MRY,1997-12-31,1997-12-31,1997-12-31,2021-09-08,-130700000.0,5599400000.0,5375975000.0,1756100000.0,3843300000.0,1.258,3.803,-133000000.0,337900000.0,337900000.0,5549300000.0,344600000.0,,2.738,2436000000.0,2436000000.0,,2436000000.0,0.0,112000000.0,0.0,0.04,0.41,686200000.0,798200000.0,0.118,798200000.0,686200000.0,534700000.0,0.875,0.871,0.875,1497800000.0,1456900000.0,1497800000.0,6271039485.0,9.0,7.856,332000000.0,0.843,1.0,1214400000.0,0.18,0.0,151500000.0,7697500000.0,7560975000.0,393500000.0,3250900000.0,357000000.0,2893900000.0,4101600000.0,,,4085839485.0,115000000.0,146700000.0,2300000.0,5300000.0,-103100000.0,-95500000.0,-285900000.0,-312700000.0,465000000.0,31400000.0,344600000.0,344600000.0,344600000.0,0.0,0.0,0.051,597000000.0,617400000.0,1133100000.0,0.469,2.728,11.857,11.852,721700000.0,0.0,10.37,0.604,0.604,600300000.0,940800000.0,6763700000.0,6763700000.0,0.0,0.064,0.237,0.091,0.101,0.0,589100000.0,1.0,393991665.0,393863000,393863000.0,17.173,5599400000.0,86700000.0,190100000.0,199400000.0,14.217,
24,PCAR,MRY,1996-12-31,1996-12-31,1996-12-31,2021-09-08,-85100000.0,5298800000.0,4844650000.0,1548200000.0,3750600000.0,0.95,3.452,-123200000.0,222900000.0,222900000.0,3737300000.0,201000000.0,,2.902,2480500000.0,2480500000.0,,2480500000.0,0.0,81100000.0,0.0,0.037,0.247,460500000.0,541600000.0,0.118,541600000.0,460500000.0,312900000.0,0.512,0.512,0.512,1358000000.0,1304600000.0,1358000000.0,,,,235100000.0,0.598,1.0,865000000.0,0.188,0.0,147600000.0,7556400000.0,6937800000.0,406500000.0,3041800000.0,304900000.0,2736900000.0,3940800000.0,,,2644166196.0,38900000.0,-421500000.0,400000.0,327000000.0,-155500000.0,171900000.0,-488500000.0,-6700000.0,358300000.0,-2800000.0,201000000.0,201000000.0,201000000.0,0.0,0.0,0.044,427800000.0,437200000.0,999500000.0,0.482,1.947,13.155,13.117,777500000.0,0.0,6.716,0.575,0.574,560500000.0,757700000.0,4602300000.0,4602300000.0,0.0,0.041,0.154,0.066,0.1,0.0,422600000.0,1.0,393708570.0,393356000,393356000.0,11.7,5298800000.0,73300000.0,111900000.0,177300000.0,13.471,
25,PCAR,MRY,1995-12-31,1995-12-31,1995-12-31,2021-09-08,-87600000.0,4390500000.0,,1136600000.0,3253900000.0,,3.181,-93700000.0,184000000.0,184000000.0,3950700000.0,252800000.0,,2.509,2112700000.0,2112700000.0,,2112700000.0,0.0,73500000.0,0.0,0.095,0.395,543100000.0,616600000.0,0.127,616600000.0,543100000.0,399600000.0,0.642,0.642,0.642,1251200000.0,,1251200000.0,,,,204600000.0,0.52,1.0,899700000.0,0.185,0.0,143500000.0,6319200000.0,,239500000.0,3100600000.0,437300000.0,2663300000.0,3139300000.0,,,,-127300000.0,2500000.0,0.0,421500000.0,-116600000.0,304900000.0,-720100000.0,-519400000.0,298300000.0,-10400000.0,252800000.0,252800000.0,252800000.0,0.0,0.0,0.052,395300000.0,504400000.0,629200000.0,0.615,,,6.481,472100000.0,0.0,4.161,,0.337,227700000.0,653800000.0,4850400000.0,4850400000.0,0.0,,,,0.112,0.0,381000000.0,1.0,,393356000,393356000.0,12.331,4390500000.0,60100000.0,146800000.0,162700000.0,11.162,
26,PCAR,MRY,1994-12-31,1994-12-31,1994-12-31,2021-09-08,,,,,,,,-80600000.0,,,3693000000.0,204500000.0,,,,,,,,63200000.0,,0.068,0.296,426900000.0,490100000.0,0.109,490100000.0,426900000.0,320100000.0,0.52,0.52,0.52,,,,,,,269100000.0,0.683,1.0,812100000.0,0.18,,106800000.0,,,,,,,,,,,88100000.0,72200000.0,0.0,263600000.0,-74500000.0,189100000.0,-431500000.0,-428700000.0,349700000.0,-19200000.0,204500000.0,204500000.0,204500000.0,0.0,0.0,0.045,390100000.0,422000000.0,,0.569,,,8.405,,0.0,4.37,,0.382,,,4505100000.0,4505100000.0,0.0,,,,0.095,0.0,386100000.0,1.0,,393863000,393863000.0,11.438,,,115600000.0,,,
0,PCAR,MRQ,2021-06-30,2021-06-30,2021-06-30,2021-09-08,-1029600000.0,29012200000.0,,8780500000.0,20231700000.0,,32.156,-435600000.0,3069800000.0,3069800000.0,4662700000.0,492900000.0,2.163,1.594,10568600000.0,0.0,10568600000.0,10568600000.0,384200000.0,230700000.0,0.0,0.022,0.34,674600000.0,905300000.0,0.155,905300000.0,674600000.0,637000000.0,1.42,1.41,1.42,11183800000.0,,11183800000.0,38228408432.0,16.0,11.105,-104800000.0,-0.301,1.0,1181200000.0,0.202,0.0,37600000.0,32451100000.0,,2054600000.0,13333900000.0,1434600000.0,11899300000.0,17828400000.0,4059900000.0,13768500000.0,30983708432.0,-250200000.0,232500000.0,1300000.0,-26400000.0,-118100000.0,-143200000.0,-451000000.0,-247900000.0,330800000.0,13200000.0,492900000.0,492900000.0,492900000.0,0.0,0.0,0.084,528800000.0,652400000.0,4683700000.0,0.239,2.77,17.662,17.673,6737600000.0,0.0,89.25,1.396,1.399,1525700000.0,11738700000.0,5843900000.0,5843900000.0,84400000.0,,,,,0.0,164400000.0,1.0,347156397.0,347800000,348500000.0,16.802,29012200000.0,0.0,144100000.0,754600000.0,83.416,4720600000.0
1,PCAR,MRQ,2021-03-31,2021-03-31,2021-03-31,2021-09-08,-1116400000.0,28503400000.0,,8338600000.0,20164800000.0,,30.833,-357700000.0,3320000000.0,3320000000.0,4690700000.0,470100000.0,2.105,1.659,10564700000.0,0.0,10564700000.0,10564700000.0,402900000.0,251700000.0,0.0,0.021,0.32,649300000.0,901000000.0,0.154,901000000.0,649300000.0,607300000.0,1.35,1.35,1.35,10717700000.0,,10717700000.0,39551069314.0,20.0,13.143,179200000.0,0.516,1.0,1154800000.0,0.198,0.0,42000000.0,31786200000.0,,1465400000.0,13160700000.0,1421100000.0,11739600000.0,17785700000.0,3961900000.0,13823800000.0,32237369314.0,-219600000.0,240900000.0,27400000.0,-182000000.0,-353700000.0,-508300000.0,-215700000.0,-86100000.0,536900000.0,-32500000.0,470100000.0,470100000.0,470100000.0,0.0,0.0,0.08,523600000.0,631200000.0,4583800000.0,0.237,3.008,22.878,22.887,6674600000.0,0.0,92.92,1.661,1.664,1649900000.0,11364000000.0,5845500000.0,5845500000.0,80100000.0,,,,,0.0,161100000.0,1.0,346936820.0,347600000,348400000.0,16.817,28503400000.0,0.0,137200000.0,775700000.0,82.001,4376700000.0
2,PCAR,MRQ,2020-12-31,2020-12-31,2020-12-31,2021-09-08,-1050300000.0,28260000000.0,,7769000000.0,20491000000.0,,29.934,-505500000.0,3539600000.0,3539600000.0,4487000000.0,405800000.0,2.125,1.72,10853300000.0,0.0,10853300000.0,10853300000.0,457400000.0,269500000.0,0.0,0.023,1.02,565400000.0,834900000.0,0.15,834900000.0,565400000.0,521800000.0,1.17,1.17,1.17,10390000000.0,,10390000000.0,36938926117.0,20.0,12.742,289200000.0,0.833,1.0,1081600000.0,0.194,0.0,43600000.0,31917200000.0,,1221900000.0,13249700000.0,1429000000.0,11820700000.0,17870000000.0,3656500000.0,14213500000.0,29890826117.0,195300000.0,182600000.0,11900000.0,278500000.0,-110900000.0,179500000.0,-841500000.0,-518600000.0,794700000.0,62600000.0,405800000.0,405800000.0,405800000.0,0.0,0.0,0.073,530400000.0,551200000.0,3974900000.0,0.872,2.877,23.021,23.07,6855100000.0,0.0,86.28,1.596,1.598,1197500000.0,11005200000.0,5568600000.0,5568600000.0,71700000.0,,,,,0.0,165500000.0,1.0,346439802.0,347100000,347700000.0,16.043,28260000000.0,0.0,116000000.0,854600000.0,81.417,4112500000.0
3,PCAR,MRQ,2020-09-30,2020-09-30,2020-09-30,2021-09-08,-1189000000.0,27233700000.0,,7443900000.0,19789800000.0,,29.367,-381100000.0,3344300000.0,3344300000.0,3958300000.0,385500000.0,2.19,1.674,10392400000.0,0.0,10392400000.0,10392400000.0,487900000.0,266200000.0,0.0,0.042,0.32,535100000.0,801300000.0,0.162,801300000.0,535100000.0,489900000.0,1.11,1.11,1.11,10184400000.0,,10184400000.0,36788180239.0,18.0,11.889,450600000.0,1.299,1.0,977700000.0,0.198,0.0,45200000.0,30882500000.0,,1124500000.0,12518800000.0,1194300000.0,11324500000.0,17049300000.0,3399300000.0,13650000000.0,29519580239.0,216300000.0,176700000.0,30000000.0,-128700000.0,-110900000.0,-209600000.0,-440200000.0,-235800000.0,831700000.0,34400000.0,385500000.0,385500000.0,385500000.0,0.0,0.0,0.078,462000000.0,515700000.0,3993600000.0,0.288,2.899,20.731,20.749,6572800000.0,0.0,85.28,1.531,1.534,1364700000.0,10953600000.0,4936000000.0,4936000000.0,64700000.0,,,,,0.0,131700000.0,1.0,346148924.0,346800000,347600000.0,14.233,27233700000.0,0.0,104400000.0,791300000.0,78.529,4044600000.0
4,PCAR,MRQ,2020-06-30,2020-06-30,2020-06-30,2021-09-08,-1289900000.0,26406400000.0,,7044100000.0,19362300000.0,,28.224,-295300000.0,3128000000.0,3128000000.0,2441500000.0,147700000.0,2.246,1.701,10396600000.0,0.0,10396600000.0,10396600000.0,506000000.0,241300000.0,0.0,0.048,0.32,230900000.0,472200000.0,0.154,472200000.0,230900000.0,184000000.0,0.43,0.43,0.43,9776800000.0,,9776800000.0,33693058465.0,14.0,9.903,639600000.0,1.846,1.0,620700000.0,0.203,0.0,46900000.0,30538600000.0,,1136400000.0,12280300000.0,1147200000.0,11133100000.0,16629600000.0,3136400000.0,13493200000.0,25877658465.0,-195100000.0,129500000.0,4900000.0,-839000000.0,-110600000.0,-944700000.0,-214300000.0,-48500000.0,934900000.0,29000000.0,147700000.0,147700000.0,147700000.0,0.0,0.0,0.048,418300000.0,202400000.0,3625000000.0,0.744,2.647,15.719,15.758,6448500000.0,0.0,74.85,1.25,1.252,1248300000.0,10679100000.0,3062200000.0,3062200000.0,66500000.0,,,,,0.0,120200000.0,1.0,345726900.0,346400000,346800000.0,8.84,26406400000.0,0.0,36300000.0,774900000.0,76.231,3907700000.0
5,PCAR,MRQ,2020-03-31,2020-03-31,2020-03-31,2021-09-08,-1383900000.0,27294700000.0,,7405100000.0,19889600000.0,,27.781,-456500000.0,3323100000.0,3323100000.0,4189600000.0,359400000.0,2.299,1.832,11138500000.0,0.0,11138500000.0,11138500000.0,542900000.0,272000000.0,0.0,0.059,0.32,518600000.0,790600000.0,0.153,790600000.0,518600000.0,462200000.0,1.04,1.03,1.04,9637400000.0,,9637400000.0,28220178880.0,9.0,6.941,-30600000.0,-0.088,1.0,972100000.0,0.188,0.0,56400000.0,31889300000.0,,1270100000.0,12796200000.0,1096400000.0,11699800000.0,17657300000.0,3220800000.0,14436500000.0,21172578880.0,-852000000.0,113100000.0,-35200000.0,108900000.0,-907400000.0,-833700000.0,-379800000.0,-53700000.0,425900000.0,-64400000.0,359400000.0,359400000.0,359400000.0,0.0,0.0,0.07,481400000.0,490700000.0,3803000000.0,0.308,2.197,9.995,10.005,6433100000.0,0.0,61.13,0.872,0.874,1277000000.0,10642200000.0,5161700000.0,5161700000.0,71000000.0,,,,,0.0,164000000.0,1.0,346353327.0,346900000,347300000.0,14.88,27294700000.0,0.0,102800000.0,780100000.0,78.682,4184300000.0
6,PCAR,MRQ,2019-12-31,2019-12-31,2019-12-31,2021-09-08,-1100100000.0,28361100000.0,,8016700000.0,20344400000.0,,27.98,-545200000.0,4175100000.0,4175100000.0,4890000000.0,531300000.0,2.009,1.922,11222700000.0,0.0,11222700000.0,11222700000.0,587300000.0,284900000.0,0.0,0.045,2.62,745300000.0,1030200000.0,0.168,1030200000.0,745300000.0,687800000.0,1.53,1.53,1.53,9706100000.0,,9706100000.0,34545103184.0,10.0,7.839,398500000.0,1.149,1.0,1227200000.0,0.201,0.0,57500000.0,31418000000.0,,1153200000.0,13248100000.0,1162100000.0,12086000000.0,18655000000.0,3990700000.0,14664300000.0,27358603184.0,505600000.0,160500000.0,27000000.0,255900000.0,-110800000.0,172100000.0,-650900000.0,-266200000.0,943700000.0,40700000.0,531300000.0,531300000.0,531300000.0,0.0,0.0,0.087,512300000.0,714900000.0,3823200000.0,1.712,2.819,11.457,11.497,6531900000.0,0.0,79.1,1.069,1.072,1306100000.0,10398500000.0,6117200000.0,6117200000.0,83600000.0,,,,,0.0,183200000.0,1.0,345873618.0,346900000,347200000.0,17.634,28361100000.0,0.0,156500000.0,790200000.0,81.756,4026000000.0
7,PCAR,MRQ,2019-09-30,2019-09-30,2019-09-30,2021-09-08,-1190000000.0,27767700000.0,,8051900000.0,19715800000.0,,28.744,-515300000.0,3669500000.0,3669500000.0,5106800000.0,607900000.0,2.275,1.787,10856000000.0,0.0,10856000000.0,10856000000.0,646000000.0,272100000.0,0.0,0.046,0.32,837200000.0,1109300000.0,0.174,1109300000.0,837200000.0,777600000.0,1.75,1.75,1.75,9962700000.0,,9962700000.0,31662004542.0,9.0,7.131,211800000.0,0.611,1.0,1260200000.0,0.198,0.0,59600000.0,31414400000.0,,1292600000.0,12779500000.0,1107800000.0,11671700000.0,17805000000.0,3539800000.0,14265200000.0,24249304542.0,450100000.0,178400000.0,-43800000.0,347900000.0,-110800000.0,193300000.0,-431100000.0,-95300000.0,727100000.0,-39200000.0,607900000.0,607900000.0,607900000.0,0.0,0.0,0.095,455700000.0,804500000.0,4177300000.0,0.183,2.434,9.96,10.001,6231800000.0,0.0,70.01,0.941,0.942,1729000000.0,10798700000.0,6367000000.0,6367000000.0,82200000.0,,,,,0.0,172600000.0,1.0,346369155.0,346600000,347200000.0,18.37,27767700000.0,0.0,169700000.0,753700000.0,80.115,4512100000.0
8,PCAR,MRQ,2019-06-30,2019-06-30,2019-06-30,2021-09-08,-1062200000.0,27168200000.0,,7632700000.0,19535500000.0,,27.768,-520100000.0,3219400000.0,3219400000.0,5341700000.0,619700000.0,2.201,1.82,10632100000.0,0.0,10632100000.0,10632100000.0,753000000.0,261200000.0,0.0,0.045,0.32,874400000.0,1135600000.0,0.171,1135600000.0,874400000.0,814400000.0,1.79,1.78,1.79,9635400000.0,,9635400000.0,32179932252.0,10.0,7.482,306400000.0,0.883,1.0,1286200000.0,0.194,0.0,60000000.0,31113300000.0,,1336600000.0,12721800000.0,1117300000.0,11604500000.0,17532800000.0,3467600000.0,14065200000.0,24826132252.0,376800000.0,134700000.0,-15600000.0,394800000.0,-110900000.0,268300000.0,-724700000.0,-339300000.0,826500000.0,6700000.0,619700000.0,619700000.0,619700000.0,0.0,0.0,0.093,443400000.0,842800000.0,4073800000.0,0.179,2.577,10.466,10.538,6254200000.0,0.0,71.66,0.987,0.989,1711200000.0,10301800000.0,6627900000.0,6627900000.0,82500000.0,,,,,0.0,173300000.0,1.0,346443375.0,347000000,347700000.0,19.101,27168200000.0,0.0,194700000.0,737600000.0,78.295,4165100000.0
9,PCAR,MRQ,2019-03-31,2019-03-31,2019-03-31,2021-09-08,-1095500000.0,26157000000.0,,7225200000.0,18931800000.0,,26.226,-390200000.0,2842600000.0,2842600000.0,5217100000.0,629000000.0,2.06,1.873,10196400000.0,0.0,10196400000.0,10196400000.0,813200000.0,259100000.0,0.0,0.046,0.32,872800000.0,1131900000.0,0.174,1131900000.0,872800000.0,819400000.0,1.81,1.81,1.81,9105500000.0,,9105500000.0,30139984349.0,10.0,7.178,-27200000.0,-0.078,1.0,1270500000.0,0.196,0.0,53400000.0,30003400000.0,,1272600000.0,12437300000.0,1081600000.0,11355700000.0,17051500000.0,3507400000.0,13544100000.0,23625384349.0,-593300000.0,164500000.0,-17000000.0,272800000.0,-806100000.0,-550300000.0,-400700000.0,-175000000.0,363000000.0,-5300000.0,629000000.0,629000000.0,629000000.0,0.0,0.0,0.097,427300000.0,843200000.0,4077700000.0,0.177,2.595,10.219,10.324,6103000000.0,0.0,68.14,0.971,0.972,1736200000.0,9793100000.0,6487600000.0,6487600000.0,78300000.0,,,,,0.0,169400000.0,1.0,346718291.0,347200000,347800000.0,18.685,26157000000.0,0.0,190400000.0,692000000.0,75.337,3717800000.0
10,PCAR,MRQ,2018-12-31,2018-12-31,2018-12-31,2021-09-08,-1098500000.0,25482400000.0,,7163400000.0,18319000000.0,,24.607,-539400000.0,3435900000.0,3435900000.0,5088600000.0,578100000.0,1.924,1.966,9950500000.0,0.0,9950500000.0,9950500000.0,842400000.0,259700000.0,0.0,0.054,2.28,803300000.0,1063000000.0,0.169,1063000000.0,803300000.0,752400000.0,1.65,1.65,1.65,8592900000.0,,8592900000.0,26639627099.0,9.0,6.576,525700000.0,1.505,1.0,1191100000.0,0.19,0.0,50900000.0,28274200000.0,,1184700000.0,11861200000.0,1020400000.0,10840800000.0,16889500000.0,3722800000.0,13166700000.0,19966727099.0,521900000.0,163000000.0,-195100000.0,427600000.0,-97700000.0,134800000.0,-654200000.0,-277800000.0,1065100000.0,-23800000.0,578100000.0,578100000.0,578100000.0,0.0,0.0,0.092,426000000.0,765100000.0,3550900000.0,1.382,2.324,9.096,9.142,6122500000.0,0.0,57.14,0.85,0.854,1314400000.0,9275400000.0,6279700000.0,6279700000.0,80500000.0,,,,,0.0,166200000.0,1.0,349435196.0,349200000,349700000.0,17.983,25482400000.0,0.0,174300000.0,704900000.0,72.974,3440600000.0
11,PCAR,MRQ,2018-09-30,2018-09-30,2018-09-30,2021-09-08,-895000000.0,25103400000.0,,7069700000.0,18033700000.0,,26.151,-494300000.0,2914000000.0,2914000000.0,4653600000.0,545300000.0,2.186,1.737,9586900000.0,0.0,9586900000.0,9586900000.0,832400000.0,252600000.0,0.0,0.033,0.28,717800000.0,970400000.0,0.169,970400000.0,717800000.0,668800000.0,1.55,1.55,1.55,9171000000.0,,9171000000.0,30604444558.0,11.0,7.796,234400000.0,0.668,1.0,1103200000.0,0.192,0.0,49000000.0,28542200000.0,,1292000000.0,11579300000.0,1000300000.0,10579000000.0,15932400000.0,3234100000.0,12698300000.0,23903544558.0,407200000.0,182400000.0,-56700000.0,369700000.0,-98100000.0,214900000.0,-531300000.0,-219400000.0,728700000.0,-5100000.0,545300000.0,545300000.0,545300000.0,0.0,0.0,0.095,409200000.0,694000000.0,3764200000.0,0.181,2.606,10.835,10.893,5988700000.0,0.0,68.19,1.054,1.055,1608600000.0,9718400000.0,5756800000.0,5756800000.0,72900000.0,,,,,0.0,153500000.0,1.0,350543255.0,350700000,351500000.0,16.415,25103400000.0,0.0,123500000.0,695600000.0,71.581,3835600000.0
12,PCAR,MRQ,2018-06-30,2018-06-30,2018-06-30,2021-09-08,-893700000.0,24155800000.0,,6743100000.0,17412700000.0,,24.963,-543500000.0,2506800000.0,2506800000.0,4647300000.0,559600000.0,2.178,1.751,9207700000.0,0.0,9207700000.0,9207700000.0,758200000.0,268300000.0,0.0,0.036,0.28,765300000.0,1033600000.0,0.178,1033600000.0,765300000.0,719600000.0,1.59,1.59,1.59,8779400000.0,,8779400000.0,28424160181.0,10.0,7.361,129700000.0,0.369,1.0,1157900000.0,0.199,0.0,45700000.0,27760700000.0,,1258500000.0,11218800000.0,1033300000.0,10185500000.0,15376400000.0,3096000000.0,12280400000.0,21798260181.0,2700000.0,178300000.0,-79300000.0,238400000.0,-98400000.0,60700000.0,-689100000.0,-322000000.0,673200000.0,-42100000.0,559600000.0,559600000.0,559600000.0,0.0,0.0,0.096,423600000.0,734300000.0,3613100000.0,0.176,2.483,10.563,10.591,5889800000.0,0.0,61.96,0.992,0.992,1546900000.0,9271300000.0,5805200000.0,5805200000.0,76700000.0,,,,,0.0,156800000.0,1.0,351811817.0,351700000,352500000.0,16.506,24155800000.0,0.0,160000000.0,682100000.0,68.683,3647100000.0
13,PCAR,MRQ,2018-03-31,2018-03-31,2018-03-31,2021-09-08,-718300000.0,23781700000.0,,6405700000.0,17376000000.0,,24.304,-375100000.0,2504100000.0,2504100000.0,4535500000.0,512100000.0,2.123,1.776,9130000000.0,0.0,9130000000.0,9130000000.0,686800000.0,273500000.0,0.0,0.033,0.25,710700000.0,984200000.0,0.174,984200000.0,710700000.0,669400000.0,1.45,1.45,1.45,8567300000.0,,8567300000.0,29805653719.0,12.0,8.115,150200000.0,0.426,1.0,1118500000.0,0.198,0.0,41300000.0,27390800000.0,,1068300000.0,11150400000.0,1046500000.0,10103900000.0,15214400000.0,3016800000.0,12197600000.0,23290953719.0,139400000.0,130000000.0,-4000000.0,174800000.0,-510100000.0,-339300000.0,-56100000.0,189000000.0,525300000.0,9500000.0,512100000.0,512100000.0,512100000.0,0.0,0.0,0.091,436500000.0,682000000.0,3529900000.0,0.172,2.719,12.409,12.438,5974500000.0,0.0,66.17,1.116,1.117,1468800000.0,8810100000.0,5654000000.0,5654000000.0,76000000.0,,,,,0.0,168200000.0,1.0,351986606.0,352500000,353500000.0,16.04,23781700000.0,0.0,157300000.0,730000000.0,67.466,3388900000.0
14,PCAR,MRQ,2017-12-31,2017-12-31,2017-12-31,2021-09-08,-793600000.0,23440200000.0,,6082600000.0,17357600000.0,,22.838,-502900000.0,2364700000.0,2364700000.0,4418400000.0,589200000.0,2.033,1.912,8879400000.0,0.0,8879400000.0,8879400000.0,1339000000.0,293200000.0,0.0,0.031,1.45,644100000.0,937300000.0,0.172,937300000.0,644100000.0,604300000.0,1.67,1.67,1.67,8050500000.0,,8050500000.0,31511151239.0,14.0,9.186,390400000.0,1.108,1.0,1036200000.0,0.19,0.0,39800000.0,26963300000.0,,928400000.0,11064200000.0,1367100000.0,9697100000.0,15389700000.0,2991600000.0,12398100000.0,24992451239.0,51400000.0,113700000.0,11100000.0,52300000.0,-87900000.0,-24500000.0,-825100000.0,-435900000.0,893300000.0,7700000.0,589200000.0,589200000.0,589200000.0,0.0,0.0,0.108,412300000.0,623900000.0,3035700000.0,0.868,3.104,14.919,14.933,6606400000.0,0.0,71.08,1.285,1.286,1127900000.0,8369100000.0,5454600000.0,5454600000.0,70600000.0,,,,,0.0,148000000.0,1.0,351610175.0,352500000,353200000.0,15.474,23440200000.0,0.0,15100000.0,773700000.0,66.497,3091000000.0
15,PCAR,MRQ,2017-09-30,2017-09-30,2017-09-30,2021-09-08,-816200000.0,23103900000.0,,5980500000.0,17123400000.0,,22.551,-427400000.0,2313300000.0,2313300000.0,4055600000.0,402700000.0,2.167,1.911,8832000000.0,0.0,8832000000.0,8832000000.0,1319300000.0,286100000.0,0.0,0.022,0.25,620100000.0,906200000.0,0.179,906200000.0,620100000.0,581800000.0,1.14,1.14,1.14,7935600000.0,,7935600000.0,32082874636.0,15.0,10.052,209900000.0,0.596,1.0,1004100000.0,0.198,0.0,38300000.0,26862500000.0,,983000000.0,10764700000.0,1216000000.0,9548700000.0,15168300000.0,2760100000.0,12408200000.0,25418574636.0,433500000.0,112800000.0,9400000.0,217000000.0,-87900000.0,138500000.0,-369200000.0,-54600000.0,637300000.0,26900000.0,402700000.0,402700000.0,402700000.0,0.0,0.0,0.08,402800000.0,601300000.0,3233900000.0,0.219,3.203,18.489,18.501,6473700000.0,0.0,72.34,1.406,1.409,1323800000.0,8290700000.0,5059700000.0,5059700000.0,67000000.0,,,,,0.0,144900000.0,1.0,351376481.0,351900000,352900000.0,14.378,23103900000.0,0.0,179100000.0,977800000.0,65.655,3220400000.0
16,PCAR,MRQ,2017-06-30,2017-06-30,2017-06-30,2021-09-08,-925200000.0,22053300000.0,,5440900000.0,16612400000.0,,21.32,-487000000.0,1879800000.0,1879800000.0,3764000000.0,373000000.0,2.13,1.94,8544100000.0,0.0,8544100000.0,8544100000.0,1272500000.0,269000000.0,0.0,0.024,0.25,576400000.0,845400000.0,0.18,845400000.0,576400000.0,539000000.0,1.06,1.06,1.06,7500500000.0,,7500500000.0,29799604850.0,15.0,9.73,87700000.0,0.249,1.0,940200000.0,0.2,0.0,37400000.0,26162700000.0,,885300000.0,10473500000.0,1244600000.0,9228900000.0,14552800000.0,2554900000.0,11997900000.0,23198504850.0,115400000.0,123400000.0,1000000.0,24700000.0,-87800000.0,-62100000.0,-433300000.0,-69700000.0,574700000.0,36100000.0,373000000.0,373000000.0,373000000.0,0.0,0.0,0.079,384400000.0,555800000.0,3016200000.0,0.236,3.093,17.597,17.564,6315600000.0,0.0,66.04,1.344,1.346,1281000000.0,7975900000.0,4704200000.0,4704200000.0,66100000.0,,,,,0.0,138700000.0,1.0,351279601.0,351800000,352700000.0,13.372,22053300000.0,0.0,166000000.0,949300000.0,62.687,2886000000.0
17,PCAR,MRQ,2017-03-31,2017-03-31,2017-03-31,2021-09-08,-1058000000.0,21039700000.0,,5036400000.0,16003300000.0,,20.135,-429300000.0,1764400000.0,1764400000.0,3390900000.0,310300000.0,2.109,1.972,8365500000.0,0.0,8365500000.0,8365500000.0,1136500000.0,259200000.0,0.0,0.023,0.24,482300000.0,741500000.0,0.175,741500000.0,482300000.0,448200000.0,0.88,0.88,0.88,7079300000.0,,7079300000.0,30139770269.0,14.0,9.571,181200000.0,0.515,1.0,847000000.0,0.2,0.0,34100000.0,25252200000.0,,772200000.0,10177400000.0,1206400000.0,8971000000.0,13960400000.0,2388600000.0,11571800000.0,23580270269.0,-151300000.0,120800000.0,17800000.0,-168800000.0,-294700000.0,-445700000.0,-337000000.0,-28500000.0,610500000.0,20900000.0,310300000.0,310300000.0,310300000.0,0.0,0.0,0.073,386800000.0,460200000.0,2777300000.0,0.273,3.331,16.529,16.511,5989700000.0,0.0,67.2,1.389,1.392,1145600000.0,7690900000.0,4237900000.0,4237900000.0,61000000.0,,,,,0.0,140200000.0,1.0,350896879.0,351600000,352700000.0,12.053,21039700000.0,0.0,137900000.0,933100000.0,59.84,2647800000.0
18,PCAR,MRQ,2016-12-31,2016-12-31,2016-12-31,2021-09-08,-1128100000.0,20638900000.0,,4738200000.0,15900700000.0,,19.304,-520600000.0,1915700000.0,1915700000.0,3259100000.0,288800000.0,2.111,2.045,8475200000.0,0.0,8475200000.0,8475200000.0,1072600000.0,247500000.0,0.0,0.024,0.84,451000000.0,698500000.0,0.172,698500000.0,451000000.0,418900000.0,0.83,0.82,0.83,6777600000.0,,6777600000.0,29141731617.0,23.0,12.948,289700000.0,0.825,1.0,811600000.0,0.199,0.0,32100000.0,24953900000.0,,727800000.0,9978300000.0,1140900000.0,8837400000.0,13861300000.0,2244500000.0,11616800000.0,22399331617.0,127800000.0,112900000.0,3900000.0,88700000.0,-84100000.0,8500000.0,-642900000.0,-236200000.0,810300000.0,-48100000.0,288800000.0,288800000.0,288800000.0,0.0,0.0,0.071,378700000.0,432900000.0,2429100000.0,1.012,3.305,42.935,42.886,5897800000.0,0.0,63.9,1.315,1.317,862200000.0,7484900000.0,4070700000.0,4070700000.0,67600000.0,,,,,0.0,141900000.0,1.0,350537271.0,351100000,351800000.0,11.594,20638900000.0,0.0,130100000.0,934900000.0,58.784,2493700000.0
19,PCAR,MRQ,2016-09-30,2016-09-30,2016-09-30,2021-09-08,-926700000.0,20968900000.0,,4869500000.0,16099400000.0,,19.881,-525100000.0,1787900000.0,1787900000.0,3371500000.0,346200000.0,2.121,2.005,8530300000.0,0.0,8530300000.0,8530300000.0,1120600000.0,250200000.0,0.0,0.04,0.24,527100000.0,777300000.0,0.183,777300000.0,527100000.0,494900000.0,0.99,0.98,0.99,6978200000.0,,6978200000.0,26983554121.0,20.0,11.687,-684000000.0,-1.949,1.0,877900000.0,0.207,0.0,32200000.0,25415400000.0,,824100000.0,10157200000.0,1078900000.0,9078300000.0,13990700000.0,2295900000.0,11694800000.0,20604054121.0,-277000000.0,102700000.0,3900000.0,90100000.0,-84200000.0,9800000.0,-135300000.0,287600000.0,-158900000.0,7400000.0,346200000.0,346200000.0,346200000.0,0.0,0.0,0.081,357700000.0,520200000.0,2670800000.0,0.242,2.953,35.518,35.624,5919900000.0,0.0,58.78,1.19,1.191,1025900000.0,7516700000.0,4249400000.0,4249400000.0,59200000.0,,,,,0.0,130800000.0,1.0,350528311.0,351000000,351800000.0,12.107,20968900000.0,0.0,148700000.0,931600000.0,59.74,2573600000.0
20,PCAR,MRQ,2016-06-30,2016-06-30,2016-06-30,2021-09-08,-927100000.0,21427200000.0,,5538000000.0,15889200000.0,,19.121,-501800000.0,2064900000.0,2064900000.0,3489400000.0,481300000.0,1.745,2.193,8444400000.0,0.0,8444400000.0,8444400000.0,1099600000.0,252900000.0,0.0,0.045,0.24,678800000.0,931700000.0,0.211,931700000.0,678800000.0,646200000.0,1.37,1.37,1.37,6709700000.0,,6709700000.0,24908508030.0,17.0,10.309,351800000.0,1.003,1.0,923800000.0,0.209,0.0,32600000.0,24632500000.0,,824900000.0,10481000000.0,1426300000.0,9054700000.0,14717500000.0,3174200000.0,11543300000.0,18178508030.0,217600000.0,102100000.0,4800000.0,-39600000.0,-84100000.0,-118900000.0,-493900000.0,-94200000.0,853600000.0,-23200000.0,481300000.0,481300000.0,481300000.0,0.0,0.0,0.109,248900000.0,674900000.0,2714200000.0,0.175,2.709,27.332,27.738,5753000000.0,0.0,51.87,1.015,1.016,1070200000.0,7254800000.0,4413200000.0,4413200000.0,60800000.0,,,,,0.0,135300000.0,1.0,350462850.0,350900000,351600000.0,12.577,21427200000.0,0.0,164900000.0,906800000.0,61.064,2363800000.0
21,PCAR,MRQ,2016-03-31,2016-03-31,2016-03-31,2021-09-08,-889200000.0,21356900000.0,,5392600000.0,15964300000.0,,18.056,-417400000.0,1847300000.0,1847300000.0,3413600000.0,-594600000.0,1.618,2.367,8577300000.0,0.0,8577300000.0,8577300000.0,1101700000.0,242500000.0,0.0,0.043,0.24,-399300000.0,-156800000.0,-0.036,-156800000.0,-399300000.0,-429600000.0,-1.69,-1.69,-1.69,6343200000.0,,6343200000.0,25790896201.0,18.0,10.775,378400000.0,1.077,1.0,886400000.0,0.206,0.0,30300000.0,24753000000.0,,829100000.0,10745900000.0,1466100000.0,9279800000.0,15013700000.0,3333900000.0,11679800000.0,19215796201.0,-169100000.0,116100000.0,-53700000.0,-92300000.0,-576900000.0,-722900000.0,-292200000.0,9100000.0,795800000.0,50200000.0,-594600000.0,-594600000.0,-594600000.0,0.0,0.0,-0.138,1291300000.0,-404900000.0,2712600000.0,-0.142,3.029,30.453,31.074,5707700000.0,0.0,54.69,1.034,1.034,1066100000.0,6857700000.0,4300000000.0,4300000000.0,59600000.0,,,,,0.0,134800000.0,1.0,351358497.0,351300000,351300000.0,12.24,21356900000.0,0.0,165000000.0,907100000.0,60.794,2058700000.0
22,PCAR,MRQ,2015-12-31,2015-12-31,2015-12-31,2021-09-08,-1017000000.0,21109800000.0,,5299200000.0,15810600000.0,,19.656,-444500000.0,2016400000.0,2016400000.0,3469400000.0,347200000.0,2.067,2.042,8591500000.0,0.0,8591500000.0,8591500000.0,1047400000.0,227800000.0,0.0,0.049,1.64,528800000.0,756600000.0,0.174,756600000.0,528800000.0,498700000.0,0.98,0.98,0.98,6940400000.0,,6940400000.0,23307802645.0,9.0,6.932,260300000.0,0.737,1.0,885900000.0,0.203,0.0,30100000.0,25120600000.0,,796500000.0,10751700000.0,1448100000.0,9303600000.0,14169400000.0,2564300000.0,11605100000.0,16753802645.0,-109700000.0,108700000.0,-125300000.0,-11300000.0,-84800000.0,-221400000.0,-573200000.0,-237300000.0,704800000.0,-19900000.0,347200000.0,347200000.0,347200000.0,0.0,0.0,0.08,360700000.0,525200000.0,2428600000.0,1.673,2.414,10.445,10.487,5549400000.0,0.0,47.4,0.876,0.879,879000000.0,7536800000.0,4355300000.0,4355300000.0,66700000.0,,,,,0.0,145400000.0,1.0,353455752.0,353100000,354100000.0,12.334,21109800000.0,0.0,151500000.0,889100000.0,59.784,2734900000.0
23,PCAR,MRQ,2015-09-30,2015-09-30,2015-09-30,2021-09-08,-958200000.0,21519800000.0,,5817400000.0,15702400000.0,,20.687,-448000000.0,2126100000.0,2126100000.0,3851300000.0,431200000.0,2.308,1.93,8680100000.0,0.0,8680100000.0,8680100000.0,1006300000.0,230900000.0,0.0,0.036,0.24,653700000.0,884600000.0,0.182,884600000.0,653700000.0,624500000.0,1.21,1.21,1.21,7343800000.0,,7343800000.0,25119104876.0,10.0,7.272,216100000.0,0.609,1.0,995900000.0,0.205,0.0,29200000.0,25553300000.0,,893100000.0,10706600000.0,1398800000.0,9307800000.0,14176000000.0,2520500000.0,11655500000.0,18511604876.0,163000000.0,99000000.0,-67200000.0,172000000.0,-85200000.0,19600000.0,-487000000.0,-141200000.0,664100000.0,-33700000.0,431200000.0,431200000.0,431200000.0,0.0,0.0,0.089,343500000.0,652400000.0,2853400000.0,0.198,2.521,11.212,11.215,5490300000.0,0.0,52.15,0.931,0.931,1118000000.0,7879000000.0,4847200000.0,4847200000.0,57600000.0,,,,,0.0,131000000.0,1.0,354968454.0,355000000,355900000.0,13.654,21519800000.0,0.0,193300000.0,912600000.0,60.619,3296900000.0
24,PCAR,MRQ,2015-06-30,2015-06-30,2015-06-30,2021-09-08,-809600000.0,21415300000.0,,5754700000.0,15660600000.0,,20.317,-437000000.0,1963100000.0,1963100000.0,4061200000.0,447200000.0,2.174,1.967,8570600000.0,0.0,8570600000.0,8570600000.0,961400000.0,227300000.0,0.0,0.029,0.22,681800000.0,909100000.0,0.179,909100000.0,681800000.0,652200000.0,1.26,1.26,1.26,7218600000.0,,7218600000.0,29249476406.0,12.0,8.642,273900000.0,0.771,1.0,1018700000.0,0.201,0.0,29600000.0,25375600000.0,,888200000.0,10710400000.0,1397300000.0,9313100000.0,14196700000.0,2647200000.0,11549500000.0,22639576406.0,398400000.0,118100000.0,6400000.0,316900000.0,-78100000.0,245200000.0,-582500000.0,-263600000.0,710900000.0,24800000.0,447200000.0,447200000.0,447200000.0,0.0,0.0,0.088,340900000.0,677800000.0,3042900000.0,0.175,3.136,14.227,14.212,5455900000.0,0.0,63.81,1.134,1.136,1228100000.0,7533100000.0,5079900000.0,5079900000.0,59300000.0,,,,,0.0,132100000.0,1.0,354796684.0,355300000,356300000.0,14.297,21415300000.0,0.0,205000000.0,911600000.0,60.274,3107500000.0
25,PCAR,MRQ,2015-03-31,2015-03-31,2015-03-31,2021-09-08,-917300000.0,20326800000.0,,5225500000.0,15101300000.0,,18.957,-395700000.0,1564700000.0,1564700000.0,3910200000.0,378400000.0,2.089,2.02,8174600000.0,0.0,8174600000.0,8174600000.0,882100000.0,221100000.0,0.0,0.03,0.22,590800000.0,811900000.0,0.168,811900000.0,590800000.0,561700000.0,1.07,1.06,1.07,6731600000.0,,6731600000.0,28877128307.0,13.0,8.974,80500000.0,0.227,1.0,922500000.0,0.191,0.0,29100000.0,24435700000.0,,865700000.0,10199800000.0,1227200000.0,8972600000.0,13595200000.0,2501000000.0,11094200000.0,22384128307.0,-172900000.0,123000000.0,6300000.0,186200000.0,-432400000.0,-239900000.0,-332200000.0,-59500000.0,476200000.0,-77000000.0,378400000.0,378400000.0,378400000.0,0.0,0.0,0.078,332300000.0,590200000.0,2887000000.0,0.206,3.325,15.297,15.288,5274700000.0,0.0,63.14,1.151,1.153,1304500000.0,7164000000.0,4832700000.0,4832700000.0,56200000.0,,,,,0.0,133000000.0,1.0,354515811.0,355100000,356100000.0,13.609,20326800000.0,0.0,183300000.0,922200000.0,57.242,2724500000.0
26,PCAR,MRQ,2014-12-31,2014-12-31,2014-12-31,2021-09-08,-579800000.0,20618800000.0,,5200400000.0,15418400000.0,,19.039,-428700000.0,1737600000.0,1737600000.0,4160400000.0,394300000.0,1.961,2.053,8230600000.0,0.0,8230600000.0,8230600000.0,970900000.0,240100000.0,0.0,0.027,1.22,608500000.0,848600000.0,0.166,848600000.0,608500000.0,577700000.0,1.11,1.11,1.11,6753200000.0,,6753200000.0,30652432015.0,14.0,9.988,93300000.0,0.263,1.0,958700000.0,0.187,0.0,30800000.0,24460200000.0,,925700000.0,10314600000.0,1272000000.0,9042600000.0,13865600000.0,2651600000.0,11214000000.0,24082632015.0,89200000.0,105500000.0,-4500000.0,137800000.0,-78000000.0,55300000.0,-449600000.0,-126400000.0,522000000.0,-38500000.0,394300000.0,394300000.0,394300000.0,0.0,0.0,0.077,354000000.0,604700000.0,2681700000.0,1.099,3.566,17.723,17.757,5553800000.0,0.0,68.01,1.268,1.271,1047100000.0,6863800000.0,5119100000.0,5119100000.0,62500000.0,,,,,0.0,140100000.0,1.0,354104279.0,354700000,355800000.0,14.432,20618800000.0,0.0,183400000.0,909200000.0,58.13,2548800000.0
27,PCAR,MRQ,2014-09-30,2014-09-30,2014-09-30,2021-09-08,-198600000.0,21026100000.0,,5470400000.0,15555700000.0,,20.165,-416700000.0,1648400000.0,1648400000.0,4006300000.0,371400000.0,2.106,1.935,8218200000.0,0.0,8218200000.0,8218200000.0,982800000.0,230100000.0,0.0,0.031,0.22,585000000.0,815100000.0,0.165,815100000.0,585000000.0,552400000.0,1.05,1.04,1.05,7162700000.0,,7162700000.0,27116869187.0,13.0,9.139,344100000.0,0.969,1.0,922100000.0,0.187,0.0,32600000.0,24997800000.0,,988100000.0,10173200000.0,1320600000.0,8852600000.0,13863400000.0,2598100000.0,11265300000.0,20177469187.0,268100000.0,102200000.0,-22400000.0,90300000.0,-78000000.0,-10100000.0,-429100000.0,-114600000.0,760800000.0,-53500000.0,371400000.0,371400000.0,371400000.0,0.0,0.0,0.075,339300000.0,582800000.0,2978100000.0,0.21,2.817,15.537,15.497,5639600000.0,0.0,56.875,1.092,1.093,1313400000.0,6902400000.0,4928400000.0,4928400000.0,50500000.0,,,,,0.0,136700000.0,1.0,354768689.0,355200000,356300000.0,13.875,21026100000.0,0.0,181000000.0,911500000.0,59.195,2872300000.0
28,PCAR,MRQ,2014-06-30,2014-06-30,2014-06-30,2021-09-08,63500000.0,20907400000.0,,5142400000.0,15765000000.0,,20.161,-428700000.0,1380300000.0,1380300000.0,3719400000.0,319200000.0,2.197,1.92,8319700000.0,0.0,8319700000.0,8319700000.0,1042100000.0,227700000.0,0.0,0.027,0.22,514700000.0,742400000.0,0.162,742400000.0,514700000.0,481000000.0,0.9,0.9,0.9,7159300000.0,,7159300000.0,29235639527.0,15.0,10.308,126400000.0,0.356,1.0,850200000.0,0.186,0.0,33700000.0,25506300000.0,,969100000.0,10214600000.0,1335000000.0,8879600000.0,13748100000.0,2340500000.0,11407600000.0,22285639527.0,90400000.0,104400000.0,1700000.0,78800000.0,-78100000.0,2400000.0,-477600000.0,-153300000.0,555100000.0,10500000.0,319200000.0,319200000.0,319200000.0,0.0,0.0,0.07,341900000.0,508300000.0,2685800000.0,0.244,3.113,18.02,18.003,5841800000.0,0.0,62.83,1.249,1.25,1232200000.0,6609200000.0,4569600000.0,4569600000.0,49900000.0,,,,,0.0,139600000.0,1.0,354697430.0,355100000,356300000.0,12.868,20907400000.0,0.0,161800000.0,932400000.0,58.877,2801900000.0
29,PCAR,MRQ,2014-03-31,2014-03-31,2014-03-31,2021-09-08,14000000.0,20597600000.0,,4918900000.0,15678700000.0,,19.339,-263200000.0,1289900000.0,1289900000.0,3595500000.0,273900000.0,2.04,2.001,8239900000.0,0.0,8239900000.0,8239900000.0,1047600000.0,219800000.0,0.0,0.025,0.2,443100000.0,662900000.0,0.151,662900000.0,443100000.0,406500000.0,0.77,0.77,0.77,6863500000.0,,6863500000.0,30575011951.0,16.0,11.063,22500000.0,0.063,1.0,784400000.0,0.179,0.0,36600000.0,25136200000.0,,958000000.0,10114000000.0,1250400000.0,8863600000.0,13734100000.0,2411400000.0,11322700000.0,23900911951.0,-460200000.0,83400000.0,11600000.0,-190000000.0,-389700000.0,-568100000.0,-175600000.0,4200000.0,285700000.0,-2200000.0,273900000.0,273900000.0,273900000.0,0.0,0.0,0.063,345700000.0,438700000.0,2760000000.0,0.26,3.482,19.768,19.777,5756800000.0,0.0,67.44,1.36,1.362,1186900000.0,6368100000.0,4379900000.0,4379900000.0,52700000.0,,,,,0.0,145000000.0,1.0,354402609.0,354900000,356000000.0,12.341,20597600000.0,0.0,132600000.0,928000000.0,58.038,2507500000.0
30,PCAR,MRQ,2013-12-31,2013-12-31,2013-12-31,2021-09-08,8700000.0,20725500000.0,,5066500000.0,15659000000.0,,18.715,-490300000.0,1750100000.0,1750100000.0,3725700000.0,334200000.0,1.931,2.124,8424200000.0,150000000.0,8274200000.0,8424200000.0,1093800000.0,222000000.0,0.0,0.029,1.1,524600000.0,746600000.0,0.162,746600000.0,524600000.0,484900000.0,0.95,0.94,0.95,6634300000.0,,6634300000.0,27527616895.0,15.0,10.343,185100000.0,0.522,1.0,873200000.0,0.19,0.0,39700000.0,24775800000.0,,813600000.0,10079600000.0,1267500000.0,8812100000.0,14091200000.0,2623800000.0,11467400000.0,20951616895.0,39700000.0,101400000.0,5300000.0,119400000.0,-70800000.0,53900000.0,-686900000.0,-298000000.0,675400000.0,-2700000.0,334200000.0,334200000.0,334200000.0,0.0,0.0,0.073,354500000.0,518700000.0,2546700000.0,1.158,3.158,17.887,17.876,5841700000.0,0.0,59.17,1.224,1.224,1019600000.0,6165100000.0,4598900000.0,4598900000.0,60900000.0,,,,,0.0,147600000.0,1.0,354091886.0,354500000,355800000.0,12.973,20725500000.0,0.0,150700000.0,973300000.0,58.464,2442700000.0
31,PCAR,MRQ,2013-09-30,2013-09-30,2013-09-30,2021-09-08,-191100000.0,20311600000.0,,5188900000.0,15122700000.0,,18.287,-504500000.0,1710400000.0,1710400000.0,3491100000.0,309400000.0,1.944,2.134,8286400000.0,150000000.0,8136400000.0,8286400000.0,1070400000.0,206400000.0,0.0,0.029,0.2,477900000.0,684300000.0,0.159,684300000.0,477900000.0,440000000.0,0.87,0.87,0.87,6480900000.0,,6480900000.0,26170942134.0,15.0,10.503,43200000.0,0.122,1.0,809000000.0,0.188,0.0,37900000.0,24218900000.0,,893100000.0,9896000000.0,1201100000.0,8694900000.0,13830700000.0,2668700000.0,11162000000.0,19702142134.0,268500000.0,78900000.0,8200000.0,284600000.0,-70900000.0,221900000.0,-526100000.0,-100500000.0,547700000.0,25000000.0,309400000.0,309400000.0,309400000.0,0.0,0.0,0.072,335100000.0,473900000.0,2865100000.0,0.23,3.04,18.065,18.071,5668800000.0,0.0,55.66,1.192,1.194,1093400000.0,6221500000.0,4300100000.0,4300100000.0,56600000.0,,,,,0.0,134700000.0,1.0,353973089.0,354400000,355400000.0,12.133,20311600000.0,0.0,130600000.0,937000000.0,57.313,2520200000.0
32,PCAR,MRQ,2013-06-30,2013-06-30,2013-06-30,2021-09-08,-309900000.0,19202000000.0,,4719600000.0,14482400000.0,,17.26,-488100000.0,1441900000.0,1441900000.0,3494600000.0,291600000.0,1.834,2.142,7910700000.0,150000000.0,7760700000.0,7910700000.0,952100000.0,197600000.0,0.0,0.03,0.2,472300000.0,669900000.0,0.156,669900000.0,472300000.0,432900000.0,0.82,0.82,0.82,6111600000.0,,6111600000.0,25577823195.0,16.0,10.794,280500000.0,0.792,1.0,805900000.0,0.187,0.0,39400000.0,23098100000.0,,832000000.0,9489500000.0,1181800000.0,8307700000.0,13090400000.0,2572700000.0,10517700000.0,18980623195.0,180500000.0,77000000.0,9900000.0,96200000.0,-70700000.0,35400000.0,-596500000.0,-185400000.0,768600000.0,-27000000.0,291600000.0,291600000.0,291600000.0,0.0,0.0,0.068,342000000.0,463900000.0,2708500000.0,0.244,3.106,18.704,18.697,5397700000.0,0.0,53.66,1.183,1.184,1015000000.0,5983000000.0,4300500000.0,4300500000.0,61800000.0,,,,,0.0,136000000.0,1.0,353720149.0,354100000,355000000.0,12.145,19202000000.0,0.0,141300000.0,892300000.0,54.228,2146900000.0
33,PCAR,MRQ,2013-03-31,2013-03-31,2013-03-31,2021-09-08,-239000000.0,18834100000.0,,4639600000.0,14194500000.0,,16.802,-389900000.0,1261400000.0,1261400000.0,3189300000.0,236100000.0,1.89,2.167,7858600000.0,150000000.0,7708600000.0,7858600000.0,894300000.0,184700000.0,0.0,0.032,0.2,376100000.0,560800000.0,0.143,560800000.0,376100000.0,337200000.0,0.67,0.67,0.67,5947900000.0,,5947900000.0,24479058360.0,15.0,10.374,-5900000.0,-0.017,1.0,735000000.0,0.187,0.0,38900000.0,22976900000.0,,818200000.0,9426900000.0,1177700000.0,8249200000.0,12886200000.0,2454400000.0,10431800000.0,17871358360.0,-11000000.0,82800000.0,7600000.0,25700000.0,-70700000.0,-37400000.0,-341500000.0,-34400000.0,384000000.0,-16100000.0,236100000.0,236100000.0,236100000.0,0.0,0.0,0.06,363900000.0,371100000.0,2590500000.0,0.299,3.005,17.514,17.556,5204500000.0,0.0,50.56,1.103,1.105,1096000000.0,5762300000.0,3924300000.0,3924300000.0,72100000.0,,,,,0.0,141200000.0,1.0,353468322.0,354000000,354800000.0,11.086,18834100000.0,0.0,101100000.0,912500000.0,53.204,2185200000.0
34,PCAR,MRQ,2012-12-31,2012-12-31,2012-12-31,2021-09-08,-159500000.0,18627800000.0,,4412100000.0,14215700000.0,,16.521,-506100000.0,1272400000.0,1272400000.0,3247400000.0,253500000.0,2.128,2.186,7880100000.0,0.0,7880100000.0,7880100000.0,903500000.0,178500000.0,0.0,0.035,1.0,398200000.0,576700000.0,0.144,576700000.0,398200000.0,358200000.0,0.72,0.71,0.72,5846900000.0,,5846900000.0,21874326627.0,12.0,8.791,96300000.0,0.272,1.0,749600000.0,0.188,0.0,40000000.0,23162300000.0,,782400000.0,9491000000.0,1192700000.0,8298300000.0,12780900000.0,2073200000.0,10707700000.0,15960526627.0,-478100000.0,79000000.0,6500000.0,176600000.0,-353600000.0,-170500000.0,-925800000.0,-506300000.0,602400000.0,15800000.0,253500000.0,253500000.0,253500000.0,0.0,0.0,0.063,359700000.0,389900000.0,2382700000.0,1.389,2.73,14.358,14.444,5201600000.0,0.0,45.21,0.936,0.942,902100000.0,5596400000.0,3997000000.0,3997000000.0,66400000.0,,,,,0.0,138600000.0,1.0,353030892.0,353900000,354300000.0,11.294,18627800000.0,0.0,104700000.0,940000000.0,52.636,2338900000.0
35,PCAR,MRQ,2012-09-30,2012-09-30,2012-09-30,2021-09-08,-160600000.0,18692500000.0,,4893300000.0,13799200000.0,,16.574,-460600000.0,1750500000.0,1750500000.0,3108500000.0,233600000.0,,2.189,7664300000.0,7664300000.0,,7664300000.0,850200000.0,176200000.0,0.0,0.036,0.2,386000000.0,562200000.0,0.147,562200000.0,386000000.0,345400000.0,0.66,0.66,0.66,5862100000.0,,5862100000.0,19827677304.0,10.0,7.637,12000000.0,0.034,1.0,711700000.0,0.186,0.0,40600000.0,24606300000.0,,915600000.0,9088900000.0,955900000.0,8133000000.0,12830400000.0,,,14147277304.0,30600000.0,75800000.0,-20900000.0,206900000.0,-70200000.0,115800000.0,-581800000.0,-199400000.0,472600000.0,24000000.0,233600000.0,233600000.0,233600000.0,0.0,0.0,0.061,333200000.0,378500000.0,2798700000.0,0.303,2.413,11.931,12.054,4922500000.0,0.0,40.02,0.79,0.79,1003600000.0,5755800000.0,3820200000.0,3820200000.0,66800000.0,,,,,0.0,136500000.0,1.0,353505180.0,353700000,354300000.0,10.801,18692500000.0,0.0,111800000.0,915400000.0,52.848,
36,PCAR,MRQ,2012-06-30,2012-06-30,2012-06-30,2021-09-08,-235900000.0,18244800000.0,,4951700000.0,13293100000.0,,16.045,-536700000.0,1719900000.0,1719900000.0,3632500000.0,297200000.0,,2.194,7400300000.0,7400300000.0,,7400300000.0,802100000.0,175600000.0,0.0,0.037,0.2,484400000.0,660000000.0,0.148,660000000.0,484400000.0,446300000.0,0.83,0.83,0.83,5712100000.0,,5712100000.0,19138973288.0,10.0,7.228,-219000000.0,-0.615,1.0,824700000.0,0.185,0.0,38100000.0,23925200000.0,,883200000.0,8846300000.0,928500000.0,7917800000.0,12532700000.0,,,13978573288.0,-203200000.0,89900000.0,-123100000.0,436200000.0,-71300000.0,241800000.0,-715300000.0,-269800000.0,317700000.0,-47400000.0,297200000.0,297200000.0,297200000.0,0.0,0.0,0.067,346900000.0,477800000.0,2942900000.0,0.241,2.447,11.33,11.392,4696000000.0,0.0,39.19,0.762,0.761,1120900000.0,5663500000.0,4457200000.0,4457200000.0,73800000.0,,,,,0.0,146600000.0,1.0,356687249.0,356000000,356800000.0,12.52,18244800000.0,0.0,149100000.0,887400000.0,51.249,
37,PCAR,MRQ,2012-03-31,2012-03-31,2012-03-31,2021-09-08,-123900000.0,18157800000.0,,5144900000.0,13012900000.0,,16.02,-300000000.0,1923100000.0,1923100000.0,3919900000.0,327300000.0,,2.175,7083500000.0,7083500000.0,,7083500000.0,767400000.0,170600000.0,0.0,0.029,0.18,518700000.0,689300000.0,0.144,689300000.0,518700000.0,479000000.0,0.92,0.91,0.92,5719100000.0,,5719100000.0,21261281661.0,11.0,8.318,-173700000.0,-0.487,1.0,856200000.0,0.179,0.0,39700000.0,23318200000.0,,818800000.0,8682400000.0,947800000.0,7734600000.0,12438700000.0,,,16712581661.0,-183600000.0,85500000.0,-10700000.0,347500000.0,-314400000.0,22400000.0,-365100000.0,-142000000.0,126300000.0,32800000.0,327300000.0,327300000.0,327300000.0,0.0,0.0,0.069,348500000.0,507700000.0,3224900000.0,0.196,2.922,14.208,14.321,4530600000.0,0.0,46.83,0.936,0.937,1195900000.0,5437600000.0,4776100000.0,4776100000.0,72300000.0,,,,,0.0,149900000.0,1.0,356877678.0,357000000,357800000.0,13.378,18157800000.0,0.0,151700000.0,869900000.0,50.862,
38,PCAR,MRQ,2011-12-31,2011-12-31,2011-12-31,2021-09-08,-219000000.0,17172700000.0,,4838000000.0,12334700000.0,,14.976,-419000000.0,2106700000.0,2106700000.0,3994400000.0,327700000.0,1.841,2.201,6655400000.0,0.0,6655400000.0,6655400000.0,712000000.0,168100000.0,0.0,0.035,0.88,516800000.0,684900000.0,0.141,684900000.0,516800000.0,472700000.0,0.91,0.91,0.91,5364400000.0,,5364400000.0,17670199721.0,10.0,7.481,22300000.0,0.062,1.0,859400000.0,0.177,0.0,44100000.0,19093700000.0,,710400000.0,8169800000.0,910100000.0,7259700000.0,11808300000.0,2627700000.0,9180600000.0,13422399721.0,227100000.0,91400000.0,-80900000.0,579000000.0,-64300000.0,433800000.0,-633700000.0,-325700000.0,441300000.0,-14300000.0,327700000.0,327700000.0,327700000.0,0.0,0.0,0.068,348300000.0,511100000.0,2740800000.0,0.967,2.502,12.878,13.056,4363100000.0,0.0,37.47,0.821,0.832,977800000.0,5174500000.0,4853800000.0,4853800000.0,72300000.0,,,,,0.0,143500000.0,1.0,358217233.0,358200000,359000000.0,13.551,17172700000.0,0.0,145000000.0,942800000.0,47.942,2210300000.0
39,PCAR,MRQ,2011-09-30,2011-09-30,2011-09-30,2021-09-08,-31000000.0,16354300000.0,,4729300000.0,11625000000.0,,15.397,-392800000.0,1879600000.0,1879600000.0,3484000000.0,281600000.0,,1.924,6127400000.0,6127400000.0,,6127400000.0,687900000.0,174300000.0,0.0,0.025,0.18,439300000.0,613600000.0,0.144,613600000.0,439300000.0,394700000.0,0.78,0.77,0.78,5593900000.0,,5593900000.0,16372158290.0,11.0,7.721,-33500000.0,-0.092,1.0,773100000.0,0.182,0.0,44600000.0,20602100000.0,,725100000.0,7568500000.0,915700000.0,6652800000.0,10760400000.0,,,12361758290.0,7000000.0,72600000.0,-250200000.0,465200000.0,-65400000.0,149600000.0,-383400000.0,-51800000.0,359300000.0,-118500000.0,281600000.0,281600000.0,281600000.0,0.0,0.0,0.066,340800000.0,432300000.0,2857400000.0,0.231,2.21,13.978,13.918,4276500000.0,0.0,33.82,0.849,0.844,1015200000.0,5407600000.0,4257100000.0,4257100000.0,70000000.0,,,,,0.0,137100000.0,1.0,365516212.0,363300000,364200000.0,11.718,16354300000.0,0.0,113100000.0,762800000.0,45.016,
40,PCAR,MRQ,2011-06-30,2011-06-30,2011-06-30,2021-09-08,239400000.0,16301000000.0,,4834000000.0,11467000000.0,,16.163,-478000000.0,1872600000.0,1872600000.0,3231100000.0,239700000.0,,1.756,5883000000.0,5883000000.0,,5883000000.0,716100000.0,169000000.0,0.0,0.015,0.12,399300000.0,568300000.0,0.143,568300000.0,399300000.0,353200000.0,0.66,0.65,0.66,5914000000.0,,5914000000.0,22394109626.0,18.0,11.868,-145300000.0,-0.397,1.0,729600000.0,0.184,0.0,46100000.0,20311400000.0,,742700000.0,7579600000.0,1053000000.0,6526600000.0,10387000000.0,,,18671809626.0,182900000.0,89200000.0,2800000.0,414200000.0,-43900000.0,373100000.0,-551200000.0,-156900000.0,332700000.0,28300000.0,239700000.0,239700000.0,239700000.0,0.0,0.0,0.061,341100000.0,388500000.0,2744700000.0,0.182,3.157,25.836,25.803,4240300000.0,0.0,51.09,1.454,1.456,971400000.0,5191500000.0,3960700000.0,3960700000.0,77500000.0,,,,,0.0,133200000.0,1.0,365468969.0,365900000,367200000.0,10.825,16301000000.0,0.0,113500000.0,703900000.0,44.55,
41,PCAR,MRQ,2011-03-31,2011-03-31,2011-03-31,2021-09-08,173500000.0,15133700000.0,,4308000000.0,10825700000.0,,15.443,-357500000.0,1689700000.0,1689700000.0,2632300000.0,193300000.0,,1.679,5412000000.0,5412000000.0,,5412000000.0,645200000.0,162400000.0,0.0,0.014,0.12,332800000.0,495200000.0,0.151,495200000.0,332800000.0,286300000.0,0.53,0.53,0.53,5648900000.0,,5648900000.0,22363955193.0,21.0,13.366,101800000.0,0.278,1.0,651300000.0,0.198,0.0,46500000.0,18856000000.0,,590300000.0,7244700000.0,1001700000.0,6243000000.0,9484800000.0,,,19128755193.0,-351100000.0,85800000.0,1600000.0,31800000.0,-43800000.0,-10400000.0,-850700000.0,-566400000.0,459300000.0,50700000.0,193300000.0,193300000.0,193300000.0,0.0,0.0,0.059,322500000.0,328800000.0,2360900000.0,0.226,3.386,32.833,32.931,3896200000.0,0.0,52.36,1.686,1.688,865400000.0,4995600000.0,3283600000.0,3283600000.0,68400000.0,,,,,0.0,133100000.0,1.0,365331459.0,365800000,367200000.0,8.976,15133700000.0,0.0,93000000.0,686400000.0,41.372,
42,PCAR,MRQ,2010-12-31,2010-12-31,2010-12-31,2021-09-08,41300000.0,14234100000.0,,3795500000.0,10438600000.0,,14.655,-289600000.0,2040800000.0,2040800000.0,2456900000.0,169800000.0,,1.657,5276000000.0,5276000000.0,,5276000000.0,563800000.0,154800000.0,0.0,0.012,0.42,288500000.0,443300000.0,0.145,443300000.0,288500000.0,238900000.0,0.46,0.46,0.46,5357800000.0,,5357800000.0,24096642840.0,28.0,16.102,99000000.0,0.271,1.0,598700000.0,0.196,0.0,49600000.0,17469300000.0,,534000000.0,6521400000.0,450500000.0,6070900000.0,8876300000.0,,,20911942840.0,-16400000.0,116100000.0,12200000.0,42100000.0,-153400000.0,-99100000.0,-310300000.0,-131000000.0,388600000.0,4400000.0,169800000.0,169800000.0,169800000.0,0.0,0.0,0.056,316800000.0,281900000.0,1952400000.0,0.913,3.903,45.699,45.872,3693000000.0,0.0,57.34,2.032,2.033,610400000.0,4846100000.0,3055600000.0,3055600000.0,65400000.0,,,,,0.0,129900000.0,1.0,364700782.0,365600000,367100000.0,8.358,14234100000.0,0.0,69100000.0,713800000.0,38.934,
43,PCAR,MRQ,2010-09-30,2010-09-30,2010-09-30,2021-09-08,38400000.0,13983500000.0,,3741700000.0,10241800000.0,,14.568,-218900000.0,2057200000.0,2057200000.0,2019200000.0,119900000.0,,1.63,5241900000.0,22800000.0,5219100000.0,5241900000.0,542300000.0,151600000.0,0.0,0.007,0.09,228600000.0,380200000.0,0.15,380200000.0,228600000.0,176800000.0,0.33,0.33,0.33,5316000000.0,,5316000000.0,20851524804.0,28.0,15.196,144400000.0,0.396,1.0,523300000.0,0.206,0.0,51800000.0,17168200000.0,,512800000.0,6262600000.0,354900000.0,5907700000.0,8667500000.0,,,17552224804.0,159100000.0,73400000.0,2200000.0,-156400000.0,-32800000.0,-187000000.0,-143800000.0,-1800000.0,363300000.0,126600000.0,119900000.0,119900000.0,119900000.0,0.0,0.0,0.047,299200000.0,224100000.0,1862200000.0,0.273,3.302,52.567,52.337,3654500000.0,0.0,48.15,1.852,1.854,642100000.0,4829900000.0,2542500000.0,2542500000.0,59900000.0,,,,,0.0,116200000.0,1.0,364532187.0,364900000,366100000.0,6.968,13983500000.0,0.0,56900000.0,660500000.0,38.321,
44,PCAR,MRQ,2010-06-30,2010-06-30,2010-06-30,2021-09-08,-190900000.0,13422300000.0,,3466700000.0,9955600000.0,,13.687,-186200000.0,1898100000.0,1898100000.0,1954900000.0,99600000.0,,1.687,5197400000.0,,5197400000.0,5197400000.0,500800000.0,151400000.0,0.0,0.009,0.09,203100000.0,354500000.0,0.144,354500000.0,203100000.0,148600000.0,0.27,0.27,0.27,4994400000.0,,4994400000.0,18380795620.0,31.0,14.722,327900000.0,0.899,1.0,509200000.0,0.207,0.0,54500000.0,16721600000.0,,481400000.0,6070500000.0,294900000.0,5775600000.0,8427900000.0,,,14548495620.0,43400000.0,122800000.0,4000000.0,-294800000.0,-32700000.0,-323500000.0,-53500000.0,16200000.0,514100000.0,-93700000.0,99600000.0,99600000.0,99600000.0,0.0,0.0,0.04,306500000.0,202700000.0,1745700000.0,0.333,2.913,64.09,63.286,3486500000.0,0.0,39.87,1.626,1.626,640500000.0,4742800000.0,2464100000.0,2464100000.0,58400000.0,,,,,0.0,119800000.0,1.0,364898310.0,364900000,366000000.0,6.753,13422300000.0,0.0,49000000.0,643500000.0,36.784,
45,PCAR,MRQ,2010-03-31,2010-03-31,2010-03-31,2021-09-08,-18100000.0,13990000000.0,,3396400000.0,10593600000.0,,13.968,-189100000.0,1854700000.0,1854700000.0,1767800000.0,68300000.0,,1.747,5687000000.0,,5687000000.0,5687000000.0,518500000.0,165400000.0,0.0,0.01,0.09,153100000.0,318500000.0,0.143,318500000.0,153100000.0,96000000.0,0.19,0.19,0.19,5092600000.0,,5092600000.0,19945013207.0,41.0,17.279,96300000.0,0.264,1.0,462900000.0,0.208,0.0,57100000.0,17822300000.0,,545500000.0,6442100000.0,246700000.0,6195400000.0,8897400000.0,,,15784213207.0,-57300000.0,79800000.0,3600000.0,-321600000.0,-32800000.0,-350800000.0,40500000.0,141200000.0,285400000.0,-32400000.0,68300000.0,68300000.0,68300000.0,0.0,0.0,0.031,310100000.0,152800000.0,1639500000.0,0.474,3.099,102.561,100.791,3662100000.0,0.0,43.34,1.895,1.897,576400000.0,4676000000.0,2230700000.0,2230700000.0,54800000.0,,,,,0.0,115600000.0,1.0,364195044.0,364600000,365700000.0,6.118,13990000000.0,0.0,27700000.0,694700000.0,38.371,
46,PCAR,MRQ,2009-12-31,2009-12-31,2009-12-31,2021-09-08,36200000.0,14569000000.0,,3467100000.0,11101900000.0,,14.006,-358500000.0,1912000000.0,1912000000.0,1783000000.0,46100000.0,,1.855,6072800000.0,6072800000.0,6072800000.0,6072800000.0,547200000.0,164500000.0,0.0,0.015,0.09,154500000.0,319000000.0,0.142,319000000.0,154500000.0,93700000.0,0.13,0.13,0.13,5103700000.0,,5103700000.0,17755556596.0,38.0,15.874,150800000.0,0.414,1.0,457400000.0,0.204,0.0,60800000.0,18729800000.0,,632100000.0,6717200000.0,219500000.0,6497700000.0,9465300000.0,,,13184456596.0,112800000.0,287700000.0,6300000.0,-286000000.0,-32700000.0,-312400000.0,-84000000.0,-15500000.0,509300000.0,-100000.0,46100000.0,46100000.0,46100000.0,0.0,0.0,0.021,302600000.0,154800000.0,1705200000.0,0.692,2.583,117.824,117.0,3774700000.0,0.0,36.27,1.63,1.632,554700000.0,4640500000.0,2240400000.0,2240400000.0,50700000.0,,,,,0.0,116200000.0,1.0,363508591.0,364400000,365800000.0,6.148,14569000000.0,0.0,47600000.0,734800000.0,39.981,
47,PCAR,MRQ,2009-09-30,2009-09-30,2009-09-30,2021-09-08,-7900000.0,14797400000.0,,3525100000.0,11272300000.0,,13.834,-283500000.0,1799200000.0,1799200000.0,1646500000.0,13000000.0,,1.94,6370300000.0,6370300000.0,,6370300000.0,526200000.0,173000000.0,0.0,0.019,0.09,83500000.0,256500000.0,0.128,256500000.0,83500000.0,16800000.0,0.04,0.04,0.04,5032900000.0,,5032900000.0,18512849535.0,33.0,15.081,170500000.0,0.469,1.0,364500000.0,0.181,0.0,66700000.0,19368500000.0,,629000000.0,7051600000.0,240300000.0,6811300000.0,9764500000.0,,,13700749535.0,-70500000.0,18500000.0,5600000.0,-462900000.0,-32700000.0,-490000000.0,-95200000.0,184500000.0,454000000.0,60700000.0,13000000.0,13000000.0,13000000.0,0.0,0.0,0.006,280200000.0,84300000.0,1764400000.0,2.25,2.722,76.583,76.959,3674100000.0,0.0,37.71,1.564,1.566,655400000.0,4627200000.0,2011000000.0,2011000000.0,43400000.0,,,,,0.0,108500000.0,1.0,363318736.0,363800000,365000000.0,5.528,14797400000.0,256500000.0,3800000.0,1103600000.0,40.675,
48,PCAR,MRQ,2009-06-30,2009-06-30,2009-06-30,2021-09-08,-136400000.0,14922500000.0,,3578700000.0,11343800000.0,,13.528,-216100000.0,1869700000.0,1869700000.0,1492800000.0,26500000.0,,2.035,6681800000.0,6681800000.0,,6681800000.0,520800000.0,159400000.0,0.0,0.025,0.18,100900000.0,260300000.0,0.141,260300000.0,100900000.0,27900000.0,0.07,0.07,0.07,4916000000.0,,4916000000.0,16882047669.0,17.0,10.117,103100000.0,0.284,1.0,356100000.0,0.193,0.0,73000000.0,19734600000.0,,644600000.0,7160700000.0,165100000.0,6995600000.0,10006500000.0,,,11777947669.0,-55200000.0,122500000.0,-1300000.0,-536700000.0,-65400000.0,-603400000.0,137700000.0,223800000.0,319200000.0,91300000.0,26500000.0,26500000.0,26500000.0,0.0,0.0,0.014,242300000.0,113800000.0,1700500000.0,2.571,2.396,25.334,25.535,3588600000.0,0.0,32.43,1.095,1.096,671500000.0,4646800000.0,1848900000.0,1848900000.0,52800000.0,,,,,0.0,100500000.0,1.0,363180625.0,363400000,364400000.0,5.088,14922500000.0,301700000.0,1400000.0,1103400000.0,41.064,
49,PCAR,MRQ,2009-03-31,2009-03-31,2009-03-31,2021-09-08,-356000000.0,15068100000.0,,3536100000.0,11532000000.0,,13.03,-112900000.0,1924900000.0,1924900000.0,1561100000.0,26300000.0,,2.185,7029000000.0,7029000000.0,,7029000000.0,446600000.0,154800000.0,0.0,0.032,0.18,127900000.0,282700000.0,0.142,282700000.0,127900000.0,36600000.0,0.07,0.07,0.07,4731300000.0,,4731300000.0,14874466946.0,10.0,7.004,-22100000.0,-0.061,1.0,425100000.0,0.214,0.0,91300000.0,20172200000.0,,602700000.0,7411600000.0,177300000.0,7234300000.0,10336800000.0,,,9344866946.0,-30300000.0,91400000.0,7000000.0,-316100000.0,-101300000.0,-410400000.0,352100000.0,368700000.0,90800000.0,-62800000.0,26300000.0,26300000.0,26300000.0,0.0,0.0,0.013,289900000.0,135200000.0,1685200000.0,2.571,1.975,12.428,12.505,3516100000.0,0.0,25.76,0.718,0.718,650700000.0,4685900000.0,1986200000.0,1986200000.0,52300000.0,,,,,0.0,109700000.0,1.0,362766574.0,363100000,364000000.0,5.47,15068100000.0,255600000.0,10300000.0,1176000000.0,41.498,
50,PCAR,MRQ,2008-12-31,2008-12-31,2008-12-31,2021-09-08,-269800000.0,16249800000.0,,3643100000.0,12606700000.0,,13.352,-408200000.0,1955200000.0,1955200000.0,2341900000.0,113100000.0,,2.353,7484800000.0,7484800000.0,,7484800000.0,470800000.0,170900000.0,0.0,0.029,0.28,257200000.0,428100000.0,0.147,428100000.0,257200000.0,165800000.0,0.31,0.31,0.31,4846700000.0,,4846700000.0,16583557724.0,9.0,6.604,-62800000.0,-0.173,1.0,574800000.0,0.197,0.0,91400000.0,21779400000.0,,658100000.0,8211800000.0,175400000.0,8036400000.0,11403100000.0,,,10372657724.0,559500000.0,218500000.0,200000.0,35300000.0,-65300000.0,-29800000.0,295100000.0,484800000.0,345400000.0,-51200000.0,113100000.0,113100000.0,113100000.0,0.0,0.0,0.039,332800000.0,242000000.0,2041500000.0,0.903,2.14,10.19,10.251,3742900000.0,0.0,28.6,0.693,0.696,698700000.0,4724700000.0,2916700000.0,2916700000.0,80100000.0,,,,,0.0,121500000.0,1.0,362680340.0,363000000,363800000.0,8.035,16249800000.0,0.0,52700000.0,733100000.0,44.765,
51,PCAR,MRQ,2008-09-30,2008-09-30,2008-09-30,2021-09-08,237300000.0,17231800000.0,,3854600000.0,13377200000.0,,14.709,-459300000.0,1395700000.0,1395700000.0,3113500000.0,299000000.0,,2.227,7606600000.0,7606600000.0,,7606600000.0,534500000.0,166800000.0,0.0,0.045,0.18,530700000.0,697500000.0,0.174,697500000.0,530700000.0,428600000.0,0.82,0.82,0.82,5339300000.0,,5339300000.0,20251196228.0,11.0,7.929,-253400000.0,-0.698,1.0,891400000.0,0.223,0.0,102100000.0,23442700000.0,,938100000.0,9403100000.0,551100000.0,8852000000.0,11892500000.0,,,13876196228.0,-292300000.0,90500000.0,-35900000.0,-73100000.0,-65300000.0,-174300000.0,-211200000.0,139200000.0,205900000.0,-112700000.0,299000000.0,299000000.0,299000000.0,0.0,0.0,0.075,382600000.0,508800000.0,2715800000.0,0.22,2.599,11.902,11.972,3767000000.0,0.0,38.19,0.877,0.877,791100000.0,4713300000.0,4004900000.0,4004900000.0,88100000.0,,,,,0.0,147200000.0,1.0,363346327.0,363000000,364800000.0,11.033,17231800000.0,227900000.0,129600000.0,1035600000.0,47.471,
52,PCAR,MRQ,2008-06-30,2008-06-30,2008-06-30,2021-09-08,522400000.0,18010500000.0,,4164800000.0,13845700000.0,,14.86,-384100000.0,1688000000.0,1688000000.0,3202200000.0,313500000.0,,2.325,8063000000.0,8063000000.0,,8063000000.0,597500000.0,164500000.0,0.0,0.041,0.18,550900000.0,715400000.0,0.174,715400000.0,550900000.0,446000000.0,0.86,0.86,0.86,5416600000.0,,5416600000.0,21516550100.0,11.0,8.232,2500000.0,0.007,1.0,910300000.0,0.221,0.0,104900000.0,24385500000.0,,892100000.0,9747800000.0,587000000.0,9160800000.0,12593900000.0,,,15274250100.0,-51600000.0,36300000.0,-86100000.0,84900000.0,-65600000.0,-66800000.0,-382800000.0,-17500000.0,386600000.0,11400000.0,313500000.0,313500000.0,313500000.0,0.0,0.0,0.076,385100000.0,525200000.0,2879100000.0,0.209,2.82,13.064,13.113,3802300000.0,0.0,41.83,0.981,0.979,827700000.0,4734600000.0,4112500000.0,4112500000.0,90700000.0,,,,,0.0,157500000.0,1.0,365150612.0,364500000,366500000.0,11.283,18010500000.0,240900000.0,132500000.0,1054300000.0,49.412,
53,PCAR,MRQ,2008-03-31,2008-03-31,2008-03-31,2021-09-08,470600000.0,17578800000.0,,4004400000.0,13574400000.0,,14.191,-298400000.0,1739600000.0,1739600000.0,3079300000.0,292300000.0,,2.38,7981900000.0,7981900000.0,,7981900000.0,595800000.0,150900000.0,0.0,0.038,0.18,627200000.0,778100000.0,0.198,778100000.0,627200000.0,423600000.0,0.8,0.79,0.8,5201100000.0,,5201100000.0,22518044490.0,11.0,8.536,68600000.0,0.187,1.0,859100000.0,0.218,0.0,203600000.0,23821100000.0,,705400000.0,9723800000.0,646000000.0,9077800000.0,12377700000.0,,,16500344490.0,-118500000.0,48300000.0,-97300000.0,-66900000.0,-433000000.0,-597200000.0,47000000.0,285200000.0,367000000.0,64700000.0,292300000.0,292300000.0,292300000.0,0.0,0.0,0.074,255500000.0,603600000.0,2721800000.0,0.225,3.172,14.298,14.377,3669900000.0,0.0,45.0,1.087,1.087,750400000.0,4486800000.0,3938400000.0,3938400000.0,82900000.0,,,,,0.0,155200000.0,1.0,366674322.0,366500000,368300000.0,10.746,17578800000.0,235900000.0,131300000.0,1078200000.0,47.964,
54,PCAR,MRQ,2007-12-31,2007-12-31,2007-12-31,2021-09-08,408100000.0,17310200000.0,,4000900000.0,13309300000.0,,13.619,-492700000.0,1858100000.0,1858100000.0,2938900000.0,261100000.0,,2.453,7875800000.0,7875800000.0,,7875800000.0,539400000.0,148500000.0,0.0,0.03,1.18,214500000.0,363000000.0,0.097,363000000.0,214500000.0,371400000.0,0.71,0.71,0.71,5013100000.0,,5013100000.0,26191447496.0,12.0,9.766,103500000.0,0.281,1.0,820400000.0,0.218,0.0,-156900000.0,23327900000.0,,628300000.0,9803900000.0,778500000.0,9025400000.0,12297100000.0,,,20066447496.0,259500000.0,78800000.0,-61000000.0,118200000.0,-66300000.0,-9100000.0,-333500000.0,96500000.0,596200000.0,5900000.0,261100000.0,261100000.0,261100000.0,0.0,0.0,0.069,628500000.0,191900000.0,2476800000.0,1.662,4.003,16.35,16.459,3450500000.0,0.0,54.48,1.318,1.328,652000000.0,4260600000.0,3759300000.0,3759300000.0,92100000.0,,,,,0.0,157400000.0,1.0,368326863.0,368100000,370300000.0,10.213,17310200000.0,205600000.0,110300000.0,1038000000.0,47.026,
55,PCAR,MRQ,2007-09-30,2007-09-30,2007-09-30,2021-09-08,360500000.0,17014800000.0,,3956900000.0,13057900000.0,,14.028,-334900000.0,1598600000.0,1598600000.0,2930600000.0,302300000.0,,2.275,7723600000.0,7723600000.0,,7723600000.0,528800000.0,130700000.0,0.0,0.034,0.167,626500000.0,757200000.0,0.201,757200000.0,626500000.0,425100000.0,0.82,0.81,0.82,5195800000.0,,5195800000.0,27299141325.0,10.0,8.677,141700000.0,0.383,1.0,831100000.0,0.221,0.0,201400000.0,23139800000.0,,659900000.0,9975400000.0,823900000.0,9151500000.0,11819000000.0,,,21191941325.0,184400000.0,55000000.0,-248800000.0,21900000.0,-61500000.0,-288400000.0,-61200000.0,253000000.0,476600000.0,57400000.0,302300000.0,302300000.0,302300000.0,0.0,0.0,0.08,228800000.0,602300000.0,2617000000.0,0.204,4.079,15.736,15.7,3190900000.0,0.0,56.833,1.351,1.342,746800000.0,4433500000.0,3761700000.0,3761700000.0,67800000.0,,,,,0.0,151600000.0,1.0,372878733.0,370400000,372600000.0,10.156,17014800000.0,212900000.0,122800000.0,949600000.0,45.936,
56,PCAR,MRQ,2007-06-30,2007-06-30,2007-06-30,2021-09-08,252600000.0,16464100000.0,,3987100000.0,12477000000.0,,13.65,-262300000.0,1414200000.0,1414200000.0,2912500000.0,298300000.0,,2.233,7521400000.0,7521400000.0,,7521400000.0,491900000.0,129200000.0,0.0,0.033,0.167,610600000.0,739800000.0,0.199,739800000.0,610600000.0,430100000.0,0.8,0.79,0.8,5092900000.0,,5092900000.0,27696923016.0,10.0,8.598,307500000.0,0.824,1.0,803700000.0,0.216,0.0,180500000.0,22571300000.0,,566400000.0,9950600000.0,1066000000.0,8884600000.0,11371200000.0,,,21621523016.0,39000000.0,42300000.0,8000000.0,-54300000.0,-62200000.0,-108500000.0,-437600000.0,-201800000.0,569800000.0,15300000.0,298300000.0,298300000.0,298300000.0,0.0,0.0,0.08,215900000.0,587800000.0,2422800000.0,0.209,4.245,14.932,14.955,2923700000.0,0.0,58.027,1.34,1.342,784700000.0,4577900000.0,3716200000.0,3716200000.0,58200000.0,,,,,0.0,148700000.0,1.0,372613563.0,373100000,375300000.0,9.96,16464100000.0,200300000.0,131800000.0,935100000.0,44.128,
57,PCAR,MRQ,2007-03-31,2007-03-31,2007-03-31,2021-09-08,163800000.0,16109700000.0,,4008800000.0,12100900000.0,,12.753,-177500000.0,1375200000.0,1375200000.0,3135300000.0,365600000.0,,2.387,7450600000.0,7450600000.0,,7450600000.0,484800000.0,118000000.0,0.0,0.038,0.133,703900000.0,821900000.0,0.206,821900000.0,703900000.0,537700000.0,0.98,0.97,0.98,4757000000.0,,4757000000.0,23649989300.0,8.0,7.218,235300000.0,0.631,1.0,849200000.0,0.213,0.0,166200000.0,22185100000.0,,650900000.0,9713200000.0,1018700000.0,8694500000.0,11352700000.0,,,18222489300.0,-477300000.0,64000000.0,-27900000.0,142100000.0,-546700000.0,-432500000.0,-464500000.0,-350700000.0,412800000.0,6900000.0,365600000.0,365600000.0,365600000.0,0.0,0.0,0.092,189700000.0,659500000.0,2490100000.0,0.136,3.831,11.992,12.032,2813000000.0,0.0,48.933,1.099,1.1,811100000.0,4341900000.0,3984500000.0,3984500000.0,37400000.0,,,,,0.0,144600000.0,1.0,372394196.0,373000000,375100000.0,10.682,16109700000.0,200900000.0,172100000.0,927200000.0,43.19,
58,PCAR,MRQ,2006-12-31,2006-12-31,2006-12-31,2021-09-08,156200000.0,16107400000.0,,4199500000.0,11907900000.0,,11.947,-337900000.0,1852500000.0,1852500000.0,3218900000.0,380500000.0,,2.615,7280000000.0,7280000000.0,,7280000000.0,477500000.0,113200000.0,0.0,0.043,1.467,714000000.0,827200000.0,0.196,827200000.0,714000000.0,556000000.0,1.02,1.02,1.02,4456200000.0,,4456200000.0,21442920320.0,8.0,6.735,213700000.0,0.573,1.0,1010100000.0,0.239,0.0,158000000.0,21534900000.0,,693700000.0,9364400000.0,821700000.0,8542700000.0,11651200000.0,,,16115520320.0,243600000.0,44500000.0,4800000.0,299800000.0,-49700000.0,254900000.0,-604800000.0,-318800000.0,551600000.0,41900000.0,380500000.0,380500000.0,380500000.0,0.0,0.0,0.09,323100000.0,687000000.0,2483700000.0,1.438,3.616,10.772,10.844,2798500000.0,0.0,43.267,0.979,0.986,665000000.0,4026100000.0,4229000000.0,4229000000.0,163100000.0,,,,,0.0,148500000.0,1.0,372469653.0,373000000,375400000.0,11.338,16107400000.0,212800000.0,175500000.0,913000000.0,43.183,
59,PCAR,MRQ,2006-09-30,2006-09-30,2006-09-30,2021-09-08,254900000.0,15457900000.0,,4095000000.0,11362900000.0,,12.607,-244400000.0,1608900000.0,1608900000.0,3364900000.0,403600000.0,,2.279,6936300000.0,6936300000.0,,6936300000.0,452300000.0,113200000.0,0.0,0.036,0.133,719300000.0,832500000.0,0.198,832500000.0,719300000.0,570400000.0,1.08,1.07,1.08,4713800000.0,,4713800000.0,19462564424.0,7.0,6.433,121200000.0,0.324,1.0,840500000.0,0.2,0.0,148900000.0,20785300000.0,,563800000.0,8878200000.0,825600000.0,8052600000.0,10744100000.0,,,14215764424.0,250200000.0,32700000.0,-56700000.0,332800000.0,-49900000.0,226200000.0,-344500000.0,-127500000.0,365600000.0,2900000.0,403600000.0,403600000.0,403600000.0,0.0,0.0,0.096,142200000.0,698300000.0,2488600000.0,0.123,3.016,9.952,10.03,2595000000.0,0.0,38.013,0.896,0.896,926800000.0,4241100000.0,4205400000.0,4205400000.0,0.0,,,,,0.0,135900000.0,1.0,373967847.0,373900000,375900000.0,11.247,15457900000.0,225600000.0,166800000.0,866900000.0,41.342,
60,PCAR,MRQ,2006-06-30,2006-06-30,2006-06-30,2021-09-08,262200000.0,14741900000.0,,3724100000.0,11017800000.0,,11.785,-210600000.0,1358700000.0,1358700000.0,3353900000.0,369900000.0,,2.334,6605500000.0,6605500000.0,,6605500000.0,454800000.0,108000000.0,0.0,0.037,0.133,687100000.0,795100000.0,0.191,795100000.0,687100000.0,548200000.0,0.987,0.98,0.987,4421100000.0,,4421100000.0,18794417563.0,8.0,6.59,245500000.0,0.654,1.0,814100000.0,0.195,0.0,138900000.0,19988700000.0,,506000000.0,8578900000.0,810900000.0,7768000000.0,10320800000.0,,,13734317563.0,-31500000.0,46200000.0,-50900000.0,47400000.0,-50000000.0,-53500000.0,-460100000.0,-294600000.0,456100000.0,26000000.0,369900000.0,369900000.0,369900000.0,0.0,0.0,0.089,145400000.0,668700000.0,2385500000.0,0.135,3.107,10.33,10.452,2501100000.0,0.0,36.613,0.904,0.904,878500000.0,4091100000.0,4168000000.0,4168000000.0,0.0,,,,,0.0,136000000.0,1.0,375117923.0,375150000,377100000.0,11.11,14741900000.0,218800000.0,178300000.0,875000000.0,39.296,
61,PCAR,MRQ,2006-03-31,2006-03-31,2006-03-31,2021-09-08,189100000.0,14142400000.0,,3628300000.0,10514100000.0,,10.769,-161400000.0,1390200000.0,1390200000.0,3098900000.0,342000000.0,,2.47,6450300000.0,6450300000.0,,6450300000.0,430100000.0,100200000.0,0.0,0.041,0.111,628600000.0,728800000.0,0.189,728800000.0,628600000.0,500700000.0,0.907,0.9,0.907,4075700000.0,,4075700000.0,16455374156.0,7.0,6.089,318000000.0,0.84,1.0,752800000.0,0.195,0.0,127900000.0,19202500000.0,,502500000.0,8206200000.0,764600000.0,7441600000.0,10066700000.0,,,11899374156.0,-308700000.0,38800000.0,-171500000.0,167200000.0,-380800000.0,-385100000.0,-416700000.0,-294100000.0,479400000.0,13700000.0,342000000.0,342000000.0,342000000.0,0.0,0.0,0.089,139400000.0,613400000.0,2355700000.0,0.122,2.92,9.906,9.979,2385700000.0,0.0,31.324,0.816,0.813,827400000.0,3771400000.0,3851700000.0,3851700000.0,0.0,,,,,0.0,132800000.0,1.0,379875026.0,378450000,380550000.0,10.178,14142400000.0,213100000.0,158700000.0,830600000.0,37.369,
62,PCAR,MRQ,2005-12-31,2005-12-31,2005-12-31,2021-09-08,154700000.0,13715400000.0,,3508400000.0,10207000000.0,,10.227,-252500000.0,1698900000.0,1698900000.0,2814100000.0,312900000.0,,2.516,6254900000.0,6254900000.0,,6254900000.0,410400000.0,96500000.0,0.0,0.041,1.0,572400000.0,668900000.0,0.184,668900000.0,572400000.0,449800000.0,0.817,0.82,0.817,3901100000.0,,3901100000.0,16157384153.0,7.0,6.269,55900000.0,0.147,1.0,820900000.0,0.226,0.0,122600000.0,18271400000.0,,495500000.0,7853900000.0,591400000.0,7262500000.0,9814300000.0,,,11719984153.0,539100000.0,32700000.0,-21500000.0,692700000.0,-42300000.0,628900000.0,-389700000.0,-168400000.0,308400000.0,-8500000.0,312900000.0,312900000.0,312900000.0,0.0,0.0,0.086,263300000.0,557600000.0,2003800000.0,1.224,3.004,10.342,10.501,2349900000.0,0.0,30.769,0.834,0.846,582200000.0,3471500000.0,3635000000.0,3635000000.0,117800000.0,,,,,0.0,136000000.0,1.0,380903717.0,381450000,383000000.0,9.529,13715400000.0,214900000.0,136900000.0,806500000.0,35.956,
63,PCAR,MRQ,2005-09-30,2005-09-30,2005-09-30,2021-09-08,183900000.0,13043500000.0,,3248500000.0,9795000000.0,,10.494,-244300000.0,1159800000.0,1159800000.0,2842500000.0,304800000.0,,2.238,5597200000.0,5597200000.0,,5597200000.0,437500000.0,91700000.0,0.0,0.042,0.093,567400000.0,659100000.0,0.186,659100000.0,567400000.0,455000000.0,0.793,0.787,0.793,4028000000.0,,4028000000.0,15694066886.0,8.0,6.417,-83400000.0,-0.217,1.0,698500000.0,0.197,0.0,112400000.0,17480900000.0,,586500000.0,7457200000.0,589300000.0,6867900000.0,9015500000.0,,,11638566886.0,-63400000.0,24600000.0,-156300000.0,288000000.0,-36000000.0,95700000.0,-315100000.0,-144000000.0,160900000.0,-4900000.0,304800000.0,304800000.0,304800000.0,0.0,0.0,0.086,138800000.0,559700000.0,2167500000.0,0.117,2.889,10.962,11.065,2271400000.0,0.0,30.173,0.855,0.851,775000000.0,3540200000.0,3541000000.0,3541000000.0,0.0,,,,,0.0,124300000.0,1.0,385723604.0,383850000,386250000.0,9.225,13043500000.0,178100000.0,150200000.0,813300000.0,33.981,
64,PCAR,MRQ,2005-06-30,2005-06-30,2005-06-30,2021-09-08,159700000.0,12656100000.0,,3281000000.0,9375100000.0,,9.971,-201900000.0,1223200000.0,1223200000.0,2876400000.0,241500000.0,,2.261,5278700000.0,5278700000.0,,5278700000.0,444400000.0,90400000.0,0.0,0.041,0.093,555200000.0,645600000.0,0.182,645600000.0,555200000.0,452700000.0,0.622,0.618,0.622,3881300000.0,,3881300000.0,15374007056.0,8.0,6.685,131500000.0,0.338,1.0,679000000.0,0.191,0.0,102500000.0,16711600000.0,,525100000.0,7166300000.0,631300000.0,6535000000.0,8774800000.0,,,11821507056.0,-206200000.0,16800000.0,-164500000.0,384900000.0,-36000000.0,184400000.0,-660800000.0,-475100000.0,333400000.0,-63200000.0,241500000.0,241500000.0,241500000.0,0.0,0.0,0.068,136000000.0,543000000.0,2234600000.0,0.15,3.046,11.779,11.787,2168500000.0,0.0,30.222,0.91,0.906,740400000.0,3271300000.0,3555400000.0,3555400000.0,0.0,,,,,0.0,125900000.0,1.0,391152807.0,389250000,391725000.0,9.134,12656100000.0,225300000.0,211200000.0,817100000.0,32.514,
65,PCAR,MRQ,2005-03-31,2005-03-31,2005-03-31,2021-09-08,252200000.0,12348800000.0,,3245900000.0,9102900000.0,,10.041,-149800000.0,1429400000.0,1429400000.0,2689700000.0,274000000.0,,2.141,4981900000.0,4981900000.0,,4981900000.0,488400000.0,91500000.0,0.0,0.039,0.089,512400000.0,603900000.0,0.182,603900000.0,512400000.0,416100000.0,0.698,0.693,0.698,3931000000.0,,3931000000.0,15783731854.0,9.0,7.302,34300000.0,0.088,1.0,636300000.0,0.191,0.0,96300000.0,15901300000.0,,556200000.0,6729100000.0,436900000.0,6292200000.0,8417800000.0,,,12573631854.0,-185300000.0,22000000.0,-13000000.0,207600000.0,-382600000.0,-188000000.0,-137000000.0,-9200000.0,184100000.0,-44400000.0,274000000.0,274000000.0,274000000.0,0.0,0.0,0.082,134900000.0,501400000.0,2131200000.0,0.128,3.199,12.591,12.657,2180300000.0,0.0,32.173,1.029,1.031,648400000.0,3066100000.0,3326000000.0,3326000000.0,0.0,,,,,0.0,128600000.0,1.0,390809113.0,391500000,393975000.0,8.496,12348800000.0,215100000.0,142100000.0,816300000.0,31.542,
66,PCAR,MRQ,2004-12-31,2004-12-31,2004-12-31,2021-09-08,311100000.0,12228000000.0,,3331700000.0,8896300000.0,,9.608,-256500000.0,1614700000.0,1614700000.0,2591000000.0,241400000.0,,2.25,4824800000.0,4824800000.0,,4824800000.0,526200000.0,84900000.0,0.0,0.034,0.978,452200000.0,537100000.0,0.168,537100000.0,452200000.0,366600000.0,0.613,0.613,0.613,3762400000.0,,3762400000.0,17089746999.0,10.0,8.634,-68700000.0,-0.175,1.0,599400000.0,0.188,0.0,85600000.0,15438100000.0,,495600000.0,6710900000.0,604800000.0,6106100000.0,8465600000.0,,,13981246999.0,339000000.0,66100000.0,3100000.0,325100000.0,-34800000.0,293400000.0,-233000000.0,-43700000.0,187800000.0,90800000.0,241400000.0,241400000.0,241400000.0,0.0,0.0,0.076,133000000.0,466400000.0,1943200000.0,1.595,3.716,15.418,15.505,2226300000.0,0.0,35.769,1.227,1.233,538700000.0,2826900000.0,3190400000.0,3190400000.0,0.0,,,,,0.0,125900000.0,1.0,390877308.0,391575000,394275000.0,8.148,12228000000.0,113300000.0,125200000.0,823600000.0,31.228,
67,PCAR,MRQ,2004-09-30,2004-09-30,2004-09-30,2021-09-08,137500000.0,11178300000.0,,3078300000.0,8100000000.0,,9.512,-167400000.0,1275700000.0,1275700000.0,2378900000.0,246700000.0,,2.003,4384200000.0,4384200000.0,,4384200000.0,494800000.0,78700000.0,0.0,0.022,0.089,434500000.0,513200000.0,0.176,513200000.0,434500000.0,360400000.0,0.631,0.627,0.631,3722000000.0,,3722000000.0,15066142212.0,10.0,8.282,85700000.0,0.219,1.0,538900000.0,0.185,371500000.0,74100000.0,13915300000.0,,373500000.0,6276100000.0,717800000.0,5558300000.0,7456300000.0,,,11996642212.0,207700000.0,16900000.0,3500000.0,197400000.0,-34800000.0,166100000.0,-230800000.0,-71700000.0,253100000.0,19300000.0,246700000.0,246700000.0,246700000.0,0.0,0.0,0.085,119700000.0,419200000.0,1863200000.0,0.141,3.223,14.55,14.643,1960400000.0,0.0,30.72,1.152,1.154,656300000.0,2968500000.0,2917800000.0,2917800000.0,0.0,,,,,0.0,115100000.0,1.0,390515697.0,391275000,393750000.0,7.457,10806800000.0,111200000.0,113700000.0,714100000.0,27.619,
68,PCAR,MRQ,2004-06-30,2004-06-30,2004-06-30,2021-09-08,97000000.0,10520400000.0,,2805100000.0,7715300000.0,,8.804,-155000000.0,1068000000.0,1068000000.0,2255200000.0,236500000.0,,2.038,4137500000.0,4137500000.0,,4137500000.0,502000000.0,75800000.0,0.0,0.025,0.089,431600000.0,507400000.0,0.182,507400000.0,431600000.0,362600000.0,0.6,0.596,0.6,3462500000.0,,3462500000.0,12721200376.0,9.0,7.782,125700000.0,0.32,1.0,531600000.0,0.191,368600000.0,69000000.0,13221300000.0,,327200000.0,6003300000.0,708800000.0,5294500000.0,7057900000.0,,,10174100376.0,-290600000.0,14200000.0,-105700000.0,266300000.0,-34900000.0,125700000.0,-672400000.0,-539200000.0,280700000.0,-24600000.0,236500000.0,236500000.0,236500000.0,0.0,0.0,0.085,116200000.0,415400000.0,1724900000.0,0.148,2.938,14.324,14.287,1865700000.0,0.0,25.773,1.065,1.061,628800000.0,2756500000.0,2786800000.0,2786800000.0,0.0,,,,,0.0,112500000.0,1.0,394752989.0,393300000,395775000.0,7.086,10151800000.0,110800000.0,126100000.0,693500000.0,25.812,
69,PCAR,MRQ,2004-03-31,2004-03-31,2004-03-31,2021-09-08,124000000.0,10107100000.0,,2706600000.0,7400500000.0,,8.587,-54600000.0,1358600000.0,1358600000.0,2043500000.0,182200000.0,,1.981,3905700000.0,3905700000.0,,3905700000.0,516100000.0,75600000.0,0.0,0.025,0.067,346000000.0,421600000.0,0.169,421600000.0,346000000.0,278600000.0,0.462,0.458,0.462,3390600000.0,,3390600000.0,12312519669.0,11.0,8.51,114800000.0,0.291,1.0,457800000.0,0.183,384100000.0,67400000.0,12270100000.0,,332000000.0,5427400000.0,372000000.0,5055400000.0,6716500000.0,,,9831919669.0,11600000.0,6000000.0,7100000.0,90400000.0,-166400000.0,-68900000.0,-69900000.0,-21200000.0,169400000.0,-19000000.0,182200000.0,182200000.0,182200000.0,0.0,0.0,0.073,119600000.0,338200000.0,1616500000.0,0.145,2.9,16.444,16.389,1813900000.0,0.0,24.911,1.12,1.12,596000000.0,2555000000.0,2501300000.0,2501300000.0,0.0,,,,,0.0,116900000.0,1.0,394680094.0,394875000,397575000.0,6.334,9723000000.0,83900000.0,96400000.0,678200000.0,24.623,
70,PCAR,MRQ,2003-12-31,2003-12-31,2003-12-31,2021-09-08,147900000.0,9939600000.0,,2598900000.0,7340700000.0,,8.24,-128600000.0,1347000000.0,1347000000.0,1801700000.0,159100000.0,,2.062,3827600000.0,3827600000.0,,3827600000.0,560400000.0,71600000.0,0.0,0.024,0.421,305300000.0,376900000.0,0.171,376900000.0,305300000.0,239800000.0,0.404,0.4,0.404,3246400000.0,,3246400000.0,12472757370.0,12.0,9.437,-17500000.0,-0.044,1.0,405700000.0,0.184,0.0,65500000.0,12420200000.0,,334500000.0,5372000000.0,377100000.0,4994900000.0,6693200000.0,,,9931957370.0,224100000.0,8600000.0,-3400000.0,96800000.0,-25900000.0,67500000.0,-14400000.0,123600000.0,111100000.0,59900000.0,159100000.0,159100000.0,159100000.0,0.0,0.0,0.072,110300000.0,295400000.0,1461200000.0,1.042,3.059,18.864,18.85,1859200000.0,0.0,25.221,1.212,1.21,479100000.0,2399200000.0,2207400000.0,2207400000.0,0.0,,,,,0.0,105600000.0,1.0,393801176.0,393975000,397575000.0,5.603,9939600000.0,85000000.0,80700000.0,703900000.0,25.229,
71,PCAR,MRQ,2003-09-30,2003-09-30,2003-09-30,2021-09-08,-6800000.0,9486000000.0,,2536800000.0,6949200000.0,,7.848,-87400000.0,1122900000.0,1122900000.0,1695900000.0,132500000.0,,2.068,3663700000.0,3663700000.0,,3663700000.0,560300000.0,66500000.0,0.0,0.021,0.065,262200000.0,328700000.0,0.16,328700000.0,262200000.0,202300000.0,0.338,0.333,0.338,3092100000.0,,3092100000.0,11389800513.0,11.0,8.093,213400000.0,0.542,1.0,362600000.0,0.176,256000000.0,59900000.0,11770800000.0,,290700000.0,5322500000.0,522800000.0,4799700000.0,6393900000.0,,,8671500513.0,103300000.0,9000000.0,3500000.0,-82500000.0,-25600000.0,-104600000.0,-96900000.0,-30700000.0,300800000.0,4000000.0,132500000.0,132500000.0,132500000.0,0.0,0.0,0.064,108600000.0,254000000.0,1521800000.0,0.192,2.804,17.711,17.591,1717100000.0,0.0,22.041,1.097,1.098,538800000.0,2406100000.0,2058500000.0,2058500000.0,0.0,,,,,0.0,101200000.0,1.0,393417317.0,393975000,396900000.0,5.225,9230000000.0,112700000.0,69800000.0,648100000.0,23.428,
72,PCAR,MRQ,2003-06-30,2003-06-30,2003-06-30,2021-09-08,-35800000.0,9310100000.0,,2371000000.0,6939100000.0,,7.501,-97600000.0,1019600000.0,1019600000.0,1656400000.0,124100000.0,,2.156,3737900000.0,3737900000.0,,3737900000.0,554800000.0,66500000.0,0.0,0.022,0.065,253200000.0,319700000.0,0.159,319700000.0,253200000.0,191100000.0,0.316,0.316,0.316,2950100000.0,,2950100000.0,10658452272.0,11.0,7.935,78000000.0,0.198,1.0,355800000.0,0.177,251900000.0,62100000.0,11776500000.0,,295600000.0,5306700000.0,481600000.0,4825100000.0,6360000000.0,,,7875752272.0,134500000.0,7100000.0,16900000.0,-9200000.0,-25700000.0,-18000000.0,-62000000.0,30000000.0,175600000.0,38900000.0,124100000.0,124100000.0,124100000.0,0.0,0.0,0.062,113100000.0,242700000.0,1401700000.0,0.206,2.67,16.205,16.137,1690400000.0,0.0,20.074,1.004,1.006,500700000.0,2299200000.0,2012200000.0,2012200000.0,0.0,,,,,0.0,104700000.0,1.0,392334523.0,393300000,395775000.0,5.116,9058200000.0,116300000.0,67000000.0,665600000.0,23.031,
73,PCAR,MRQ,2003-03-31,2003-03-31,2003-03-31,2021-09-08,-121900000.0,8976500000.0,,2217100000.0,6759400000.0,,7.017,-55700000.0,885100000.0,885100000.0,1578000000.0,110800000.0,,2.264,3667800000.0,3667800000.0,,3667800000.0,534700000.0,62900000.0,0.0,0.03,0.059,233500000.0,296400000.0,0.155,296400000.0,233500000.0,172300000.0,0.284,0.28,0.284,2750200000.0,,2750200000.0,8663370222.0,9.0,7.236,135100000.0,0.345,1.0,338800000.0,0.177,237300000.0,61200000.0,11521900000.0,,288100000.0,5233900000.0,480900000.0,4753000000.0,6226300000.0,,,5837170222.0,112100000.0,6200000.0,6800000.0,12300000.0,-94700000.0,-75600000.0,-25600000.0,24300000.0,190800000.0,22500000.0,110800000.0,110800000.0,110800000.0,0.0,0.0,0.058,114500000.0,224300000.0,1359100000.0,0.208,2.122,13.4,13.311,1604700000.0,0.0,14.895,0.765,0.765,500100000.0,2200800000.0,1916800000.0,1916800000.0,0.0,,,,,0.0,106400000.0,1.0,391892769.0,391950000,393975000.0,4.89,8739200000.0,105600000.0,61500000.0,664700000.0,22.297,
74,PCAR,MRQ,2002-12-31,2002-12-31,2002-12-31,2021-09-08,-174300000.0,8702500000.0,,2101600000.0,6600900000.0,,6.664,-99000000.0,773000000.0,773000000.0,1563500000.0,122200000.0,,2.346,3599200000.0,3599200000.0,,3599200000.0,516400000.0,218200000.0,0.0,0.032,0.267,244400000.0,462600000.0,0.241,462600000.0,244400000.0,185600000.0,0.316,0.31,0.316,2600700000.0,,2600700000.0,8084501667.0,10.0,7.849,-176500000.0,-0.452,1.0,355500000.0,0.185,222900000.0,58800000.0,11305800000.0,,310600000.0,5194500000.0,535300000.0,4659200000.0,6101800000.0,,,5345801667.0,25200000.0,10500000.0,1600000.0,80900000.0,-34300000.0,48200000.0,23600000.0,-4400000.0,-77500000.0,30900000.0,122200000.0,122200000.0,122200000.0,0.0,0.0,0.064,120200000.0,235300000.0,1275200000.0,0.845,2.056,14.37,14.297,1576600000.0,0.0,13.668,0.741,0.738,404700000.0,2113300000.0,1919000000.0,1919000000.0,0.0,,,,,0.0,111800000.0,1.0,391113822.0,390264000,393864000.0,4.917,8479600000.0,112900000.0,63400000.0,639600000.0,21.728,
75,PCAR,MRQ,2002-09-30,2002-09-30,2002-09-30,2021-09-08,-209700000.0,8601200000.0,,2279700000.0,6321500000.0,,6.52,-97100000.0,747800000.0,747800000.0,1627900000.0,128900000.0,,2.379,3486500000.0,3486500000.0,,3486500000.0,750300000.0,0.0,0.0,0.029,0.059,264600000.0,264600000.0,0.133,264600000.0,264600000.0,204500000.0,0.329,0.329,0.329,2545800000.0,,2545800000.0,6696769116.0,9.0,7.561,242700000.0,0.622,1.0,368400000.0,0.185,0.0,60100000.0,11339900000.0,,386500000.0,5070700000.0,545200000.0,4525500000.0,6055400000.0,,,3915569116.0,49000000.0,4700000.0,100000.0,25500000.0,-23200000.0,2400000.0,-292600000.0,-96900000.0,339800000.0,-600000.0,128900000.0,128900000.0,128900000.0,0.0,0.0,0.065,110100000.0,258300000.0,1501000000.0,0.179,1.538,13.043,12.969,1090400000.0,0.0,10.012,0.573,0.572,522900000.0,2095600000.0,1996300000.0,1996300000.0,0.0,,,,,0.0,99500000.0,1.0,391093394.0,390488000,392512000.0,5.112,8601200000.0,117800000.0,75600000.0,317600000.0,22.027,
76,PCAR,MRQ,2002-06-30,2002-06-30,2002-06-30,2021-09-08,-201900000.0,8308700000.0,,2092400000.0,6216300000.0,,6.266,-74200000.0,698800000.0,698800000.0,1500000000.0,73700000.0,,2.399,3480000000.0,3480000000.0,,3480000000.0,725200000.0,0.0,0.0,0.022,0.059,173700000.0,173700000.0,0.096,173700000.0,173700000.0,114600000.0,0.19,0.187,0.19,2444700000.0,,2444700000.0,7867050332.0,14.0,10.568,102600000.0,0.263,1.0,301800000.0,0.167,0.0,59100000.0,11089900000.0,,288500000.0,4881400000.0,423500000.0,4457900000.0,5864000000.0,,,5141450332.0,-38100000.0,13300000.0,2100000.0,-58800000.0,-23200000.0,-79900000.0,-186500000.0,-113200000.0,176800000.0,51500000.0,73700000.0,73700000.0,73700000.0,0.0,0.0,0.041,123500000.0,178300000.0,1399100000.0,0.311,2.103,24.402,24.178,1067500000.0,0.0,13.153,0.81,0.809,546000000.0,1991200000.0,1801800000.0,1801800000.0,0.0,,,,,0.0,107900000.0,1.0,390907747.0,390150000,393188000.0,4.618,8308700000.0,164000000.0,40900000.0,259700000.0,21.296,
77,PCAR,MRQ,2002-03-31,2002-03-31,2002-03-31,2021-09-08,-294100000.0,7900000000.0,,1903500000.0,5996500000.0,,5.909,-69900000.0,736900000.0,736900000.0,1255800000.0,47200000.0,,2.435,3462500000.0,3462500000.0,,3462500000.0,726500000.0,0.0,0.0,0.02,0.059,129100000.0,129100000.0,0.086,129100000.0,129100000.0,69400000.0,0.121,0.121,0.121,2299600000.0,,2299600000.0,8559142330.0,17.0,12.252,79100000.0,0.203,1.0,245700000.0,0.164,0.0,59700000.0,10625600000.0,,244300000.0,4704300000.0,348600000.0,4355700000.0,5600400000.0,,,5646242330.0,81700000.0,0.0,18600000.0,-106100000.0,-42300000.0,-129800000.0,69800000.0,134900000.0,149000000.0,-7300000.0,47200000.0,47200000.0,47200000.0,0.0,0.0,0.031,123400000.0,122300000.0,1157200000.0,0.488,2.455,31.99,31.783,1003500000.0,0.0,14.461,0.93,0.927,460900000.0,1940600000.0,1501500000.0,1501500000.0,0.0,,,,,0.0,104800000.0,1.0,390439855.0,389137000,392175000.0,3.859,7900000000.0,150200000.0,22200000.0,254200000.0,20.301,
78,PCAR,MRQ,2001-12-31,2001-12-31,2001-12-31,2021-09-08,-295400000.0,7913900000.0,,1834100000.0,6079800000.0,,5.797,-121700000.0,655200000.0,655200000.0,1276500000.0,50400000.0,,2.513,3568100000.0,3568100000.0,,3568100000.0,408000000.0,179900000.0,0.0,0.022,0.109,138400000.0,318300000.0,0.207,318300000.0,138400000.0,74100000.0,0.132,0.127,0.132,2252600000.0,,2252600000.0,8064578280.0,15.0,11.351,147300000.0,0.379,1.0,261400000.0,0.17,145200000.0,64300000.0,10681600000.0,,267800000.0,4846800000.0,406900000.0,4439900000.0,5661300000.0,,,5035778280.0,46500000.0,1000000.0,3600000.0,-65900000.0,-23000000.0,-85300000.0,-128300000.0,25600000.0,269000000.0,-8900000.0,50400000.0,50400000.0,50400000.0,0.0,0.0,0.033,131000000.0,130400000.0,1110400000.0,0.826,2.236,29.008,28.869,1363600000.0,0.0,12.962,0.825,0.823,396300000.0,1916500000.0,1537900000.0,1537900000.0,0.0,,,,,0.0,108200000.0,1.0,388503925.0,388575000,390489000.0,3.958,7768700000.0,146900000.0,23700000.0,555600000.0,19.993,
79,PCAR,MRQ,2001-09-30,2001-09-30,2001-09-30,2021-09-08,-286900000.0,7922600000.0,,1852000000.0,6070600000.0,,5.808,-81100000.0,608700000.0,608700000.0,1257200000.0,39400000.0,,2.524,3637500000.0,3637500000.0,,3637500000.0,0.0,0.0,0.0,0.045,0.059,123300000.0,123300000.0,0.082,123300000.0,123300000.0,58500000.0,0.101,0.101,0.101,2248400000.0,,2248400000.0,6913266154.0,12.0,9.576,29700000.0,0.077,1.0,246200000.0,0.164,0.0,64800000.0,10951400000.0,,274700000.0,4860000000.0,370100000.0,4489900000.0,5674200000.0,,,3763666154.0,108600000.0,2600000.0,5100000.0,-600000.0,-23000000.0,-18500000.0,1600000.0,89800000.0,110800000.0,14700000.0,39400000.0,39400000.0,39400000.0,0.0,0.0,0.026,127100000.0,119100000.0,1239900000.0,0.584,1.674,20.246,20.193,993100000.0,0.0,9.693,0.602,0.6,507700000.0,1908400000.0,1503400000.0,1503400000.0,0.0,,,,,0.0,104000000.0,1.0,388293456.0,387113000,389475000.0,3.884,7922600000.0,119900000.0,19100000.0,211400000.0,20.466,
80,PCAR,MRQ,2001-06-30,2001-06-30,2001-06-30,2021-09-08,-306000000.0,7800300000.0,,1688700000.0,6111600000.0,,5.704,-54200000.0,500100000.0,500100000.0,1276000000.0,39500000.0,,2.536,3649700000.0,3649700000.0,,3649700000.0,0.0,0.0,0.0,0.043,0.059,127900000.0,127900000.0,0.084,127900000.0,127900000.0,57100000.0,0.101,0.101,0.101,2206000000.0,,2206000000.0,7204304900.0,11.0,8.975,109700000.0,0.284,1.0,255000000.0,0.167,0.0,70800000.0,10949900000.0,,277500000.0,4940900000.0,339000000.0,4601900000.0,5594300000.0,,,3935704900.0,31000000.0,15200000.0,600000.0,-101700000.0,-23000000.0,-124100000.0,100000.0,42800000.0,163900000.0,-8900000.0,39500000.0,39500000.0,39500000.0,0.0,0.0,0.026,127600000.0,127400000.0,1195600000.0,0.584,1.784,16.426,16.382,967000000.0,0.0,10.157,0.603,0.602,493600000.0,1892000000.0,1531000000.0,1531000000.0,0.0,,,,,0.0,105200000.0,1.0,387485532.0,386775000,386775000.0,3.958,7800300000.0,109800000.0,17600000.0,220200000.0,20.168,
81,PCAR,MRQ,2001-03-31,2001-03-31,2001-03-31,2021-09-08,-299300000.0,7903500000.0,,1744800000.0,6158700000.0,,5.676,-52300000.0,469100000.0,469100000.0,1269400000.0,44300000.0,,2.6,3737700000.0,3737700000.0,,3737700000.0,0.0,0.0,0.0,0.049,0.059,141000000.0,141000000.0,0.092,141000000.0,141000000.0,65600000.0,0.115,0.115,0.115,2195500000.0,,2195500000.0,6890238231.0,9.0,7.232,29700000.0,0.077,1.0,258800000.0,0.169,0.0,75400000.0,11172100000.0,,313200000.0,4981600000.0,335900000.0,4645700000.0,5708000000.0,,,3429238231.0,-67600000.0,0.0,2700000.0,-227900000.0,-99400000.0,-324600000.0,201700000.0,171400000.0,82000000.0,-26700000.0,44300000.0,44300000.0,44300000.0,0.0,0.0,0.029,129900000.0,128900000.0,1243600000.0,0.513,1.562,10.354,10.304,983900000.0,0.0,8.851,0.481,0.48,536600000.0,1875500000.0,1528200000.0,1528200000.0,0.0,,,,,0.0,111700000.0,1.0,387425096.0,386775000,386775000.0,3.951,7903500000.0,108700000.0,21300000.0,199900000.0,20.434,
82,PCAR,MRQ,2000-12-31,2000-12-31,2000-12-31,2021-09-08,-221000000.0,8270900000.0,,1861300000.0,6409600000.0,,5.825,-224300000.0,536700000.0,536700000.0,1386900000.0,62700000.0,,2.677,3997700000.0,3997700000.0,,3997700000.0,537200000.0,155500000.0,0.0,0.045,0.257,174200000.0,329700000.0,0.195,329700000.0,174200000.0,93800000.0,0.164,0.164,0.164,2249100000.0,,2249100000.0,7427435380.0,8.0,6.626,74400000.0,0.193,1.0,301700000.0,0.179,0.0,80400000.0,11731900000.0,,303100000.0,5299200000.0,394700000.0,4904500000.0,6021800000.0,,,3765935380.0,91800000.0,7000000.0,-9100000.0,-99300000.0,-22900000.0,-131300000.0,-97900000.0,90600000.0,298700000.0,22300000.0,62700000.0,62700000.0,62700000.0,0.0,0.0,0.037,109400000.0,192300000.0,1189900000.0,1.567,1.674,8.524,8.549,1021600000.0,0.0,9.728,0.475,0.476,530800000.0,1854100000.0,1688600000.0,1688600000.0,0.0,,,,,0.0,94800000.0,1.0,387107571.0,386100000,395552000.0,4.373,8270900000.0,117700000.0,31100000.0,220600000.0,21.422,
83,PCAR,MRQ,2000-09-30,2000-09-30,2000-09-30,2021-09-08,-255500000.0,8279000000.0,,1918400000.0,6360600000.0,,5.838,-34400000.0,444900000.0,444900000.0,1463300000.0,93100000.0,,2.667,4106400000.0,4106400000.0,,4106400000.0,0.0,0.0,0.0,0.073,0.059,204100000.0,204100000.0,0.115,204100000.0,204100000.0,124200000.0,0.241,0.239,0.241,2258000000.0,,2258000000.0,6391846185.0,6.0,5.386,-16200000.0,-0.042,1.0,311700000.0,0.176,0.0,79900000.0,11940500000.0,,329400000.0,5475200000.0,496900000.0,4978300000.0,6021000000.0,,,2836046185.0,-60600000.0,900000.0,400000.0,62800000.0,-22900000.0,40300000.0,-102800000.0,-137900000.0,18200000.0,-16300000.0,93100000.0,93100000.0,93100000.0,0.0,0.0,0.052,119200000.0,192500000.0,1207800000.0,0.245,1.256,5.073,5.126,969400000.0,0.0,7.32,0.331,0.33,546400000.0,1890700000.0,1775000000.0,1775000000.0,0.0,,,,,0.0,108700000.0,1.0,387411868.0,386775000,386775000.0,4.589,8279000000.0,124700000.0,31100000.0,263300000.0,21.405,
84,PCAR,MRQ,2000-06-30,2000-06-30,2000-06-30,2021-09-08,-215900000.0,8382900000.0,,2013200000.0,6369700000.0,,5.758,-70400000.0,505500000.0,505500000.0,1759400000.0,131100000.0,,2.764,4061300000.0,4061300000.0,,4061300000.0,0.0,0.0,0.0,0.066,0.059,277900000.0,277900000.0,0.13,277900000.0,277900000.0,204300000.0,0.34,0.338,0.34,2227100000.0,,2227100000.0,6425732423.0,5.0,4.695,5700000.0,0.015,1.0,382200000.0,0.178,0.0,73600000.0,11938700000.0,,347300000.0,5432900000.0,468400000.0,4964500000.0,6155800000.0,,,3036932423.0,-10000000.0,18200000.0,-6900000.0,168000000.0,-23000000.0,138100000.0,-221100000.0,-163500000.0,76100000.0,-3100000.0,131100000.0,131100000.0,131100000.0,0.0,0.0,0.061,125800000.0,256400000.0,1368100000.0,0.174,1.364,4.974,5.048,983600000.0,0.0,7.84,0.335,0.334,576100000.0,1820500000.0,2141600000.0,2141600000.0,0.0,,,,,0.0,116500000.0,1.0,387363830.0,386775000,386775000.0,5.537,8382900000.0,136200000.0,73200000.0,284100000.0,21.674,
85,PCAR,MRQ,2000-03-31,2000-03-31,2000-03-31,2021-09-08,-204700000.0,8209700000.0,,2110200000.0,6099500000.0,,5.433,-38800000.0,515500000.0,515500000.0,1898300000.0,154900000.0,,2.842,3904300000.0,3904300000.0,,3904300000.0,0.0,0.0,0.0,0.05,0.059,309300000.0,309300000.0,0.133,309300000.0,309300000.0,242800000.0,0.393,0.391,0.393,2137000000.0,,2137000000.0,7009647200.0,6.0,5.143,235600000.0,0.599,1.0,433000000.0,0.186,0.0,66500000.0,11598500000.0,,391300000.0,5229400000.0,499400000.0,4730000000.0,6072700000.0,,,3880047200.0,-12900000.0,10000000.0,-77200000.0,256900000.0,-148700000.0,31000000.0,-303600000.0,-176300000.0,274400000.0,-14700000.0,154900000.0,154900000.0,154900000.0,0.0,0.0,0.066,133200000.0,299800000.0,1437900000.0,0.15,1.816,6.268,6.315,949500000.0,0.0,9.877,0.422,0.422,608100000.0,1712400000.0,2331300000.0,2331300000.0,0.0,,,,,0.0,125200000.0,1.0,392854779.0,393356000,393356000.0,5.927,8209700000.0,119300000.0,87900000.0,329700000.0,20.871,
86,PCAR,MRQ,1999-12-31,1999-12-31,1999-12-31,2021-09-08,-175500000.0,7933000000.0,,2119000000.0,5814000000.0,,5.331,-202500000.0,528400000.0,528400000.0,1860300000.0,179900000.0,,2.759,3658000000.0,3658000000.0,,3658000000.0,0.0,45900000.0,0.0,0.054,0.356,349600000.0,395500000.0,0.17,395500000.0,349600000.0,288800000.0,0.454,0.452,0.454,2110600000.0,,2110600000.0,6458970241.0,6.0,5.007,117700000.0,0.297,1.0,467000000.0,0.201,0.0,60800000.0,11062600000.0,,384500000.0,4970900000.0,530700000.0,4440200000.0,5822400000.0,,,3470470241.0,34100000.0,123100000.0,200000.0,190000000.0,-15800000.0,174400000.0,-435700000.0,-82300000.0,320200000.0,-24800000.0,179900000.0,179900000.0,179900000.0,0.0,0.0,0.077,161700000.0,305300000.0,1374400000.0,0.784,1.644,5.947,5.938,966500000.0,0.0,8.753,0.385,0.384,570200000.0,1580900000.0,2327300000.0,2327300000.0,0.0,,,,,0.0,154500000.0,1.0,396507687.0,395887000,395887000.0,5.879,7933000000.0,122100000.0,108900000.0,269000000.0,20.039,
87,PCAR,MRQ,1999-09-30,1999-09-30,1999-09-30,2021-09-08,-143300000.0,7654900000.0,,2199100000.0,5455800000.0,,5.307,-60800000.0,494300000.0,494300000.0,1823700000.0,144700000.0,,2.639,3482800000.0,3482800000.0,,3482800000.0,0.0,101000000.0,0.0,0.046,0.04,284800000.0,385800000.0,0.17,385800000.0,284800000.0,227800000.0,0.365,0.361,0.365,2103700000.0,,2103700000.0,6795392471.0,7.0,5.438,173300000.0,0.437,1.0,446400000.0,0.197,0.0,57000000.0,10643400000.0,,471100000.0,4630000000.0,469500000.0,4160500000.0,5551200000.0,,,3983792471.0,44700000.0,14600000.0,700000.0,219900000.0,-15700000.0,204900000.0,-409400000.0,-341100000.0,234100000.0,15100000.0,144700000.0,144700000.0,144700000.0,0.0,0.0,0.064,170800000.0,275600000.0,1461900000.0,0.11,1.894,7.682,7.672,957500000.0,0.0,10.05,0.448,0.448,661600000.0,1542000000.0,2270100000.0,2270100000.0,0.0,,,,,0.0,164900000.0,1.0,396382653.0,396394000,396394000.0,5.727,7654900000.0,114100000.0,83100000.0,259300000.0,19.311,
88,PCAR,MRQ,1999-06-30,1999-06-30,1999-06-30,2021-09-08,-155500000.0,7244500000.0,,2110700000.0,5133800000.0,,4.955,-71400000.0,449600000.0,449600000.0,1842600000.0,139500000.0,,2.693,3261200000.0,3261200000.0,,3261200000.0,0.0,0.0,0.0,0.043,0.04,272300000.0,272300000.0,0.12,272300000.0,272300000.0,219200000.0,0.352,0.35,0.352,1961500000.0,,1961500000.0,6861869856.0,7.0,6.469,95000000.0,0.24,1.0,427900000.0,0.188,0.0,53100000.0,10056100000.0,,441600000.0,4311000000.0,417600000.0,3893400000.0,5283000000.0,,,4174669856.0,13900000.0,13100000.0,3400000.0,134300000.0,-15600000.0,122100000.0,-263900000.0,-217300000.0,166400000.0,-10700000.0,139500000.0,139500000.0,139500000.0,0.0,0.0,0.061,158800000.0,269100000.0,1432200000.0,0.114,2.128,8.873,8.868,931000000.0,0.0,10.544,0.487,0.487,712200000.0,1413000000.0,2270500000.0,2270500000.0,0.0,,,,,0.0,154200000.0,1.0,395921059.0,395887000,395887000.0,5.735,7244500000.0,104600000.0,79700000.0,260700000.0,18.299,
89,PCAR,MRQ,1999-03-31,1999-03-31,1999-03-31,2021-09-08,-144700000.0,6964400000.0,,2123000000.0,4841400000.0,,4.662,-71400000.0,435700000.0,435700000.0,1755800000.0,119500000.0,,2.778,3122900000.0,3122900000.0,,3122900000.0,0.0,0.0,0.0,0.055,0.04,236400000.0,236400000.0,0.11,236400000.0,236400000.0,187400000.0,0.302,0.3,0.302,1843300000.0,,1843300000.0,5759211044.0,7.0,5.79,163200000.0,0.413,1.0,397300000.0,0.185,0.0,49000000.0,9651600000.0,,474200000.0,4070200000.0,426400000.0,3643800000.0,5121100000.0,,,3218811044.0,3300000.0,18000000.0,400000.0,165700000.0,-141000000.0,25100000.0,-238900000.0,-177800000.0,234600000.0,-17500000.0,119500000.0,119500000.0,119500000.0,0.0,0.0,0.056,166300000.0,231000000.0,1394500000.0,0.132,1.746,7.384,7.383,905300000.0,0.0,8.136,0.391,0.391,701600000.0,1289200000.0,2153100000.0,2153100000.0,0.0,,,,,0.0,163300000.0,1.0,395611336.0,395381000,395381000.0,5.446,6964400000.0,98500000.0,67900000.0,285900000.0,17.614,
90,PCAR,MRQ,1998-12-31,1998-12-31,1998-12-31,2021-09-08,-119800000.0,6794800000.0,,2030400000.0,4764400000.0,,4.462,-93100000.0,432400000.0,432400000.0,1792000000.0,114900000.0,,2.851,2972800000.0,2972800000.0,,2972800000.0,0.0,123900000.0,0.0,0.054,0.346,231200000.0,355100000.0,0.161,355100000.0,231200000.0,179900000.0,0.29,0.288,0.29,1764200000.0,,1764200000.0,5624170844.0,7.0,5.887,64800000.0,0.164,1.0,411900000.0,0.187,0.0,51300000.0,9335200000.0,,511100000.0,3927800000.0,404800000.0,3523000000.0,5030600000.0,,,3213270844.0,56100000.0,2600000.0,100000.0,228300000.0,-11700000.0,216700000.0,-301700000.0,-198300000.0,157900000.0,-16800000.0,114900000.0,114900000.0,114900000.0,0.0,0.0,0.052,185200000.0,226700000.0,1377500000.0,1.193,1.821,7.709,7.701,893000000.0,0.0,8.124,0.407,0.407,606000000.0,1185700000.0,2203900000.0,2203900000.0,0.0,,,,,0.0,180700000.0,1.0,395506532.0,395381000,395381000.0,5.574,6794800000.0,98200000.0,65000000.0,218900000.0,17.185,
91,PCAR,MRQ,1998-09-30,1998-09-30,1998-09-30,2021-09-08,-121100000.0,6392300000.0,,2062200000.0,4330100000.0,,4.513,-51100000.0,376300000.0,376300000.0,1582300000.0,96600000.0,,2.582,2787200000.0,2787200000.0,,2787200000.0,0.0,0.0,0.0,0.051,0.03,197000000.0,197000000.0,0.102,197000000.0,197000000.0,151900000.0,0.245,0.243,0.245,1784500000.0,,1784500000.0,5574018210.0,7.0,5.811,155000000.0,0.392,1.0,356400000.0,0.184,0.0,45100000.0,8803200000.0,,514800000.0,3668600000.0,416300000.0,3252300000.0,4607800000.0,,,3217918210.0,94700000.0,31100000.0,100000.0,135300000.0,-11700000.0,123700000.0,-243700000.0,-215000000.0,206100000.0,8600000.0,96600000.0,96600000.0,96600000.0,0.0,0.0,0.05,165800000.0,190600000.0,1354800000.0,0.122,1.803,7.404,7.383,835900000.0,0.0,8.136,0.425,0.425,688800000.0,1207500000.0,1938700000.0,1938700000.0,0.0,,,,,0.0,162200000.0,1.0,395501601.0,395381000,395381000.0,4.903,6392300000.0,83000000.0,55300000.0,185700000.0,16.167,
92,PCAR,MRQ,1998-06-30,1998-06-30,1998-06-30,2021-09-08,-139800000.0,6024500000.0,,1865000000.0,4159500000.0,,4.252,-45300000.0,281600000.0,281600000.0,1568300000.0,104900000.0,,2.584,2637700000.0,2637700000.0,,2637700000.0,0.0,0.0,0.0,0.04,0.03,206200000.0,206200000.0,0.107,206200000.0,206200000.0,164200000.0,0.265,0.263,0.265,1681000000.0,,1681000000.0,6319308665.0,8.0,6.81,151700000.0,0.384,1.0,358500000.0,0.186,0.0,42000000.0,8380600000.0,,460200000.0,3483300000.0,360100000.0,3123200000.0,4343500000.0,,,4081008665.0,-11500000.0,-75700000.0,400000.0,113700000.0,-11700000.0,102400000.0,-310300000.0,-169500000.0,197000000.0,-600000.0,104900000.0,104900000.0,104900000.0,0.0,0.0,0.054,157300000.0,201200000.0,1266700000.0,0.113,2.428,9.705,9.673,802100000.0,0.0,10.321,0.556,0.556,694400000.0,1122700000.0,1926800000.0,1926800000.0,0.0,,,,,0.0,153800000.0,1.0,395408734.0,395381000,395381000.0,4.873,6024500000.0,86200000.0,59300000.0,183900000.0,15.237,
93,PCAR,MRQ,1998-03-31,1998-03-31,1998-03-31,2021-09-08,-138000000.0,5747700000.0,,1809700000.0,3938000000.0,,4.024,-33300000.0,293100000.0,293100000.0,1488400000.0,100400000.0,,2.617,2531400000.0,2531400000.0,,2531400000.0,0.0,0.0,0.0,0.035,0.03,197000000.0,197000000.0,0.108,197000000.0,197000000.0,157100000.0,0.255,0.253,0.255,1589000000.0,,1589000000.0,6749339390.0,9.0,7.758,72500000.0,0.184,1.0,337000000.0,0.185,0.0,39900000.0,7986000000.0,,430400000.0,3321400000.0,330900000.0,2990500000.0,4158700000.0,,,4651239390.0,-44800000.0,11100000.0,6000000.0,92200000.0,-128500000.0,-30300000.0,-117300000.0,-78900000.0,105800000.0,-3000000.0,100400000.0,100400000.0,100400000.0,0.0,0.0,0.055,148600000.0,188400000.0,1198700000.0,0.118,2.927,12.016,11.956,721400000.0,0.0,11.765,0.657,0.657,691700000.0,1029500000.0,1825400000.0,1825400000.0,0.0,,,,,0.0,146200000.0,1.0,395347539.0,394875000,394875000.0,4.623,5747700000.0,78800000.0,56700000.0,214400000.0,14.556,
94,PCAR,MRQ,1997-12-31,1997-12-31,1997-12-31,2021-09-08,-130700000.0,5599400000.0,,1756100000.0,3843300000.0,,3.803,-60900000.0,337900000.0,337900000.0,1525500000.0,132700000.0,,2.738,2436000000.0,2436000000.0,,2436000000.0,0.0,112000000.0,0.0,0.04,0.326,247000000.0,359000000.0,0.191,359000000.0,247000000.0,207200000.0,0.338,0.336,0.338,1497800000.0,,1497800000.0,6271039485.0,9.0,7.856,111400000.0,0.283,1.0,354200000.0,0.188,0.0,39800000.0,7697500000.0,,393500000.0,3250900000.0,357000000.0,2893900000.0,4101600000.0,,,4085839485.0,106500000.0,116600000.0,0.0,3200000.0,-11700000.0,-8500000.0,-98900000.0,-156700000.0,172300000.0,41600000.0,132700000.0,132700000.0,132700000.0,0.0,0.0,0.071,167300000.0,186900000.0,1133100000.0,0.964,2.728,11.857,11.852,721700000.0,0.0,10.37,0.604,0.604,600300000.0,940800000.0,1879700000.0,1879700000.0,0.0,,,,,0.0,164300000.0,1.0,393991665.0,393863000,393863000.0,4.772,5599400000.0,86700000.0,74500000.0,199400000.0,14.217,
95,PCAR,MRQ,1997-09-30,1997-09-30,1997-09-30,2021-09-08,-119600000.0,5420400000.0,,1680600000.0,3739800000.0,,3.82,-31100000.0,231400000.0,231400000.0,1402100000.0,82500000.0,,2.603,2416600000.0,2416600000.0,,2416600000.0,0.0,0.0,0.0,0.023,0.03,165800000.0,165800000.0,0.097,165800000.0,165800000.0,128000000.0,0.209,0.207,0.209,1504600000.0,,1504600000.0,6549725968.0,11.0,10.066,136500000.0,0.347,1.0,308400000.0,0.18,0.0,37800000.0,7605600000.0,,432500000.0,3133700000.0,352800000.0,2780900000.0,3915800000.0,,,4358125968.0,3400000.0,16200000.0,300000.0,11800000.0,-11700000.0,400000.0,-164200000.0,-127300000.0,167600000.0,-400000.0,82500000.0,82500000.0,82500000.0,0.0,0.0,0.048,146500000.0,161900000.0,1099300000.0,0.144,2.897,15.882,,734200000.0,0.0,11.062,0.706,0.706,617300000.0,936500000.0,1710500000.0,1710500000.0,0.0,,,,,0.0,144600000.0,1.0,393982370.0,393863000,393863000.0,4.343,5420400000.0,59200000.0,45500000.0,185100000.0,13.762,
96,PCAR,MRQ,1997-06-30,1997-06-30,1997-06-30,2021-09-08,-112800000.0,5277300000.0,,1606400000.0,3670900000.0,,3.657,-24600000.0,228000000.0,228000000.0,1366700000.0,71500000.0,,2.664,2419600000.0,2419600000.0,,2419600000.0,0.0,0.0,0.0,0.027,0.03,148200000.0,148200000.0,0.089,148200000.0,148200000.0,110800000.0,0.182,0.182,0.182,1440200000.0,,1440200000.0,5881683535.0,11.0,9.761,75600000.0,0.192,1.0,293200000.0,0.177,0.0,37400000.0,7468900000.0,,403600000.0,3010800000.0,298000000.0,2712800000.0,3837100000.0,,,3616583535.0,37300000.0,5200000.0,1100000.0,-27400000.0,-11700000.0,-38000000.0,-22000000.0,-24200000.0,100200000.0,-2900000.0,71500000.0,71500000.0,71500000.0,0.0,0.0,0.043,145100000.0,148100000.0,1031500000.0,0.165,2.511,14.883,,738100000.0,0.0,9.185,0.649,0.649,625700000.0,865600000.0,1659900000.0,1659900000.0,0.0,,,,,0.0,143800000.0,1.0,393740949.0,393863000,393863000.0,4.214,5277300000.0,67000000.0,39300000.0,173000000.0,13.399,
97,PCAR,MRQ,1997-03-31,1997-03-31,1997-03-31,2021-09-08,-107200000.0,5206800000.0,,1511600000.0,3695200000.0,,3.516,-16400000.0,190700000.0,190700000.0,1255000000.0,57900000.0,,2.759,2455800000.0,2455800000.0,,2455800000.0,0.0,0.0,0.0,0.037,0.025,125200000.0,125200000.0,0.083,125200000.0,125200000.0,88700000.0,0.146,0.146,0.146,1385000000.0,,1385000000.0,4846960200.0,10.0,8.449,8500000.0,0.022,1.0,257900000.0,0.17,0.0,36500000.0,7471900000.0,,384900000.0,3019500000.0,293500000.0,2726000000.0,3821800000.0,,,2595560200.0,-32200000.0,8700000.0,900000.0,17700000.0,-68000000.0,-49400000.0,-800000.0,-4500000.0,24900000.0,-6900000.0,57900000.0,57900000.0,57900000.0,0.0,0.0,0.038,138000000.0,119900000.0,955400000.0,0.171,1.874,11.629,,745300000.0,0.0,6.593,0.517,0.517,594400000.0,805800000.0,1512900000.0,1512900000.0,0.0,,,,,0.0,136300000.0,1.0,393708570.0,393863000,393863000.0,3.841,5206800000.0,64700000.0,30800000.0,196100000.0,13.22,
98,PCAR,MRQ,1996-12-31,1996-12-31,1996-12-31,2021-09-08,-85100000.0,5298800000.0,,1548200000.0,3750600000.0,,3.452,-41700000.0,222900000.0,222900000.0,1036500000.0,62500000.0,,2.902,2480500000.0,2480500000.0,,2480500000.0,0.0,81100000.0,0.0,0.037,0.173,130400000.0,211500000.0,0.165,211500000.0,130400000.0,93700000.0,,,,1358000000.0,,1358000000.0,,,,76300000.0,0.194,1.0,249200000.0,0.194,0.0,36700000.0,7556400000.0,,406500000.0,3041800000.0,304900000.0,2736900000.0,3940800000.0,,,2644166196.0,90400000.0,-450900000.0,400000.0,351200000.0,-9800000.0,341800000.0,-366400000.0,142200000.0,118000000.0,-3000000.0,62500000.0,62500000.0,62500000.0,0.0,0.0,0.049,123400000.0,125800000.0,999500000.0,,1.947,13.155,13.117,777500000.0,0.0,6.716,0.575,0.574,560500000.0,757700000.0,1285700000.0,1285700000.0,0.0,,,,,0.0,122100000.0,1.0,393708570.0,393356000,,3.269,5298800000.0,73300000.0,31200000.0,177300000.0,13.471,
99,PCAR,MRQ,1996-09-30,1996-09-30,1996-09-30,2021-09-08,,,,,,,,-37700000.0,,,908400000.0,51100000.0,,,,,,,,0.0,,0.073,0.025,117700000.0,117700000.0,0.105,117700000.0,117700000.0,80800000.0,,,,,,,,,,71100000.0,0.181,1.0,207500000.0,0.186,,36900000.0,,,,,,,,,,,16600000.0,5100000.0,0.0,-14200000.0,-9700000.0,-23900000.0,-69400000.0,-51100000.0,108800000.0,1100000.0,51100000.0,51100000.0,51100000.0,0.0,0.0,0.046,96600000.0,110900000.0,,,,,,,0.0,5.407,,,,,1115900000.0,1115900000.0,0.0,,,,,0.0,95400000.0,1.0,,393356000,,2.837,,,29700000.0,,,
100,PCAR,MRQ,1996-06-30,1996-06-30,1996-06-30,2021-09-08,,,,,,,,-25700000.0,,,897400000.0,51700000.0,,,,,,,,0.0,,0.081,0.025,119300000.0,119300000.0,0.108,119300000.0,119300000.0,82600000.0,,,,,,,,,,62600000.0,0.159,1.0,208500000.0,0.189,,36700000.0,,,,,,,,,,,-4900000.0,15600000.0,0.0,-22000000.0,-9700000.0,-31700000.0,-58600000.0,-89500000.0,88300000.0,-2900000.0,51700000.0,51700000.0,51700000.0,0.0,0.0,0.047,95200000.0,113300000.0,,,,,,,0.0,4.877,,,,,1105900000.0,1105900000.0,0.0,,,,,0.0,93600000.0,1.0,,393863000,,2.808,,,30900000.0,,,
101,PCAR,MRQ,1996-03-31,1996-03-31,1996-03-31,2021-09-08,,,,,,,,-18100000.0,,,895000000.0,35700000.0,,,,,,,,0.0,,0.079,0.025,93100000.0,93100000.0,0.085,93100000.0,93100000.0,55800000.0,,,,,,,,,,25100000.0,0.064,1.0,199800000.0,0.182,,37300000.0,,,,,,,,,,,-63200000.0,8700000.0,0.0,12000000.0,-126300000.0,-114300000.0,5900000.0,-8300000.0,43200000.0,2000000.0,35700000.0,35700000.0,35700000.0,0.0,0.0,0.033,112600000.0,87200000.0,,,,,,,0.0,5.012,,,,,1094800000.0,1094800000.0,0.0,,,,,0.0,111500000.0,1.0,,393863000,,2.78,,,20100000.0,,,
102,PCAR,MRQ,1995-12-31,1995-12-31,1995-12-31,2021-09-08,-87600000.0,4390500000.0,,1136600000.0,3253900000.0,,3.181,,184000000.0,184000000.0,,,,2.509,2112700000.0,2112700000.0,,2112700000.0,0.0,,0.0,0.095,0.321,,,,,,,,,,1251200000.0,,1251200000.0,,,,,,1.0,,,0.0,,6319200000.0,,239500000.0,3100600000.0,437300000.0,2663300000.0,3139300000.0,,,,,,,,,,,,,,,,,,,,,,629200000.0,,,,6.481,472100000.0,,4.161,,0.337,227700000.0,653800000.0,,,,,,,,,,1.0,,393356000,,,4390500000.0,60100000.0,,162700000.0,11.162,
0,PCAR,MRT,2021-06-30,2021-06-30,2021-06-30,2021-09-08,-1029600000.0,29012200000.0,28252325000.0,8780500000.0,20231700000.0,0.786,32.156,-1679900000.0,3069800000.0,3069800000.0,17798700000.0,1754300000.0,2.163,1.594,10568600000.0,0.0,10568600000.0,10568600000.0,384200000.0,1018100000.0,0.0,0.022,2.0,2424400000.0,3442500000.0,0.155,3442500000.0,2424400000.0,2256000000.0,5.05,5.04,5.05,11183800000.0,10618975000.0,11183800000.0,38228408432.0,16.0,11.105,814200000.0,2.341,1.0,4395300000.0,0.198,0.0,168400000.0,32451100000.0,31759250000.0,2054600000.0,13333900000.0,1434600000.0,11899300000.0,17828400000.0,4059900000.0,13768500000.0,30983708432.0,-58200000.0,832700000.0,70600000.0,-58600000.0,-693600000.0,-681600000.0,-1948400000.0,-1088400000.0,2494100000.0,77700000.0,1754300000.0,1754300000.0,1754300000.0,0.0,0.0,0.079,2044800000.0,2350500000.0,4683700000.0,0.396,2.77,17.662,17.673,6737600000.0,0.0,89.25,1.396,1.399,1525700000.0,11738700000.0,22194000000.0,22194000000.0,300900000.0,0.062,0.165,0.076,0.109,0.0,622700000.0,1.0,347156397.0,347800000,348500000.0,63.813,29012200000.0,0.0,501700000.0,754600000.0,83.416,4720600000.0
1,PCAR,MRT,2021-03-31,2021-03-31,2021-03-31,2021-09-08,-1116400000.0,28503400000.0,27600875000.0,8338600000.0,20164800000.0,0.703,30.833,-1539600000.0,3320000000.0,3320000000.0,15577500000.0,1409100000.0,2.105,1.659,10564700000.0,0.0,10564700000.0,10564700000.0,402900000.0,1028700000.0,0.0,0.021,1.98,1980700000.0,3009400000.0,0.155,3009400000.0,1980700000.0,1803000000.0,4.06,4.06,4.06,10717700000.0,10267225000.0,10717700000.0,39551069314.0,20.0,13.143,1558600000.0,4.484,1.0,3834800000.0,0.198,0.0,177700000.0,31786200000.0,31281125000.0,1465400000.0,13160700000.0,1421100000.0,11739600000.0,17785700000.0,3961900000.0,13823800000.0,32237369314.0,-3100000.0,729700000.0,74200000.0,-871200000.0,-686100000.0,-1483100000.0,-1711700000.0,-889000000.0,3098200000.0,93500000.0,1409100000.0,1409100000.0,1409100000.0,0.0,0.0,0.073,1934300000.0,1900500000.0,4583800000.0,0.488,3.008,22.878,22.887,6674600000.0,0.0,92.92,1.661,1.664,1649900000.0,11364000000.0,19412300000.0,19412300000.0,283000000.0,0.051,0.137,0.063,0.102,0.0,578500000.0,1.0,346936820.0,347600000,348400000.0,55.847,28503400000.0,0.0,393900000.0,775700000.0,82.001,4376700000.0
2,PCAR,MRT,2020-12-31,2020-12-31,2020-12-31,2021-09-08,-1050300000.0,28260000000.0,27298700000.0,7769000000.0,20491000000.0,0.686,29.96,-1638400000.0,3539600000.0,3539600000.0,15076400000.0,1298400000.0,2.125,1.72,10853300000.0,0.0,10853300000.0,10853300000.0,457400000.0,1049000000.0,0.0,0.023,1.98,1850000000.0,2899000000.0,0.155,2899000000.0,1850000000.0,1657900000.0,3.74,3.74,3.74,10390000000.0,9997150000.0,10390000000.0,36938926117.0,20.0,12.742,1348800000.0,3.889,1.0,3652100000.0,0.195,0.0,192100000.0,31917200000.0,31306900000.0,1221900000.0,13249700000.0,1429000000.0,11820700000.0,17870000000.0,3656500000.0,14213500000.0,29890826117.0,-635500000.0,601900000.0,11600000.0,-580300000.0,-1239800000.0,-1808500000.0,-1875800000.0,-856600000.0,2987200000.0,61600000.0,1298400000.0,1298400000.0,1298400000.0,0.0,0.0,0.069,1892100000.0,1760000000.0,3974900000.0,0.529,2.877,23.021,23.07,6855100000.0,0.0,86.28,1.596,1.598,1197500000.0,11005200000.0,18728500000.0,18728500000.0,273900000.0,0.048,0.13,0.059,0.099,0.0,581400000.0,1.0,346439802.0,346800000,347400000.0,54.004,28260000000.0,0.0,359500000.0,854600000.0,81.488,4112500000.0
3,PCAR,MRT,2020-09-30,2020-09-30,2020-09-30,2021-09-08,-1189000000.0,27233700000.0,27323975000.0,7443900000.0,19789800000.0,0.706,29.367,-1678100000.0,3344300000.0,3344300000.0,15479400000.0,1423900000.0,2.19,1.674,10392400000.0,0.0,10392400000.0,10392400000.0,487900000.0,1064400000.0,0.0,0.042,3.58,2029900000.0,3094300000.0,0.161,3094300000.0,2029900000.0,1823900000.0,4.11,4.1,4.11,10184400000.0,9826175000.0,10184400000.0,36788180239.0,18.0,11.889,1458100000.0,4.204,1.0,3797700000.0,0.197,0.0,206000000.0,30882500000.0,31182100000.0,1124500000.0,12518800000.0,1194300000.0,11324500000.0,17049300000.0,3399300000.0,13650000000.0,29519580239.0,-325200000.0,579800000.0,26700000.0,-602900000.0,-1239700000.0,-1815900000.0,-1685200000.0,-604200000.0,3136200000.0,39700000.0,1423900000.0,1423900000.0,1423900000.0,0.0,0.0,0.074,1874000000.0,1923700000.0,3993600000.0,0.871,2.899,20.731,20.749,6572800000.0,0.0,85.28,1.531,1.534,1364700000.0,10953600000.0,19277100000.0,19277100000.0,285800000.0,0.052,0.145,0.065,0.105,0.0,599100000.0,1.0,346148924.0,346800000,347600000.0,55.586,27233700000.0,0.0,400000000.0,791300000.0,78.529,4044600000.0
4,PCAR,MRT,2020-06-30,2020-06-30,2020-06-30,2021-09-08,-1289900000.0,26406400000.0,27457475000.0,7044100000.0,19362300000.0,0.754,28.224,-1812300000.0,3128000000.0,3128000000.0,16627900000.0,1646300000.0,2.246,1.701,10396600000.0,0.0,10396600000.0,10396600000.0,506000000.0,1070300000.0,0.0,0.048,3.58,2332000000.0,3402300000.0,0.164,3402300000.0,2332000000.0,2111600000.0,4.75,4.74,4.75,9776800000.0,9770750000.0,9776800000.0,33693058465.0,14.0,9.903,1219300000.0,3.52,1.0,4080200000.0,0.197,0.0,220400000.0,30538600000.0,31315075000.0,1136400000.0,12280300000.0,1147200000.0,11133100000.0,16629600000.0,3136400000.0,13493200000.0,25877658465.0,-91400000.0,581500000.0,-47100000.0,-126300000.0,-1239600000.0,-1413000000.0,-1676100000.0,-463700000.0,3031600000.0,-33900000.0,1646300000.0,1646300000.0,1646300000.0,0.0,0.0,0.08,1867700000.0,2212500000.0,3625000000.0,0.754,2.647,15.719,15.758,6448500000.0,0.0,74.85,1.25,1.252,1248300000.0,10679100000.0,20708100000.0,20708100000.0,303300000.0,0.06,0.168,0.074,0.113,0.0,640000000.0,1.0,345726900.0,346400000,346800000.0,59.781,26406400000.0,0.0,465300000.0,774900000.0,76.231,3907700000.0
5,PCAR,MRT,2020-03-31,2020-03-31,2020-03-31,2021-09-08,-1383900000.0,27294700000.0,27647925000.0,7405100000.0,19889600000.0,0.878,27.781,-2037100000.0,3323100000.0,3323100000.0,19528100000.0,2118300000.0,2.299,1.832,11138500000.0,0.0,11138500000.0,11138500000.0,542900000.0,1090200000.0,0.0,0.059,3.58,2975500000.0,4065700000.0,0.167,4065700000.0,2975500000.0,2742000000.0,6.11,6.09,6.11,9637400000.0,9735400000.0,9637400000.0,28220178880.0,9.0,6.941,886100000.0,2.554,1.0,4745700000.0,0.196,0.0,233500000.0,31889300000.0,31458750000.0,1270100000.0,12796200000.0,1096400000.0,11699800000.0,17657300000.0,3220800000.0,14436500000.0,21172578880.0,480500000.0,586700000.0,-67600000.0,1107500000.0,-1239900000.0,-200000000.0,-2186500000.0,-754500000.0,2923200000.0,-56200000.0,2118300000.0,2118300000.0,2118300000.0,0.0,0.0,0.087,1892800000.0,2852900000.0,3803000000.0,0.586,2.197,9.995,10.005,6433100000.0,0.0,61.13,0.872,0.874,1277000000.0,10642200000.0,24273800000.0,24273800000.0,319300000.0,0.077,0.218,0.095,0.123,0.0,693100000.0,1.0,346353327.0,346900000,347300000.0,69.973,27294700000.0,0.0,623700000.0,780100000.0,78.682,4184300000.0
6,PCAR,MRT,2019-12-31,2019-12-31,2019-12-31,2021-09-08,-1100100000.0,28361100000.0,27363500000.0,8016700000.0,20344400000.0,0.936,27.98,-1970800000.0,4175100000.0,4175100000.0,20555600000.0,2387900000.0,2.009,1.922,11222700000.0,0.0,11222700000.0,11222700000.0,587300000.0,1077300000.0,0.0,0.045,3.58,3329700000.0,4407000000.0,0.172,4407000000.0,3329700000.0,3099200000.0,6.88,6.87,6.88,9706100000.0,9602425000.0,9706100000.0,34545103184.0,10.0,7.839,889500000.0,2.564,1.0,5044100000.0,0.197,0.0,230500000.0,31418000000.0,30987275000.0,1153200000.0,13248100000.0,1162100000.0,12086000000.0,18655000000.0,3990700000.0,14664300000.0,27358603184.0,739200000.0,638100000.0,-49400000.0,1271400000.0,-1138600000.0,83400000.0,-2207400000.0,-875800000.0,2860300000.0,2900000.0,2387900000.0,2387900000.0,2387900000.0,0.0,0.0,0.093,1838700000.0,3205400000.0,3823200000.0,0.52,2.819,11.457,11.497,6531900000.0,0.0,79.1,1.069,1.072,1306100000.0,10398500000.0,25599700000.0,25599700000.0,326600000.0,0.087,0.249,0.107,0.13,0.0,698500000.0,1.0,345873618.0,346900000,347500000.0,73.796,28361100000.0,0.0,711300000.0,790200000.0,81.756,4026000000.0
7,PCAR,MRT,2019-09-30,2019-09-30,2019-09-30,2021-09-08,-1190000000.0,27767700000.0,26643825000.0,8051900000.0,19715800000.0,0.967,28.744,-1965000000.0,3669500000.0,3669500000.0,20754200000.0,2434700000.0,2.275,1.787,10856000000.0,0.0,10856000000.0,10856000000.0,646000000.0,1052100000.0,0.0,0.046,3.24,3387700000.0,4439800000.0,0.172,4439800000.0,3387700000.0,3163800000.0,7.0,6.99,7.0,9962700000.0,9324125000.0,9962700000.0,31662004542.0,9.0,7.131,1016700000.0,2.933,1.0,5008000000.0,0.194,0.0,223900000.0,31414400000.0,30201325000.0,1292600000.0,12779500000.0,1107800000.0,11671700000.0,17805000000.0,3539800000.0,14265200000.0,24249304542.0,755500000.0,640600000.0,-271500000.0,1443100000.0,-1125500000.0,46100000.0,-2210700000.0,-887400000.0,2981700000.0,-61600000.0,2434700000.0,2434700000.0,2434700000.0,0.0,0.0,0.095,1752400000.0,3255600000.0,4177300000.0,0.463,2.434,9.96,10.001,6231800000.0,0.0,70.01,0.941,0.942,1729000000.0,10798700000.0,25762200000.0,25762200000.0,323500000.0,0.091,0.261,0.112,0.131,0.0,681500000.0,1.0,346369155.0,346600000,347200000.0,74.328,27767700000.0,0.0,729100000.0,753700000.0,80.115,4512100000.0
8,PCAR,MRT,2019-06-30,2019-06-30,2019-06-30,2021-09-08,-1062200000.0,27168200000.0,25977750000.0,7632700000.0,19535500000.0,0.968,27.768,-1944000000.0,3219400000.0,3219400000.0,20301000000.0,2372100000.0,2.201,1.82,10632100000.0,0.0,10632100000.0,10632100000.0,753000000.0,1032600000.0,0.0,0.045,3.2,3268300000.0,4300900000.0,0.171,4300900000.0,3268300000.0,3055000000.0,6.8,6.79,6.8,9635400000.0,9126200000.0,9635400000.0,32179932252.0,10.0,7.482,1039300000.0,2.995,1.0,4851000000.0,0.193,0.0,213300000.0,31113300000.0,29483275000.0,1336600000.0,12721800000.0,1117300000.0,11604500000.0,17532800000.0,3467600000.0,14065200000.0,24826132252.0,712600000.0,644600000.0,-284400000.0,1464900000.0,-1112800000.0,67700000.0,-2310900000.0,-1011500000.0,2983300000.0,-27500000.0,2372100000.0,2372100000.0,2372100000.0,0.0,0.0,0.094,1705900000.0,3145100000.0,4073800000.0,0.471,2.577,10.466,10.538,6254200000.0,0.0,71.66,0.987,0.989,1711200000.0,10301800000.0,25152000000.0,25152000000.0,314200000.0,0.091,0.26,0.111,0.13,0.0,662400000.0,1.0,346443375.0,347000000,347700000.0,72.484,27168200000.0,0.0,682900000.0,737600000.0,78.295,4165100000.0
9,PCAR,MRT,2019-03-31,2019-03-31,2019-03-31,2021-09-08,-1095500000.0,26157000000.0,25224650000.0,7225200000.0,18931800000.0,0.965,26.226,-1967400000.0,2842600000.0,2842600000.0,19606600000.0,2312000000.0,2.06,1.873,10196400000.0,0.0,10196400000.0,10196400000.0,813200000.0,1039700000.0,0.0,0.046,3.16,3159200000.0,4198900000.0,0.173,4198900000.0,3159200000.0,2960200000.0,6.6,6.6,6.6,9105500000.0,8912200000.0,9105500000.0,30139984349.0,10.0,7.178,862600000.0,2.484,1.0,4722700000.0,0.194,0.0,199000000.0,30003400000.0,28645125000.0,1272600000.0,12437300000.0,1081600000.0,11355700000.0,17051500000.0,3507400000.0,13544100000.0,23625384349.0,338500000.0,688200000.0,-348100000.0,1308500000.0,-1100300000.0,-139900000.0,-2275300000.0,-994200000.0,2830000000.0,-76300000.0,2312000000.0,2312000000.0,2312000000.0,0.0,0.0,0.095,1686100000.0,3036600000.0,4077700000.0,0.479,2.595,10.219,10.324,6103000000.0,0.0,68.14,0.971,0.972,1736200000.0,9793100000.0,24329300000.0,24329300000.0,308400000.0,0.092,0.259,0.11,0.13,0.0,645900000.0,1.0,346718291.0,347200000,347800000.0,70.073,26157000000.0,0.0,648200000.0,692000000.0,75.337,3717800000.0
10,PCAR,MRT,2018-12-31,2018-12-31,2018-12-31,2021-09-08,-1098500000.0,25482400000.0,24630825000.0,7163400000.0,18319000000.0,0.954,24.481,-1952300000.0,3435900000.0,3435900000.0,18925000000.0,2195100000.0,1.924,1.966,9950500000.0,0.0,9950500000.0,9950500000.0,842400000.0,1054100000.0,0.0,0.054,3.09,2997100000.0,4051200000.0,0.172,4051200000.0,2997100000.0,2810200000.0,6.25,6.24,6.25,8592900000.0,8777650000.0,8592900000.0,26639627099.0,9.0,6.576,1040000000.0,2.963,1.0,4570700000.0,0.195,0.0,186900000.0,28274200000.0,27991975000.0,1184700000.0,11861200000.0,1020400000.0,10840800000.0,16889500000.0,3722800000.0,13166700000.0,19966727099.0,1071200000.0,653700000.0,-335100000.0,1210500000.0,-804300000.0,71100000.0,-1930700000.0,-630200000.0,2992300000.0,-61500000.0,2195100000.0,2195100000.0,2195100000.0,0.0,0.0,0.093,1695300000.0,2875400000.0,3550900000.0,0.494,2.324,9.096,9.142,6122500000.0,0.0,57.14,0.85,0.854,1314400000.0,9275400000.0,23495700000.0,23495700000.0,306100000.0,0.089,0.25,0.107,0.128,0.0,644700000.0,1.0,349435196.0,351000000,351800000.0,66.939,25482400000.0,0.0,615100000.0,704900000.0,72.599,3440600000.0
11,PCAR,MRT,2018-09-30,2018-09-30,2018-09-30,2021-09-08,-895000000.0,25103400000.0,24120275000.0,7069700000.0,18033700000.0,0.94,26.151,-1915800000.0,2914000000.0,2914000000.0,18254800000.0,2206200000.0,2.186,1.737,9586900000.0,0.0,9586900000.0,9586900000.0,832400000.0,1087600000.0,0.0,0.033,2.26,2837900000.0,3925500000.0,0.173,3925500000.0,2837900000.0,2662100000.0,6.26,6.26,6.26,9171000000.0,8642050000.0,9171000000.0,30604444558.0,11.0,7.796,904700000.0,2.58,1.0,4415800000.0,0.195,0.0,175800000.0,28542200000.0,27664250000.0,1292000000.0,11579300000.0,1000300000.0,10579000000.0,15932400000.0,3234100000.0,12698300000.0,23903544558.0,600700000.0,604400000.0,-128900000.0,835200000.0,-794500000.0,-88200000.0,-2101600000.0,-788300000.0,2820500000.0,-30000000.0,2206200000.0,2206200000.0,2206200000.0,0.0,0.0,0.097,1681600000.0,2734200000.0,3764200000.0,0.361,2.606,10.835,10.893,5988700000.0,0.0,68.19,1.054,1.055,1608600000.0,9718400000.0,22670600000.0,22670600000.0,296200000.0,0.091,0.255,0.103,0.125,0.0,626500000.0,1.0,350543255.0,350700000,351500000.0,64.644,25103400000.0,0.0,455900000.0,695600000.0,71.581,3835600000.0
12,PCAR,MRT,2018-06-30,2018-06-30,2018-06-30,2021-09-08,-893700000.0,24155800000.0,23620400000.0,6743100000.0,17412700000.0,0.93,24.963,-1848900000.0,2506800000.0,2506800000.0,17656800000.0,2063600000.0,2.178,1.751,9207700000.0,0.0,9207700000.0,9207700000.0,758200000.0,1121100000.0,0.0,0.036,2.23,2740200000.0,3861300000.0,0.176,3861300000.0,2740200000.0,2575100000.0,5.85,5.85,5.85,8779400000.0,8333200000.0,8779400000.0,28424160181.0,10.0,7.361,880200000.0,2.503,1.0,4316700000.0,0.196,0.0,165100000.0,27760700000.0,27244325000.0,1258500000.0,11218800000.0,1033300000.0,10185500000.0,15376400000.0,3096000000.0,12280400000.0,21798260181.0,627000000.0,534800000.0,-62800000.0,682500000.0,-784300000.0,-164600000.0,-1939500000.0,-623500000.0,2729100000.0,2000000.0,2063600000.0,2063600000.0,2063600000.0,0.0,0.0,0.094,1675200000.0,2641500000.0,3613100000.0,0.381,2.483,10.563,10.591,5889800000.0,0.0,61.96,0.992,0.992,1546900000.0,9271300000.0,21973500000.0,21973500000.0,290300000.0,0.087,0.248,0.101,0.125,0.0,617900000.0,1.0,351811817.0,351700000,352500000.0,62.478,24155800000.0,0.0,511500000.0,682100000.0,68.683,3647100000.0
13,PCAR,MRT,2018-03-31,2018-03-31,2018-03-31,2021-09-08,-718300000.0,23781700000.0,23094775000.0,6405700000.0,17376000000.0,0.904,24.304,-1792400000.0,2504100000.0,2504100000.0,16773500000.0,1877000000.0,2.123,1.776,9130000000.0,0.0,9130000000.0,9130000000.0,686800000.0,1121800000.0,0.0,0.033,2.2,2551300000.0,3673100000.0,0.176,3673100000.0,2551300000.0,2394500000.0,5.32,5.32,5.32,8567300000.0,8013475000.0,8567300000.0,29805653719.0,12.0,8.115,838200000.0,2.378,1.0,4099000000.0,0.196,0.0,156800000.0,27390800000.0,26844825000.0,1068300000.0,11150400000.0,1046500000.0,10103900000.0,15214400000.0,3016800000.0,12197600000.0,23290953719.0,739700000.0,479900000.0,17500000.0,468800000.0,-773700000.0,-287400000.0,-1683700000.0,-371200000.0,2630600000.0,80200000.0,1877000000.0,1877000000.0,1877000000.0,0.0,0.0,0.09,1636000000.0,2463000000.0,3529900000.0,0.414,2.719,12.409,12.438,5974500000.0,0.0,66.17,1.116,1.117,1468800000.0,8810100000.0,20872500000.0,20872500000.0,279700000.0,0.081,0.234,0.095,0.122,0.0,599800000.0,1.0,351986606.0,352500000,353500000.0,59.213,23781700000.0,0.0,517500000.0,730000000.0,67.466,3388900000.0
14,PCAR,MRT,2017-12-31,2017-12-31,2017-12-31,2021-09-08,-793600000.0,23440200000.0,22409275000.0,6082600000.0,17357600000.0,0.868,22.877,-1846600000.0,2364700000.0,2364700000.0,15628900000.0,1675200000.0,2.033,1.912,8879400000.0,0.0,8879400000.0,8879400000.0,1339000000.0,1107500000.0,0.0,0.031,2.19,2322900000.0,3430400000.0,0.176,3430400000.0,2322900000.0,2173300000.0,4.76,4.75,4.76,8050500000.0,7641475000.0,8050500000.0,31511151239.0,14.0,9.186,869200000.0,2.47,1.0,3827500000.0,0.197,0.0,149600000.0,26963300000.0,26310175000.0,928400000.0,11064200000.0,1367100000.0,9697100000.0,15389700000.0,2991600000.0,12398100000.0,24992451239.0,449000000.0,470700000.0,39300000.0,125200000.0,-558300000.0,-393800000.0,-1964600000.0,-588700000.0,2715800000.0,91600000.0,1675200000.0,1675200000.0,1675200000.0,0.0,0.0,0.086,1586300000.0,2241200000.0,3035700000.0,0.46,3.104,14.919,14.933,6606400000.0,0.0,71.08,1.285,1.286,1127900000.0,8369100000.0,19456400000.0,19456400000.0,264700000.0,0.075,0.219,0.088,0.119,0.0,571800000.0,1.0,351610175.0,351900000,352900000.0,55.29,23440200000.0,0.0,498100000.0,773700000.0,66.61,3091000000.0
15,PCAR,MRT,2017-09-30,2017-09-30,2017-09-30,2021-09-08,-816200000.0,23103900000.0,21708950000.0,5980500000.0,17123400000.0,0.832,22.551,-1864300000.0,2313300000.0,2313300000.0,14469600000.0,1374800000.0,2.167,1.911,8832000000.0,0.0,8832000000.0,8832000000.0,1319300000.0,1061800000.0,0.0,0.022,1.58,2129800000.0,3191600000.0,0.177,3191600000.0,2129800000.0,1987900000.0,3.91,3.9,3.91,7935600000.0,7323250000.0,7935600000.0,32082874636.0,15.0,10.052,768500000.0,2.184,1.0,3602900000.0,0.199,0.0,141900000.0,26862500000.0,25807825000.0,983000000.0,10764700000.0,1216000000.0,9548700000.0,15168300000.0,2760100000.0,12408200000.0,25418574636.0,525400000.0,469900000.0,32100000.0,161600000.0,-554500000.0,-360800000.0,-1782400000.0,-389000000.0,2632800000.0,35800000.0,1374800000.0,1374800000.0,1374800000.0,0.0,0.0,0.076,1552700000.0,2050200000.0,3233900000.0,0.404,3.203,18.489,18.501,6473700000.0,0.0,72.34,1.406,1.409,1323800000.0,8290700000.0,18072500000.0,18072500000.0,261700000.0,0.063,0.188,0.083,0.118,0.0,565700000.0,1.0,351376481.0,351900000,352900000.0,51.357,23103900000.0,0.0,613100000.0,977800000.0,65.655,3220400000.0
16,PCAR,MRT,2017-06-30,2017-06-30,2017-06-30,2021-09-08,-925200000.0,22053300000.0,21175200000.0,5440900000.0,16612400000.0,0.815,21.32,-1962000000.0,1879800000.0,1879800000.0,13785500000.0,1318300000.0,2.13,1.94,8544100000.0,0.0,8544100000.0,8544100000.0,1272500000.0,1025900000.0,0.0,0.024,1.57,2036800000.0,3062700000.0,0.177,3062700000.0,2036800000.0,1901000000.0,3.76,3.74,3.76,7500500000.0,7083900000.0,7500500000.0,29799604850.0,15.0,9.73,-125400000.0,-0.356,1.0,3476700000.0,0.201,0.0,135800000.0,26162700000.0,25446050000.0,885300000.0,10473500000.0,1244600000.0,9228900000.0,14552800000.0,2554900000.0,11997900000.0,23198504850.0,-185100000.0,459800000.0,26600000.0,34700000.0,-550800000.0,-489500000.0,-1548500000.0,-46800000.0,1836600000.0,16300000.0,1318300000.0,1318300000.0,1318300000.0,0.0,0.0,0.076,1507600000.0,1969100000.0,3016200000.0,0.418,3.093,17.597,17.564,6315600000.0,0.0,66.04,1.344,1.346,1281000000.0,7975900000.0,17262200000.0,17262200000.0,253900000.0,0.062,0.186,0.08,0.118,0.0,551600000.0,1.0,351279601.0,351800000,352700000.0,49.068,22053300000.0,0.0,582700000.0,949300000.0,62.687,2886000000.0
17,PCAR,MRT,2017-03-31,2017-03-31,2017-03-31,2021-09-08,-1058000000.0,21039700000.0,21018675000.0,5036400000.0,16003300000.0,0.807,20.135,-1976800000.0,1764400000.0,1764400000.0,13510900000.0,1426600000.0,2.109,1.972,8365500000.0,0.0,8365500000.0,8365500000.0,1136500000.0,1009800000.0,0.0,0.023,1.56,2139200000.0,3149000000.0,0.186,3149000000.0,2139200000.0,2008200000.0,4.07,4.05,4.07,7079300000.0,6886200000.0,7079300000.0,30139770269.0,14.0,9.571,138700000.0,0.394,1.0,3460300000.0,0.204,0.0,131000000.0,25252200000.0,25063500000.0,772200000.0,10177400000.0,1206400000.0,8971000000.0,13960400000.0,2388600000.0,11571800000.0,23580270269.0,-82900000.0,438500000.0,30400000.0,-29600000.0,-547100000.0,-546300000.0,-1609100000.0,-71300000.0,2115500000.0,-43000000.0,1426600000.0,1426600000.0,1426600000.0,0.0,0.0,0.084,1372100000.0,2088200000.0,2777300000.0,0.383,3.331,16.529,16.511,5989700000.0,0.0,67.2,1.389,1.392,1145600000.0,7690900000.0,16971200000.0,16971200000.0,248600000.0,0.068,0.207,0.085,0.126,0.0,548200000.0,1.0,350896879.0,351600000,352700000.0,48.268,21039700000.0,0.0,581600000.0,933100000.0,59.84,2647800000.0
18,PCAR,MRT,2016-12-31,2016-12-31,2016-12-31,2021-09-08,-1128100000.0,20638900000.0,21097975000.0,4738200000.0,15900700000.0,0.807,19.304,-1964900000.0,1915700000.0,1915700000.0,13533600000.0,521700000.0,2.111,2.045,8475200000.0,0.0,8475200000.0,8475200000.0,1072600000.0,993100000.0,0.0,0.024,1.56,1257600000.0,2250700000.0,0.132,2250700000.0,1257600000.0,1130400000.0,1.49,1.48,1.49,6777600000.0,6702175000.0,6777600000.0,29141731617.0,23.0,12.948,335900000.0,0.957,1.0,3499700000.0,0.205,0.0,127200000.0,24953900000.0,24938700000.0,727800000.0,9978300000.0,1140900000.0,8837400000.0,13861300000.0,2244500000.0,11616800000.0,22399331617.0,-100700000.0,433800000.0,-41100000.0,46900000.0,-829300000.0,-823500000.0,-1564300000.0,-33700000.0,2300800000.0,-13700000.0,521700000.0,521700000.0,521700000.0,0.0,0.0,0.031,2276600000.0,1223100000.0,2429100000.0,1.047,3.305,42.935,42.886,5897800000.0,0.0,63.9,1.315,1.317,862200000.0,7484900000.0,17033300000.0,17033300000.0,247200000.0,0.025,0.078,0.05,0.074,0.0,542800000.0,1.0,350537271.0,351100000,351800000.0,48.514,20638900000.0,0.0,608700000.0,934900000.0,58.784,2493700000.0
19,PCAR,MRT,2016-09-30,2016-09-30,2016-09-30,2021-09-08,-926700000.0,20968900000.0,21215700000.0,4869500000.0,16099400000.0,0.816,19.881,-1888800000.0,1787900000.0,1787900000.0,13743900000.0,580100000.0,2.121,2.005,8530300000.0,0.0,8530300000.0,8530300000.0,1120600000.0,973400000.0,0.0,0.04,2.36,1335400000.0,2308800000.0,0.133,2308800000.0,1335400000.0,1210200000.0,1.65,1.64,1.65,6978200000.0,6742875000.0,6978200000.0,26983554121.0,20.0,11.687,306500000.0,0.873,1.0,3574000000.0,0.206,0.0,125200000.0,25415400000.0,24980375000.0,824100000.0,10157200000.0,1078900000.0,9078300000.0,13990700000.0,2295900000.0,11694800000.0,20604054121.0,-338200000.0,429600000.0,-170300000.0,-53100000.0,-830000000.0,-1053400000.0,-1494600000.0,-34800000.0,2195300000.0,14500000.0,580100000.0,580100000.0,580100000.0,0.0,0.0,0.033,2258600000.0,1315400000.0,2670800000.0,1.43,2.953,35.518,35.624,5919900000.0,0.0,58.78,1.19,1.191,1025900000.0,7516700000.0,17317900000.0,17317900000.0,246300000.0,0.027,0.086,0.053,0.077,0.0,546300000.0,1.0,350528311.0,351000000,351800000.0,49.339,20968900000.0,0.0,630100000.0,931600000.0,59.74,2573600000.0
20,PCAR,MRT,2016-06-30,2016-06-30,2016-06-30,2021-09-08,-927100000.0,21427200000.0,21353425000.0,5538000000.0,15889200000.0,0.839,19.121,-1811700000.0,2064900000.0,2064900000.0,14223700000.0,665100000.0,1.745,2.193,8444400000.0,0.0,8444400000.0,8444400000.0,1099600000.0,954100000.0,0.0,0.045,2.36,1462000000.0,2416100000.0,0.135,2416100000.0,1462000000.0,1339800000.0,1.87,1.87,1.87,6709700000.0,6834275000.0,6709700000.0,24908508030.0,17.0,10.309,1206600000.0,3.439,1.0,3692000000.0,0.206,0.0,122200000.0,24632500000.0,25014850000.0,824900000.0,10481000000.0,1426300000.0,9054700000.0,14717500000.0,3174200000.0,11543300000.0,18178508030.0,101800000.0,425900000.0,-241400000.0,28800000.0,-831000000.0,-1043600000.0,-1846300000.0,-463600000.0,3018300000.0,-26600000.0,665100000.0,665100000.0,665100000.0,0.0,0.0,0.037,2244400000.0,1447600000.0,2714200000.0,1.262,2.709,27.332,27.738,5753000000.0,0.0,51.87,1.015,1.016,1070200000.0,7254800000.0,17915700000.0,17915700000.0,244700000.0,0.031,0.097,0.058,0.082,0.0,546500000.0,1.0,350462850.0,350900000,351600000.0,51.056,21427200000.0,0.0,674700000.0,906800000.0,61.064,2363800000.0
21,PCAR,MRT,2016-03-31,2016-03-31,2016-03-31,2021-09-08,-889200000.0,21356900000.0,21350450000.0,5392600000.0,15964300000.0,0.87,18.056,-1746900000.0,1847300000.0,1847300000.0,14795500000.0,631000000.0,1.618,2.367,8577300000.0,0.0,8577300000.0,8577300000.0,1101700000.0,928500000.0,0.0,0.043,2.34,1465000000.0,2393500000.0,0.129,2393500000.0,1465000000.0,1345800000.0,1.76,1.76,1.76,6343200000.0,6961500000.0,6343200000.0,25790896201.0,18.0,10.775,1128700000.0,3.213,1.0,3786900000.0,0.204,0.0,119200000.0,24753000000.0,25200625000.0,829100000.0,10745900000.0,1466100000.0,9279800000.0,15013700000.0,3333900000.0,11679800000.0,19215796201.0,282600000.0,441900000.0,-239800000.0,385300000.0,-825000000.0,-679500000.0,-1934900000.0,-633000000.0,2875600000.0,21400000.0,631000000.0,631000000.0,631000000.0,0.0,0.0,0.034,2336400000.0,1450500000.0,2712600000.0,1.33,3.029,30.453,31.074,5707700000.0,0.0,54.69,1.034,1.034,1066100000.0,6857700000.0,18582400000.0,18582400000.0,243200000.0,0.03,0.091,0.058,0.079,0.0,543300000.0,1.0,351358497.0,351300000,351300000.0,52.896,21356900000.0,0.0,714800000.0,907100000.0,60.794,2058700000.0
22,PCAR,MRT,2015-12-31,2015-12-31,2015-12-31,2021-09-08,-1017000000.0,21109800000.0,21092925000.0,5299200000.0,15810600000.0,0.906,19.572,-1725200000.0,2016400000.0,2016400000.0,15292100000.0,1604000000.0,2.067,2.042,8591500000.0,0.0,8591500000.0,8591500000.0,1047400000.0,907100000.0,0.0,0.049,2.32,2455100000.0,3362200000.0,0.176,3362200000.0,2455100000.0,2337100000.0,4.52,4.51,4.52,6940400000.0,7058600000.0,6940400000.0,23307802645.0,9.0,6.932,830800000.0,2.343,1.0,3823000000.0,0.2,0.0,118000000.0,25120600000.0,25121300000.0,796500000.0,10751700000.0,1448100000.0,9303600000.0,14169400000.0,2564300000.0,11605100000.0,16753802645.0,278800000.0,448800000.0,-179800000.0,663800000.0,-680500000.0,-196500000.0,-1974900000.0,-701600000.0,2556000000.0,-105800000.0,1604000000.0,1604000000.0,1604000000.0,0.0,0.0,0.084,1377400000.0,2445600000.0,2428600000.0,0.513,2.414,10.445,10.487,5549400000.0,0.0,47.4,0.876,0.879,879000000.0,7536800000.0,19115100000.0,19115100000.0,239800000.0,0.076,0.227,0.098,0.128,0.0,541500000.0,1.0,353455752.0,354600000,355600000.0,53.906,21109800000.0,0.0,733100000.0,889100000.0,59.531,2734900000.0
23,PCAR,MRT,2015-09-30,2015-09-30,2015-09-30,2021-09-08,-958200000.0,21519800000.0,20970175000.0,5817400000.0,15702400000.0,0.948,20.687,-1709400000.0,2126100000.0,2126100000.0,15983100000.0,1651100000.0,2.308,1.93,8680100000.0,0.0,8680100000.0,8680100000.0,1006300000.0,919400000.0,0.0,0.036,1.9,2534800000.0,3454200000.0,0.174,3454200000.0,2534800000.0,2416100000.0,4.65,4.64,4.65,7343800000.0,7011800000.0,7343800000.0,25119104876.0,10.0,7.272,663800000.0,1.87,1.0,3895800000.0,0.196,0.0,118700000.0,25553300000.0,24956200000.0,893100000.0,10706600000.0,1398800000.0,9307800000.0,14176000000.0,2520500000.0,11655500000.0,18511604876.0,477700000.0,445600000.0,-59000000.0,812900000.0,-673700000.0,80200000.0,-1851300000.0,-590700000.0,2373200000.0,-124400000.0,1651100000.0,1651100000.0,1651100000.0,0.0,0.0,0.083,1370700000.0,2525100000.0,2853400000.0,0.409,2.521,11.212,11.215,5490300000.0,0.0,52.15,0.931,0.931,1118000000.0,7879000000.0,19878900000.0,19878900000.0,235600000.0,0.079,0.235,0.102,0.128,0.0,536200000.0,1.0,354968454.0,355000000,355900000.0,55.997,21519800000.0,0.0,765000000.0,912600000.0,60.619,3296900000.0
24,PCAR,MRT,2015-06-30,2015-06-30,2015-06-30,2021-09-08,-809600000.0,21415300000.0,20846750000.0,5754700000.0,15660600000.0,0.957,20.317,-1678100000.0,1963100000.0,1963100000.0,16138100000.0,1591300000.0,2.174,1.967,8570600000.0,0.0,8570600000.0,8570600000.0,961400000.0,918600000.0,0.0,0.029,1.88,2466100000.0,3384700000.0,0.17,3384700000.0,2466100000.0,2344000000.0,4.49,4.47,4.49,7218600000.0,6966525000.0,7218600000.0,29249476406.0,12.0,8.642,791800000.0,2.229,1.0,3822000000.0,0.191,0.0,122100000.0,25375600000.0,24817325000.0,888200000.0,10710400000.0,1397300000.0,9313100000.0,14196700000.0,2647200000.0,11549500000.0,22639576406.0,582800000.0,448800000.0,-14200000.0,731200000.0,-666500000.0,50500000.0,-1793400000.0,-564100000.0,2469900000.0,-144200000.0,1591300000.0,1591300000.0,1591300000.0,0.0,0.0,0.08,1366500000.0,2455500000.0,3042900000.0,0.419,3.136,14.227,14.212,5455900000.0,0.0,63.81,1.134,1.136,1228100000.0,7533100000.0,19960100000.0,19960100000.0,228500000.0,0.076,0.228,0.099,0.124,0.0,541900000.0,1.0,354796684.0,355300000,356300000.0,56.178,21415300000.0,0.0,752700000.0,911600000.0,60.274,3107500000.0
25,PCAR,MRT,2015-03-31,2015-03-31,2015-03-31,2021-09-08,-917300000.0,20326800000.0,20719775000.0,5225500000.0,15101300000.0,0.939,18.957,-1669800000.0,1564700000.0,1564700000.0,15796300000.0,1463300000.0,2.089,2.02,8174600000.0,0.0,8174600000.0,8174600000.0,882100000.0,919000000.0,0.0,0.03,1.88,2299000000.0,3218000000.0,0.165,3218000000.0,2299000000.0,2172800000.0,4.13,4.11,4.13,6731600000.0,6951700000.0,6731600000.0,28877128307.0,13.0,8.974,644300000.0,1.814,1.0,3653500000.0,0.188,0.0,126200000.0,24435700000.0,24850000000.0,865700000.0,10199800000.0,1227200000.0,8972600000.0,13595200000.0,2501000000.0,11094200000.0,22384128307.0,274800000.0,435100000.0,-18900000.0,493100000.0,-666500000.0,-192300000.0,-1688500000.0,-453800000.0,2314100000.0,-158500000.0,1463300000.0,1463300000.0,1463300000.0,0.0,0.0,0.075,1367500000.0,2286000000.0,2887000000.0,0.455,3.325,15.297,15.288,5274700000.0,0.0,63.14,1.151,1.153,1304500000.0,7164000000.0,19449800000.0,19449800000.0,219100000.0,0.071,0.21,0.093,0.118,0.0,549400000.0,1.0,354515811.0,355100000,356100000.0,54.773,20326800000.0,0.0,709500000.0,922200000.0,57.242,2724500000.0
26,PCAR,MRT,2014-12-31,2014-12-31,2014-12-31,2021-09-08,-579800000.0,20618800000.0,20787475000.0,5200400000.0,15418400000.0,0.914,19.023,-1537300000.0,1737600000.0,1737600000.0,15481600000.0,1358800000.0,1.961,2.053,8230600000.0,0.0,8230600000.0,8230600000.0,970900000.0,917700000.0,0.0,0.027,1.86,2151300000.0,3069000000.0,0.162,3069000000.0,2151300000.0,2017600000.0,3.83,3.82,3.83,6753200000.0,6984675000.0,6753200000.0,30652432015.0,14.0,9.988,586300000.0,1.652,1.0,3515400000.0,0.185,0.0,133700000.0,24460200000.0,25025125000.0,925700000.0,10314600000.0,1272000000.0,9042600000.0,13865600000.0,2651600000.0,11214000000.0,24082632015.0,-12500000.0,395500000.0,-13600000.0,116900000.0,-623800000.0,-520500000.0,-1531900000.0,-390100000.0,2123600000.0,-83700000.0,1358800000.0,1358800000.0,1358800000.0,0.0,0.0,0.072,1380900000.0,2134500000.0,2681700000.0,0.486,3.566,17.723,17.757,5553800000.0,0.0,68.01,1.268,1.271,1047100000.0,6863800000.0,18997000000.0,18997000000.0,215600000.0,0.065,0.195,0.086,0.113,0.0,561400000.0,1.0,354104279.0,355000000,356100000.0,53.513,20618800000.0,0.0,658800000.0,909200000.0,58.081,2548800000.0
27,PCAR,MRT,2014-09-30,2014-09-30,2014-09-30,2021-09-08,-198600000.0,21026100000.0,20814150000.0,5470400000.0,15555700000.0,0.888,20.165,-1598900000.0,1648400000.0,1648400000.0,15046900000.0,1298700000.0,2.106,1.935,8218200000.0,0.0,8218200000.0,8218200000.0,982800000.0,899600000.0,0.0,0.031,1.74,2067400000.0,2967000000.0,0.161,2967000000.0,2067400000.0,1924800000.0,3.67,3.65,3.67,7162700000.0,6954950000.0,7162700000.0,27116869187.0,13.0,9.139,678100000.0,1.909,1.0,3429900000.0,0.186,0.0,142600000.0,24997800000.0,25104025000.0,988100000.0,10173200000.0,1320600000.0,8852600000.0,13863400000.0,2598100000.0,11265300000.0,20177469187.0,-62000000.0,391400000.0,-3800000.0,98500000.0,-616600000.0,-521900000.0,-1769200000.0,-561700000.0,2277000000.0,-47900000.0,1298700000.0,1298700000.0,1298700000.0,0.0,0.0,0.07,1381400000.0,2048500000.0,2978100000.0,0.474,2.817,15.537,15.497,5639600000.0,0.0,56.875,1.092,1.093,1313400000.0,6902400000.0,18476800000.0,18476800000.0,214000000.0,0.062,0.187,0.082,0.112,0.0,568900000.0,1.0,354768689.0,355200000,356300000.0,52.018,21026100000.0,0.0,626100000.0,911500000.0,59.195,2872300000.0
28,PCAR,MRT,2014-06-30,2014-06-30,2014-06-30,2021-09-08,63500000.0,20907400000.0,20635525000.0,5142400000.0,15765000000.0,0.865,20.161,-1686700000.0,1380300000.0,1380300000.0,14531700000.0,1236700000.0,2.197,1.92,8319700000.0,0.0,8319700000.0,8319700000.0,1042100000.0,875900000.0,0.0,0.027,1.72,1960300000.0,2836200000.0,0.159,2836200000.0,1960300000.0,1812400000.0,3.49,3.48,3.49,7159300000.0,6784500000.0,7159300000.0,29235639527.0,15.0,10.308,377200000.0,1.062,1.0,3316800000.0,0.186,0.0,147900000.0,25506300000.0,24909300000.0,969100000.0,10214600000.0,1335000000.0,8879600000.0,13748100000.0,2340500000.0,11407600000.0,22285639527.0,-61600000.0,368100000.0,26800000.0,292800000.0,-609500000.0,-289900000.0,-1866200000.0,-547600000.0,2063900000.0,30600000.0,1236700000.0,1236700000.0,1236700000.0,0.0,0.0,0.069,1377200000.0,1939600000.0,2685800000.0,0.493,3.113,18.02,18.003,5841800000.0,0.0,62.83,1.249,1.25,1232200000.0,6609200000.0,17848500000.0,17848500000.0,220100000.0,0.06,0.182,0.079,0.11,0.0,566900000.0,1.0,354697430.0,355100000,356300000.0,50.263,20907400000.0,0.0,575700000.0,932400000.0,58.877,2801900000.0
29,PCAR,MRT,2014-03-31,2014-03-31,2014-03-31,2021-09-08,14000000.0,20597600000.0,20209175000.0,4918900000.0,15678700000.0,0.87,19.339,-1746100000.0,1289900000.0,1289900000.0,14306900000.0,1209100000.0,2.04,2.001,8239900000.0,0.0,8239900000.0,8239900000.0,1047600000.0,845800000.0,0.0,0.025,1.7,1917900000.0,2763700000.0,0.157,2763700000.0,1917900000.0,1764300000.0,3.41,3.4,3.41,6863500000.0,6522575000.0,6863500000.0,30575011951.0,16.0,11.063,531300000.0,1.497,1.0,3272500000.0,0.186,0.0,153600000.0,25136200000.0,24307250000.0,958000000.0,10114000000.0,1250400000.0,8863600000.0,13734100000.0,2411400000.0,11322700000.0,23900911951.0,28500000.0,340700000.0,35000000.0,310200000.0,-602100000.0,-256900000.0,-1985100000.0,-579700000.0,2277400000.0,-6900000.0,1209100000.0,1209100000.0,1209100000.0,0.0,0.0,0.069,1377300000.0,1895200000.0,2760000000.0,0.499,3.482,19.768,19.777,5756800000.0,0.0,67.44,1.36,1.362,1186900000.0,6368100000.0,17579400000.0,17579400000.0,232000000.0,0.06,0.185,0.079,0.109,0.0,563300000.0,1.0,354402609.0,354900000,356000000.0,49.533,20597600000.0,0.0,555200000.0,928000000.0,58.038,2507500000.0
30,PCAR,MRT,2013-12-31,2013-12-31,2013-12-31,2021-09-08,8700000.0,20725500000.0,19768300000.0,5066500000.0,15659000000.0,0.866,18.73,-1872800000.0,1750100000.0,1750100000.0,13900700000.0,1171300000.0,1.931,2.124,8424200000.0,150000000.0,8274200000.0,8424200000.0,1093800000.0,810700000.0,0.0,0.029,1.7,1850900000.0,2661600000.0,0.155,2661600000.0,1850900000.0,1695000000.0,3.31,3.3,3.31,6634300000.0,6293675000.0,6634300000.0,27527616895.0,15.0,10.343,502900000.0,1.42,1.0,3223100000.0,0.188,0.0,155900000.0,24775800000.0,23767425000.0,813600000.0,10079600000.0,1267500000.0,8812100000.0,14091200000.0,2623800000.0,11467400000.0,20951616895.0,477700000.0,340100000.0,31000000.0,525900000.0,-283100000.0,273800000.0,-2151000000.0,-618300000.0,2375700000.0,-20800000.0,1171300000.0,1171300000.0,1171300000.0,0.0,0.0,0.068,1395500000.0,1827600000.0,2546700000.0,0.514,3.158,17.887,17.876,5841700000.0,0.0,59.17,1.224,1.224,1019600000.0,6165100000.0,17123800000.0,17123800000.0,251400000.0,0.059,0.186,0.078,0.108,0.0,559500000.0,1.0,354091886.0,354200000,355200000.0,48.345,20725500000.0,0.0,523700000.0,973300000.0,58.514,2442700000.0
31,PCAR,MRT,2013-09-30,2013-09-30,2013-09-30,2021-09-08,-191100000.0,20311600000.0,19243875000.0,5188900000.0,15122700000.0,0.859,18.287,-1888600000.0,1710400000.0,1710400000.0,13422400000.0,1090600000.0,1.944,2.134,8286400000.0,150000000.0,8136400000.0,8286400000.0,1070400000.0,767200000.0,0.0,0.029,1.6,1724500000.0,2491700000.0,0.151,2491700000.0,1724500000.0,1568300000.0,3.08,3.07,3.08,6480900000.0,6096825000.0,6480900000.0,26170942134.0,15.0,10.503,414100000.0,1.168,1.0,3099500000.0,0.188,0.0,156200000.0,24218900000.0,23364050000.0,893100000.0,9896000000.0,1201100000.0,8694900000.0,13830700000.0,2668700000.0,11162000000.0,19702142134.0,-40100000.0,317700000.0,32200000.0,583100000.0,-565900000.0,49400000.0,-2389900000.0,-826600000.0,2302700000.0,-2300000.0,1090600000.0,1090600000.0,1090600000.0,0.0,0.0,0.066,1400700000.0,1698800000.0,2865100000.0,0.519,3.04,18.065,18.071,5668800000.0,0.0,55.66,1.192,1.194,1093400000.0,6221500000.0,16521900000.0,16521900000.0,256900000.0,0.057,0.179,0.074,0.104,0.0,550500000.0,1.0,353973089.0,354400000,355400000.0,46.619,20311600000.0,0.0,477700000.0,937000000.0,57.313,2520200000.0
32,PCAR,MRT,2013-06-30,2013-06-30,2013-06-30,2021-09-08,-309900000.0,19202000000.0,18839100000.0,4719600000.0,14482400000.0,0.852,17.26,-1844700000.0,1441900000.0,1441900000.0,13039800000.0,1014800000.0,1.834,2.142,7910700000.0,150000000.0,7760700000.0,7910700000.0,952100000.0,737000000.0,0.0,0.03,1.6,1632600000.0,2369600000.0,0.148,2369600000.0,1632600000.0,1473700000.0,2.87,2.86,2.87,6111600000.0,5942125000.0,6111600000.0,25577823195.0,16.0,10.794,382900000.0,1.081,1.0,3002200000.0,0.187,0.0,158900000.0,23098100000.0,23460900000.0,832000000.0,9489500000.0,1181800000.0,8307700000.0,13090400000.0,2572700000.0,10517700000.0,18980623195.0,-278000000.0,314600000.0,3100000.0,505400000.0,-565200000.0,-56700000.0,-2445600000.0,-925500000.0,2227600000.0,-3300000.0,1014800000.0,1014800000.0,1014800000.0,0.0,0.0,0.063,1398800000.0,1603400000.0,2708500000.0,0.557,3.106,18.704,18.697,5397700000.0,0.0,53.66,1.183,1.184,1015000000.0,5983000000.0,16042000000.0,16042000000.0,267100000.0,0.054,0.171,0.07,0.102,0.0,552300000.0,1.0,353720149.0,354100000,355000000.0,45.304,19202000000.0,0.0,458900000.0,892300000.0,54.228,2146900000.0
33,PCAR,MRT,2013-03-31,2013-03-31,2013-03-31,2021-09-08,-239000000.0,18834100000.0,18599800000.0,4639600000.0,14194500000.0,0.871,16.802,-1893300000.0,1261400000.0,1261400000.0,13177700000.0,1020400000.0,1.89,2.167,7858600000.0,150000000.0,7708600000.0,7858600000.0,894300000.0,715000000.0,0.0,0.032,1.6,1644700000.0,2359700000.0,0.146,2359700000.0,1644700000.0,1487100000.0,2.88,2.87,2.88,5947900000.0,5842250000.0,5947900000.0,24479058360.0,15.0,10.374,-116600000.0,-0.329,1.0,3021000000.0,0.186,0.0,157600000.0,22976900000.0,23667675000.0,818200000.0,9426900000.0,1177700000.0,8249200000.0,12886200000.0,2454400000.0,10431800000.0,17871358360.0,-661700000.0,327500000.0,-129900000.0,845400000.0,-565800000.0,149700000.0,-2564400000.0,-1009900000.0,1776700000.0,-23700000.0,1020400000.0,1020400000.0,1020400000.0,0.0,0.0,0.063,1403700000.0,1617300000.0,2590500000.0,0.556,3.005,17.514,17.556,5204500000.0,0.0,50.56,1.103,1.105,1096000000.0,5762300000.0,16198700000.0,16198700000.0,279100000.0,0.055,0.175,0.069,0.102,0.0,562900000.0,1.0,353468322.0,354000000,354800000.0,45.759,18834100000.0,0.0,466700000.0,912500000.0,53.204,2185200000.0
34,PCAR,MRT,2012-12-31,2012-12-31,2012-12-31,2021-09-08,-159500000.0,18627800000.0,18430725000.0,4412100000.0,14215700000.0,0.925,16.466,-1803400000.0,1272400000.0,1272400000.0,13908300000.0,1111600000.0,2.128,2.186,7880100000.0,0.0,7880100000.0,7880100000.0,903500000.0,700900000.0,0.0,0.035,1.58,1787300000.0,2488200000.0,0.146,2488200000.0,1787300000.0,1628900000.0,3.13,3.12,3.13,5846900000.0,5785050000.0,5846900000.0,21874326627.0,12.0,8.791,-284400000.0,-0.801,1.0,3142200000.0,0.184,0.0,158400000.0,23162300000.0,23753000000.0,782400000.0,9491000000.0,1192700000.0,8298300000.0,12780900000.0,2073200000.0,10707700000.0,15960526627.0,-834300000.0,330200000.0,-148200000.0,1167200000.0,-809500000.0,209500000.0,-2588000000.0,-1117500000.0,1519000000.0,25200000.0,1111600000.0,1111600000.0,1111600000.0,0.0,0.0,0.065,1388300000.0,1753900000.0,2382700000.0,0.505,2.73,14.358,14.444,5201600000.0,0.0,45.21,0.936,0.942,902100000.0,5596400000.0,17050500000.0,17050500000.0,279300000.0,0.06,0.192,0.075,0.105,0.0,571600000.0,1.0,353030892.0,355100000,355800000.0,48.016,18627800000.0,0.0,517300000.0,940000000.0,52.458,2338900000.0
35,PCAR,MRT,2012-09-30,2012-09-30,2012-09-30,2021-09-08,-160600000.0,18692500000.0,18066950000.0,4893300000.0,13799200000.0,0.991,16.574,-1716300000.0,1750500000.0,1750500000.0,14655300000.0,1185800000.0,,2.189,7664300000.0,7664300000.0,,7664300000.0,850200000.0,690500000.0,0.0,0.036,1.46,1905900000.0,2596400000.0,0.145,2596400000.0,1905900000.0,1743400000.0,3.32,3.31,3.32,5862100000.0,5664425000.0,5862100000.0,19827677304.0,10.0,7.637,-358400000.0,-1.013,1.0,3252000000.0,0.182,0.0,162500000.0,24606300000.0,22735850000.0,915600000.0,9088900000.0,955900000.0,8133000000.0,12830400000.0,,,14147277304.0,-129100000.0,342600000.0,-235600000.0,1569600000.0,-520200000.0,813800000.0,-2295900000.0,-936900000.0,1357900000.0,-4900000.0,1185800000.0,1185800000.0,1185800000.0,0.0,0.0,0.066,1376900000.0,1875100000.0,2798700000.0,0.44,2.413,11.931,12.054,4922500000.0,0.0,40.02,0.79,0.79,1003600000.0,5755800000.0,17907300000.0,17907300000.0,285200000.0,0.066,0.209,0.084,0.106,0.0,576500000.0,1.0,353505180.0,353700000,354300000.0,50.628,18692500000.0,0.0,557600000.0,915400000.0,52.848,
36,PCAR,MRT,2012-06-30,2012-06-30,2012-06-30,2021-09-08,-235900000.0,18244800000.0,17482400000.0,4951700000.0,13293100000.0,1.049,16.045,-1648500000.0,1719900000.0,1719900000.0,15030800000.0,1233800000.0,,2.194,7400300000.0,7400300000.0,,7400300000.0,802100000.0,688600000.0,0.0,0.037,1.44,1959200000.0,2647800000.0,0.144,2647800000.0,1959200000.0,1792700000.0,3.44,3.42,3.44,5712100000.0,5597375000.0,5712100000.0,19138973288.0,10.0,7.228,-403900000.0,-1.135,1.0,3313400000.0,0.181,0.0,166500000.0,23925200000.0,21734800000.0,883200000.0,8846300000.0,928500000.0,7917800000.0,12532700000.0,,,13978573288.0,-152700000.0,339400000.0,-464900000.0,1827900000.0,-515400000.0,847600000.0,-2097500000.0,-789300000.0,1244600000.0,-147400000.0,1233800000.0,1233800000.0,1233800000.0,0.0,0.0,0.067,1384500000.0,1928900000.0,2942900000.0,0.419,2.447,11.33,11.392,4696000000.0,0.0,39.19,0.762,0.761,1120900000.0,5663500000.0,18344200000.0,18344200000.0,288400000.0,0.071,0.22,0.09,0.107,0.0,577100000.0,1.0,356687249.0,356000000,356800000.0,51.529,18244800000.0,0.0,558900000.0,887400000.0,51.249,
37,PCAR,MRT,2012-03-31,2012-03-31,2012-03-31,2021-09-08,-123900000.0,18157800000.0,16996450000.0,5144900000.0,13012900000.0,1.05,16.02,-1589800000.0,1923100000.0,1923100000.0,14629400000.0,1176300000.0,,2.175,7083500000.0,7083500000.0,,7083500000.0,767400000.0,682000000.0,0.0,0.029,1.36,1874100000.0,2556100000.0,0.143,2556100000.0,1874100000.0,1699600000.0,3.27,3.24,3.27,5719100000.0,5647850000.0,5719100000.0,21261281661.0,11.0,8.318,-330200000.0,-0.925,1.0,3218300000.0,0.18,0.0,174500000.0,23318200000.0,20831350000.0,818800000.0,8682400000.0,947800000.0,7734600000.0,12438700000.0,,,16712581661.0,233400000.0,338700000.0,-339000000.0,1805900000.0,-488000000.0,978900000.0,-1933400000.0,-676400000.0,1259600000.0,-71700000.0,1176300000.0,1176300000.0,1176300000.0,0.0,0.0,0.066,1378700000.0,1839600000.0,3224900000.0,0.416,2.922,14.208,14.321,4530600000.0,0.0,46.83,0.936,0.937,1195900000.0,5437600000.0,17847700000.0,17847700000.0,292100000.0,0.069,0.208,0.09,0.105,0.0,563700000.0,1.0,356877678.0,357000000,357800000.0,49.994,18157800000.0,0.0,523300000.0,869900000.0,50.862,
38,PCAR,MRT,2011-12-31,2011-12-31,2011-12-31,2021-09-08,-219000000.0,17172700000.0,16240425000.0,4838000000.0,12334700000.0,1.007,14.766,-1647300000.0,2106700000.0,2106700000.0,13341800000.0,1042300000.0,1.841,2.201,6655400000.0,0.0,6655400000.0,6655400000.0,712000000.0,673800000.0,0.0,0.035,1.3,1688200000.0,2362000000.0,0.144,2362000000.0,1688200000.0,1506900000.0,2.87,2.86,2.87,5364400000.0,5630300000.0,5364400000.0,17670199721.0,10.0,7.481,-54700000.0,-0.151,1.0,3013400000.0,0.184,0.0,181300000.0,19093700000.0,19715800000.0,710400000.0,8169800000.0,910100000.0,7259700000.0,11808300000.0,2627700000.0,9180600000.0,13422399721.0,65900000.0,339000000.0,-326700000.0,1490200000.0,-217400000.0,946100000.0,-2419000000.0,-1100800000.0,1592600000.0,-53800000.0,1042300000.0,1042300000.0,1042300000.0,0.0,0.0,0.064,1352700000.0,1660700000.0,2740800000.0,0.453,2.502,12.878,13.056,4363100000.0,0.0,37.47,0.821,0.832,977800000.0,5174500000.0,16355200000.0,16355200000.0,288200000.0,0.064,0.185,0.086,0.103,0.0,546900000.0,1.0,358217233.0,363300000,364400000.0,45.018,17172700000.0,0.0,464600000.0,942800000.0,47.269,2210300000.0
39,PCAR,MRT,2011-09-30,2011-09-30,2011-09-30,2021-09-08,-31000000.0,16354300000.0,15505775000.0,4729300000.0,11625000000.0,0.939,15.397,-1517900000.0,1879600000.0,1879600000.0,11804300000.0,884400000.0,,1.924,6127400000.0,6127400000.0,,6127400000.0,687900000.0,660500000.0,0.0,0.025,0.84,1459900000.0,2120400000.0,0.146,2120400000.0,1459900000.0,1273100000.0,2.43,2.41,2.43,5593900000.0,5628650000.0,5593900000.0,16372158290.0,11.0,7.721,22000000.0,0.061,1.0,2752700000.0,0.189,0.0,186800000.0,20602100000.0,19309700000.0,725100000.0,7568500000.0,915700000.0,6652800000.0,10760400000.0,,,12361758290.0,-177600000.0,363700000.0,-233600000.0,953300000.0,-306500000.0,413200000.0,-2095600000.0,-906100000.0,1539900000.0,-35100000.0,884400000.0,884400000.0,884400000.0,0.0,0.0,0.061,1321200000.0,1431500000.0,2857400000.0,0.346,2.21,13.978,13.918,4276500000.0,0.0,33.82,0.849,0.844,1015200000.0,5407600000.0,14557000000.0,14557000000.0,281300000.0,0.057,0.157,0.076,0.1,0.0,533300000.0,1.0,365516212.0,363300000,364200000.0,40.069,16354300000.0,0.0,388700000.0,762800000.0,45.016,
40,PCAR,MRT,2011-06-30,2011-06-30,2011-06-30,2021-09-08,239400000.0,16301000000.0,14913075000.0,4834000000.0,11467000000.0,0.861,16.163,-1344000000.0,1872600000.0,1872600000.0,10339500000.0,722700000.0,,1.756,5883000000.0,5883000000.0,,5883000000.0,716100000.0,637800000.0,0.0,0.015,0.75,1249200000.0,1887000000.0,0.147,1887000000.0,1249200000.0,1055200000.0,1.98,1.97,1.98,5914000000.0,5559175000.0,5914000000.0,22394109626.0,18.0,11.868,199900000.0,0.546,1.0,2502900000.0,0.195,0.0,194000000.0,20311400000.0,18451225000.0,742700000.0,7579600000.0,1053000000.0,6526600000.0,10387000000.0,,,18671809626.0,-25500000.0,364500000.0,18800000.0,331700000.0,-273900000.0,76600000.0,-1856000000.0,-856100000.0,1543900000.0,210000000.0,722700000.0,722700000.0,722700000.0,0.0,0.0,0.056,1279600000.0,1223300000.0,2744700000.0,0.379,3.157,25.836,25.803,4240300000.0,0.0,51.09,1.454,1.456,971400000.0,5191500000.0,12842400000.0,12842400000.0,271200000.0,0.048,0.13,0.068,0.097,0.0,512400000.0,1.0,365468969.0,365900000,367200000.0,35.098,16301000000.0,0.0,332500000.0,703900000.0,44.55,
41,PCAR,MRT,2011-03-31,2011-03-31,2011-03-31,2021-09-08,173500000.0,15133700000.0,14193400000.0,4308000000.0,10825700000.0,0.799,15.443,-1052200000.0,1689700000.0,1689700000.0,9063300000.0,582600000.0,,1.679,5412000000.0,5412000000.0,,5412000000.0,645200000.0,620200000.0,0.0,0.014,0.72,1053000000.0,1673200000.0,0.147,1673200000.0,1053000000.0,850600000.0,1.59,1.59,1.59,5648900000.0,5329275000.0,5648900000.0,22363955193.0,21.0,13.366,673100000.0,1.84,1.0,2282500000.0,0.201,0.0,202400000.0,18856000000.0,17553775000.0,590300000.0,7244700000.0,1001700000.0,6243000000.0,9484800000.0,,,19128755193.0,-165000000.0,398100000.0,20000000.0,-377300000.0,-262700000.0,-620000000.0,-1358300000.0,-683000000.0,1725300000.0,88000000.0,582600000.0,582600000.0,582600000.0,0.0,0.0,0.051,1245000000.0,1037500000.0,2360900000.0,0.453,3.386,32.833,32.931,3896200000.0,0.0,52.36,1.686,1.688,865400000.0,4995600000.0,11345800000.0,11345800000.0,252100000.0,0.041,0.109,0.06,0.093,0.0,499000000.0,1.0,365331459.0,365800000,367200000.0,31.016,15133700000.0,0.0,268000000.0,686400000.0,41.372,
42,PCAR,MRT,2010-12-31,2010-12-31,2010-12-31,2021-09-08,41300000.0,14234100000.0,13907475000.0,3795500000.0,10438600000.0,0.74,14.679,-883800000.0,2040800000.0,2040800000.0,8198800000.0,457600000.0,,1.657,5276000000.0,5276000000.0,,5276000000.0,563800000.0,623200000.0,0.0,0.012,0.69,873300000.0,1496500000.0,0.145,1496500000.0,873300000.0,660300000.0,1.25,1.25,1.25,5357800000.0,5190200000.0,5357800000.0,24096642840.0,28.0,16.102,667600000.0,1.829,1.0,2094100000.0,0.203,0.0,213000000.0,17469300000.0,17295350000.0,534000000.0,6521400000.0,450500000.0,6070900000.0,8876300000.0,,,20911942840.0,128800000.0,392100000.0,22000000.0,-730700000.0,-251700000.0,-960400000.0,-467100000.0,24600000.0,1551400000.0,4900000.0,457600000.0,457600000.0,457600000.0,0.0,0.0,0.044,1232600000.0,861500000.0,1952400000.0,0.552,3.903,45.699,45.872,3693000000.0,0.0,57.34,2.032,2.033,610400000.0,4846100000.0,10292900000.0,10292900000.0,238500000.0,0.033,0.088,0.05,0.085,0.0,481500000.0,1.0,364700782.0,365000000,366200000.0,28.2,14234100000.0,0.0,202700000.0,713800000.0,38.998,
43,PCAR,MRT,2010-09-30,2010-09-30,2010-09-30,2021-09-08,38400000.0,13983500000.0,13991200000.0,3741700000.0,10241800000.0,0.677,14.568,-952700000.0,2057200000.0,2057200000.0,7524900000.0,333900000.0,,1.63,5241900000.0,22800000.0,5219100000.0,5241900000.0,542300000.0,632900000.0,0.0,0.007,0.36,739300000.0,1372200000.0,0.145,1372200000.0,739300000.0,515100000.0,0.92,0.92,0.92,5316000000.0,5126675000.0,5316000000.0,20851524804.0,28.0,15.196,719400000.0,1.971,1.0,1952800000.0,0.206,0.0,224200000.0,17168200000.0,17610475000.0,512800000.0,6262600000.0,354900000.0,5907700000.0,8667500000.0,,,17552224804.0,258000000.0,563700000.0,16100000.0,-1058800000.0,-131000000.0,-1173700000.0,-240800000.0,140100000.0,1672100000.0,400000.0,333900000.0,333900000.0,333900000.0,0.0,0.0,0.035,1218400000.0,734400000.0,1862200000.0,0.391,3.302,52.567,52.337,3654500000.0,0.0,48.15,1.852,1.854,642100000.0,4829900000.0,9477700000.0,9477700000.0,223800000.0,0.024,0.065,0.042,0.078,0.0,467800000.0,1.0,364532187.0,364900000,366100000.0,25.973,13983500000.0,0.0,181200000.0,660500000.0,38.321,
44,PCAR,MRT,2010-06-30,2010-06-30,2010-06-30,2021-09-08,-190900000.0,13422300000.0,14194675000.0,3466700000.0,9955600000.0,0.63,13.687,-1017300000.0,1898100000.0,1898100000.0,7152200000.0,227000000.0,,1.687,5197400000.0,,5197400000.0,5197400000.0,500800000.0,654300000.0,0.0,0.009,0.36,594200000.0,1248500000.0,0.14,1248500000.0,594200000.0,355100000.0,0.63,0.63,0.63,4994400000.0,5055900000.0,4994400000.0,18380795620.0,31.0,14.722,745500000.0,2.043,1.0,1794000000.0,0.201,0.0,239100000.0,16721600000.0,18160550000.0,481400000.0,6070500000.0,294900000.0,5775600000.0,8427900000.0,,,14548495620.0,28400000.0,508800000.0,19500000.0,-1365300000.0,-130900000.0,-1476700000.0,-192200000.0,326400000.0,1762800000.0,-65500000.0,227000000.0,227000000.0,227000000.0,0.0,0.0,0.025,1199400000.0,594600000.0,1745700000.0,0.571,2.913,64.09,63.286,3486500000.0,0.0,39.87,1.626,1.626,640500000.0,4742800000.0,8946200000.0,8946200000.0,207300000.0,0.016,0.045,0.033,0.066,0.0,460100000.0,1.0,364898310.0,364900000,366000000.0,24.517,13422300000.0,0.0,128100000.0,643500000.0,36.784,
45,PCAR,MRT,2010-03-31,2010-03-31,2010-03-31,2021-09-08,-18100000.0,13990000000.0,14569725000.0,3396400000.0,10593600000.0,0.572,13.968,-1047200000.0,1854700000.0,1854700000.0,6690100000.0,153900000.0,,1.747,5687000000.0,,5687000000.0,5687000000.0,518500000.0,662300000.0,0.0,0.01,0.45,492000000.0,1154300000.0,0.139,1154300000.0,492000000.0,234400000.0,0.43,0.43,0.43,5092600000.0,5036300000.0,5092600000.0,19945013207.0,41.0,17.279,520700000.0,1.428,1.0,1640900000.0,0.197,0.0,257600000.0,17822300000.0,18913800000.0,545500000.0,6442100000.0,246700000.0,6195400000.0,8897400000.0,,,15784213207.0,-70200000.0,508500000.0,14200000.0,-1607200000.0,-163600000.0,-1756600000.0,-1000000.0,534000000.0,1567900000.0,119500000.0,153900000.0,153900000.0,153900000.0,0.0,0.0,0.018,1135200000.0,505700000.0,1639500000.0,1.047,3.099,102.561,100.791,3662100000.0,0.0,43.34,1.895,1.897,576400000.0,4676000000.0,8331000000.0,8331000000.0,201700000.0,0.011,0.031,0.026,0.059,0.0,440800000.0,1.0,364195044.0,364600000,365700000.0,22.85,13990000000.0,0.0,80500000.0,694700000.0,38.371,
46,PCAR,MRT,2009-12-31,2009-12-31,2009-12-31,2021-09-08,36200000.0,14569000000.0,14839250000.0,3467100000.0,11101900000.0,0.545,14.029,-971000000.0,1912000000.0,1912000000.0,6483400000.0,111900000.0,,1.855,6072800000.0,6072800000.0,6072800000.0,6072800000.0,547200000.0,651700000.0,0.0,0.015,0.54,466800000.0,1118500000.0,0.138,1118500000.0,466800000.0,175000000.0,0.31,0.31,0.31,5103700000.0,4945975000.0,5103700000.0,17755556596.0,38.0,15.874,402300000.0,1.106,1.0,1603100000.0,0.198,0.0,291800000.0,18729800000.0,19501275000.0,632100000.0,6717200000.0,219500000.0,6497700000.0,9465300000.0,,,13184456596.0,-43200000.0,520100000.0,17600000.0,-1601700000.0,-232100000.0,-1816200000.0,310600000.0,761500000.0,1373300000.0,89100000.0,111900000.0,111900000.0,111900000.0,0.0,0.0,0.014,1115000000.0,488100000.0,1705200000.0,1.742,2.583,117.824,117.0,3774700000.0,0.0,36.27,1.63,1.632,554700000.0,4640500000.0,8086500000.0,8086500000.0,199200000.0,0.008,0.023,0.024,0.058,0.0,434900000.0,1.0,363508591.0,363800000,364900000.0,22.228,14569000000.0,0.0,63100000.0,734800000.0,40.047,
47,PCAR,MRT,2009-09-30,2009-09-30,2009-09-30,2021-09-08,-7900000.0,14797400000.0,15259450000.0,3525100000.0,11272300000.0,0.574,13.834,-1020700000.0,1799200000.0,1799200000.0,7042300000.0,178900000.0,,1.94,6370300000.0,6370300000.0,,6370300000.0,526200000.0,658100000.0,0.0,0.019,0.73,569500000.0,1227600000.0,0.14,1227600000.0,569500000.0,247100000.0,0.49,0.49,0.49,5032900000.0,4881725000.0,5032900000.0,18512849535.0,33.0,15.081,188700000.0,0.519,1.0,1720500000.0,0.196,0.0,322400000.0,19368500000.0,20263675000.0,629000000.0,7051600000.0,240300000.0,6811300000.0,9764500000.0,,,13700749535.0,403500000.0,450900000.0,11500000.0,-1280400000.0,-264700000.0,-1533600000.0,689700000.0,1261800000.0,1209400000.0,38000000.0,178900000.0,178900000.0,178900000.0,0.0,0.0,0.02,1145200000.0,575300000.0,1764400000.0,1.49,2.722,76.583,76.959,3674100000.0,0.0,37.71,1.564,1.566,655400000.0,4627200000.0,8762800000.0,8762800000.0,228600000.0,0.012,0.037,0.028,0.065,0.0,440200000.0,1.0,363318736.0,363800000,365000000.0,24.087,14797400000.0,256500000.0,68200000.0,1103600000.0,40.675,
48,PCAR,MRT,2009-06-30,2009-06-30,2009-06-30,2021-09-08,-136400000.0,14922500000.0,15868050000.0,3578700000.0,11343800000.0,0.678,13.528,-1196500000.0,1869700000.0,1869700000.0,8509300000.0,464900000.0,,2.035,6681800000.0,6681800000.0,,6681800000.0,520800000.0,651900000.0,0.0,0.025,0.82,1016700000.0,1668600000.0,0.155,1668600000.0,1016700000.0,658900000.0,1.27,1.27,1.27,4916000000.0,4958325000.0,4916000000.0,16882047669.0,17.0,10.117,-235200000.0,-0.647,1.0,2247400000.0,0.209,0.0,357800000.0,19734600000.0,21282225000.0,644600000.0,7160700000.0,165100000.0,6995600000.0,10006500000.0,,,11777947669.0,181700000.0,522900000.0,-30000000.0,-890600000.0,-297300000.0,-1217900000.0,573700000.0,1216500000.0,961300000.0,-135400000.0,464900000.0,464900000.0,464900000.0,0.0,0.0,0.043,1247600000.0,999800000.0,1700500000.0,0.646,2.396,25.334,25.535,3588600000.0,0.0,32.43,1.095,1.096,671500000.0,4646800000.0,10756700000.0,10756700000.0,273300000.0,0.029,0.094,0.048,0.095,0.0,478900000.0,1.0,363180625.0,363400000,364400000.0,29.6,14922500000.0,301700000.0,194000000.0,1103400000.0,41.064,
49,PCAR,MRT,2009-03-31,2009-03-31,2009-03-31,2021-09-08,-356000000.0,15068100000.0,16640050000.0,3536100000.0,11532000000.0,0.782,13.03,-1364500000.0,1924900000.0,1924900000.0,10218700000.0,751900000.0,,2.185,7029000000.0,7029000000.0,,7029000000.0,446600000.0,657000000.0,0.0,0.032,0.82,1466700000.0,2123700000.0,0.163,2123700000.0,1466700000.0,1077000000.0,2.06,2.06,2.06,4731300000.0,5083475000.0,4731300000.0,14874466946.0,10.0,7.004,-335800000.0,-0.925,1.0,2801600000.0,0.215,0.0,389700000.0,20172200000.0,22444950000.0,602700000.0,7411600000.0,177300000.0,7234300000.0,10336800000.0,,,9344866946.0,185300000.0,436700000.0,-114800000.0,-269000000.0,-297500000.0,-681300000.0,53200000.0,975200000.0,1028700000.0,-215300000.0,751900000.0,751900000.0,751900000.0,0.0,0.0,0.058,1390400000.0,1411200000.0,1685200000.0,0.398,1.975,12.428,12.505,3516100000.0,0.0,25.76,0.718,0.718,650700000.0,4685900000.0,13020300000.0,13020300000.0,311200000.0,0.045,0.148,0.065,0.113,0.0,535900000.0,1.0,362766574.0,363100000,364000000.0,35.859,15068100000.0,255600000.0,325100000.0,1176000000.0,41.498,
50,PCAR,MRT,2008-12-31,2008-12-31,2008-12-31,2021-09-08,-269800000.0,16249800000.0,17267725000.0,3643100000.0,12606700000.0,0.867,13.308,-1550000000.0,1955200000.0,1955200000.0,11736900000.0,1017900000.0,,2.353,7484800000.0,7484800000.0,,7484800000.0,470800000.0,653100000.0,0.0,0.029,0.82,1858100000.0,2511200000.0,0.168,2511200000.0,1858100000.0,1464000000.0,2.79,2.78,2.79,4846700000.0,5200925000.0,4846700000.0,16583557724.0,9.0,6.604,-245100000.0,-0.673,1.0,3235600000.0,0.216,0.0,394100000.0,21779400000.0,23357175000.0,658100000.0,8211800000.0,175400000.0,8036400000.0,11403100000.0,,,10372657724.0,97100000.0,393600000.0,-219100000.0,-19800000.0,-629200000.0,-868100000.0,-251900000.0,891700000.0,1304900000.0,-87800000.0,1017900000.0,1017900000.0,1017900000.0,0.0,0.0,0.068,1463900000.0,1771700000.0,2041500000.0,0.294,2.14,10.19,10.251,3742900000.0,0.0,28.6,0.693,0.696,698700000.0,4724700000.0,14972500000.0,14972500000.0,341800000.0,0.059,0.196,0.08,0.124,0.0,581400000.0,1.0,362680340.0,364200000,365900000.0,41.111,16249800000.0,0.0,446100000.0,733100000.0,44.618,
51,PCAR,MRT,2008-09-30,2008-09-30,2008-09-30,2021-09-08,237300000.0,17231800000.0,17532825000.0,3854600000.0,13377200000.0,0.902,14.709,-1634500000.0,1395700000.0,1395700000.0,12333900000.0,1165900000.0,,2.227,7606600000.0,7606600000.0,,7606600000.0,534500000.0,630700000.0,0.0,0.045,1.72,1923300000.0,2554000000.0,0.161,2554000000.0,1923300000.0,1669600000.0,3.19,3.18,3.19,5339300000.0,5242525000.0,5339300000.0,20251196228.0,11.0,7.929,-78800000.0,-0.217,1.0,3481200000.0,0.22,0.0,253700000.0,23442700000.0,23744300000.0,938100000.0,9403100000.0,551100000.0,8852000000.0,11892500000.0,,,13876196228.0,-202900000.0,253900000.0,-280300000.0,63100000.0,-630200000.0,-847400000.0,-880500000.0,503400000.0,1555700000.0,-30700000.0,1165900000.0,1165900000.0,1165900000.0,0.0,0.0,0.074,1651700000.0,1829500000.0,2715800000.0,0.539,2.599,11.902,11.972,3767000000.0,0.0,38.19,0.877,0.877,791100000.0,4713300000.0,15815100000.0,15815100000.0,353800000.0,0.066,0.222,0.081,0.122,0.0,617300000.0,1.0,363346327.0,363000000,364800000.0,43.568,17231800000.0,227900000.0,503700000.0,1035600000.0,47.471,
52,PCAR,MRT,2008-06-30,2008-06-30,2008-06-30,2021-09-08,522400000.0,18010500000.0,17478575000.0,4164800000.0,13845700000.0,0.891,14.86,-1510100000.0,1688000000.0,1688000000.0,12151000000.0,1169200000.0,,2.325,8063000000.0,8063000000.0,,8063000000.0,597500000.0,594600000.0,0.0,0.041,1.707,2019100000.0,2613700000.0,0.168,2613700000.0,2019100000.0,1666100000.0,3.19,3.17,3.19,5416600000.0,5206650000.0,5416600000.0,21516550100.0,11.0,8.232,316300000.0,0.868,1.0,3420900000.0,0.22,0.0,353000000.0,24385500000.0,23668575000.0,892100000.0,9747800000.0,587000000.0,9160800000.0,12593900000.0,,,15274250100.0,273800000.0,218400000.0,-493200000.0,158100000.0,-626400000.0,-961500000.0,-730500000.0,617200000.0,1826400000.0,139400000.0,1169200000.0,1169200000.0,1169200000.0,0.0,0.0,0.075,1497900000.0,1923000000.0,2879100000.0,0.535,2.82,13.064,13.113,3802300000.0,0.0,41.83,0.981,0.979,827700000.0,4734600000.0,15571900000.0,15571900000.0,333500000.0,0.067,0.225,0.085,0.13,0.0,621700000.0,1.0,365150612.0,364500000,366500000.0,42.721,18010500000.0,240900000.0,496900000.0,1054300000.0,49.412,
53,PCAR,MRT,2008-03-31,2008-03-31,2008-03-31,2021-09-08,470600000.0,17578800000.0,17091975000.0,4004400000.0,13574400000.0,0.888,14.191,-1388300000.0,1739600000.0,1739600000.0,11861300000.0,1154000000.0,,2.38,7981900000.0,7981900000.0,,7981900000.0,595800000.0,559300000.0,0.0,0.038,1.693,2078800000.0,2638100000.0,0.174,2638100000.0,2078800000.0,1650200000.0,3.13,3.1,3.13,5201100000.0,5125725000.0,5201100000.0,22518044490.0,11.0,8.536,621300000.0,1.695,1.0,3314300000.0,0.218,0.0,428600000.0,23821100000.0,23215025000.0,705400000.0,9723800000.0,646000000.0,9077800000.0,12377700000.0,,,16500344490.0,364400000.0,224400000.0,-399100000.0,18900000.0,-623000000.0,-1003200000.0,-785300000.0,432900000.0,2009600000.0,143300000.0,1154000000.0,1154000000.0,1154000000.0,0.0,0.0,0.076,1328700000.0,1985600000.0,2721800000.0,0.541,3.172,14.298,14.377,3669900000.0,0.0,45.0,1.087,1.087,750400000.0,4486800000.0,15175600000.0,15175600000.0,301000000.0,0.068,0.225,0.09,0.137,0.0,612900000.0,1.0,366674322.0,366500000,368300000.0,41.407,17578800000.0,235900000.0,496200000.0,1078200000.0,47.964,
54,PCAR,MRT,2007-12-31,2007-12-31,2007-12-31,2021-09-08,408100000.0,17310200000.0,16724700000.0,4000900000.0,13309300000.0,0.91,13.509,-1267400000.0,1858100000.0,1858100000.0,11917300000.0,1227300000.0,,2.453,7875800000.0,7875800000.0,,7875800000.0,539400000.0,526400000.0,0.0,0.03,1.647,2155500000.0,2681900000.0,0.176,2681900000.0,2155500000.0,1764300000.0,3.31,3.29,3.31,5013100000.0,5014700000.0,5013100000.0,26191447496.0,12.0,9.766,788000000.0,2.123,1.0,3304400000.0,0.217,0.0,391200000.0,23327900000.0,22806025000.0,628300000.0,9803900000.0,778500000.0,9025400000.0,12297100000.0,,,20066447496.0,5600000.0,240100000.0,-329700000.0,227900000.0,-736700000.0,-838500000.0,-1296800000.0,-203000000.0,2055400000.0,85500000.0,1227300000.0,1227300000.0,1227300000.0,0.0,0.0,0.081,1262900000.0,2041500000.0,2476800000.0,0.498,4.003,16.35,16.459,3450500000.0,0.0,54.48,1.318,1.328,652000000.0,4260600000.0,15221700000.0,15221700000.0,255500000.0,0.073,0.245,0.095,0.142,0.0,602300000.0,1.0,368326863.0,371100000,373300000.0,41.018,17310200000.0,205600000.0,537000000.0,1038000000.0,46.646,
55,PCAR,MRT,2007-09-30,2007-09-30,2007-09-30,2021-09-08,360500000.0,17014800000.0,16424000000.0,3956900000.0,13057900000.0,0.955,14.028,-1112600000.0,1598600000.0,1598600000.0,12197300000.0,1346700000.0,,2.275,7723600000.0,7723600000.0,,7723600000.0,528800000.0,491100000.0,0.0,0.034,1.933,2655000000.0,3146100000.0,0.2,3146100000.0,2655000000.0,1948900000.0,3.62,3.59,3.62,5195800000.0,4875475000.0,5195800000.0,27299141325.0,10.0,8.677,898200000.0,2.425,1.0,3494100000.0,0.223,0.0,706100000.0,23139800000.0,22357775000.0,659900000.0,9975400000.0,823900000.0,9151500000.0,11819000000.0,,,21191941325.0,-10300000.0,205800000.0,-263900000.0,409500000.0,-720100000.0,-574500000.0,-1568100000.0,-618300000.0,2010800000.0,121500000.0,1346700000.0,1346700000.0,1346700000.0,0.0,0.0,0.086,957500000.0,2536600000.0,2617000000.0,0.534,4.079,15.736,15.7,3190900000.0,0.0,56.833,1.351,1.342,746800000.0,4433500000.0,15691400000.0,15691400000.0,326500000.0,0.082,0.276,0.119,0.169,0.0,593400000.0,1.0,372878733.0,370400000,372600000.0,42.363,17014800000.0,212900000.0,602200000.0,949600000.0,45.936,
56,PCAR,MRT,2007-06-30,2007-06-30,2007-06-30,2021-09-08,252600000.0,16464100000.0,16034775000.0,3987100000.0,12477000000.0,1.006,13.65,-1022100000.0,1414200000.0,1414200000.0,12631600000.0,1448000000.0,,2.233,7521400000.0,7521400000.0,,7521400000.0,491900000.0,473600000.0,0.0,0.033,1.9,2747800000.0,3221400000.0,0.2,3221400000.0,2747800000.0,2094200000.0,3.88,3.85,3.88,5092900000.0,4754975000.0,5092900000.0,27696923016.0,10.0,8.598,877700000.0,2.352,1.0,3503500000.0,0.217,0.0,653600000.0,22571300000.0,21769150000.0,566400000.0,9950600000.0,1066000000.0,8884600000.0,11371200000.0,,,21621523016.0,55500000.0,183500000.0,-71800000.0,720400000.0,-708500000.0,-59900000.0,-1851400000.0,-998800000.0,1899800000.0,67000000.0,1448000000.0,1448000000.0,1448000000.0,0.0,0.0,0.09,870900000.0,2632600000.0,2422800000.0,0.49,4.245,14.932,14.955,2923700000.0,0.0,58.027,1.34,1.342,784700000.0,4577900000.0,16135100000.0,16135100000.0,258700000.0,0.09,0.305,0.126,0.17,0.0,577700000.0,1.0,372613563.0,373100000,375300000.0,43.246,16464100000.0,200300000.0,646200000.0,935100000.0,44.128,
57,PCAR,MRT,2007-03-31,2007-03-31,2007-03-31,2021-09-08,163800000.0,16109700000.0,15604225000.0,4008800000.0,12100900000.0,1.063,12.753,-970400000.0,1375200000.0,1375200000.0,13073000000.0,1519600000.0,,2.387,7450600000.0,7450600000.0,,7450600000.0,484800000.0,452400000.0,0.0,0.038,1.867,2824300000.0,3276700000.0,0.198,3276700000.0,2824300000.0,2212300000.0,4.067,4.04,4.067,4757000000.0,4587025000.0,4757000000.0,23649989300.0,8.0,7.218,815700000.0,2.187,1.0,3513900000.0,0.212,0.0,612000000.0,22185100000.0,21123500000.0,650900000.0,9713200000.0,1018700000.0,8694500000.0,11352700000.0,,,18222489300.0,-15000000.0,187400000.0,-130700000.0,822100000.0,-696300000.0,-4900000.0,-1873900000.0,-1091600000.0,1786100000.0,77700000.0,1519600000.0,1519600000.0,1519600000.0,0.0,0.0,0.092,800400000.0,2713500000.0,2490100000.0,0.459,3.831,11.992,12.032,2813000000.0,0.0,48.933,1.099,1.1,811100000.0,4341900000.0,16586900000.0,16586900000.0,200500000.0,0.097,0.331,0.134,0.17,0.0,565000000.0,1.0,372394196.0,373000000,375100000.0,44.469,16109700000.0,200900000.0,692700000.0,927200000.0,43.19,
58,PCAR,MRT,2006-12-31,2006-12-31,2006-12-31,2021-09-08,156200000.0,16107400000.0,15112400000.0,4199500000.0,11907900000.0,1.089,11.88,-954300000.0,1852500000.0,1852500000.0,13036600000.0,1496000000.0,,2.615,7280000000.0,7280000000.0,,7280000000.0,477500000.0,434600000.0,0.0,0.043,1.844,2749000000.0,3183600000.0,0.193,3183600000.0,2749000000.0,2175300000.0,3.99,3.97,3.99,4456200000.0,4416700000.0,4456200000.0,21442920320.0,8.0,6.735,898400000.0,2.395,1.0,3417500000.0,0.208,0.0,573700000.0,21534900000.0,20377850000.0,693700000.0,9364400000.0,821700000.0,8542700000.0,11651200000.0,,,16115520320.0,153600000.0,162200000.0,-274300000.0,847200000.0,-530400000.0,42500000.0,-1826100000.0,-1035000000.0,1852700000.0,84500000.0,1496000000.0,1496000000.0,1496000000.0,0.0,0.0,0.091,750100000.0,2667400000.0,2483700000.0,0.462,3.616,10.772,10.844,2798500000.0,0.0,43.267,0.979,0.986,665000000.0,4026100000.0,16454100000.0,16454100000.0,163100000.0,0.099,0.339,0.135,0.167,0.0,553200000.0,1.0,372469653.0,375100000,377200000.0,43.866,16107400000.0,212800000.0,679300000.0,913000000.0,42.942,
59,PCAR,MRT,2006-09-30,2006-09-30,2006-09-30,2021-09-08,254900000.0,15457900000.0,14514400000.0,4095000000.0,11362900000.0,1.093,12.607,-868900000.0,1608900000.0,1608900000.0,12631800000.0,1428400000.0,,2.279,6936300000.0,6936300000.0,,6936300000.0,452300000.0,417900000.0,0.0,0.036,1.378,2607400000.0,3025300000.0,0.191,3025300000.0,2607400000.0,2069100000.0,3.79,3.77,3.79,4713800000.0,4277925000.0,4713800000.0,19462564424.0,7.0,6.433,740600000.0,1.981,1.0,3228300000.0,0.204,0.0,538300000.0,20785300000.0,19561975000.0,563800000.0,8878200000.0,825600000.0,8052600000.0,10744100000.0,,,14215764424.0,449100000.0,150400000.0,-300600000.0,1240100000.0,-523000000.0,416500000.0,-1611000000.0,-884600000.0,1609500000.0,34100000.0,1428400000.0,1428400000.0,1428400000.0,0.0,0.0,0.09,690300000.0,2538000000.0,2488600000.0,0.364,3.016,9.952,10.03,2595000000.0,0.0,38.013,0.896,0.896,926800000.0,4241100000.0,15860100000.0,15860100000.0,117800000.0,0.098,0.334,0.133,0.164,0.0,540700000.0,1.0,373967847.0,373900000,375900000.0,42.418,15457900000.0,225600000.0,640700000.0,866900000.0,41.342,
60,PCAR,MRT,2006-06-30,2006-06-30,2006-06-30,2021-09-08,262200000.0,14741900000.0,13910800000.0,3724100000.0,11017800000.0,1.092,11.785,-868800000.0,1358700000.0,1358700000.0,12109400000.0,1329600000.0,,2.334,6605500000.0,6605500000.0,,6605500000.0,454800000.0,396400000.0,0.0,0.037,1.338,2455500000.0,2851900000.0,0.188,2851900000.0,2455500000.0,1953700000.0,3.503,3.487,3.503,4421100000.0,4106475000.0,4421100000.0,18794417563.0,8.0,6.59,536000000.0,1.429,1.0,3086300000.0,0.203,0.0,501800000.0,19988700000.0,18735875000.0,506000000.0,8578900000.0,810900000.0,7768000000.0,10320800000.0,,,13734317563.0,135500000.0,142300000.0,-400200000.0,1195300000.0,-509100000.0,286000000.0,-1581600000.0,-901100000.0,1404800000.0,26300000.0,1329600000.0,1329600000.0,1329600000.0,0.0,0.0,0.087,686900000.0,2399400000.0,2385500000.0,0.382,3.107,10.33,10.452,2501100000.0,0.0,36.613,0.904,0.904,878500000.0,4091100000.0,15195700000.0,15195700000.0,117800000.0,0.096,0.324,0.131,0.162,0.0,529100000.0,1.0,375117923.0,375150000,377100000.0,40.506,14741900000.0,218800000.0,624100000.0,875000000.0,39.296,
61,PCAR,MRT,2006-03-31,2006-03-31,2006-03-31,2021-09-08,189100000.0,14142400000.0,13389350000.0,3628300000.0,10514100000.0,1.089,10.769,-860100000.0,1390200000.0,1390200000.0,11631900000.0,1201200000.0,,2.47,6450300000.0,6450300000.0,,6450300000.0,430100000.0,378800000.0,0.0,0.041,1.298,2323600000.0,2702400000.0,0.185,2702400000.0,2323600000.0,1858200000.0,3.139,3.124,3.139,4075700000.0,3971525000.0,4075700000.0,16455374156.0,7.0,6.089,422000000.0,1.115,1.0,2951200000.0,0.202,0.0,465400000.0,19202500000.0,17916600000.0,502500000.0,8206200000.0,764600000.0,7441600000.0,10066700000.0,,,11899374156.0,-39200000.0,112900000.0,-513800000.0,1532800000.0,-495100000.0,523900000.0,-1782300000.0,-1081600000.0,1282100000.0,-62900000.0,1201200000.0,1201200000.0,1201200000.0,0.0,0.0,0.082,677500000.0,2273700000.0,2355700000.0,0.414,2.92,9.906,9.979,2385700000.0,0.0,31.324,0.816,0.813,827400000.0,3771400000.0,14583100000.0,14583100000.0,117800000.0,0.09,0.302,0.13,0.159,0.0,519000000.0,1.0,379875026.0,378450000,380550000.0,38.534,14142400000.0,213100000.0,657000000.0,830600000.0,37.369,
62,PCAR,MRT,2005-12-31,2005-12-31,2005-12-31,2021-09-08,154700000.0,13715400000.0,12940950000.0,3508400000.0,10207000000.0,1.086,10.096,-848500000.0,1698900000.0,1698900000.0,11222700000.0,1133200000.0,,2.516,6254900000.0,6254900000.0,,6254900000.0,410400000.0,370100000.0,0.0,0.041,1.276,2207400000.0,2577500000.0,0.183,2577500000.0,2207400000.0,1773600000.0,2.93,2.92,2.93,3901100000.0,3935350000.0,3901100000.0,16157384153.0,7.0,6.269,138300000.0,0.358,1.0,2834700000.0,0.202,0.0,433800000.0,18271400000.0,17091300000.0,495500000.0,7853900000.0,591400000.0,7262500000.0,9814300000.0,,,11719984153.0,84200000.0,96100000.0,-355300000.0,1573200000.0,-496900000.0,721000000.0,-1502600000.0,-796700000.0,986800000.0,-121000000.0,1133200000.0,1133200000.0,1133200000.0,0.0,0.0,0.081,673000000.0,2161700000.0,2003800000.0,0.435,3.004,10.342,10.501,2349900000.0,0.0,30.769,0.834,0.846,582200000.0,3471500000.0,14057400000.0,14057400000.0,117800000.0,0.088,0.288,0.129,0.157,0.0,514800000.0,1.0,380903717.0,386400000,388700000.0,36.38,13715400000.0,214900000.0,640400000.0,806500000.0,35.495,
63,PCAR,MRT,2005-09-30,2005-09-30,2005-09-30,2021-09-08,183900000.0,13043500000.0,12569100000.0,3248500000.0,9795000000.0,1.083,10.494,-852500000.0,1159800000.0,1159800000.0,10999600000.0,1061700000.0,,2.238,5597200000.0,5597200000.0,,5597200000.0,437500000.0,358500000.0,0.0,0.042,1.253,2087200000.0,2445700000.0,0.18,2445700000.0,2087200000.0,1690400000.0,2.727,2.711,2.727,4028000000.0,3900675000.0,4028000000.0,15694066886.0,8.0,6.417,13700000.0,0.036,1.0,2613200000.0,0.192,0.0,396800000.0,17480900000.0,16382975000.0,586500000.0,7457200000.0,589300000.0,6867900000.0,9015500000.0,,,11638566886.0,-115900000.0,129500000.0,-330700000.0,1205600000.0,-489400000.0,385500000.0,-1345900000.0,-672000000.0,866200000.0,-21700000.0,1061700000.0,1061700000.0,1061700000.0,0.0,0.0,0.078,542700000.0,2070500000.0,2167500000.0,0.459,2.889,10.962,11.065,2271400000.0,0.0,30.173,0.855,0.851,775000000.0,3540200000.0,13612800000.0,13612800000.0,0.0,0.084,0.272,0.127,0.153,0.0,504700000.0,1.0,385723604.0,383850000,386250000.0,35.464,13043500000.0,178100000.0,628700000.0,813300000.0,33.981,
64,PCAR,MRT,2005-06-30,2005-06-30,2005-06-30,2021-09-08,159700000.0,12656100000.0,12102800000.0,3281000000.0,9375100000.0,1.073,9.971,-775600000.0,1223200000.0,1223200000.0,10536000000.0,1003600000.0,,2.261,5278700000.0,5278700000.0,,5278700000.0,444400000.0,345500000.0,0.0,0.041,1.249,1954300000.0,2299800000.0,0.177,2299800000.0,1954300000.0,1595800000.0,2.564,2.551,2.564,3881300000.0,3824175000.0,3881300000.0,15374007056.0,8.0,6.685,182800000.0,0.47,1.0,2453600000.0,0.189,0.0,358500000.0,16711600000.0,15491575000.0,525100000.0,7166300000.0,631300000.0,6535000000.0,8774800000.0,,,11821507056.0,155200000.0,121800000.0,-170900000.0,1115000000.0,-488200000.0,455900000.0,-1261600000.0,-599700000.0,958400000.0,2500000.0,1003600000.0,1003600000.0,1003600000.0,0.0,0.0,0.077,523600000.0,1930000000.0,2234600000.0,0.487,3.046,11.779,11.787,2168500000.0,0.0,30.222,0.91,0.906,740400000.0,3271300000.0,12989600000.0,12989600000.0,0.0,0.083,0.262,0.126,0.15,0.0,495500000.0,1.0,391152807.0,389250000,391725000.0,33.371,12656100000.0,225300000.0,592200000.0,817100000.0,32.514,
65,PCAR,MRT,2005-03-31,2005-03-31,2005-03-31,2021-09-08,252200000.0,12348800000.0,11568875000.0,3245900000.0,9102900000.0,1.056,10.041,-728700000.0,1429400000.0,1429400000.0,9914800000.0,998600000.0,,2.141,4981900000.0,4981900000.0,,4981900000.0,488400000.0,330900000.0,0.0,0.039,1.244,1830700000.0,2161600000.0,0.177,2161600000.0,1830700000.0,1505700000.0,2.542,2.529,2.542,3931000000.0,3719475000.0,3931000000.0,15783731854.0,9.0,7.302,177000000.0,0.452,1.0,2306200000.0,0.189,0.0,325000000.0,15901300000.0,14619000000.0,556200000.0,6729100000.0,436900000.0,6292200000.0,8417800000.0,,,12573631854.0,70800000.0,119200000.0,-112100000.0,996400000.0,-487100000.0,397200000.0,-1273200000.0,-663800000.0,905700000.0,41100000.0,998600000.0,998600000.0,998600000.0,0.0,0.0,0.082,503800000.0,1802400000.0,2131200000.0,0.489,3.199,12.591,12.657,2180300000.0,0.0,32.173,1.029,1.031,648400000.0,3066100000.0,12221000000.0,12221000000.0,0.0,0.086,0.268,0.125,0.15,0.0,482100000.0,1.0,390809113.0,391500000,393975000.0,31.216,12348800000.0,215100000.0,507100000.0,816300000.0,31.542,
66,PCAR,MRT,2004-12-31,2004-12-31,2004-12-31,2021-09-08,311100000.0,12228000000.0,11008450000.0,3331700000.0,8896300000.0,1.035,9.581,-633500000.0,1614700000.0,1614700000.0,9268600000.0,906800000.0,,2.25,4824800000.0,4824800000.0,,4824800000.0,526200000.0,315000000.0,0.0,0.034,1.222,1664300000.0,1979300000.0,0.174,1979300000.0,1664300000.0,1368200000.0,2.307,2.293,2.307,3762400000.0,3584375000.0,3762400000.0,17089746999.0,10.0,8.634,257500000.0,0.656,1.0,2127700000.0,0.187,0.0,296100000.0,15438100000.0,13711200000.0,495600000.0,6710900000.0,604800000.0,6106100000.0,8465600000.0,,,13981246999.0,267700000.0,103200000.0,-92000000.0,879200000.0,-270900000.0,516300000.0,-1206100000.0,-675800000.0,891000000.0,66500000.0,906800000.0,906800000.0,906800000.0,0.0,0.0,0.08,488500000.0,1639200000.0,1943200000.0,0.53,3.716,15.418,15.505,2226300000.0,0.0,35.769,1.227,1.233,538700000.0,2826900000.0,11396300000.0,11396300000.0,0.0,0.082,0.253,0.121,0.146,0.0,470400000.0,1.0,390877308.0,392700000,395400000.0,29.02,12228000000.0,113300000.0,461400000.0,823600000.0,31.138,
67,PCAR,MRT,2004-09-30,2004-09-30,2004-09-30,2021-09-08,137500000.0,11178300000.0,10436350000.0,3078300000.0,8100000000.0,0.998,9.512,-505600000.0,1275700000.0,1275700000.0,8479300000.0,824500000.0,,2.003,4384200000.0,4384200000.0,,4384200000.0,494800000.0,301700000.0,0.0,0.022,0.665,1517400000.0,1819100000.0,0.175,1819100000.0,1517400000.0,1241400000.0,2.098,2.08,2.098,3722000000.0,3455375000.0,3722000000.0,15066142212.0,10.0,8.282,308700000.0,0.789,1.0,1934000000.0,0.186,371500000.0,276000000.0,13915300000.0,12956725000.0,373500000.0,6276100000.0,717800000.0,5558300000.0,7456300000.0,,,11996642212.0,152800000.0,45700000.0,-98500000.0,650900000.0,-262000000.0,290400000.0,-987500000.0,-508500000.0,814300000.0,35600000.0,824500000.0,824500000.0,824500000.0,0.0,0.0,0.079,465800000.0,1468200000.0,1863200000.0,0.317,3.223,14.55,14.643,1960400000.0,0.0,30.72,1.152,1.154,656300000.0,2968500000.0,10413300000.0,10413300000.0,0.0,0.079,0.239,0.117,0.146,0.0,450100000.0,1.0,390515697.0,391275000,393750000.0,26.614,10806800000.0,111200000.0,416900000.0,714100000.0,27.619,
68,PCAR,MRT,2004-06-30,2004-06-30,2004-06-30,2021-09-08,97000000.0,10520400000.0,10013275000.0,2805100000.0,7715300000.0,0.954,8.804,-425600000.0,1068000000.0,1068000000.0,7796300000.0,710300000.0,,2.038,4137500000.0,4137500000.0,,4137500000.0,502000000.0,289500000.0,0.0,0.025,0.641,1345100000.0,1634600000.0,0.171,1634600000.0,1345100000.0,1083300000.0,1.804,1.787,1.804,3462500000.0,3297900000.0,3462500000.0,12721200376.0,9.0,7.782,436400000.0,1.11,1.0,1757700000.0,0.184,368600000.0,261800000.0,13221300000.0,12420600000.0,327200000.0,6003300000.0,708800000.0,5294500000.0,7057900000.0,,,10174100376.0,48400000.0,37800000.0,-98500000.0,371000000.0,-252800000.0,19700000.0,-853600000.0,-467500000.0,862000000.0,20300000.0,710300000.0,710300000.0,710300000.0,0.0,0.0,0.074,454700000.0,1303000000.0,1724900000.0,0.355,2.938,14.324,14.287,1865700000.0,0.0,25.773,1.065,1.061,628800000.0,2756500000.0,9554000000.0,9554000000.0,0.0,0.071,0.215,0.108,0.141,0.0,436200000.0,1.0,394752989.0,393300000,395775000.0,24.292,10151800000.0,110800000.0,373000000.0,693500000.0,25.812,
69,PCAR,MRT,2004-03-31,2004-03-31,2004-03-31,2021-09-08,124000000.0,10107100000.0,9710700000.0,2706600000.0,7400500000.0,0.904,8.587,-368200000.0,1358600000.0,1358600000.0,7197500000.0,597900000.0,,1.981,3905700000.0,3905700000.0,,3905700000.0,516100000.0,280200000.0,0.0,0.025,0.618,1166700000.0,1446900000.0,0.165,1446900000.0,1166700000.0,911800000.0,1.52,1.507,1.52,3390600000.0,3169800000.0,3390600000.0,12312519669.0,11.0,8.51,388700000.0,0.984,1.0,1581900000.0,0.18,384100000.0,254900000.0,12270100000.0,12059400000.0,332000000.0,5427400000.0,372000000.0,5055400000.0,6716500000.0,,,9831919669.0,473500000.0,30700000.0,24100000.0,95500000.0,-243600000.0,-124000000.0,-243200000.0,101700000.0,756900000.0,83800000.0,597900000.0,597900000.0,597900000.0,0.0,0.0,0.068,451600000.0,1130300000.0,1616500000.0,0.407,2.9,16.444,16.389,1813900000.0,0.0,24.911,1.12,1.12,596000000.0,2555000000.0,8779400000.0,8779400000.0,0.0,0.062,0.189,0.097,0.133,0.0,428400000.0,1.0,394680094.0,394875000,397575000.0,22.233,9723000000.0,83900000.0,313900000.0,678200000.0,24.623,
70,PCAR,MRT,2003-12-31,2003-12-31,2003-12-31,2021-09-08,147900000.0,9939600000.0,9428050000.0,2598900000.0,7340700000.0,0.869,8.254,-369300000.0,1347000000.0,1347000000.0,6732000000.0,526500000.0,,2.062,3827600000.0,3827600000.0,,3827600000.0,560400000.0,267500000.0,0.0,0.024,0.61,1054200000.0,1321700000.0,0.161,1321700000.0,1054200000.0,805500000.0,1.338,1.329,1.338,3246400000.0,3009700000.0,3246400000.0,12472757370.0,12.0,9.437,409000000.0,1.04,1.0,1462900000.0,0.179,0.0,248700000.0,12420200000.0,11872350000.0,334500000.0,5372000000.0,377100000.0,4994900000.0,6693200000.0,,,9931957370.0,574000000.0,30900000.0,23800000.0,17400000.0,-171900000.0,-130700000.0,-198900000.0,147200000.0,778300000.0,125300000.0,526500000.0,526500000.0,526500000.0,0.0,0.0,0.064,446500000.0,1016400000.0,1461200000.0,0.456,3.059,18.864,18.85,1859200000.0,0.0,25.221,1.212,1.21,479100000.0,2399200000.0,8194900000.0,8194900000.0,0.0,0.056,0.175,0.089,0.129,0.0,417900000.0,1.0,393801176.0,393300000,396225000.0,20.836,9939600000.0,85000000.0,279000000.0,703900000.0,25.272,
71,PCAR,MRT,2003-09-30,2003-09-30,2003-09-30,2021-09-08,-6800000.0,9486000000.0,9118775000.0,2536800000.0,6949200000.0,0.867,7.848,-339700000.0,1122900000.0,1122900000.0,6493800000.0,489600000.0,,2.068,3663700000.0,3663700000.0,,3663700000.0,560300000.0,414100000.0,0.0,0.021,0.456,993300000.0,1407400000.0,0.178,1407400000.0,993300000.0,751300000.0,1.253,1.239,1.253,3092100000.0,2848275000.0,3092100000.0,11389800513.0,11.0,8.093,250000000.0,0.635,1.0,1412700000.0,0.179,256000000.0,242000000.0,11770800000.0,11593750000.0,290700000.0,5322500000.0,522800000.0,4799700000.0,6393900000.0,,,8671500513.0,375100000.0,32800000.0,28800000.0,1500000.0,-180300000.0,-150000000.0,-160900000.0,19200000.0,589700000.0,96300000.0,489600000.0,489600000.0,489600000.0,0.0,0.0,0.062,456400000.0,956300000.0,1521800000.0,0.364,2.804,17.711,17.591,1717100000.0,0.0,22.041,1.097,1.098,538800000.0,2406100000.0,7906500000.0,7906500000.0,0.0,0.054,0.172,0.086,0.126,0.0,424100000.0,1.0,393417317.0,393975000,396900000.0,20.069,9230000000.0,112700000.0,261700000.0,648100000.0,23.428,
72,PCAR,MRT,2003-06-30,2003-06-30,2003-06-30,2021-09-08,-35800000.0,9310100000.0,8897575000.0,2371000000.0,6939100000.0,0.882,7.501,-349400000.0,1019600000.0,1019600000.0,6425800000.0,486000000.0,,2.156,3737900000.0,3737900000.0,,3737900000.0,554800000.0,347600000.0,0.0,0.022,0.45,995700000.0,1343300000.0,0.171,1343300000.0,995700000.0,753500000.0,1.244,1.234,1.244,2950100000.0,2711700000.0,2950100000.0,10658452272.0,11.0,7.935,279300000.0,0.71,1.0,1418500000.0,0.181,251900000.0,242200000.0,11776500000.0,11486025000.0,295600000.0,5306700000.0,481600000.0,4825100000.0,6360000000.0,,,7875752272.0,320800000.0,28500000.0,25400000.0,109500000.0,-177900000.0,-43000000.0,-356600000.0,-47000000.0,628700000.0,91700000.0,486000000.0,486000000.0,486000000.0,0.0,0.0,0.062,457900000.0,960600000.0,1401700000.0,0.362,2.67,16.205,16.137,1690400000.0,0.0,20.074,1.004,1.006,500700000.0,2299200000.0,7844300000.0,7844300000.0,0.0,0.055,0.179,0.087,0.127,0.0,422400000.0,1.0,392334523.0,393300000,395775000.0,19.945,9058200000.0,116300000.0,267500000.0,665600000.0,23.031,
73,PCAR,MRT,2003-03-31,2003-03-31,2003-03-31,2021-09-08,-121900000.0,8976500000.0,8647225000.0,2217100000.0,6759400000.0,0.883,7.017,-326000000.0,885100000.0,885100000.0,6269400000.0,435600000.0,,2.264,3667800000.0,3667800000.0,,3667800000.0,534700000.0,281100000.0,0.0,0.03,0.444,916200000.0,1197300000.0,0.157,1197300000.0,916200000.0,677000000.0,1.119,1.105,1.119,2750200000.0,2585350000.0,2750200000.0,8663370222.0,9.0,7.236,303900000.0,0.775,1.0,1364500000.0,0.179,237300000.0,239200000.0,11521900000.0,11314375000.0,288100000.0,5233900000.0,480900000.0,4753000000.0,6226300000.0,,,5837170222.0,148200000.0,34700000.0,10600000.0,59900000.0,-175400000.0,-104900000.0,-481100000.0,-190200000.0,629900000.0,104300000.0,435600000.0,435600000.0,435600000.0,0.0,0.0,0.057,468300000.0,896200000.0,1359100000.0,0.397,2.122,13.4,13.311,1604700000.0,0.0,14.895,0.765,0.765,500100000.0,2200800000.0,7633900000.0,7633900000.0,0.0,0.05,0.168,0.081,0.12,0.0,425600000.0,1.0,391892769.0,391950000,393975000.0,19.477,8739200000.0,105600000.0,241400000.0,664700000.0,22.297,
74,PCAR,MRT,2002-12-31,2002-12-31,2002-12-31,2021-09-08,-174300000.0,8702500000.0,8378100000.0,2101600000.0,6600900000.0,0.862,6.67,-340200000.0,773000000.0,773000000.0,5947200000.0,372000000.0,,2.346,3599200000.0,3599200000.0,,3599200000.0,516400000.0,218200000.0,0.0,0.032,0.444,811800000.0,1030000000.0,0.143,1030000000.0,811800000.0,574100000.0,0.956,0.947,0.956,2600700000.0,2472700000.0,2600700000.0,8084501667.0,10.0,7.849,247900000.0,0.636,1.0,1271400000.0,0.176,222900000.0,237700000.0,11305800000.0,11090300000.0,310600000.0,5194500000.0,535300000.0,4659200000.0,6101800000.0,,,5345801667.0,117800000.0,28500000.0,22400000.0,-58500000.0,-123000000.0,-159100000.0,-385700000.0,-79600000.0,588100000.0,74500000.0,372000000.0,372000000.0,372000000.0,0.0,0.0,0.052,477200000.0,794200000.0,1275200000.0,0.464,2.056,14.37,14.297,1576600000.0,0.0,13.668,0.741,0.738,404700000.0,2113300000.0,7218600000.0,7218600000.0,0.0,0.044,0.15,0.073,0.112,0.0,424000000.0,1.0,391113822.0,389925000,392850000.0,18.513,8479600000.0,112900000.0,202100000.0,639600000.0,21.747,
75,PCAR,MRT,2002-09-30,2002-09-30,2002-09-30,2021-09-08,-209700000.0,8601200000.0,8180950000.0,2279700000.0,6321500000.0,0.836,6.52,-362900000.0,747800000.0,747800000.0,5660200000.0,300200000.0,,2.379,3486500000.0,3486500000.0,,3486500000.0,750300000.0,179900000.0,0.0,0.029,0.286,705800000.0,885700000.0,0.13,885700000.0,705800000.0,462600000.0,0.772,0.764,0.772,2545800000.0,2385675000.0,2545800000.0,6696769116.0,9.0,7.561,571700000.0,1.464,1.0,1177300000.0,0.172,0.0,243200000.0,11339900000.0,10934250000.0,386500000.0,5070700000.0,545200000.0,4525500000.0,6055400000.0,,,3915569116.0,139100000.0,19000000.0,24400000.0,-205300000.0,-111700000.0,-292600000.0,-537600000.0,-49600000.0,934600000.0,34700000.0,300200000.0,300200000.0,300200000.0,0.0,0.0,0.044,488000000.0,689300000.0,1501000000.0,0.37,1.538,13.043,12.969,1090400000.0,0.0,10.012,0.573,0.572,522900000.0,2095600000.0,6837500000.0,6837500000.0,0.0,0.037,0.126,0.065,0.103,0.0,420400000.0,1.0,391093394.0,390488000,392512000.0,17.51,8601200000.0,117800000.0,162400000.0,317600000.0,22.027,
76,PCAR,MRT,2002-06-30,2002-06-30,2002-06-30,2021-09-08,-201900000.0,8308700000.0,8011300000.0,2092400000.0,6216300000.0,0.792,6.266,-346900000.0,698800000.0,698800000.0,5289500000.0,210700000.0,,2.399,3480000000.0,3480000000.0,,3480000000.0,725200000.0,179900000.0,0.0,0.022,0.286,564500000.0,744400000.0,0.117,744400000.0,564500000.0,316600000.0,0.544,0.536,0.544,2444700000.0,2311325000.0,2444700000.0,7867050332.0,14.0,10.568,358700000.0,0.919,1.0,1055100000.0,0.166,0.0,247900000.0,11089900000.0,10837125000.0,288500000.0,4881400000.0,423500000.0,4457900000.0,5864000000.0,,,5141450332.0,198700000.0,16900000.0,29400000.0,-231400000.0,-111500000.0,-313500000.0,-243400000.0,137100000.0,705600000.0,50000000.0,210700000.0,210700000.0,210700000.0,0.0,0.0,0.033,505000000.0,550100000.0,1399100000.0,0.526,2.103,24.402,24.178,1067500000.0,0.0,13.153,0.81,0.809,546000000.0,1991200000.0,6344600000.0,6344600000.0,0.0,0.026,0.091,0.052,0.089,0.0,424900000.0,1.0,390907747.0,390150000,393188000.0,16.262,8308700000.0,164000000.0,105900000.0,259700000.0,21.296,
77,PCAR,MRT,2002-03-31,2002-03-31,2002-03-31,2021-09-08,-294100000.0,7900000000.0,7884200000.0,1903500000.0,5996500000.0,0.77,5.909,-326900000.0,736900000.0,736900000.0,5065500000.0,176500000.0,,2.435,3462500000.0,3462500000.0,,3462500000.0,726500000.0,179900000.0,0.0,0.02,0.286,518700000.0,698600000.0,0.115,698600000.0,518700000.0,259100000.0,0.455,0.45,0.455,2299600000.0,2251650000.0,2299600000.0,8559142330.0,17.0,12.252,365800000.0,0.94,1.0,1008300000.0,0.166,0.0,259600000.0,10625600000.0,10802125000.0,244300000.0,4704300000.0,348600000.0,4355700000.0,5600400000.0,,,5646242330.0,267800000.0,18800000.0,27900000.0,-274300000.0,-111300000.0,-357700000.0,-56800000.0,293100000.0,692700000.0,-10400000.0,176500000.0,176500000.0,176500000.0,0.0,0.0,0.029,509100000.0,499200000.0,1157200000.0,0.629,2.455,31.99,31.783,1003500000.0,0.0,14.461,0.93,0.927,460900000.0,1940600000.0,6073800000.0,6073800000.0,0.0,0.022,0.078,0.048,0.085,0.0,422200000.0,1.0,390439855.0,389137000,392175000.0,15.608,7900000000.0,150200000.0,82600000.0,254200000.0,20.301,
78,PCAR,MRT,2001-12-31,2001-12-31,2001-12-31,2021-09-08,-295400000.0,7913900000.0,7885075000.0,1834100000.0,6079800000.0,0.774,5.817,-309300000.0,655200000.0,655200000.0,5079100000.0,173600000.0,,2.513,3568100000.0,3568100000.0,,3568100000.0,408000000.0,179900000.0,0.0,0.022,0.286,530600000.0,710500000.0,0.116,710500000.0,530600000.0,255300000.0,0.449,0.444,0.449,2252600000.0,2225625000.0,2252600000.0,8064578280.0,15.0,11.351,316400000.0,0.817,1.0,1021400000.0,0.167,145200000.0,275300000.0,10681600000.0,10938750000.0,267800000.0,4846800000.0,406900000.0,4439900000.0,5661300000.0,,,5035778280.0,118500000.0,18800000.0,12000000.0,-396100000.0,-168400000.0,-552500000.0,75100000.0,329600000.0,625700000.0,-29800000.0,173600000.0,173600000.0,173600000.0,0.0,0.0,0.028,515600000.0,505800000.0,1110400000.0,0.637,2.236,29.008,28.869,1363600000.0,0.0,12.962,0.825,0.823,396300000.0,1916500000.0,6100500000.0,6100500000.0,0.0,0.022,0.078,0.049,0.087,0.0,429100000.0,1.0,388503925.0,387225000,389475000.0,15.754,7768700000.0,146900000.0,81700000.0,555600000.0,20.062,
79,PCAR,MRT,2001-09-30,2001-09-30,2001-09-30,2021-09-08,-286900000.0,7922600000.0,7974325000.0,1852000000.0,6070600000.0,0.784,5.808,-411900000.0,608700000.0,608700000.0,5189500000.0,185900000.0,,2.524,3637500000.0,3637500000.0,,3637500000.0,0.0,155500000.0,0.0,0.045,0.435,566400000.0,721900000.0,0.115,721900000.0,566400000.0,275000000.0,0.48,0.48,0.48,2248400000.0,2224750000.0,2248400000.0,6913266154.0,12.0,9.576,243500000.0,0.629,1.0,1061700000.0,0.17,0.0,291400000.0,10951400000.0,11201325000.0,274700000.0,4860000000.0,370100000.0,4489900000.0,5674200000.0,,,3763666154.0,163800000.0,24800000.0,-700000.0,-429500000.0,-168300000.0,-598500000.0,105500000.0,394600000.0,655400000.0,1400000.0,185900000.0,185900000.0,185900000.0,0.0,0.0,0.03,494000000.0,567700000.0,1239900000.0,0.906,1.674,20.246,20.193,993100000.0,0.0,9.693,0.602,0.6,507700000.0,1908400000.0,6251200000.0,6251200000.0,0.0,0.023,0.084,0.051,0.091,0.0,415700000.0,1.0,388293456.0,387113000,389475000.0,16.148,7922600000.0,119900000.0,89100000.0,211400000.0,20.466,
80,PCAR,MRT,2001-06-30,2001-06-30,2001-06-30,2021-09-08,-306000000.0,7800300000.0,8063425000.0,1688700000.0,6111600000.0,0.809,5.704,-365200000.0,500100000.0,500100000.0,5395600000.0,239600000.0,,2.536,3649700000.0,3649700000.0,,3649700000.0,0.0,155500000.0,0.0,0.043,0.435,647200000.0,802700000.0,0.123,802700000.0,647200000.0,340700000.0,0.62,0.618,0.62,2206000000.0,2227150000.0,2206000000.0,7204304900.0,11.0,8.975,197600000.0,0.511,1.0,1127200000.0,0.173,0.0,306500000.0,10949900000.0,11448600000.0,277500000.0,4940900000.0,339000000.0,4601900000.0,5594300000.0,,,3935704900.0,-5400000.0,23100000.0,-5400000.0,-366100000.0,-168200000.0,-539700000.0,1100000.0,166900000.0,562800000.0,-29600000.0,239600000.0,239600000.0,239600000.0,0.0,0.0,0.037,486100000.0,641100000.0,1195600000.0,0.702,1.784,16.426,16.382,967000000.0,0.0,10.157,0.603,0.602,493600000.0,1892000000.0,6522800000.0,6522800000.0,0.0,0.03,0.108,0.057,0.099,0.0,420400000.0,1.0,387485532.0,386775000,386775000.0,16.865,7800300000.0,109800000.0,101100000.0,220200000.0,20.168,
81,PCAR,MRT,2001-03-31,2001-03-31,2001-03-31,2021-09-08,-299300000.0,7903500000.0,8209075000.0,1744800000.0,6158700000.0,0.869,5.676,-381400000.0,469100000.0,469100000.0,5879000000.0,331200000.0,,2.6,3737700000.0,3737700000.0,,3737700000.0,0.0,155500000.0,0.0,0.049,0.435,797200000.0,952700000.0,0.134,952700000.0,797200000.0,487900000.0,0.859,0.855,0.859,2195500000.0,2232425000.0,2195500000.0,6890238231.0,9.0,7.232,93600000.0,0.242,1.0,1254400000.0,0.176,0.0,309300000.0,11172100000.0,11695800000.0,313200000.0,4981600000.0,335900000.0,4645700000.0,5708000000.0,,,3429238231.0,-46400000.0,26100000.0,-12900000.0,-96400000.0,-168200000.0,-277500000.0,-220100000.0,-39400000.0,475000000.0,-23800000.0,331200000.0,331200000.0,331200000.0,0.0,0.0,0.046,484300000.0,770100000.0,1243600000.0,0.506,1.562,10.354,10.304,983900000.0,0.0,8.851,0.481,0.48,536600000.0,1875500000.0,7133400000.0,7133400000.0,0.0,0.04,0.148,0.068,0.112,0.0,431700000.0,1.0,387425096.0,386775000,386775000.0,18.443,7903500000.0,108700000.0,156700000.0,199900000.0,20.434,
82,PCAR,MRT,2000-12-31,2000-12-31,2000-12-31,2021-09-08,-221000000.0,8270900000.0,8285625000.0,1861300000.0,6409600000.0,0.958,5.795,-367900000.0,536700000.0,536700000.0,6507900000.0,441800000.0,,2.677,3997700000.0,3997700000.0,,3997700000.0,537200000.0,155500000.0,0.0,0.045,0.435,965500000.0,1121000000.0,0.141,1121000000.0,965500000.0,665100000.0,1.138,1.132,1.138,2249100000.0,2217800000.0,2249100000.0,7427435380.0,8.0,6.626,299500000.0,0.772,1.0,1428600000.0,0.18,0.0,300400000.0,11731900000.0,11802400000.0,303100000.0,5299200000.0,394700000.0,4904500000.0,6021800000.0,,,3765935380.0,8300000.0,36100000.0,-92800000.0,388400000.0,-217500000.0,78100000.0,-725400000.0,-387100000.0,667400000.0,-11800000.0,441800000.0,441800000.0,441800000.0,0.0,0.0,0.056,487600000.0,941000000.0,1189900000.0,0.382,1.674,8.524,8.549,1021600000.0,0.0,9.728,0.475,0.476,530800000.0,1854100000.0,7936500000.0,7936500000.0,0.0,0.053,0.199,0.082,0.122,0.0,445200000.0,1.0,387107571.0,388125000,390488000.0,20.448,8270900000.0,117700000.0,223300000.0,220600000.0,21.31,
83,PCAR,MRT,2000-09-30,2000-09-30,2000-09-30,2021-09-08,-255500000.0,8279000000.0,8201150000.0,1918400000.0,6360600000.0,1.046,5.838,-346100000.0,444900000.0,444900000.0,6981300000.0,559000000.0,,2.667,4106400000.0,4106400000.0,,4106400000.0,0.0,45900000.0,0.0,0.073,0.533,1140900000.0,1186800000.0,0.138,1186800000.0,1140900000.0,860100000.0,1.428,1.42,1.428,2258000000.0,2183175000.0,2258000000.0,6391846185.0,6.0,5.386,342800000.0,0.886,1.0,1593900000.0,0.186,0.0,280800000.0,11940500000.0,11635075000.0,329400000.0,5475200000.0,496900000.0,4978300000.0,6021000000.0,,,2836046185.0,-49400000.0,152200000.0,-83500000.0,677700000.0,-210400000.0,383800000.0,-1063200000.0,-560000000.0,688900000.0,-58900000.0,559000000.0,559000000.0,559000000.0,0.0,0.0,0.065,539900000.0,1054000000.0,1207800000.0,0.373,1.256,5.073,5.126,969400000.0,0.0,7.32,0.331,0.33,546400000.0,1890700000.0,8575200000.0,8575200000.0,0.0,0.068,0.256,0.098,0.133,0.0,504900000.0,1.0,387411868.0,386775000,386775000.0,22.171,8279000000.0,124700000.0,301100000.0,263300000.0,21.405,
84,PCAR,MRT,2000-06-30,2000-06-30,2000-06-30,2021-09-08,-215900000.0,8382900000.0,8045125000.0,2013200000.0,6369700000.0,1.127,5.758,-372500000.0,505500000.0,505500000.0,7341700000.0,610600000.0,,2.764,4061300000.0,4061300000.0,,4061300000.0,0.0,146900000.0,0.0,0.066,0.514,1221600000.0,1368500000.0,0.151,1368500000.0,1221600000.0,963700000.0,1.553,1.543,1.553,2227100000.0,2144600000.0,2227100000.0,6425732423.0,5.0,4.695,532300000.0,1.376,1.0,1728600000.0,0.191,0.0,257900000.0,11938700000.0,11310800000.0,347300000.0,5432900000.0,468400000.0,4964500000.0,6155800000.0,,,3036932423.0,55900000.0,165900000.0,-83200000.0,834800000.0,-203200000.0,548400000.0,-1369800000.0,-763200000.0,904800000.0,-27500000.0,610600000.0,610600000.0,610600000.0,0.0,0.0,0.067,591500000.0,1137100000.0,1368100000.0,0.331,1.364,4.974,5.048,983600000.0,0.0,7.84,0.335,0.334,576100000.0,1820500000.0,9070300000.0,9070300000.0,0.0,0.076,0.285,0.108,0.135,0.0,561100000.0,1.0,387363830.0,386775000,386775000.0,23.451,8382900000.0,136200000.0,353100000.0,284100000.0,21.674,
85,PCAR,MRT,2000-03-31,2000-03-31,2000-03-31,2021-09-08,-204700000.0,8209700000.0,7760525000.0,2110200000.0,6099500000.0,1.185,5.433,-373500000.0,515500000.0,515500000.0,7424900000.0,619000000.0,,2.842,3904300000.0,3904300000.0,,3904300000.0,0.0,146900000.0,0.0,0.05,0.494,1216000000.0,1362900000.0,0.148,1362900000.0,1216000000.0,978600000.0,1.564,1.555,1.564,2137000000.0,2078200000.0,2137000000.0,7009647200.0,6.0,5.143,621600000.0,1.58,1.0,1774300000.0,0.193,0.0,237400000.0,11598500000.0,10840150000.0,391300000.0,5229400000.0,499400000.0,4730000000.0,6072700000.0,,,3880047200.0,79800000.0,160800000.0,-72900000.0,801100000.0,-195800000.0,532400000.0,-1412600000.0,-817000000.0,995100000.0,-35100000.0,619000000.0,619000000.0,619000000.0,0.0,0.0,0.067,624500000.0,1149800000.0,1437900000.0,0.316,1.816,6.268,6.315,949500000.0,0.0,9.877,0.422,0.422,608100000.0,1712400000.0,9199200000.0,9199200000.0,0.0,0.08,0.298,0.112,0.132,0.0,598800000.0,1.0,392854779.0,393356000,393356000.0,23.386,8209700000.0,119300000.0,359600000.0,329700000.0,20.871,
86,PCAR,MRT,1999-12-31,1999-12-31,1999-12-31,2021-09-08,-175500000.0,7933000000.0,7449200000.0,2119000000.0,5814000000.0,1.211,5.331,-406100000.0,528400000.0,528400000.0,7282400000.0,583600000.0,,2.759,3658000000.0,3658000000.0,,3658000000.0,0.0,146900000.0,0.0,0.054,0.474,1143100000.0,1290000000.0,0.143,1290000000.0,1143100000.0,923200000.0,1.474,1.464,1.474,2110600000.0,2004775000.0,2110600000.0,6458970241.0,6.0,5.007,549200000.0,1.387,1.0,1738600000.0,0.193,0.0,219900000.0,11062600000.0,10353425000.0,384500000.0,4970900000.0,530700000.0,4440200000.0,5822400000.0,,,3470470241.0,96000000.0,168800000.0,4700000.0,709900000.0,-188100000.0,526500000.0,-1347900000.0,-818500000.0,955300000.0,-37900000.0,583600000.0,583600000.0,583600000.0,0.0,0.0,0.065,657600000.0,1081000000.0,1374400000.0,0.322,1.644,5.947,5.938,966500000.0,0.0,8.753,0.385,0.384,570200000.0,1580900000.0,9021000000.0,9021000000.0,0.0,0.078,0.291,0.11,0.127,0.0,636900000.0,1.0,396507687.0,395887000,395887000.0,22.787,7933000000.0,122100000.0,339600000.0,269000000.0,20.039,
87,PCAR,MRT,1999-09-30,1999-09-30,1999-09-30,2021-09-08,-143300000.0,7654900000.0,7164650000.0,2199100000.0,5455800000.0,1.242,5.307,-296700000.0,494300000.0,494300000.0,7214100000.0,518600000.0,,2.639,3482800000.0,3482800000.0,,3482800000.0,0.0,224900000.0,0.0,0.046,0.464,1024700000.0,1249600000.0,0.14,1249600000.0,1024700000.0,814300000.0,1.31,1.3,1.31,2103700000.0,1918175000.0,2103700000.0,6795392471.0,7.0,5.438,496300000.0,1.252,1.0,1683500000.0,0.189,0.0,210400000.0,10643400000.0,9921575000.0,471100000.0,4630000000.0,469500000.0,4160500000.0,5551200000.0,,,3983792471.0,118000000.0,48300000.0,4600000.0,748200000.0,-184000000.0,568800000.0,-1213900000.0,-934500000.0,793000000.0,-29900000.0,518600000.0,518600000.0,518600000.0,0.0,0.0,0.058,681100000.0,1002400000.0,1461900000.0,0.354,1.894,7.682,7.672,957500000.0,0.0,10.05,0.448,0.448,661600000.0,1542000000.0,8897600000.0,8897600000.0,0.0,0.072,0.27,0.103,0.115,0.0,663100000.0,1.0,396382653.0,396394000,396394000.0,22.446,7654900000.0,114100000.0,295700000.0,259300000.0,19.311,
88,PCAR,MRT,1999-06-30,1999-06-30,1999-06-30,2021-09-08,-155500000.0,7244500000.0,6849000000.0,2110700000.0,5133800000.0,1.251,4.955,-287000000.0,449600000.0,449600000.0,6972700000.0,470500000.0,,2.693,3261200000.0,3261200000.0,,3261200000.0,0.0,123900000.0,0.0,0.043,0.454,936900000.0,1060800000.0,0.124,1060800000.0,936900000.0,738400000.0,1.189,1.181,1.189,1961500000.0,1838375000.0,1961500000.0,6861869856.0,7.0,6.469,478000000.0,1.207,1.0,1593500000.0,0.186,0.0,198500000.0,10056100000.0,9461525000.0,441600000.0,4311000000.0,417600000.0,3893400000.0,5283000000.0,,,4174669856.0,168000000.0,64800000.0,4000000.0,663600000.0,-180000000.0,487600000.0,-1048200000.0,-808400000.0,765000000.0,-36400000.0,470500000.0,470500000.0,470500000.0,0.0,0.0,0.055,676100000.0,917400000.0,1432200000.0,0.382,2.128,8.873,8.868,931000000.0,0.0,10.544,0.487,0.487,712200000.0,1413000000.0,8566200000.0,8566200000.0,0.0,0.069,0.256,0.099,0.109,0.0,660400000.0,1.0,395921059.0,395887000,395887000.0,21.638,7244500000.0,104600000.0,267900000.0,260700000.0,18.299,
89,PCAR,MRT,1999-03-31,1999-03-31,1999-03-31,2021-09-08,-144700000.0,6964400000.0,6544000000.0,2123000000.0,4841400000.0,1.256,4.662,-260900000.0,435700000.0,435700000.0,6698400000.0,435900000.0,,2.778,3122900000.0,3122900000.0,,3122900000.0,0.0,123900000.0,0.0,0.055,0.444,870800000.0,994700000.0,0.121,994700000.0,870800000.0,683400000.0,1.102,1.094,1.102,1843300000.0,1768250000.0,1843300000.0,5759211044.0,7.0,5.79,534700000.0,1.352,1.0,1524100000.0,0.185,0.0,187400000.0,9651600000.0,9042650000.0,474200000.0,4070200000.0,426400000.0,3643800000.0,5121100000.0,,,3218811044.0,142600000.0,-24000000.0,1000000.0,643000000.0,-176100000.0,467900000.0,-1094600000.0,-760600000.0,795600000.0,-26300000.0,435900000.0,435900000.0,435900000.0,0.0,0.0,0.053,674600000.0,849500000.0,1394500000.0,0.403,1.746,7.384,7.383,905300000.0,0.0,8.136,0.391,0.391,701600000.0,1289200000.0,8222500000.0,8222500000.0,0.0,0.067,0.247,0.096,0.106,0.0,660000000.0,1.0,395611336.0,395381000,395381000.0,20.796,6964400000.0,98500000.0,247500000.0,285900000.0,17.614,
90,PCAR,MRT,1998-12-31,1998-12-31,1998-12-31,2021-09-08,-119800000.0,6794800000.0,6239825000.0,2030400000.0,4764400000.0,1.265,4.462,-222800000.0,432400000.0,432400000.0,6431000000.0,416800000.0,,2.851,2972800000.0,2972800000.0,,2972800000.0,0.0,123900000.0,0.0,0.054,0.435,831400000.0,955300000.0,0.121,955300000.0,831400000.0,653100000.0,1.055,1.047,1.055,1764200000.0,1704675000.0,1764200000.0,5624170844.0,7.0,5.887,444000000.0,1.123,1.0,1463800000.0,0.185,0.0,178300000.0,9335200000.0,8626250000.0,511100000.0,3927800000.0,404800000.0,3523000000.0,5030600000.0,,,3213270844.0,94500000.0,-30900000.0,6600000.0,569500000.0,-163600000.0,412500000.0,-973000000.0,-661700000.0,666800000.0,-11800000.0,416800000.0,416800000.0,416800000.0,0.0,0.0,0.053,656900000.0,806900000.0,1377500000.0,0.412,1.821,7.709,7.701,893000000.0,0.0,8.124,0.407,0.407,606000000.0,1185700000.0,7894800000.0,7894800000.0,0.0,0.067,0.245,0.096,0.105,0.0,642900000.0,1.0,395506532.0,395381000,395381000.0,19.968,6794800000.0,98200000.0,236300000.0,218900000.0,17.185,
91,PCAR,MRT,1998-09-30,1998-09-30,1998-09-30,2021-09-08,-121100000.0,6392300000.0,5940975000.0,2062200000.0,4330100000.0,1.274,4.513,-190600000.0,376300000.0,376300000.0,6164500000.0,434600000.0,,2.582,2787200000.0,2787200000.0,,2787200000.0,0.0,112000000.0,0.0,0.051,0.415,847200000.0,959200000.0,0.127,959200000.0,847200000.0,680400000.0,1.102,1.094,1.102,1784500000.0,1638075000.0,1784500000.0,5574018210.0,7.0,5.811,490600000.0,1.241,1.0,1406100000.0,0.186,0.0,166800000.0,8803200000.0,8216825000.0,514800000.0,3668600000.0,416300000.0,3252300000.0,4607800000.0,,,3217918210.0,144900000.0,83100000.0,6500000.0,344400000.0,-163600000.0,187300000.0,-770200000.0,-620100000.0,681200000.0,46600000.0,434600000.0,434600000.0,434600000.0,0.0,0.0,0.057,639000000.0,767100000.0,1354800000.0,0.377,1.803,7.404,7.383,835900000.0,0.0,8.136,0.425,0.425,688800000.0,1207500000.0,7570600000.0,7570600000.0,0.0,0.073,0.265,0.103,0.112,0.0,626500000.0,1.0,395501601.0,395381000,395381000.0,19.148,6392300000.0,83000000.0,245800000.0,185700000.0,16.167,
92,PCAR,MRT,1998-06-30,1998-06-30,1998-06-30,2021-09-08,-139800000.0,6024500000.0,5698000000.0,1865000000.0,4159500000.0,1.289,4.252,-170600000.0,281600000.0,281600000.0,5984300000.0,420500000.0,,2.584,2637700000.0,2637700000.0,,2637700000.0,0.0,112000000.0,0.0,0.04,0.415,816000000.0,928000000.0,0.126,928000000.0,816000000.0,656500000.0,1.067,1.059,1.067,1681000000.0,1568100000.0,1681000000.0,6319308665.0,8.0,6.81,472100000.0,1.194,1.0,1358100000.0,0.185,0.0,159500000.0,8380600000.0,7917425000.0,460200000.0,3483300000.0,360100000.0,3123200000.0,4343500000.0,,,4081008665.0,53600000.0,68200000.0,6700000.0,220900000.0,-163600000.0,64000000.0,-690700000.0,-532400000.0,642700000.0,37600000.0,420500000.0,420500000.0,420500000.0,0.0,0.0,0.057,619700000.0,738400000.0,1266700000.0,0.389,2.428,9.705,9.673,802100000.0,0.0,10.321,0.556,0.556,694400000.0,1122700000.0,7342400000.0,7342400000.0,0.0,0.074,0.268,0.103,0.111,0.0,608900000.0,1.0,395408734.0,395381000,395381000.0,18.57,6024500000.0,86200000.0,236000000.0,183900000.0,15.237,
93,PCAR,MRT,1998-03-31,1998-03-31,1998-03-31,2021-09-08,-138000000.0,5747700000.0,5511200000.0,1809700000.0,3938000000.0,1.284,4.024,-149900000.0,293100000.0,293100000.0,5782700000.0,387100000.0,,2.617,2531400000.0,2531400000.0,,2531400000.0,0.0,112000000.0,0.0,0.035,0.415,758000000.0,870000000.0,0.123,870000000.0,758000000.0,603100000.0,0.984,0.978,0.984,1589000000.0,1507900000.0,1589000000.0,6749339390.0,9.0,7.758,396000000.0,1.003,1.0,1292800000.0,0.183,0.0,154900000.0,7986000000.0,7689500000.0,430400000.0,3321400000.0,330900000.0,2990500000.0,4158700000.0,,,4651239390.0,102400000.0,149100000.0,7400000.0,79800000.0,-163600000.0,-76400000.0,-402400000.0,-387100000.0,545900000.0,35300000.0,387100000.0,387100000.0,387100000.0,0.0,0.0,0.055,607500000.0,685300000.0,1198700000.0,0.422,2.927,12.016,11.956,721400000.0,0.0,11.765,0.657,0.657,691700000.0,1029500000.0,7075500000.0,7075500000.0,0.0,0.07,0.257,0.099,0.107,0.0,598900000.0,1.0,395347539.0,394875000,394875000.0,17.918,5747700000.0,78800000.0,216000000.0,214400000.0,14.556,
94,PCAR,MRT,1997-12-31,1997-12-31,1997-12-31,2021-09-08,-130700000.0,5599400000.0,5375975000.0,1756100000.0,3843300000.0,1.258,3.803,-133000000.0,337900000.0,337900000.0,5549300000.0,344600000.0,,2.738,2436000000.0,2436000000.0,,2436000000.0,0.0,112000000.0,0.0,0.04,0.41,686200000.0,798200000.0,0.118,798200000.0,686200000.0,534700000.0,0.875,0.871,0.875,1497800000.0,1456900000.0,1497800000.0,6271039485.0,9.0,7.856,332000000.0,0.843,1.0,1214400000.0,0.18,0.0,151500000.0,7697500000.0,7560975000.0,393500000.0,3250900000.0,357000000.0,2893900000.0,4101600000.0,,,4085839485.0,115000000.0,146700000.0,2300000.0,5300000.0,-103100000.0,-95500000.0,-285900000.0,-312700000.0,465000000.0,31400000.0,344600000.0,344600000.0,344600000.0,0.0,0.0,0.051,597000000.0,617400000.0,1133100000.0,0.469,2.728,11.857,11.852,721700000.0,0.0,10.37,0.604,0.604,600300000.0,940800000.0,6763700000.0,6763700000.0,0.0,0.064,0.237,0.091,0.101,0.0,589100000.0,1.0,393991665.0,393863000,393863000.0,17.173,5599400000.0,86700000.0,190100000.0,199400000.0,14.217,
95,PCAR,MRT,1997-09-30,1997-09-30,1997-09-30,2021-09-08,-119600000.0,5420400000.0,5300825000.0,1680600000.0,3739800000.0,1.164,3.82,-113800000.0,231400000.0,231400000.0,5060300000.0,274400000.0,,2.603,2416600000.0,2416600000.0,,2416600000.0,0.0,81100000.0,0.0,0.023,0.257,569600000.0,650700000.0,0.105,650700000.0,569600000.0,421200000.0,,,,1504600000.0,1421950000.0,1504600000.0,6549725968.0,11.0,10.066,296900000.0,0.754,1.0,1108700000.0,0.18,0.0,148400000.0,7605600000.0,7525700000.0,432500000.0,3133700000.0,352800000.0,2780900000.0,3915800000.0,,,4358125968.0,98900000.0,-420800000.0,2700000.0,353300000.0,-101200000.0,254800000.0,-553400000.0,-13800000.0,410700000.0,-13200000.0,274400000.0,274400000.0,274400000.0,0.0,0.0,0.044,553000000.0,555700000.0,1099300000.0,,2.897,15.882,,734200000.0,0.0,11.062,0.706,0.706,617300000.0,936500000.0,6169000000.0,6169000000.0,0.0,0.052,0.193,0.076,0.092,0.0,546800000.0,1.0,393982370.0,393863000,,15.663,5420400000.0,59200000.0,146800000.0,185100000.0,13.762,
96,PCAR,MRT,1997-06-30,1997-06-30,1997-06-30,2021-09-08,-112800000.0,5277300000.0,,1606400000.0,3670900000.0,,3.657,-120400000.0,228000000.0,228000000.0,4566600000.0,243000000.0,,2.664,2419600000.0,2419600000.0,,2419600000.0,0.0,81100000.0,0.0,0.027,0.252,521500000.0,602600000.0,0.108,602600000.0,521500000.0,374000000.0,,,,1440200000.0,,1440200000.0,5881683535.0,11.0,9.761,231500000.0,0.588,1.0,1007800000.0,0.181,0.0,147500000.0,7468900000.0,,403600000.0,3010800000.0,298000000.0,2712800000.0,3837100000.0,,,3616583535.0,112100000.0,-431900000.0,2400000.0,327300000.0,-99200000.0,230500000.0,-458600000.0,62400000.0,351900000.0,-11700000.0,243000000.0,243000000.0,243000000.0,0.0,0.0,0.044,503100000.0,504700000.0,1031500000.0,,2.511,14.883,,738100000.0,0.0,9.185,0.649,0.649,625700000.0,865600000.0,5574400000.0,5574400000.0,0.0,,,,0.094,0.0,497600000.0,1.0,393740949.0,393863000,,14.153,5277300000.0,67000000.0,131000000.0,173000000.0,13.399,
97,PCAR,MRT,1997-03-31,1997-03-31,1997-03-31,2021-09-08,-107200000.0,5206800000.0,,1511600000.0,3695200000.0,,3.516,-121500000.0,190700000.0,190700000.0,4097300000.0,223200000.0,,2.759,2455800000.0,2455800000.0,,2455800000.0,0.0,81100000.0,0.0,0.037,0.247,492600000.0,573700000.0,0.114,573700000.0,492600000.0,345800000.0,,,,1385000000.0,,1385000000.0,4846960200.0,10.0,8.449,218500000.0,0.555,1.0,923100000.0,0.184,0.0,146800000.0,7471900000.0,,384900000.0,3019500000.0,293500000.0,2726000000.0,3821800000.0,,,2595560200.0,69900000.0,-421500000.0,1300000.0,332700000.0,-97200000.0,236800000.0,-495200000.0,-2900000.0,340000000.0,-11700000.0,223200000.0,223200000.0,223200000.0,0.0,0.0,0.044,453200000.0,469900000.0,955400000.0,,1.874,11.629,,745300000.0,0.0,6.593,0.517,0.517,594400000.0,805800000.0,5020400000.0,5020400000.0,0.0,,,,0.098,0.0,447400000.0,1.0,393708570.0,393863000,,12.747,5206800000.0,64700000.0,122600000.0,196100000.0,13.22,
98,PCAR,MRT,1996-12-31,1996-12-31,1996-12-31,2021-09-08,-85100000.0,5298800000.0,4844650000.0,1548200000.0,3750600000.0,0.95,3.452,-123200000.0,222900000.0,222900000.0,3737300000.0,201000000.0,,2.902,2480500000.0,2480500000.0,,2480500000.0,0.0,81100000.0,0.0,0.037,0.247,460500000.0,541600000.0,0.118,541600000.0,460500000.0,312900000.0,0.512,0.512,0.512,1358000000.0,1304600000.0,1358000000.0,,,,235100000.0,0.598,1.0,865000000.0,0.188,0.0,147600000.0,7556400000.0,6937800000.0,406500000.0,3041800000.0,304900000.0,2736900000.0,3940800000.0,,,2644166196.0,38900000.0,-421500000.0,400000.0,327000000.0,-155500000.0,171900000.0,-488500000.0,-6700000.0,358300000.0,-2800000.0,201000000.0,201000000.0,201000000.0,0.0,0.0,0.044,427800000.0,437200000.0,999500000.0,0.482,1.947,13.155,13.117,777500000.0,0.0,6.716,0.575,0.574,560500000.0,757700000.0,4602300000.0,4602300000.0,0.0,0.041,0.154,0.066,0.1,0.0,422600000.0,1.0,393708570.0,393356000,393356000.0,11.7,5298800000.0,73300000.0,111900000.0,177300000.0,13.471,
99,PCAR,MRT,1996-09-30,1996-09-30,1996-09-30,2021-09-08,,,,,,,,,,,,,,,,,,,,,,0.073,0.395,,,,,,,,,,,,,,,,,,1.0,,,,,,,,,,,,,,,,,,,,,,,,,,,,,,,,,,,,,,,,5.407,,,,,,,,,,,,,,1.0,,393356000,,,,,,,,
100,PCAR,MRT,1996-06-30,1996-06-30,1996-06-30,2021-09-08,,,,,,,,,,,,,,,,,,,,,,0.081,0.395,,,,,,,,,,,,,,,,,,1.0,,,,,,,,,,,,,,,,,,,,,,,,,,,,,,,,,,,,,,,,4.877,,,,,,,,,,,,,,1.0,,393863000,,,,,,,,
101,PCAR,MRT,1996-03-31,1996-03-31,1996-03-31,2021-09-08,,,,,,,,,,,,,,,,,,,,,,0.079,0.395,,,,,,,,,,,,,,,,,,1.0,,,,,,,,,,,,,,,,,,,,,,,,,,,,,,,,,,,,,,,,5.012,,,,,,,,,,,,,,1.0,,393863000,,,,,,,,
102,PCAR,MRT,1995-12-31,1995-12-31,1995-12-31,2021-09-08,-87600000.0,4390500000.0,,1136600000.0,3253900000.0,,3.181,-93700000.0,184000000.0,184000000.0,3950700000.0,252800000.0,,2.509,2112700000.0,2112700000.0,,2112700000.0,0.0,73500000.0,0.0,0.095,0.395,543100000.0,616600000.0,0.127,616600000.0,543100000.0,399600000.0,0.642,0.642,0.642,1251200000.0,,1251200000.0,,,,204600000.0,0.52,1.0,899700000.0,0.185,0.0,143500000.0,6319200000.0,,239500000.0,3100600000.0,437300000.0,2663300000.0,3139300000.0,,,,-127300000.0,2500000.0,0.0,421500000.0,-116600000.0,304900000.0,-720100000.0,-519400000.0,298300000.0,-10400000.0,252800000.0,252800000.0,252800000.0,0.0,0.0,0.052,395300000.0,504400000.0,629200000.0,0.615,,,6.481,472100000.0,0.0,4.161,,0.337,227700000.0,653800000.0,4850400000.0,4850400000.0,0.0,,,,0.112,0.0,381000000.0,1.0,,393356000,393356000.0,12.331,4390500000.0,60100000.0,146800000.0,162700000.0,11.162,
103,PCAR,MRT,1994-12-31,1994-12-31,1994-12-31,2021-09-08,,,,,,,,-80600000.0,,,3693000000.0,204500000.0,,,,,,,,63200000.0,,0.068,0.296,426900000.0,490100000.0,0.109,490100000.0,426900000.0,320100000.0,0.52,0.52,0.52,,,,,,,269100000.0,0.683,1.0,812100000.0,0.18,,106800000.0,,,,,,,,,,,88100000.0,72200000.0,0.0,263600000.0,-74500000.0,189100000.0,-431500000.0,-428700000.0,349700000.0,-19200000.0,204500000.0,204500000.0,204500000.0,0.0,0.0,0.045,390100000.0,422000000.0,,0.569,,,8.405,,0.0,4.37,,0.382,,,4505100000.0,4505100000.0,0.0,,,,0.095,0.0,386100000.0,1.0,,393863000,393863000.0,11.438,,,115600000.0,,,
