None,ticker,dimension,calendardate,datekey,reportperiod,lastupdated,accoci,assets,assetsavg,assetsc,assetsnc,assetturnover,bvps,capex,cashneq,cashnequsd,cor,consolinc,currentratio,de,debt,debtc,debtnc,debtusd,deferredrev,depamor,deposits,divyield,dps,ebit,ebitda,ebitdamargin,ebitdausd,ebitusd,ebt,eps,epsdil,epsusd,equity,equityavg,equityusd,ev,evebit,evebitda,fcf,fcfps,fxusd,gp,grossmargin,intangibles,intexp,invcap,invcapavg,inventory,investments,investmentsc,investmentsnc,liabilities,liabilitiesc,liabilitiesnc,marketcap,ncf,ncfbus,ncfcommon,ncfdebt,ncfdiv,ncff,ncfi,ncfinv,ncfo,ncfx,netinc,netinccmn,netinccmnusd,netincdis,netincnci,netmargin,opex,opinc,payables,payoutratio,pb,pe,pe1,ppnenet,prefdivis,price,ps,ps1,receivables,retearn,revenue,revenueusd,rnd,roa,roe,roic,ros,sbcomp,sgna,sharefactor,sharesbas,shareswa,shareswadil,sps,tangibles,taxassets,taxexp,taxliabilities,tbvps,workingcapital
0,ROP,MRY,2020-12-31,2020-12-31,2020-12-31,2021-08-05,-147000000.0,24024800000.0,21239225000.0,1752300000.0,22272500000.0,0.26,100.189,-48900000.0,308300000.0,308300000.0,1984100000.0,949700000.0,0.717,1.292,9566500000.0,502000000.0,9064500000.0,9566500000.0,994600000.0,53400000.0,0.0,0.005,2.05,1428200000.0,1481600000.0,0.268,1481600000.0,1428200000.0,1209300000.0,9.08,8.98,9.08,10479800000.0,10027925000.0,10479800000.0,54611326103.0,38.0,36.86,1476200000.0,14.113,1.0,3543000000.0,0.641,21602100000.0,218900000.0,9236500000.0,7185825000.0,198400000.0,0.0,0.0,0.0,13545000000.0,2444400000.0,11100600000.0,45209426103.0,-401400000.0,-6022400000.0,74900000.0,4278000000.0,-214100000.0,4136900000.0,-6073900000.0,0.0,1525100000.0,10500000.0,949700000.0,949700000.0,949700000.0,0.0,0.0,0.172,2111900000.0,1431100000.0,177800000.0,0.226,4.314,47.604,47.477,140600000.0,0.0,431.09,8.18,8.158,1104700000.0,8546200000.0,5527100000.0,5527100000.0,0.0,0.045,0.095,0.199,0.258,121700000.0,2111900000.0,1.0,104872361.0,104600000.0,105700000.0,52.84,2422700000.0,125900000.0,259600000.0,1589400000.0,23.162,-692100000.0
1,ROP,MRY,2019-12-31,2019-12-31,2019-12-31,2021-08-05,-212800000.0,18108900000.0,16812600000.0,1999500000.0,16109400000.0,0.319,91.356,-62900000.0,709700000.0,709700000.0,1939700000.0,1767900000.0,0.834,0.908,5275300000.0,602200000.0,4673100000.0,5275300000.0,831800000.0,49200000.0,0.0,0.005,1.851,2414000000.0,2463200000.0,0.459,2463200000.0,2414000000.0,2227400000.0,17.02,16.82,17.02,9491900000.0,8637900000.0,9491900000.0,42735443378.0,18.0,17.35,1398900000.0,13.464,1.0,3427100000.0,0.639,15483100000.0,186600000.0,4794000000.0,5430425000.0,198600000.0,0.0,0.0,0.0,8617000000.0,2397400000.0,6219600000.0,36860443378.0,345300000.0,-1230500000.0,41700000.0,322900000.0,-191700000.0,177000000.0,-1296000000.0,0.0,1461800000.0,2500000.0,1767900000.0,1767900000.0,1767900000.0,0.0,0.0,0.329,1928700000.0,1498400000.0,162000000.0,0.109,3.883,20.85,20.813,139900000.0,0.0,354.23,6.868,6.858,975100000.0,7818000000.0,5366800000.0,5366800000.0,0.0,0.105,0.205,0.445,0.45,104500000.0,1928700000.0,1.0,104057938.0,103900000.0,105100000.0,51.654,2625800000.0,114100000.0,459500000.0,1323200000.0,25.272,-397900000.0
2,ROP,MRY,2018-12-31,2018-12-31,2018-12-31,2021-08-05,-243300000.0,15249500000.0,14982425000.0,1610700000.0,13638800000.0,0.346,74.985,-58600000.0,364400000.0,364400000.0,1911700000.0,944400000.0,1.112,0.971,4941700000.0,1500000.0,4940200000.0,4941700000.0,677900000.0,49500000.0,0.0,0.006,1.649,1380500000.0,1430000000.0,0.275,1430000000.0,1380500000.0,1198400000.0,9.15,9.05,9.15,7738500000.0,7437950000.0,7738500000.0,32418891208.0,23.0,22.671,1371500000.0,13.29,1.0,3279500000.0,0.632,13188900000.0,182100000.0,5189700000.0,4749325000.0,190800000.0,0.0,0.0,0.0,7511000000.0,1448200000.0,6062800000.0,27566391208.0,-306900000.0,-1275800000.0,16000000.0,-234400000.0,-170100000.0,-388100000.0,-1335100000.0,0.0,1430100000.0,-13800000.0,944400000.0,944400000.0,944400000.0,0.0,0.0,0.182,1883100000.0,1396400000.0,165300000.0,0.18,3.562,29.189,29.128,128700000.0,0.0,266.52,5.31,5.298,870200000.0,6247700000.0,5191200000.0,5191200000.0,0.0,0.063,0.127,0.291,0.266,133800000.0,1883100000.0,1.0,103430854.0,103200000.0,104400000.0,50.302,2060600000.0,73900000.0,254000000.0,989400000.0,19.967,162500000.0
3,ROP,MRY,2017-12-31,2017-12-31,2017-12-31,2021-08-05,-186200000.0,14316400000.0,14251603750.0,1759400000.0,12557000000.0,0.323,67.159,-59600000.0,671300000.0,671300000.0,1742700000.0,971800000.0,0.867,1.086,5155500000.0,800900000.0,4354600000.0,5155500000.0,566400000.0,49500000.0,0.0,0.005,1.4,1215300000.0,1264800000.0,0.275,1264800000.0,1215300000.0,1034700000.0,9.51,9.39,9.51,6863600000.0,6373465000.0,6863600000.0,31240444656.0,26.0,24.7,1174900000.0,11.496,1.0,2864800000.0,0.622,12295500000.0,180600000.0,4475700000.0,5136321250.0,204900000.0,0.0,0.0,0.0,7452800000.0,2029400000.0,5423400000.0,26511805656.0,-85900000.0,-153700000.0,32700000.0,-1060000000.0,-142800000.0,-1170000000.0,-209600000.0,0.0,1234500000.0,59200000.0,971800000.0,971800000.0,971800000.0,0.0,0.0,0.211,1654600000.0,1210200000.0,171100000.0,0.147,3.863,27.281,27.234,142500000.0,0.0,259.0,5.754,5.745,785300000.0,5464600000.0,4607500000.0,4607500000.0,0.0,0.068,0.152,0.237,0.264,83100000.0,1654600000.0,1.0,102362184.0,102200000.0,103500000.0,45.083,2020900000.0,55100000.0,62900000.0,856000000.0,19.774,-270000000.0
4,ROP,MRY,2016-12-31,2016-12-31,2016-12-31,2021-08-05,-324739000.0,14324927000.0,11331645250.0,1776501000.0,12548426000.0,0.334,57.146,-40100000.0,757200000.0,757200000.0,1457500000.0,658600000.0,1.229,1.475,6209536000.0,400975000.0,5808561000.0,6209536000.0,488399000.0,37300000.0,0.0,0.007,1.2,1052200000.0,1089500000.0,0.287,1089500000.0,1052200000.0,940600000.0,6.5,6.43,6.5,5788865000.0,5623406000.0,5788865000.0,20777356519.0,20.0,19.071,923700000.0,9.118,1.0,2332400000.0,0.615,12302985000.0,111600000.0,6029006000.0,4086967000.0,181952000.0,0.0,0.0,0.0,8536062000.0,1445272000.0,7090790000.0,18570573519.0,-21300000.0,-3721800000.0,13300000.0,2928400000.0,-121100000.0,2805300000.0,-3752900000.0,0.0,963800000.0,-37500000.0,658600000.0,658600000.0,658600000.0,0.0,0.0,0.174,1277800000.0,1054600000.0,152067000.0,0.185,3.208,28.197,28.166,141318000.0,0.0,183.08,4.9,4.894,749819000.0,4642402000.0,3789900000.0,3789900000.0,0.0,0.058,0.117,0.257,0.278,78800000.0,1277800000.0,1.0,101434201.0,101300000.0,102500000.0,37.413,2021942000.0,62299000.0,282000000.0,1200967000.0,19.96,331229000.0
5,ROP,MRY,2015-12-31,2015-12-31,2015-12-31,2021-08-05,-212779000.0,10168365000.0,9402520500.0,1618047000.0,8550318000.0,0.381,52.665,-38699000.0,778511000.0,778511000.0,1417749000.0,696067000.0,2.247,0.919,3271222000.0,6805000.0,3264417000.0,3271222000.0,267030000.0,38185000.0,0.0,0.005,1.0,1086570000.0,1124755000.0,0.314,1124755000.0,1086570000.0,1002345000.0,6.92,6.85,6.92,5298947000.0,5063649000.0,5298947000.0,21230216820.0,20.0,18.875,890126000.0,8.847,1.0,2164646000.0,0.604,8353722000.0,84225000.0,3587226000.0,3237137750.0,189868000.0,0.0,0.0,0.0,4869418000.0,720128000.0,4149290000.0,19131816820.0,168081000.0,-1657259000.0,21201000.0,1067950000.0,-100334000.0,996242000.0,-1698332000.0,0.0,928825000.0,-58654000.0,696067000.0,696067000.0,696067000.0,0.0,0.0,0.194,1136728000.0,1027918000.0,139737000.0,0.145,3.61,27.486,27.426,105510000.0,0.0,189.79,5.341,5.33,610313000.0,4110530000.0,3582395000.0,3582395000.0,0.0,0.074,0.137,0.336,0.303,61766000.0,1136728000.0,1.0,100805189.0,100616000.0,101597000.0,35.605,1814643000.0,31532000.0,306278000.0,829388000.0,18.035,897919000.0
6,ROP,MRY,2014-12-31,2014-12-31,2014-12-31,2021-08-05,-71927000.0,8400185000.0,8340575000.0,1512105000.0,6888080000.0,0.426,47.594,-40232000.0,610430000.0,610430000.0,1447595000.0,646033000.0,2.408,0.766,2201374000.0,11092000.0,2190282000.0,2201374000.0,190953000.0,40890000.0,0.0,0.005,0.8,1000093000.0,1040983000.0,0.293,1040983000.0,1000093000.0,921456000.0,6.47,6.4,6.47,4755360000.0,4577211000.0,4755360000.0,17769639055.0,18.0,17.07,800209000.0,8.009,1.0,2101899000.0,0.592,6689420000.0,78637000.0,2673762000.0,2789984750.0,193766000.0,0.0,0.0,0.0,3644825000.0,627947000.0,3016878000.0,15964203055.0,150710000.0,-305379000.0,13214000.0,-250561000.0,-79859000.0,-298104000.0,-348105000.0,0.0,840441000.0,-43522000.0,646033000.0,646033000.0,646033000.0,0.0,0.0,0.182,1102426000.0,999473000.0,143847000.0,0.124,3.357,24.711,24.165,110876000.0,0.0,156.35,4.498,4.401,607947000.0,3520201000.0,3549494000.0,3549494000.0,0.0,0.077,0.141,0.358,0.282,63027000.0,1102426000.0,1.0,102105552.0,99916000.0,100884000.0,35.525,1710765000.0,81695000.0,275423000.0,739769000.0,17.122,884158000.0
7,ROP,MRY,2013-12-31,2013-12-31,2013-12-31,2021-08-05,43083000.0,8184981000.0,7924322000.0,1373337000.0,6811644000.0,0.409,42.503,-42528000.0,459720000.0,459720000.0,1355200000.0,538293000.0,2.136,0.943,2464852000.0,11016000.0,2453836000.0,2464852000.0,209332000.0,37756000.0,0.0,0.004,0.495,842169000.0,879925000.0,0.272,879925000.0,842169000.0,754130000.0,5.43,5.37,5.43,4213050000.0,3986896750.0,4213050000.0,15918124007.0,19.0,18.09,760025000.0,7.667,1.0,1882928000.0,0.581,6589134000.0,88039000.0,2957888000.0,2734958750.0,204923000.0,0.0,0.0,0.0,3971931000.0,643091000.0,3328840000.0,13772247007.0,89130000.0,-1074413000.0,10393000.0,438581000.0,-49092000.0,403633000.0,-1115863000.0,0.0,802553000.0,-1193000.0,538293000.0,538293000.0,538293000.0,0.0,0.0,0.166,1040567000.0,842361000.0,150313000.0,0.091,3.269,25.585,25.54,117310000.0,0.0,138.68,4.253,4.245,606020000.0,2959196000.0,3238128000.0,3238128000.0,0.0,0.068,0.135,0.308,0.26,53133000.0,1040567000.0,1.0,99309540.0,99123000.0,100209000.0,32.668,1595847000.0,93237000.0,215837000.0,794570000.0,16.1,730246000.0
8,ROP,MRY,2012-12-31,2012-12-31,2012-12-31,2021-08-05,58537000.0,7071104000.0,6263426250.0,1245542000.0,5825562000.0,0.478,37.745,-38405000.0,370590000.0,370590000.0,1321772000.0,483360000.0,1.147,0.917,2022122000.0,519015000.0,1503107000.0,2022122000.0,185912000.0,37888000.0,0.0,0.006,0.715,754206000.0,792094000.0,0.265,792094000.0,754206000.0,686681000.0,4.95,4.86,4.95,3687726000.0,3505174750.0,3687726000.0,12713904250.0,17.0,16.051,639447000.0,6.545,1.0,1671717000.0,0.558,5567724000.0,67525000.0,2068702000.0,1834941250.0,190867000.0,0.0,0.0,0.0,3383378000.0,1086210000.0,2297168000.0,10964234250.0,32489000.0,-1467772000.0,39874000.0,930483000.0,-69903000.0,853870000.0,-1505545000.0,0.0,677852000.0,6312000.0,483360000.0,483360000.0,483360000.0,0.0,0.0,0.161,914130000.0,757587000.0,138340000.0,0.144,2.973,22.683,22.521,110397000.0,0.0,111.48,3.663,3.639,598601000.0,2489858000.0,2993489000.0,2993489000.0,0.0,0.077,0.138,0.411,0.252,40773000.0,914130000.0,1.0,98351581.0,97702000.0,99558000.0,30.639,1503380000.0,120636000.0,203321000.0,711146000.0,15.387,159332000.0
9,ROP,MRY,2011-12-31,2011-12-31,2011-12-31,2021-08-05,33800000.0,5319417000.0,5234685250.0,1115473000.0,4203944000.0,0.534,33.296,-40702000.0,338101000.0,338101000.0,1281525000.0,427247000.0,2.013,0.665,1085016000.0,69906000.0,1015110000.0,1085016000.0,94761000.0,36780000.0,0.0,0.005,0.44,668635000.0,705415000.0,0.252,705415000.0,668635000.0,604987000.0,4.45,4.34,4.45,3195096000.0,3032360500.0,3195096000.0,9309015750.0,14.0,13.197,560916000.0,5.845,1.0,1515564000.0,0.542,3960568000.0,63648000.0,1551568000.0,1680132000.0,204758000.0,0.0,0.0,0.0,2124321000.0,554196000.0,1570125000.0,8380979750.0,67707000.0,-233594000.0,30271000.0,-256457000.0,-42090000.0,-256679000.0,-275749000.0,0.0,601618000.0,-1483000.0,427247000.0,427247000.0,427247000.0,0.0,0.0,0.153,855025000.0,660539000.0,141943000.0,0.099,2.623,19.616,19.521,108775000.0,0.0,86.87,2.996,2.98,502963000.0,2063110000.0,2797089000.0,2797089000.0,0.0,0.082,0.141,0.398,0.239,31730000.0,855025000.0,1.0,96477262.0,95959000.0,98386000.0,29.149,1358849000.0,101010000.0,177740000.0,502046000.0,14.161,561277000.0
10,ROP,MRY,2010-12-31,2010-12-31,2010-12-31,2021-08-05,43978000.0,5069524000.0,4700634750.0,998091000.0,4071433000.0,0.508,29.19,-28591000.0,270394000.0,270394000.0,1110986000.0,322580000.0,1.85,0.843,1341045000.0,93342000.0,1247703000.0,1341045000.0,0.0,36728000.0,0.0,0.005,0.38,514927000.0,551655000.0,0.231,551655000.0,514927000.0,448394000.0,3.42,3.34,3.42,2750907000.0,2585731250.0,2750907000.0,8461384691.0,16.0,15.338,470949000.0,4.997,1.0,1275126000.0,0.534,3832293000.0,66533000.0,1768237000.0,1693665250.0,178559000.0,0.0,0.0,0.0,2318617000.0,539645000.0,1778972000.0,7235667691.0,102686000.0,-536413000.0,30744000.0,166589000.0,-35706000.0,167609000.0,-563274000.0,0.0,499540000.0,-1189000.0,322580000.0,322580000.0,322580000.0,0.0,0.0,0.135,760832000.0,514294000.0,137778000.0,0.111,2.63,22.431,22.348,103487000.0,0.0,76.43,3.032,3.019,478957000.0,1680849000.0,2386112000.0,2386112000.0,0.0,0.069,0.125,0.304,0.216,25150000.0,760832000.0,1.0,94670518.0,94242000.0,96653000.0,25.319,1237231000.0,90744000.0,125814000.0,475446000.0,13.128,458446000.0
11,ROP,MRY,2009-12-31,2009-12-31,2009-12-31,2021-08-05,63945000.0,4327736000.0,4052518750.0,870745000.0,3456991000.0,0.506,26.702,-25885000.0,167708000.0,167708000.0,1006530000.0,239481000.0,1.822,0.787,1153758000.0,112796000.0,1040962000.0,1153758000.0,0.0,34163000.0,0.0,0.006,0.33,398312000.0,432475000.0,0.211,432475000.0,398312000.0,339768000.0,2.64,2.58,2.64,2421490000.0,2207261000.0,2421490000.0,5636735088.0,14.0,13.034,341614000.0,3.767,1.0,1043138000.0,0.509,3257332000.0,58544000.0,1578443000.0,1555397500.0,178795000.0,0.0,0.0,0.0,1906246000.0,478011000.0,1428235000.0,4768550088.0,-10361000.0,-354561000.0,133649000.0,-117978000.0,-29823000.0,-13597000.0,-374192000.0,0.0,367499000.0,9929000.0,239481000.0,239481000.0,239481000.0,0.0,0.0,0.117,647742000.0,395396000.0,110103000.0,0.125,1.969,19.912,19.837,109493000.0,0.0,52.37,2.326,2.317,438811000.0,1395586000.0,2049668000.0,2049668000.0,0.0,0.059,0.108,0.256,0.194,27476000.0,647742000.0,1.0,91054995.0,90685000.0,92820000.0,22.602,1070404000.0,60429000.0,100287000.0,329970000.0,11.804,392734000.0
12,ROP,MRY,2008-12-31,2008-12-31,2008-12-31,2021-08-05,21513000.0,3971538000.0,3892289000.0,858307000.0,3113231000.0,0.593,22.398,-30047000.0,178069000.0,178069000.0,1118083000.0,281874000.0,1.387,0.982,1267215000.0,233526000.0,1033689000.0,1267215000.0,0.0,33900000.0,0.0,0.007,0.29,489635000.0,523535000.0,0.227,523535000.0,489635000.0,428816000.0,3.15,3.01,3.15,2003934000.0,1961828500.0,2003934000.0,5084475616.0,10.0,9.712,404391000.0,4.52,1.0,1188288000.0,0.515,2922872000.0,60819000.0,1518905000.0,1406574000.0,185919000.0,0.0,0.0,0.0,1967604000.0,618907000.0,1348697000.0,3894397616.0,-130699000.0,-704764000.0,12931000.0,195029000.0,-25887000.0,187919000.0,-739294000.0,0.0,434438000.0,-13762000.0,281874000.0,281874000.0,281874000.0,0.0,0.0,0.122,702127000.0,486161000.0,121807000.0,0.092,1.943,13.816,13.781,112463000.0,0.0,43.41,1.689,1.684,438023000.0,1187467000.0,2306371000.0,2306371000.0,0.0,0.072,0.144,0.348,0.212,30905000.0,702127000.0,1.0,89711993.0,89468000.0,93699000.0,25.779,1048666000.0,57440000.0,146942000.0,274074000.0,11.721,239400000.0
13,ROP,MRY,2007-12-31,2007-12-31,2007-12-31,2021-08-05,108732000.0,3453184000.0,3255584250.0,951137000.0,2502047000.0,0.646,20.249,-30107000.0,308768000.0,308768000.0,1043654000.0,245705000.0,1.425,0.929,1058592000.0,331103000.0,727489000.0,1058592000.0,0.0,31805000.0,0.0,0.004,0.26,435852000.0,467657000.0,0.222,467657000.0,435852000.0,376997000.0,2.78,2.64,2.78,1789806000.0,1666185000.0,1789806000.0,6397553307.0,15.0,13.68,313700000.0,3.549,1.0,1058395000.0,0.504,2319588000.0,58855000.0,1215890000.0,1203815000.0,174138000.0,0.0,0.0,0.0,1663378000.0,667530000.0,995848000.0,5545139307.0,239290000.0,-106942000.0,17026000.0,27600000.0,-22954000.0,29548000.0,-142388000.0,0.0,343807000.0,8323000.0,245705000.0,245705000.0,245705000.0,0.0,0.0,0.117,620041000.0,438354000.0,115809000.0,0.094,3.098,22.568,22.496,107513000.0,0.0,62.54,2.638,2.63,420026000.0,944886000.0,2102049000.0,2102049000.0,0.0,0.075,0.147,0.362,0.207,20688000.0,620041000.0,1.0,88665483.0,88390000.0,93229000.0,23.782,1133596000.0,51654000.0,131292000.0,247974000.0,12.825,283607000.0
14,ROP,MRY,2006-12-31,2006-12-31,2006-12-31,2021-08-05,68666000.0,2995359000.0,2708871500.0,627495000.0,2367864000.0,0.628,17.121,-32153000.0,69478000.0,69478000.0,839409000.0,193324000.0,1.068,1.015,1026792000.0,299911000.0,726881000.0,1026792000.0,0.0,29939000.0,0.0,0.005,0.235,337673000.0,367612000.0,0.216,367612000.0,337673000.0,292872000.0,2.23,2.13,2.23,1486839000.0,1391685500.0,1486839000.0,5195248516.0,15.0,14.132,230385000.0,2.653,1.0,861325000.0,0.506,2195344000.0,44801000.0,1169680000.0,1043616750.0,168319000.0,0.0,0.0,0.0,1508520000.0,587649000.0,920871000.0,4380596516.0,16362000.0,-352125000.0,22259000.0,125663000.0,-20402000.0,138291000.0,-386665000.0,0.0,262538000.0,2198000.0,193324000.0,193324000.0,193324000.0,0.0,0.0,0.114,523672000.0,337653000.0,96139000.0,0.105,2.946,22.659,22.529,107003000.0,0.0,50.24,2.576,2.565,353761000.0,721899000.0,1700734000.0,1700734000.0,0.0,0.071,0.139,0.324,0.199,15415000.0,523672000.0,1.0,87193402.0,86842000.0,90880000.0,19.584,800015000.0,39610000.0,99548000.0,177445000.0,9.212,39846000.0
15,ROP,MRY,2005-12-31,2005-12-31,2005-12-31,2021-08-05,51731000.0,2522306000.0,2438036250.0,498207000.0,2024099000.0,0.596,14.618,-24762000.0,53116000.0,53116000.0,727324000.0,153175000.0,0.985,1.018,894271000.0,273313000.0,620958000.0,894271000.0,0.0,28413000.0,0.0,0.005,0.212,263961000.0,292374000.0,0.201,292374000.0,263961000.0,220567000.0,1.79,1.74,1.79,1249788000.0,1186459250.0,1249788000.0,4174485876.0,16.0,14.278,256539000.0,3.001,1.0,726407000.0,0.5,1855077000.0,43394000.0,1002759000.0,1139110750.0,131838000.0,0.0,0.0,0.0,1272518000.0,505625000.0,766893000.0,3389851876.0,-76303000.0,-329934000.0,15686000.0,7848000.0,-18151000.0,5383000.0,-355870000.0,0.0,281301000.0,-7117000.0,153175000.0,153175000.0,153175000.0,0.0,0.0,0.105,461508000.0,264899000.0,71693000.0,0.118,2.712,22.131,22.073,97462000.0,0.0,39.51,2.332,2.324,257210000.0,549603000.0,1453731000.0,1453731000.0,0.0,0.063,0.129,0.232,0.182,4323000.0,461508000.0,1.0,85797314.0,85498000.0,87884000.0,17.003,667229000.0,44997000.0,67392000.0,141986000.0,7.804,-7418000.0
16,ROP,MRY,2004-12-31,2004-12-31,2004-12-31,2021-08-05,76249000.0,2366404000.0,1751935500.0,556160000.0,1810244000.0,0.554,14.966,-12141000.0,129419000.0,129419000.0,484719000.0,93852000.0,2.193,1.124,891891000.0,36527000.0,855364000.0,891891000.0,0.0,18260000.0,0.0,0.006,0.193,162563000.0,180823000.0,0.186,180823000.0,162563000.0,133716000.0,1.26,1.24,1.26,1114086000.0,822805250.0,1114086000.0,2771317238.0,17.0,15.326,152684000.0,2.051,1.0,485045000.0,0.5,1631208000.0,28847000.0,1244118000.0,988837000.0,132282000.0,0.0,0.0,0.0,1252318000.0,253550000.0,998768000.0,2258036238.0,59185000.0,-641147000.0,339205000.0,223368000.0,-14201000.0,548372000.0,-658399000.0,0.0,164825000.0,4387000.0,93852000.0,93852000.0,93852000.0,0.0,0.0,0.097,313743000.0,171302000.0,65801000.0,0.153,2.027,24.06,24.115,97949000.0,0.0,30.385,2.328,2.332,242014000.0,415188000.0,969764000.0,969764000.0,0.0,0.054,0.114,0.164,0.168,961000.0,313743000.0,1.0,74314176.0,74440000.0,75664000.0,13.027,735196000.0,54690000.0,39864000.0,131326000.0,9.876,302610000.0
17,ROP,MRY,2003-12-31,2003-12-31,2003-12-31,2021-08-05,48989000.0,1514995000.0,1169980500.0,381192000.0,1133803000.0,0.562,10.384,-10422000.0,70234000.0,70234000.0,311218000.0,45239000.0,2.36,1.31,651109000.0,20923000.0,630186000.0,651109000.0,0.0,11540000.0,0.0,0.007,0.175,79852000.0,91392000.0,0.139,91392000.0,79852000.0,63468000.0,0.72,0.71,0.72,655781000.0,518381000.0,655781000.0,1833760812.0,23.0,20.065,60871000.0,0.964,1.0,346138000.0,0.527,1009827000.0,16384000.0,924546000.0,720291000.0,107082000.0,0.0,0.0,0.0,859214000.0,161497000.0,697717000.0,1559783812.0,54964000.0,-492510000.0,200920000.0,298837000.0,-11738000.0,488019000.0,-507596000.0,0.0,71293000.0,3248000.0,45239000.0,45239000.0,45239000.0,2822000.0,0.0,0.069,238038000.0,108100000.0,45412000.0,0.243,2.379,34.479,34.208,78461000.0,0.0,24.63,2.373,2.366,150856000.0,336520000.0,657356000.0,657356000.0,0.0,0.039,0.087,0.111,0.121,416000.0,238038000.0,1.0,63328616.0,63150000.0,63984000.0,10.409,505168000.0,39348000.0,18229000.0,51826000.0,7.999,219695000.0
18,ROP,MRY,2002-12-31,2002-10-31,2002-10-31,2021-08-05,5940000.0,828973000.0,802864000.0,248827000.0,580146000.0,0.769,6.024,-7738000.0,12422000.0,12422000.0,283707000.0,40053000.0,1.911,1.205,332105000.0,20515000.0,311590000.0,332105000.0,0.0,11600000.0,0.0,0.009,0.165,88448000.0,100048000.0,0.162,100048000.0,88448000.0,69942000.0,0.64,0.63,0.64,376012000.0,362962250.0,376012000.0,1547545800.0,17.0,15.468,79020000.0,1.266,1.0,333755000.0,0.541,496265000.0,18506000.0,522154000.0,529058250.0,88313000.0,0.0,0.0,0.0,452961000.0,130237000.0,322724000.0,1209067800.0,-3997000.0,-82813000.0,8839000.0,2258000.0,-10317000.0,780000.0,-92422000.0,0.0,86758000.0,887000.0,40053000.0,40053000.0,40053000.0,415000.0,0.0,0.065,244180000.0,89575000.0,35253000.0,0.258,3.216,30.187,30.156,51089000.0,0.0,19.3,1.958,1.951,138290000.0,304995000.0,617462000.0,617462000.0,0.0,0.05,0.11,0.167,0.143,0.0,218210000.0,1.0,62646000.0,62420000.0,63630000.0,9.892,332708000.0,0.0,29889000.0,7618000.0,5.33,118590000.0
19,ROP,MRY,2001-12-31,2001-10-31,2001-10-31,2021-08-05,-7757000.0,762122000.0,641153000.0,239852000.0,522270000.0,0.878,5.259,-7432000.0,16419000.0,16419000.0,258205000.0,55839000.0,2.309,1.356,326840000.0,3010000.0,323830000.0,326840000.0,0.0,9838000.0,0.0,0.007,0.15,103206000.0,113044000.0,0.201,113044000.0,103206000.0,87289000.0,0.91,0.885,0.91,323506000.0,302609500.0,323506000.0,1499419200.0,15.0,13.264,95007000.0,1.544,1.0,304750000.0,0.541,446762000.0,15917000.0,521901000.0,418177250.0,89543000.0,0.0,0.0,0.0,438616000.0,103880000.0,334736000.0,1308591200.0,4838000.0,-170180000.0,4788000.0,83310000.0,-9232000.0,78866000.0,-176706000.0,0.0,102439000.0,239000.0,55839000.0,55839000.0,55839000.0,1576000.0,0.0,0.099,203884000.0,100866000.0,32995000.0,0.165,4.045,23.435,23.297,51543000.0,0.0,21.2,2.325,2.317,116510000.0,275259000.0,562955000.0,562955000.0,0.0,0.087,0.185,0.247,0.183,0.0,203884000.0,1.0,61726000.0,61516000.0,62986000.0,9.151,315360000.0,0.0,31450000.0,5617000.0,5.126,135972000.0
20,ROP,MRY,2000-12-31,2000-10-31,2000-10-31,2021-08-05,-8913000.0,596902000.0,528164250.0,213955000.0,382947000.0,0.89,4.436,-14935000.0,11372000.0,11372000.0,217477000.0,49278000.0,2.532,1.209,241309000.0,6706000.0,234603000.0,241309000.0,0.0,8260000.0,0.0,0.008,0.14,89572000.0,97832000.0,0.208,97832000.0,89572000.0,76089000.0,0.81,0.79,0.81,270191000.0,255240250.0,270191000.0,1261895705.0,14.0,12.899,52864000.0,0.868,1.0,252522000.0,0.537,323195000.0,13483000.0,419152000.0,358389750.0,83627000.0,0.0,0.0,0.0,326711000.0,84492000.0,242219000.0,1069220705.0,-1743000.0,-161546000.0,4223000.0,113929000.0,-8537000.0,109615000.0,-178012000.0,0.0,67799000.0,-1145000.0,49278000.0,49278000.0,49278000.0,297000.0,0.0,0.105,163860000.0,88662000.0,26486000.0,0.173,3.957,21.698,21.605,48907000.0,0.0,17.5,2.275,2.268,115191000.0,228652000.0,469999000.0,469999000.0,0.0,0.093,0.193,0.25,0.191,0.0,163860000.0,1.0,61098326.0,60914000.0,62364000.0,7.716,273707000.0,0.0,26811000.0,3001000.0,4.493,129463000.0
21,ROP,MRY,1999-12-31,1999-10-31,1999-10-31,2021-08-05,-2172000.0,420163000.0,394465500.0,161819000.0,258344000.0,1.032,3.832,-5148000.0,13490000.0,13490000.0,196753000.0,47346000.0,2.24,0.811,130516000.0,20857000.0,109659000.0,130516000.0,0.0,6620000.0,0.0,0.008,0.13,79538000.0,86158000.0,0.212,86158000.0,79538000.0,72284000.0,0.78,0.765,0.78,231968000.0,215133750.0,231968000.0,1062520703.0,13.0,12.332,47678000.0,0.788,1.0,210503000.0,0.517,215020000.0,7254000.0,249926000.0,245261000.0,56401000.0,0.0,0.0,0.0,188195000.0,72243000.0,115952000.0,935842703.0,4140000.0,-36343000.0,-1608000.0,4059000.0,-7870000.0,-7086000.0,-41324000.0,0.0,52826000.0,-276000.0,47346000.0,47346000.0,47346000.0,0.0,0.0,0.116,132548000.0,77955000.0,18457000.0,0.167,4.034,19.766,19.795,34797000.0,0.0,15.44,2.298,2.295,89154000.0,187911000.0,407256000.0,407256000.0,0.0,0.12,0.22,0.324,0.195,0.0,132548000.0,1.0,60611574.0,60536000.0,61984000.0,6.728,205143000.0,0.0,24938000.0,1485000.0,3.389,89576000.0
22,ROP,MRY,1998-12-31,1998-10-31,1998-10-31,2021-08-05,-906000.0,381533000.0,375433500.0,139852000.0,241681000.0,1.037,3.178,-5502000.0,9350000.0,9350000.0,198217000.0,39316000.0,2.429,0.936,126056000.0,5749000.0,120307000.0,126056000.0,0.0,6106000.0,0.0,0.013,0.12,67472000.0,73578000.0,0.189,73578000.0,67472000.0,59616000.0,0.635,0.62,0.635,197033000.0,198045500.0,197033000.0,683943307.0,10.0,9.295,70671000.0,1.14,1.0,190953000.0,0.491,197179000.0,7856000.0,243482000.0,245418750.0,51444000.0,0.0,0.0,0.0,184500000.0,57578000.0,126922000.0,557148307.0,8701000.0,-62676000.0,-14691000.0,23374000.0,-7428000.0,1055000.0,-68430000.0,0.0,76173000.0,-97000.0,39316000.0,39316000.0,39316000.0,0.0,0.0,0.101,124861000.0,66092000.0,21051000.0,0.189,2.828,14.171,14.024,31905000.0,0.0,8.905,1.432,1.419,76999000.0,148435000.0,389170000.0,389170000.0,0.0,0.105,0.199,0.275,0.173,0.0,124861000.0,1.0,62565784.0,62002000.0,63434000.0,6.277,184354000.0,0.0,20300000.0,863000.0,2.973,82274000.0
23,ROP,MRY,1997-12-31,1997-10-31,1997-10-31,2021-08-05,-937000.0,329320000.0,286136500.0,131890000.0,197430000.0,1.042,2.908,-4984000.0,649000.0,649000.0,144847000.0,36350000.0,2.935,0.851,102125000.0,2487000.0,99638000.0,102125000.0,0.0,5367000.0,0.0,0.007,0.098,61148000.0,66515000.0,0.223,66515000.0,61148000.0,55100000.0,0.595,0.58,0.595,177869000.0,157632500.0,177869000.0,,,,30419000.0,0.497,1.0,153389000.0,0.514,154255000.0,6048000.0,231605000.0,188573000.0,50199000.0,0.0,0.0,0.0,151451000.0,44936000.0,106515000.0,829052960.0,226000.0,-55311000.0,1762000.0,29665000.0,-5977000.0,25334000.0,-60458000.0,0.0,35403000.0,-53000.0,36350000.0,36350000.0,36350000.0,0.0,0.0,0.122,92519000.0,60870000.0,15654000.0,0.165,4.661,22.808,22.479,31395000.0,0.0,13.375,2.78,2.743,78752000.0,116547000.0,298236000.0,298236000.0,0.0,0.127,0.231,0.324,0.205,0.0,92519000.0,1.0,61985268.0,61160000.0,62916000.0,4.876,175065000.0,0.0,18750000.0,1564000.0,2.862,86954000.0
24,ROP,MRY,1996-12-31,1996-10-31,1996-10-31,2021-08-05,177000.0,242953000.0,,84513000.0,158440000.0,,2.281,-5010000.0,423000.0,423000.0,109727000.0,28857000.0,2.139,0.768,70187000.0,6814000.0,63373000.0,70187000.0,0.0,4140000.0,0.0,0.007,0.079,47522000.0,51662000.0,0.229,51662000.0,47522000.0,44240000.0,0.48,0.465,0.48,137396000.0,,137396000.0,,,,28076000.0,0.466,1.0,115924000.0,0.514,127670000.0,3282000.0,145541000.0,,31133000.0,0.0,0.0,0.0,105557000.0,39506000.0,66051000.0,,-1899000.0,-74878000.0,1100000.0,49477000.0,-4750000.0,44961000.0,-79883000.0,0.0,33086000.0,-63000.0,28857000.0,28857000.0,28857000.0,0.0,0.0,0.128,68652000.0,47272000.0,11004000.0,0.165,,,22.005,23959000.0,0.0,10.562,,2.819,50659000.0,86174000.0,225651000.0,225651000.0,0.0,,,,0.211,0.0,68652000.0,1.0,,60224000.0,61764000.0,3.747,115283000.0,0.0,15383000.0,3723000.0,1.914,45007000.0
25,ROP,MRY,1995-12-31,1995-10-31,1995-10-31,2021-08-05,,,,,,,,-3194000.0,,,81618000.0,23271000.0,,,,,,,,3251000.0,,0.006,0.056,37953000.0,41204000.0,0.235,41204000.0,37953000.0,36001000.0,0.385,0.385,0.385,,,,,,,23025000.0,0.38,1.0,93803000.0,0.535,,1952000.0,,,,,,,,,,,299000.0,-24187000.0,734000.0,3529000.0,-3349000.0,1439000.0,-27362000.0,0.0,26219000.0,3000.0,23271000.0,23271000.0,23271000.0,0.0,0.0,0.133,56392000.0,37411000.0,,0.145,,,23.539,,0.0,9.062,,3.127,,,175421000.0,175421000.0,0.0,,,,0.216,0.0,56392000.0,1.0,,60520000.0,60520000.0,2.899,,,12730000.0,,,
0,ROP,MRQ,2021-06-30,2021-06-30,2021-06-30,2021-08-05,-115100000.0,23833700000.0,,1796700000.0,22037000000.0,,105.311,-16200000.0,337800000.0,337800000.0,553500000.0,286300000.0,0.718,1.149,8701900000.0,502400000.0,8199500000.0,8701900000.0,1010600000.0,14500000.0,0.0,0.005,0.562,418900000.0,433400000.0,0.273,433400000.0,418900000.0,359400000.0,2.72,2.69,2.72,11089200000.0,,11089200000.0,58226290966.0,37.0,35.278,409300000.0,3.887,1.0,1034100000.0,0.651,21366800000.0,59500000.0,8327900000.0,,212700000.0,0.0,0.0,0.0,12744500000.0,2503100000.0,10241400000.0,49483390966.0,6800000.0,-15500000.0,44300000.0,-375000000.0,-59000000.0,-389400000.0,-32900000.0,0.0,425500000.0,3600000.0,286300000.0,286300000.0,286300000.0,0.0,0.0,0.18,616100000.0,418000000.0,209600000.0,0.207,4.462,46.441,46.325,125300000.0,0.0,470.2,8.264,8.269,1079500000.0,9003100000.0,1587600000.0,1587600000.0,0.0,,,,,36400000.0,616100000.0,1.0,105239028.0,105300000.0,106400000.0,15.077,2466900000.0,132300000.0,73100000.0,1603100000.0,23.427,-706400000.0
1,ROP,MRQ,2021-03-31,2021-03-31,2021-03-31,2021-08-05,-132400000.0,23871100000.0,,1739400000.0,22131700000.0,,102.53,-16300000.0,331000000.0,331000000.0,534800000.0,289000000.0,0.706,1.217,9073900000.0,502100000.0,8571800000.0,9073900000.0,1023400000.0,14700000.0,0.0,0.005,0.562,427500000.0,442200000.0,0.289,442200000.0,427500000.0,366900000.0,2.75,2.73,2.75,10765700000.0,,10765700000.0,51584537054.0,34.0,33.046,543300000.0,5.174,1.0,993800000.0,0.65,21472100000.0,60600000.0,8679000000.0,,206000000.0,0.0,0.0,0.0,13105400000.0,2462900000.0,10642500000.0,42326337054.0,22700000.0,-100000.0,9100000.0,-495000000.0,-58800000.0,-545200000.0,10700000.0,0.0,559600000.0,-2400000.0,289000000.0,289000000.0,289000000.0,0.0,0.0,0.189,593300000.0,400500000.0,190900000.0,0.204,3.932,42.394,42.323,134600000.0,0.0,403.34,7.419,7.423,1060000000.0,8776000000.0,1528600000.0,1528600000.0,0.0,,,,,32900000.0,593300000.0,1.0,104939597.0,105000000.0,106000000.0,14.558,2399000000.0,115500000.0,77900000.0,1635600000.0,22.848,-723500000.0
2,ROP,MRQ,2020-12-31,2020-12-31,2020-12-31,2021-08-05,-147000000.0,24024800000.0,,1752300000.0,22272500000.0,,99.903,-16100000.0,308300000.0,308300000.0,538700000.0,255800000.0,0.717,1.292,9566500000.0,502000000.0,9064500000.0,9566500000.0,994600000.0,15100000.0,0.0,0.005,0.512,381200000.0,396300000.0,0.263,396300000.0,381200000.0,317500000.0,2.44,2.41,2.44,10479800000.0,,10479800000.0,54611326103.0,38.0,36.86,558100000.0,5.32,1.0,966600000.0,0.642,21602100000.0,63700000.0,9236500000.0,,198400000.0,0.0,0.0,0.0,13545000000.0,2444400000.0,11100600000.0,45209426103.0,6200000.0,-364900000.0,-4900000.0,-140000000.0,-54100000.0,-199500000.0,-380900000.0,0.0,574200000.0,12400000.0,255800000.0,255800000.0,255800000.0,0.0,0.0,0.17,585900000.0,380700000.0,177800000.0,0.21,4.314,47.604,47.477,140600000.0,0.0,431.09,8.18,8.158,1104700000.0,8546200000.0,1505300000.0,1505300000.0,0.0,,,,,33300000.0,585900000.0,1.0,104872361.0,104900000.0,106000000.0,14.35,2422700000.0,125900000.0,61700000.0,1589400000.0,23.095,-692100000.0
3,ROP,MRQ,2020-09-30,2020-09-30,2020-09-30,2021-08-05,-241400000.0,23652000000.0,,1706200000.0,21945800000.0,,97.048,-12100000.0,302100000.0,302100000.0,490200000.0,234400000.0,0.729,1.328,9704000000.0,602800000.0,9101200000.0,9704000000.0,868100000.0,13200000.0,0.0,0.005,0.512,365400000.0,378600000.0,0.277,378600000.0,365400000.0,303100000.0,2.24,2.21,2.24,10160900000.0,,10160900000.0,45367889324.0,20.0,19.763,125800000.0,1.202,1.0,875900000.0,0.641,21281100000.0,62300000.0,9432900000.0,,214900000.0,0.0,0.0,0.0,13491100000.0,2339900000.0,11151200000.0,41372289324.0,-1568700000.0,-5500700000.0,27600000.0,3830000000.0,-53400000.0,3803500000.0,-5515500000.0,0.0,137900000.0,5400000.0,234400000.0,234400000.0,234400000.0,0.0,0.0,0.172,508300000.0,367600000.0,173100000.0,0.229,4.072,26.436,26.306,146600000.0,0.0,395.11,7.638,7.637,1023300000.0,8349400000.0,1366100000.0,1366100000.0,0.0,,,,,30200000.0,508300000.0,1.0,104710813.0,104700000.0,105900000.0,13.048,2370900000.0,138200000.0,68700000.0,1599000000.0,22.645,-633700000.0
4,ROP,MRQ,2020-06-30,2020-06-30,2020-06-30,2021-08-05,-284800000.0,19142300000.0,,3179200000.0,15963100000.0,,94.543,-10200000.0,1870800000.0,1870800000.0,461300000.0,219200000.0,1.272,0.938,5866400000.0,602600000.0,5263800000.0,5866400000.0,828300000.0,12300000.0,0.0,0.005,0.512,331600000.0,343900000.0,0.264,343900000.0,331600000.0,284100000.0,2.1,2.08,2.1,9879700000.0,,9879700000.0,44809837505.0,20.0,19.346,438900000.0,4.2,1.0,843700000.0,0.647,15358400000.0,47500000.0,5280900000.0,,216600000.0,0.0,0.0,0.0,9262600000.0,2498600000.0,6764000000.0,40533037505.0,871000000.0,-150300000.0,37300000.0,588000000.0,-53500000.0,571600000.0,-160500000.0,0.0,449100000.0,10800000.0,219200000.0,219200000.0,219200000.0,0.0,0.0,0.168,510100000.0,333600000.0,185400000.0,0.244,4.103,25.206,25.13,129600000.0,0.0,388.26,7.499,7.507,963900000.0,8168700000.0,1305000000.0,1305000000.0,0.0,,,,,30500000.0,510100000.0,1.0,104396635.0,104500000.0,105500000.0,12.488,3783900000.0,116300000.0,64900000.0,1390400000.0,36.21,680600000.0
5,ROP,MRQ,2020-03-31,2020-03-31,2020-03-31,2021-08-05,-341000000.0,18137800000.0,,2273400000.0,15864400000.0,,91.959,-10500000.0,999800000.0,999800000.0,493900000.0,240300000.0,0.961,0.891,5276600000.0,602400000.0,4674200000.0,5276600000.0,827500000.0,12800000.0,0.0,0.006,0.512,350000000.0,362800000.0,0.269,362800000.0,350000000.0,304600000.0,2.3,2.28,2.3,9591300000.0,,9591300000.0,37651654332.0,16.0,16.012,353400000.0,3.388,1.0,856800000.0,0.634,15255500000.0,45400000.0,4793000000.0,,206200000.0,0.0,0.0,0.0,8546500000.0,2366100000.0,6180400000.0,33086054332.0,290100000.0,-6500000.0,14900000.0,0.0,-53100000.0,-38700000.0,-17000000.0,0.0,363900000.0,-18100000.0,240300000.0,240300000.0,240300000.0,0.0,0.0,0.178,507600000.0,349200000.0,180800000.0,0.223,3.45,20.192,19.797,133400000.0,0.0,311.81,6.093,5.989,937500000.0,8003100000.0,1350700000.0,1350700000.0,0.0,,,,,27700000.0,507600000.0,1.0,106109664.0,104300000.0,105300000.0,12.95,2882300000.0,114100000.0,64300000.0,1350000000.0,27.635,-92700000.0
6,ROP,MRQ,2019-12-31,2019-12-31,2019-12-31,2021-08-05,-212800000.0,18108900000.0,,1999500000.0,16109400000.0,,91.093,-13000000.0,709700000.0,709700000.0,501900000.0,871100000.0,0.834,0.908,5275300000.0,602200000.0,4673100000.0,5275300000.0,831800000.0,13300000.0,0.0,0.005,0.463,1197000000.0,1210300000.0,0.868,1210300000.0,1197000000.0,1148000000.0,8.38,8.28,8.38,9491900000.0,,9491900000.0,42735443378.0,18.0,17.35,453200000.0,4.349,1.0,892900000.0,0.64,15483100000.0,49000000.0,4794000000.0,,198600000.0,0.0,0.0,0.0,8617000000.0,2397400000.0,6219600000.0,36860443378.0,386700000.0,900900000.0,-2300000.0,-925100000.0,-48200000.0,-975100000.0,887800000.0,0.0,466200000.0,7800000.0,871100000.0,871100000.0,871100000.0,0.0,0.0,0.625,494500000.0,398400000.0,162000000.0,0.055,3.883,20.85,20.813,139900000.0,0.0,354.23,6.868,6.858,975100000.0,7818000000.0,1394800000.0,1394800000.0,0.0,,,,,24100000.0,494500000.0,1.0,104057938.0,104200000.0,105400000.0,13.386,2625800000.0,114100000.0,276900000.0,1323200000.0,25.2,-397900000.0
7,ROP,MRQ,2019-09-30,2019-09-30,2019-09-30,2021-08-05,-285100000.0,17819100000.0,,1619400000.0,16199700000.0,,82.416,-17100000.0,323000000.0,323000000.0,480900000.0,277500000.0,1.079,1.079,6198000000.0,2900000.0,6195100000.0,6198000000.0,745700000.0,12500000.0,0.0,0.005,0.463,386700000.0,399200000.0,0.295,399200000.0,386700000.0,337900000.0,2.67,2.64,2.67,8571300000.0,,8571300000.0,41487248655.0,26.0,25.444,387400000.0,3.725,1.0,873600000.0,0.645,15477500000.0,48800000.0,6715700000.0,,205000000.0,0.0,0.0,0.0,9247800000.0,1500900000.0,7746900000.0,37087048655.0,2200000.0,-1812700000.0,7400000.0,1473000000.0,-47900000.0,1435000000.0,-1829700000.0,0.0,404500000.0,-7600000.0,277500000.0,277500000.0,277500000.0,0.0,0.0,0.205,488400000.0,385200000.0,156800000.0,0.173,4.327,32.141,32.04,142600000.0,0.0,356.6,6.934,6.934,895400000.0,7000300000.0,1354500000.0,1354500000.0,0.0,,,,,26100000.0,488400000.0,1.0,104001819.0,104000000.0,105200000.0,13.024,2341600000.0,126000000.0,60400000.0,1135100000.0,22.515,118500000.0
8,ROP,MRQ,2019-06-30,2019-06-30,2019-06-30,2021-08-05,-243200000.0,15908300000.0,,1602300000.0,14306000000.0,,80.375,-15000000.0,320800000.0,320800000.0,480300000.0,249700000.0,1.11,0.905,4721000000.0,2100000.0,4718900000.0,4721000000.0,729100000.0,11700000.0,0.0,0.005,0.463,367400000.0,379100000.0,0.285,379100000.0,367400000.0,322300000.0,2.4,2.38,2.4,8351000000.0,,8351000000.0,42143110154.0,27.0,26.284,285800000.0,2.751,1.0,850000000.0,0.639,13600800000.0,45100000.0,5264500000.0,,203500000.0,0.0,0.0,0.0,7557300000.0,1443200000.0,6114100000.0,38032810154.0,-71700000.0,-535900000.0,12400000.0,230000000.0,-47900000.0,181400000.0,-551300000.0,0.0,300800000.0,-2600000.0,249700000.0,249700000.0,249700000.0,0.0,0.0,0.188,481600000.0,368400000.0,162200000.0,0.193,4.554,33.837,33.757,134200000.0,0.0,366.26,7.159,7.163,904800000.0,6771000000.0,1330300000.0,1330300000.0,0.0,,,,,29000000.0,481600000.0,1.0,103841015.0,103900000.0,105100000.0,12.804,2307500000.0,126400000.0,72600000.0,995700000.0,22.209,159100000.0
9,ROP,MRQ,2019-03-31,2019-03-31,2019-03-31,2021-08-05,-214600000.0,15414100000.0,,1586000000.0,13828100000.0,,78.546,-17800000.0,392500000.0,392500000.0,476600000.0,369600000.0,1.098,0.894,4502800000.0,15800000.0,4487000000.0,4502800000.0,691100000.0,11700000.0,0.0,0.005,0.463,462900000.0,474600000.0,0.369,474600000.0,462900000.0,419200000.0,3.57,3.53,3.57,8137400000.0,,8137400000.0,40008053211.0,26.0,25.107,272500000.0,2.63,1.0,810600000.0,0.63,13132200000.0,43700000.0,4947500000.0,,207500000.0,0.0,0.0,0.0,7276700000.0,1444700000.0,5832000000.0,35430753211.0,28100000.0,217200000.0,24200000.0,-455000000.0,-47700000.0,-464300000.0,197200000.0,0.0,290300000.0,4900000.0,369600000.0,369600000.0,369600000.0,0.0,0.0,0.287,464200000.0,346400000.0,172600000.0,0.13,4.354,32.131,32.08,132200000.0,0.0,341.97,6.716,6.715,823700000.0,6569400000.0,1287200000.0,1287200000.0,0.0,,,,,25300000.0,464200000.0,1.0,103607782.0,103600000.0,104700000.0,12.425,2281900000.0,111500000.0,49600000.0,999200000.0,22.026,141300000.0
10,ROP,MRQ,2018-12-31,2018-12-31,2018-12-31,2021-08-05,-243300000.0,15249500000.0,,1610700000.0,13638800000.0,,74.985,-17200000.0,364400000.0,364400000.0,503200000.0,257100000.0,1.112,0.971,4941700000.0,1500000.0,4940200000.0,4941700000.0,677900000.0,12200000.0,0.0,0.006,0.412,365400000.0,377600000.0,0.274,377600000.0,365400000.0,318100000.0,2.49,2.47,2.49,7738500000.0,,7738500000.0,32418891208.0,23.0,22.671,446900000.0,4.33,1.0,873100000.0,0.634,13188900000.0,47300000.0,5189700000.0,,190800000.0,0.0,0.0,0.0,7511000000.0,1448200000.0,6062800000.0,27566391208.0,1000000.0,-87500000.0,-34700000.0,-276100000.0,-43400000.0,-347300000.0,-104700000.0,0.0,464100000.0,-11100000.0,257100000.0,257100000.0,257100000.0,0.0,0.0,0.187,508700000.0,364400000.0,165300000.0,0.165,3.562,29.189,29.128,128700000.0,0.0,266.52,5.31,5.298,870200000.0,6247700000.0,1376300000.0,1376300000.0,0.0,,,,,52700000.0,508700000.0,1.0,103430854.0,103200000.0,104400000.0,13.336,2060600000.0,73900000.0,61000000.0,989400000.0,19.967,162500000.0
11,ROP,MRQ,2018-09-30,2018-09-30,2018-09-30,2021-08-05,-199600000.0,15245100000.0,,1608000000.0,13637100000.0,,73.065,-13900000.0,363400000.0,363400000.0,478700000.0,247600000.0,0.759,1.018,5215900000.0,801600000.0,4414300000.0,5215900000.0,613800000.0,12100000.0,0.0,0.005,0.412,360000000.0,372100000.0,0.282,372100000.0,360000000.0,311600000.0,2.39,2.37,2.39,7554900000.0,,7554900000.0,35813534714.0,26.0,25.365,404300000.0,3.91,1.0,840000000.0,0.637,13288300000.0,48400000.0,4690000000.0,,212200000.0,0.0,0.0,0.0,7690200000.0,2119300000.0,5570900000.0,30611934714.0,-58400000.0,-6000000.0,15200000.0,-423300000.0,-42200000.0,-457200000.0,-19800000.0,0.0,418200000.0,400000.0,247600000.0,247600000.0,247600000.0,0.0,0.0,0.188,462500000.0,377500000.0,163700000.0,0.172,4.052,27.061,26.953,130200000.0,0.0,296.21,6.072,6.075,847800000.0,6038400000.0,1318700000.0,1318700000.0,0.0,,,,,27100000.0,462500000.0,1.0,103345379.0,103400000.0,104600000.0,12.753,1956800000.0,76200000.0,64000000.0,1003200000.0,18.925,-511300000.0
12,ROP,MRQ,2018-06-30,2018-06-30,2018-06-30,2021-08-05,-204600000.0,15361000000.0,,1651100000.0,13709900000.0,,70.765,-15900000.0,421800000.0,421800000.0,477800000.0,228400000.0,0.799,1.103,5623400000.0,801700000.0,4821700000.0,5623400000.0,620000000.0,12600000.0,0.0,0.006,0.412,356600000.0,369200000.0,0.285,369200000.0,356600000.0,313400000.0,2.21,2.19,2.21,7302900000.0,,7302900000.0,32718769409.0,25.0,24.016,250200000.0,2.424,1.0,815900000.0,0.631,13353400000.0,43200000.0,5142800000.0,,201900000.0,0.0,0.0,0.0,8058100000.0,2066400000.0,5991700000.0,28462969409.0,55600000.0,-1143400000.0,10100000.0,1000000000.0,-42400000.0,968000000.0,-1159100000.0,0.0,266100000.0,-19400000.0,228400000.0,228400000.0,228400000.0,0.0,0.0,0.177,461600000.0,354300000.0,165200000.0,0.186,3.897,26.504,26.378,138600000.0,0.0,275.91,5.829,5.832,849300000.0,5833400000.0,1293700000.0,1293700000.0,0.0,,,,,28000000.0,461600000.0,1.0,103160340.0,103200000.0,104400000.0,12.536,2007600000.0,77800000.0,85000000.0,992400000.0,19.453,-415300000.0
13,ROP,MRQ,2018-03-31,2018-03-31,2018-03-31,2021-08-05,-128400000.0,14074100000.0,,1502000000.0,12572100000.0,,69.538,-11600000.0,366200000.0,366200000.0,452000000.0,211300000.0,0.734,0.967,4622000000.0,801300000.0,3820700000.0,4622000000.0,584700000.0,12600000.0,0.0,0.005,0.412,298500000.0,311100000.0,0.259,311100000.0,298500000.0,255300000.0,2.05,2.03,2.05,7155500000.0,,7155500000.0,33346585373.0,27.0,25.528,270100000.0,2.625,1.0,750500000.0,0.624,12307600000.0,43200000.0,3974800000.0,,216700000.0,0.0,0.0,0.0,6918600000.0,2047500000.0,4871100000.0,28862357373.0,-305100000.0,-38900000.0,25400000.0,-535000000.0,-42100000.0,-551600000.0,-51500000.0,0.0,281700000.0,16300000.0,211300000.0,211300000.0,211300000.0,0.0,0.0,0.176,450300000.0,300200000.0,171100000.0,0.201,4.034,28.158,28.041,140900000.0,0.0,280.69,6.11,6.114,788800000.0,5647600000.0,1202500000.0,1202500000.0,0.0,,,,,26000000.0,450300000.0,1.0,102826454.0,102900000.0,104200000.0,11.686,1766500000.0,77600000.0,44000000.0,897000000.0,17.167,-545500000.0
14,ROP,MRQ,2017-12-31,2017-12-31,2017-12-31,2021-08-05,-186200000.0,14316400000.0,,1759400000.0,12557000000.0,,66.962,-15700000.0,671300000.0,671300000.0,461500000.0,443900000.0,0.867,1.086,5155500000.0,800900000.0,4354600000.0,5155500000.0,566400000.0,12700000.0,0.0,0.005,0.35,346800000.0,359500000.0,0.293,359500000.0,346800000.0,303400000.0,4.34,4.28,4.34,6863600000.0,,6863600000.0,31240444656.0,26.0,24.7,353100000.0,3.445,1.0,765100000.0,0.624,12295500000.0,43400000.0,4475700000.0,,204900000.0,0.0,0.0,0.0,7452800000.0,2029400000.0,5423400000.0,26511805656.0,65700000.0,-65600000.0,-3400000.0,-180000000.0,-36300000.0,-219800000.0,-81300000.0,0.0,368800000.0,-2000000.0,443900000.0,443900000.0,443900000.0,0.0,0.0,0.362,418200000.0,346900000.0,171100000.0,0.081,3.863,27.281,27.234,142500000.0,0.0,259.0,5.754,5.745,785300000.0,5464600000.0,1226600000.0,1226600000.0,0.0,,,,,15500000.0,418200000.0,1.0,102362184.0,102500000.0,103800000.0,11.967,2020900000.0,55100000.0,-140500000.0,856000000.0,19.716,-270000000.0
15,ROP,MRQ,2017-09-30,2017-09-30,2017-09-30,2021-08-05,-177277000.0,14246673000.0,,1692056000.0,12554617000.0,,63.138,-13400000.0,605616000.0,605616000.0,433500000.0,190300000.0,1.073,1.206,5334255000.0,401534000.0,4932721000.0,5334255000.0,534562000.0,12500000.0,0.0,0.006,0.35,310100000.0,322600000.0,0.278,322600000.0,310100000.0,264600000.0,1.86,1.84,1.86,6458984000.0,,6458984000.0,29859321974.0,26.0,24.813,302200000.0,2.954,1.0,726400000.0,0.626,12296643000.0,45500000.0,5101891000.0,,209306000.0,0.0,0.0,0.0,7787689000.0,1576778000.0,6210911000.0,24880265974.0,-57700000.0,-52600000.0,13400000.0,-310000000.0,-35600000.0,-331800000.0,-66200000.0,0.0,315600000.0,24700000.0,190300000.0,190300000.0,190300000.0,0.0,0.0,0.164,415600000.0,310800000.0,163719000.0,0.188,3.852,35.046,34.971,141279000.0,0.0,243.4,5.665,5.67,761726000.0,5062926000.0,1159900000.0,1159900000.0,0.0,,,,,23700000.0,415600000.0,1.0,102219663.0,102300000.0,103700000.0,11.338,1950030000.0,32459000.0,74300000.0,1209946000.0,19.062,115278000.0
16,ROP,MRQ,2017-06-30,2017-06-30,2017-06-30,2021-08-05,-244812000.0,14213288000.0,,1701111000.0,12512177000.0,,60.73,-12400000.0,663344000.0,663344000.0,429000000.0,179500000.0,1.135,1.292,5642400000.0,401297000.0,5241103000.0,5642400000.0,516362000.0,11900000.0,0.0,0.006,0.35,301200000.0,313100000.0,0.276,313100000.0,301200000.0,255400000.0,1.76,1.74,1.76,6200486000.0,,6200486000.0,28733568014.0,26.0,24.844,159500000.0,1.562,1.0,705700000.0,0.622,12258824000.0,45800000.0,5435024000.0,,199842000.0,0.0,0.0,0.0,8012802000.0,1498496000.0,6514306000.0,23623462014.0,-67400000.0,-32700000.0,14100000.0,-200000000.0,-35500000.0,-221300000.0,-40800000.0,0.0,171900000.0,22800000.0,179500000.0,179500000.0,179500000.0,0.0,0.0,0.158,411500000.0,294200000.0,155371000.0,0.199,3.81,34.401,34.301,142641000.0,0.0,231.53,5.656,5.659,723306000.0,4908492000.0,1134700000.0,1134700000.0,0.0,,,,,22900000.0,411500000.0,1.0,102031970.0,102100000.0,103400000.0,11.114,1954464000.0,75016000.0,75900000.0,1188791000.0,19.143,202615000.0
17,ROP,MRQ,2017-03-31,2017-03-31,2017-03-31,2021-08-05,-294327000.0,14230054000.0,,1712623000.0,12517431000.0,,58.595,-18100000.0,730666000.0,730666000.0,418700000.0,158100000.0,1.113,1.383,5840772000.0,401072000.0,5439700000.0,5840772000.0,513820000.0,12400000.0,0.0,0.006,0.35,257200000.0,269600000.0,0.248,269600000.0,257200000.0,211300000.0,1.55,1.53,1.55,5970790000.0,,5970790000.0,26488346166.0,25.0,23.981,360100000.0,3.534,1.0,667600000.0,0.615,12268952000.0,45900000.0,5532670000.0,,191426000.0,0.0,0.0,0.0,8259264000.0,1538538000.0,6720726000.0,21036010166.0,-26500000.0,-2800000.0,8600000.0,-370000000.0,-35400000.0,-397100000.0,-21300000.0,0.0,378200000.0,13700000.0,158100000.0,158100000.0,158100000.0,0.0,0.0,0.146,409300000.0,258300000.0,152638000.0,0.226,3.523,31.62,31.525,144113000.0,0.0,206.49,5.294,5.295,693427000.0,4764711000.0,1086300000.0,1086300000.0,0.0,,,,,21000000.0,409300000.0,1.0,101874232.0,101900000.0,103100000.0,10.66,1961102000.0,58400000.0,53200000.0,1257277000.0,19.245,174085000.0
18,ROP,MRQ,2016-12-31,2016-12-31,2016-12-31,2021-08-05,-324739000.0,14324927000.0,,1776501000.0,12548426000.0,,57.029,-11639000.0,757200000.0,757200000.0,383907000.0,182036000.0,1.229,1.475,6209536000.0,400975000.0,5808561000.0,6209536000.0,488399000.0,9346000.0,0.0,0.007,0.3,288738000.0,298084000.0,0.295,298084000.0,288738000.0,258214000.0,1.79,1.78,1.79,5788865000.0,,5788865000.0,20777356519.0,20.0,19.071,258788000.0,2.549,1.0,626868000.0,0.62,12302985000.0,30524000.0,6029006000.0,,181952000.0,0.0,0.0,0.0,8536062000.0,1445272000.0,7090790000.0,18570573519.0,-125059000.0,-3444213000.0,-3171000.0,3112410000.0,-30468000.0,3084595000.0,-3449282000.0,0.0,270427000.0,-30799000.0,182036000.0,182036000.0,182036000.0,0.0,0.0,0.18,337727000.0,289141000.0,152067000.0,0.168,3.208,28.197,28.166,141318000.0,0.0,183.08,4.9,4.894,749819000.0,4642402000.0,1010775000.0,1010775000.0,0.0,,,,,18320000.0,337727000.0,1.0,101434201.0,101507000.0,102728000.0,9.958,2021942000.0,62299000.0,76178000.0,1200967000.0,19.919,331229000.0
19,ROP,MRQ,2016-09-30,2016-09-30,2016-09-30,2021-08-05,-248452000.0,10480128000.0,,1774811000.0,8705317000.0,,56.352,-8864000.0,882270000.0,882270000.0,366651000.0,167079000.0,2.3,0.835,3089053000.0,1902000.0,3087151000.0,3089053000.0,290231000.0,8902000.0,0.0,0.006,0.3,266856000.0,275758000.0,0.292,275758000.0,266856000.0,240056000.0,1.65,1.63,1.65,5712507000.0,,5712507000.0,20961434868.0,19.0,18.38,307677000.0,3.035,1.0,578493000.0,0.612,8510810000.0,26800000.0,3404361000.0,,197529000.0,0.0,0.0,0.0,4767621000.0,771740000.0,3995881000.0,18491579868.0,259976000.0,-2619000.0,6240000.0,-3721000.0,-30249000.0,-47318000.0,-10381000.0,0.0,316541000.0,1134000.0,167079000.0,167079000.0,167079000.0,0.0,0.0,0.177,311103000.0,267390000.0,144235000.0,0.182,3.237,26.989,26.913,103847000.0,0.0,182.47,4.967,4.969,617115000.0,4495907000.0,945144000.0,945144000.0,0.0,,,,,21388000.0,311103000.0,1.0,101340384.0,101372000.0,102522000.0,9.324,1969318000.0,62596000.0,72977000.0,849352000.0,19.427,1003071000.0
20,ROP,MRQ,2016-06-30,2016-06-30,2016-06-30,2021-08-05,-257506000.0,10297118000.0,,1550173000.0,8746945000.0,,54.825,-9443000.0,622294000.0,622294000.0,364038000.0,158069000.0,2.115,0.855,3092149000.0,5886000.0,3086263000.0,3092149000.0,280984000.0,9350000.0,0.0,0.006,0.3,251744000.0,261094000.0,0.28,261094000.0,251744000.0,224881000.0,1.56,1.54,1.56,5551017000.0,,5551017000.0,19849492046.0,18.0,17.655,160317000.0,1.583,1.0,567520000.0,0.609,8555063000.0,26863000.0,3478869000.0,,191390000.0,0.0,0.0,0.0,4746101000.0,733041000.0,4013060000.0,17260820046.0,99261000.0,-9720000.0,8662000.0,-20000000.0,-30210000.0,-41795000.0,-19281000.0,0.0,169760000.0,-9423000.0,158069000.0,158069000.0,158069000.0,0.0,0.0,0.17,314442000.0,253078000.0,135598000.0,0.192,3.109,25.44,25.381,104282000.0,0.0,170.56,4.714,4.716,628490000.0,4359258000.0,931558000.0,931558000.0,0.0,,,,,20113000.0,314442000.0,1.0,101200868.0,101249000.0,102466000.0,9.201,1742055000.0,92626000.0,66812000.0,855781000.0,17.206,817132000.0
21,ROP,MRQ,2016-03-31,2016-03-31,2016-03-31,2021-08-05,-211036000.0,10224408000.0,,1432332000.0,8792076000.0,,53.836,-10154000.0,523033000.0,523033000.0,342904000.0,151416000.0,1.838,0.879,3111705000.0,6365000.0,3105340000.0,3111705000.0,275230000.0,9702000.0,0.0,0.006,0.3,244862000.0,254564000.0,0.282,254564000.0,244862000.0,217449000.0,1.5,1.48,1.5,5441235000.0,,5441235000.0,20964292328.0,19.0,18.664,196918000.0,1.948,1.0,559519000.0,0.62,8597960000.0,27413000.0,3435632000.0,,196321000.0,0.0,0.0,0.0,4783173000.0,779488000.0,4003685000.0,18471581328.0,-255478000.0,-265248000.0,1569000.0,-160289000.0,-30173000.0,-190182000.0,-273956000.0,0.0,207072000.0,1588000.0,151416000.0,151416000.0,151416000.0,0.0,0.0,0.168,314528000.0,244991000.0,140421000.0,0.2,3.395,26.704,26.643,106212000.0,0.0,182.77,5.103,5.104,635362000.0,4231589000.0,902423000.0,902423000.0,0.0,,,,,18979000.0,314528000.0,1.0,101064624.0,101071000.0,102318000.0,8.929,1626448000.0,62378000.0,66033000.0,907304000.0,16.092,652844000.0
22,ROP,MRQ,2015-12-31,2015-12-31,2015-12-31,2021-08-05,-212779000.0,10168365000.0,,1618047000.0,8550318000.0,,52.554,-11196000.0,778511000.0,778511000.0,364549000.0,208597000.0,2.247,0.919,3271222000.0,6805000.0,3264417000.0,3271222000.0,267030000.0,9731000.0,0.0,0.005,0.25,339277000.0,349008000.0,0.37,349008000.0,339277000.0,315434000.0,2.07,2.05,2.07,5298947000.0,,5298947000.0,21230216820.0,20.0,18.875,258062000.0,2.559,1.0,579091000.0,0.614,8353722000.0,23843000.0,3587226000.0,,189868000.0,0.0,0.0,0.0,4869418000.0,720128000.0,4149290000.0,19131816820.0,77933000.0,-632480000.0,-153000.0,481956000.0,-25124000.0,466910000.0,-641681000.0,0.0,269258000.0,-16554000.0,208597000.0,208597000.0,208597000.0,0.0,0.0,0.221,300414000.0,278677000.0,139737000.0,0.121,3.61,27.486,27.426,105510000.0,0.0,189.79,5.341,5.33,610313000.0,4110530000.0,943640000.0,943640000.0,0.0,,,,,14731000.0,300414000.0,1.0,100805189.0,100829000.0,101852000.0,9.359,1814643000.0,31532000.0,106837000.0,829388000.0,17.997,897919000.0
23,ROP,MRQ,2015-09-30,2015-09-30,2015-09-30,2021-08-05,-177472000.0,9432999000.0,,1647879000.0,7785120000.0,,50.942,-6830000.0,700578000.0,700578000.0,350450000.0,160417000.0,2.508,0.839,2798978000.0,6911000.0,2792067000.0,2798978000.0,237289000.0,9037000.0,0.0,0.006,0.25,250622000.0,259659000.0,0.294,259659000.0,250622000.0,230253000.0,1.59,1.58,1.59,5128905000.0,,5128905000.0,17620479396.0,17.0,16.475,219789000.0,2.183,1.0,533483000.0,0.604,7572554000.0,20369000.0,3301813000.0,,200820000.0,0.0,0.0,0.0,4304094000.0,657032000.0,3647062000.0,15774343396.0,22007000.0,-435052000.0,4562000.0,274878000.0,-25111000.0,256091000.0,-442323000.0,0.0,226619000.0,-18380000.0,160417000.0,160417000.0,160417000.0,0.0,0.0,0.181,283112000.0,250371000.0,142261000.0,0.157,3.076,23.425,23.388,105280000.0,0.0,156.7,4.4,4.401,594970000.0,3932195000.0,883933000.0,883933000.0,0.0,,,,,17597000.0,283112000.0,1.0,100665880.0,100681000.0,101607000.0,8.78,1860445000.0,94040000.0,69836000.0,772723000.0,18.479,990847000.0
24,ROP,MRQ,2015-06-30,2015-06-30,2015-06-30,2021-08-05,-127788000.0,9034096000.0,,1587282000.0,7446814000.0,,49.908,-10723000.0,678571000.0,678571000.0,355630000.0,171280000.0,2.424,0.8,2524707000.0,7208000.0,2517499000.0,2524707000.0,234067000.0,9537000.0,0.0,0.005,0.25,250454000.0,259991000.0,0.292,259991000.0,250454000.0,230277000.0,1.7,1.69,1.7,5019349000.0,,5019349000.0,19345835877.0,19.0,18.141,161826000.0,1.609,1.0,533911000.0,0.6,7220626000.0,20177000.0,3004665000.0,,197026000.0,0.0,0.0,0.0,4014747000.0,654941000.0,3359806000.0,17335887877.0,63078000.0,-150000.0,9738000.0,-100430000.0,-25075000.0,-112903000.0,-11205000.0,0.0,172549000.0,14637000.0,171280000.0,171280000.0,171280000.0,0.0,0.0,0.193,281937000.0,251974000.0,145584000.0,0.147,3.454,25.933,25.895,112374000.0,0.0,172.46,4.836,4.838,589598000.0,3796957000.0,889541000.0,889541000.0,0.0,,,,,15637000.0,281937000.0,1.0,100521210.0,100573000.0,101569000.0,8.845,1813470000.0,92793000.0,58997000.0,758138000.0,18.031,932341000.0
25,ROP,MRQ,2015-03-31,2015-03-31,2015-03-31,2021-08-05,-165000000.0,8974622000.0,,1521822000.0,7452800000.0,,47.893,-9950000.0,615493000.0,615493000.0,347120000.0,155773000.0,2.176,0.867,2625441000.0,7719000.0,2617722000.0,2625441000.0,237197000.0,9880000.0,0.0,0.005,0.25,246217000.0,256097000.0,0.296,256097000.0,246217000.0,226381000.0,1.55,1.54,1.55,4807395000.0,,4807395000.0,18865014956.0,18.0,17.754,250449000.0,2.495,1.0,518161000.0,0.599,7230339000.0,19836000.0,3054847000.0,,194737000.0,0.0,0.0,0.0,4167227000.0,699384000.0,3467843000.0,17261321956.0,5063000.0,-589577000.0,7054000.0,411546000.0,-25024000.0,386144000.0,-603123000.0,0.0,260399000.0,-38357000.0,155773000.0,155773000.0,155773000.0,0.0,0.0,0.18,271265000.0,246896000.0,151139000.0,0.161,3.591,26.37,26.3,110973000.0,0.0,172.0,4.821,4.822,606785000.0,3650843000.0,865281000.0,865281000.0,0.0,,,,,13801000.0,271265000.0,1.0,100356523.0,100377000.0,101361000.0,8.62,1744283000.0,95197000.0,70608000.0,798239000.0,17.377,822438000.0
26,ROP,MRQ,2014-12-31,2014-12-31,2014-12-31,2021-08-05,-71927000.0,8400185000.0,,1512105000.0,6888080000.0,,47.481,-10397000.0,610430000.0,610430000.0,380404000.0,185936000.0,2.408,0.766,2201374000.0,11092000.0,2190282000.0,2201374000.0,190953000.0,10448000.0,0.0,0.005,0.2,283327000.0,293775000.0,0.31,293775000.0,283327000.0,264042000.0,1.86,1.84,1.86,4755360000.0,,4755360000.0,17769639055.0,18.0,17.07,250812000.0,2.504,1.0,565741000.0,0.598,6689420000.0,19285000.0,2673762000.0,,193766000.0,0.0,0.0,0.0,3644825000.0,627947000.0,3016878000.0,15964203055.0,46318000.0,-125000.0,-15290000.0,-155000000.0,-20032000.0,-184632000.0,-7712000.0,0.0,261209000.0,-22547000.0,185936000.0,185936000.0,185936000.0,0.0,0.0,0.197,281992000.0,283749000.0,143847000.0,0.108,3.357,24.711,24.165,110876000.0,0.0,156.35,4.498,4.401,607947000.0,3520201000.0,946145000.0,946145000.0,0.0,,,,,16016000.0,281992000.0,1.0,102105552.0,100153000.0,101127000.0,9.447,1710765000.0,81695000.0,78106000.0,739769000.0,17.082,884158000.0
27,ROP,MRQ,2014-09-30,2014-09-30,2014-09-30,2021-08-05,-10680000.0,8510266000.0,,1532691000.0,6977575000.0,,46.451,-9275000.0,564112000.0,564112000.0,360082000.0,155510000.0,2.315,0.831,2369548000.0,11074000.0,2358474000.0,2369548000.0,221552000.0,10353000.0,0.0,0.005,0.2,246210000.0,256563000.0,0.29,256563000.0,246210000.0,226197000.0,1.55,1.54,1.55,4648224000.0,,4648224000.0,16313537524.0,17.0,16.086,216827000.0,2.167,1.0,524040000.0,0.593,6752192000.0,20013000.0,2901505000.0,,213440000.0,0.0,0.0,0.0,3862042000.0,662005000.0,3200037000.0,14634026524.0,-1170000.0,-302528000.0,5362000.0,125000000.0,-20006000.0,112873000.0,-317633000.0,0.0,226102000.0,-22512000.0,155510000.0,155510000.0,155510000.0,0.0,0.0,0.176,278382000.0,245658000.0,145660000.0,0.129,3.148,23.385,23.295,115243000.0,0.0,146.29,4.19,4.192,631858000.0,3359297000.0,884122000.0,884122000.0,0.0,,,,,16998000.0,278382000.0,1.0,100034360.0,100068000.0,101006000.0,8.835,1758074000.0,94281000.0,70687000.0,761293000.0,17.569,870686000.0
28,ROP,MRQ,2014-06-30,2014-06-30,2014-06-30,2021-08-05,50075000.0,8262146000.0,,1524525000.0,6737621000.0,,45.534,-10082000.0,565282000.0,565282000.0,361993000.0,157361000.0,2.4,0.817,2244793000.0,10984000.0,2233809000.0,2244793000.0,216106000.0,10423000.0,0.0,0.005,0.2,245736000.0,256159000.0,0.289,256159000.0,245736000.0,226224000.0,1.58,1.56,1.58,4548015000.0,,4548015000.0,16382119709.0,17.0,16.6,130420000.0,1.306,1.0,523182000.0,0.591,6517678000.0,19512000.0,2788707000.0,,212050000.0,0.0,0.0,0.0,3714131000.0,635272000.0,3078859000.0,14569938709.0,62397000.0,-580000.0,14387000.0,-70128000.0,-19958000.0,-71714000.0,-10244000.0,0.0,140502000.0,3853000.0,157361000.0,157361000.0,157361000.0,0.0,0.0,0.178,276516000.0,246666000.0,147661000.0,0.127,3.204,24.019,23.936,116394000.0,0.0,146.01,4.24,4.244,625166000.0,3223818000.0,885175000.0,885175000.0,0.0,,,,,15442000.0,276516000.0,1.0,99787266.0,99881000.0,100823000.0,8.862,1744468000.0,89443000.0,68863000.0,763606000.0,17.465,889253000.0
29,ROP,MRQ,2014-03-31,2014-03-31,2014-03-31,2021-08-05,30272000.0,8189703000.0,,1432170000.0,6757533000.0,,43.766,-10478000.0,502885000.0,502885000.0,345116000.0,147226000.0,2.144,0.88,2315066000.0,10923000.0,2304143000.0,2315066000.0,207957000.0,9666000.0,0.0,0.005,0.2,224820000.0,234486000.0,0.281,234486000.0,224820000.0,204993000.0,1.48,1.46,1.48,4357245000.0,,4357245000.0,15295768658.0,17.0,16.583,202150000.0,2.03,1.0,488936000.0,0.586,6537946000.0,19827000.0,2795965000.0,,209383000.0,0.0,0.0,0.0,3832458000.0,667973000.0,3164485000.0,13290636658.0,43165000.0,-2146000.0,8755000.0,-150433000.0,-19863000.0,-154631000.0,-12516000.0,0.0,212628000.0,-2316000.0,147226000.0,147226000.0,147226000.0,0.0,0.0,0.177,265536000.0,223400000.0,144168000.0,0.135,3.05,23.708,23.672,116590000.0,0.0,133.51,3.985,3.986,609355000.0,3086465000.0,834052000.0,834052000.0,0.0,,,,,14571000.0,265536000.0,1.0,99547874.0,99557000.0,100572000.0,8.378,1651757000.0,97265000.0,57767000.0,820789000.0,16.591,764197000.0
30,ROP,MRQ,2013-12-31,2013-12-31,2013-12-31,2021-08-05,43083000.0,8184981000.0,,1373337000.0,6811644000.0,,42.42,-9179000.0,459720000.0,459720000.0,355953000.0,165703000.0,2.136,0.943,2464852000.0,11016000.0,2453836000.0,2464852000.0,209332000.0,9487000.0,0.0,0.004,0.165,257444000.0,266931000.0,0.3,266931000.0,257444000.0,237329000.0,1.67,1.65,1.67,4213050000.0,,4213050000.0,15918124007.0,19.0,18.09,226601000.0,2.282,1.0,533220000.0,0.6,6589134000.0,20115000.0,2957888000.0,,204923000.0,0.0,0.0,0.0,3971931000.0,643091000.0,3328840000.0,13772247007.0,-260000.0,-59461000.0,-8279000.0,-141587000.0,-16386000.0,-165887000.0,-69158000.0,0.0,235780000.0,-995000.0,165703000.0,165703000.0,165703000.0,0.0,0.0,0.186,275131000.0,258089000.0,150313000.0,0.099,3.269,25.585,25.54,117310000.0,0.0,138.68,4.253,4.245,606020000.0,2959196000.0,889173000.0,889173000.0,0.0,,,,,13093000.0,275131000.0,1.0,99309540.0,99318000.0,100380000.0,8.953,1595847000.0,93237000.0,71626000.0,794570000.0,16.068,730246000.0
31,ROP,MRQ,2013-09-30,2013-09-30,2013-09-30,2021-08-05,48318000.0,8245575000.0,,1389199000.0,6856376000.0,,40.953,-11460000.0,459980000.0,459980000.0,345185000.0,136323000.0,2.191,1.03,2605857000.0,12250000.0,2593607000.0,2605857000.0,212275000.0,9527000.0,0.0,0.005,0.165,219758000.0,229285000.0,0.277,229285000.0,219758000.0,195053000.0,1.37,1.36,1.37,4062813000.0,,4062813000.0,15562135211.0,19.0,18.355,244306000.0,2.463,1.0,482625000.0,0.583,6593457000.0,24705000.0,3163858000.0,,204722000.0,0.0,0.0,0.0,4182762000.0,634137000.0,3548625000.0,13178483211.0,85409000.0,-7439000.0,6424000.0,-152644000.0,-16368000.0,-161392000.0,-18617000.0,0.0,255766000.0,9652000.0,136323000.0,136323000.0,136323000.0,0.0,0.0,0.165,263276000.0,219349000.0,142987000.0,0.12,3.244,25.534,25.503,117785000.0,0.0,132.87,4.172,4.173,590659000.0,2813356000.0,827810000.0,827810000.0,0.0,,,,,13756000.0,263276000.0,1.0,99183286.0,99207000.0,100302000.0,8.344,1652118000.0,156469000.0,58730000.0,875417000.0,16.653,755062000.0
32,ROP,MRQ,2013-06-30,2013-06-30,2013-06-30,2021-08-05,16416000.0,8213742000.0,,1328135000.0,6885607000.0,,39.253,-10684000.0,374571000.0,374571000.0,338503000.0,111353000.0,1.179,1.112,2758223000.0,512799000.0,2245424000.0,2758223000.0,209249000.0,9400000.0,0.0,0.005,0.165,182282000.0,191682000.0,0.244,191682000.0,182282000.0,159921000.0,1.12,1.11,1.12,3889548000.0,,3889548000.0,13789805841.0,18.0,17.049,129055000.0,1.302,1.0,445507000.0,0.568,6606451000.0,22361000.0,2864092000.0,,197458000.0,0.0,0.0,0.0,4324194000.0,1126851000.0,3197343000.0,12300054841.0,-55451000.0,-1005273000.0,5377000.0,832864000.0,-16338000.0,819716000.0,-1014878000.0,0.0,139739000.0,-28000.0,111353000.0,111353000.0,111353000.0,0.0,0.0,0.142,265761000.0,179746000.0,139296000.0,0.147,3.162,24.773,24.696,115677000.0,0.0,124.22,3.995,3.998,631891000.0,2693421000.0,784010000.0,784010000.0,0.0,,,,,13307000.0,265761000.0,1.0,99018313.0,99089000.0,100162000.0,7.912,1607291000.0,145161000.0,48568000.0,867146000.0,16.221,201284000.0
33,ROP,MRQ,2013-03-31,2013-03-31,2013-03-31,2021-08-05,20048000.0,7052990000.0,,1285056000.0,5767934000.0,,38.252,-11205000.0,430022000.0,430022000.0,315559000.0,124914000.0,1.187,0.865,1919773000.0,516514000.0,1403259000.0,1919773000.0,190678000.0,9342000.0,0.0,0.005,0.0,182685000.0,192027000.0,0.261,192027000.0,182685000.0,161827000.0,1.26,1.25,1.26,3782176000.0,,3782176000.0,14241396134.0,19.0,17.694,160063000.0,1.619,1.0,421576000.0,0.572,5505971000.0,20858000.0,1953997000.0,,200023000.0,0.0,0.0,0.0,3270814000.0,1082773000.0,2188041000.0,12589864134.0,59432000.0,-2240000.0,6871000.0,-100052000.0,0.0,-88804000.0,-13210000.0,0.0,171268000.0,-9822000.0,124914000.0,124914000.0,124914000.0,0.0,0.0,0.169,236399000.0,185177000.0,138541000.0,0.0,3.329,25.181,25.012,110637000.0,0.0,127.31,4.169,4.169,568809000.0,2598434000.0,737135000.0,737135000.0,0.0,,,,,12977000.0,236399000.0,1.0,98891400.0,98876000.0,99986000.0,7.455,1547019000.0,129660000.0,36913000.0,725161000.0,15.646,202283000.0
34,ROP,MRQ,2012-12-31,2012-12-31,2012-12-31,2021-08-05,58537000.0,7071104000.0,,1245542000.0,5825562000.0,,37.466,-9169000.0,370590000.0,370590000.0,343549000.0,143530000.0,1.147,0.917,2022122000.0,519015000.0,1503107000.0,2022122000.0,185912000.0,9486000.0,0.0,0.006,0.302,225348000.0,234834000.0,0.29,234834000.0,225348000.0,204839000.0,1.46,1.45,1.46,3687726000.0,,3687726000.0,12713904250.0,17.0,16.051,202469000.0,2.057,1.0,466361000.0,0.576,5567724000.0,20509000.0,2068702000.0,,190867000.0,0.0,0.0,0.0,3383378000.0,1086210000.0,2297168000.0,10964234250.0,15481000.0,-22223000.0,-1854000.0,-88140000.0,-29801000.0,-166124000.0,-31414000.0,0.0,211638000.0,1381000.0,143530000.0,143530000.0,143530000.0,0.0,0.0,0.177,241119000.0,225242000.0,138340000.0,0.207,2.973,22.683,22.521,110397000.0,0.0,111.48,3.663,3.639,598601000.0,2489858000.0,809910000.0,809910000.0,0.0,,,,,10630000.0,241119000.0,1.0,98351581.0,98428000.0,99603000.0,8.228,1503380000.0,120636000.0,61309000.0,711146000.0,15.274,159332000.0
35,ROP,MRQ,2012-09-30,2012-09-30,2012-09-30,2021-08-05,56148000.0,7049638000.0,,1217664000.0,5831974000.0,,36.645,-8704000.0,355109000.0,355109000.0,331086000.0,116708000.0,1.095,0.966,2104779000.0,551803000.0,1552976000.0,2104779000.0,0.0,9452000.0,0.0,0.005,0.138,180834000.0,190286000.0,0.255,190286000.0,180834000.0,164378000.0,1.19,1.17,1.19,3586618000.0,,3586618000.0,11298561812.0,16.0,15.001,196727000.0,2.01,1.0,416555000.0,0.557,5580942000.0,16456000.0,2106290000.0,,210426000.0,0.0,0.0,0.0,3463020000.0,1112076000.0,2350944000.0,10748218812.0,-163789000.0,-1408677000.0,12291000.0,1031838000.0,-13429000.0,1039631000.0,-1417271000.0,0.0,205431000.0,8420000.0,116708000.0,116708000.0,116708000.0,0.0,0.0,0.156,233298000.0,183257000.0,151159000.0,0.116,2.997,23.289,23.135,110348000.0,0.0,109.89,3.677,3.68,560045000.0,2362606000.0,747641000.0,747641000.0,0.0,,,,,10439000.0,233298000.0,1.0,97808889.0,97876000.0,99757000.0,7.639,1468696000.0,118979000.0,47670000.0,711920000.0,15.006,105588000.0
36,ROP,MRQ,2012-06-30,2012-06-30,2012-06-30,2021-08-05,19753000.0,5502181000.0,,1325377000.0,4176804000.0,,35.03,-10524000.0,518898000.0,518898000.0,327264000.0,114813000.0,2.586,0.612,1069241000.0,57424000.0,1011817000.0,1069241000.0,0.0,9501000.0,0.0,0.005,0.138,178210000.0,187711000.0,0.259,187711000.0,178210000.0,163133000.0,1.18,1.15,1.18,3414011000.0,,3414011000.0,10230754721.0,15.0,13.833,108802000.0,1.116,1.0,397608000.0,0.549,3938485000.0,15077000.0,1601429000.0,,209626000.0,0.0,0.0,0.0,2088170000.0,512610000.0,1575560000.0,9604793721.0,67180000.0,-17865000.0,11964000.0,-6918000.0,-13383000.0,-17363000.0,-28064000.0,0.0,119326000.0,-6719000.0,114813000.0,114813000.0,114813000.0,0.0,0.0,0.158,218824000.0,178784000.0,139379000.0,0.117,2.813,21.106,20.93,108089000.0,0.0,98.58,3.326,3.327,513195000.0,2259422000.0,724872000.0,724872000.0,0.0,,,,,9750000.0,218824000.0,1.0,97431464.0,97460000.0,99619000.0,7.438,1563696000.0,101754000.0,48320000.0,492514000.0,16.044,812767000.0
37,ROP,MRQ,2012-03-31,2012-03-31,2012-03-31,2021-08-05,52961000.0,5430782000.0,,1215912000.0,4214870000.0,,34.34,-10008000.0,451718000.0,451718000.0,319873000.0,108309000.0,2.332,0.63,1077679000.0,63580000.0,1014099000.0,1077679000.0,0.0,9449000.0,0.0,0.005,0.138,169814000.0,179263000.0,0.252,179263000.0,169814000.0,154331000.0,1.12,1.09,1.12,3332344000.0,,3332344000.0,10354788687.0,15.0,14.132,131449000.0,1.355,1.0,391193000.0,0.55,3972041000.0,15483000.0,1563344000.0,,214020000.0,0.0,0.0,0.0,2098438000.0,521358000.0,1577080000.0,9607873687.0,113617000.0,-19007000.0,17473000.0,-6297000.0,-13290000.0,-2274000.0,-28796000.0,0.0,141457000.0,3230000.0,108309000.0,108309000.0,108309000.0,0.0,0.0,0.152,220889000.0,170304000.0,139029000.0,0.123,2.883,21.514,21.371,109565000.0,0.0,99.16,3.356,3.361,481196000.0,2158037000.0,711066000.0,711066000.0,0.0,,,,,9954000.0,220889000.0,1.0,96892635.0,97039000.0,99307000.0,7.328,1458741000.0,99532000.0,46022000.0,517004000.0,15.033,694554000.0
38,ROP,MRQ,2011-12-31,2011-12-31,2011-12-31,2021-08-05,33800000.0,5319417000.0,,1115473000.0,4203944000.0,,33.124,-11559000.0,338101000.0,338101000.0,333355000.0,121676000.0,2.013,0.665,1085016000.0,69906000.0,1015110000.0,1085016000.0,94761000.0,9111000.0,0.0,0.005,0.11,186806000.0,195917000.0,0.265,195917000.0,186806000.0,171423000.0,1.26,1.23,1.26,3195096000.0,,3195096000.0,9309015750.0,14.0,13.197,180985000.0,1.876,1.0,405849000.0,0.549,3960568000.0,15383000.0,1551568000.0,,204758000.0,0.0,0.0,0.0,2124321000.0,554196000.0,1570125000.0,8380979750.0,91647000.0,-6397000.0,14203000.0,-86400000.0,-10561000.0,-74725000.0,-19277000.0,0.0,192544000.0,-6895000.0,121676000.0,121676000.0,121676000.0,0.0,0.0,0.165,218495000.0,187354000.0,141943000.0,0.087,2.623,19.616,19.521,108775000.0,0.0,86.87,2.996,2.98,502963000.0,2063110000.0,739204000.0,739204000.0,0.0,,,,,8264000.0,218495000.0,1.0,96477262.0,96460000.0,98689000.0,7.663,1358849000.0,101010000.0,49747000.0,502046000.0,14.087,561277000.0
39,ROP,MRQ,2011-09-30,2011-09-30,2011-09-30,2021-08-05,45681000.0,5258438000.0,,1030023000.0,4228415000.0,,31.938,-9753000.0,246454000.0,246454000.0,330149000.0,110281000.0,1.959,0.714,1174490000.0,71194000.0,1103296000.0,1174490000.0,0.0,8804000.0,0.0,0.006,0.11,167905000.0,176709000.0,0.248,176709000.0,167905000.0,152532000.0,1.15,1.12,1.15,3068663000.0,,3068663000.0,7670348728.0,12.0,11.209,156804000.0,1.632,1.0,382556000.0,0.537,3984138000.0,15373000.0,1676507000.0,,211582000.0,0.0,0.0,0.0,2189775000.0,525829000.0,1663946000.0,6620362728.0,50427000.0,-22585000.0,2095000.0,-71521000.0,-10527000.0,-80011000.0,-32232000.0,0.0,166557000.0,-3887000.0,110281000.0,110281000.0,110281000.0,0.0,0.0,0.155,215341000.0,167215000.0,144606000.0,0.096,2.157,16.035,15.951,106965000.0,0.0,68.91,2.419,2.419,495099000.0,1954728000.0,712705000.0,712705000.0,0.0,,,,,7658000.0,215341000.0,1.0,96072598.0,96083000.0,98308000.0,7.418,1274300000.0,94728000.0,42251000.0,494066000.0,13.262,504194000.0
40,ROP,MRQ,2011-06-30,2011-06-30,2011-06-30,2021-08-05,73427000.0,5263992000.0,,1002059000.0,4261933000.0,,31.108,-10577000.0,196027000.0,196027000.0,322808000.0,106311000.0,1.85,0.764,1246013000.0,72319000.0,1173694000.0,1246013000.0,0.0,9609000.0,0.0,0.005,0.11,171213000.0,180822000.0,0.258,180822000.0,171213000.0,155017000.0,1.11,1.08,1.11,2983554000.0,,2983554000.0,8968577843.0,15.0,13.849,145356000.0,1.516,1.0,377063000.0,0.539,4017603000.0,16196000.0,1754752000.0,,211687000.0,0.0,0.0,0.0,2280438000.0,541623000.0,1738815000.0,7988237843.0,-65420000.0,-204612000.0,4787000.0,-1568000.0,-10544000.0,-5861000.0,-215229000.0,0.0,155933000.0,-263000.0,106311000.0,106311000.0,106311000.0,0.0,0.0,0.152,213093000.0,163970000.0,153518000.0,0.099,2.677,20.649,20.517,107491000.0,0.0,83.3,3.038,3.038,512229000.0,1855025000.0,699871000.0,699871000.0,0.0,,,,,7696000.0,213093000.0,1.0,95897213.0,95911000.0,98412000.0,7.297,1246389000.0,91561000.0,48706000.0,498593000.0,12.995,460436000.0
41,ROP,MRQ,2011-03-31,2011-03-31,2011-03-31,2021-08-05,81188000.0,5096894000.0,,1029640000.0,4067254000.0,,30.219,-8813000.0,261447000.0,261447000.0,295213000.0,88979000.0,2.029,0.768,1241787000.0,81826000.0,1159961000.0,1241787000.0,0.0,9256000.0,0.0,0.005,0.11,142711000.0,151967000.0,0.235,151967000.0,142711000.0,126015000.0,0.93,0.91,0.93,2882129000.0,,2882129000.0,9313456376.0,17.0,15.704,77771000.0,0.815,1.0,350096000.0,0.543,3831992000.0,16696000.0,1737701000.0,,198788000.0,0.0,0.0,0.0,2214765000.0,507541000.0,1707224000.0,8242805376.0,-8947000.0,0.0,9186000.0,-96968000.0,-10458000.0,-96082000.0,-9011000.0,0.0,86584000.0,9562000.0,88979000.0,88979000.0,88979000.0,0.0,0.0,0.138,208096000.0,142000000.0,147015000.0,0.118,2.86,23.428,23.305,103639000.0,0.0,86.46,3.301,3.302,492443000.0,1759282000.0,645309000.0,645309000.0,0.0,,,,,8112000.0,208096000.0,1.0,95336634.0,95374000.0,98153000.0,6.766,1264902000.0,89463000.0,37036000.0,484849000.0,13.263,522099000.0
42,ROP,MRQ,2010-12-31,2010-12-31,2010-12-31,2021-08-05,43978000.0,5069524000.0,,998091000.0,4071433000.0,,29.009,-8200000.0,270394000.0,270394000.0,307614000.0,107311000.0,1.85,0.843,1341045000.0,93342000.0,1247703000.0,1341045000.0,0.0,9457000.0,0.0,0.005,0.095,165370000.0,174827000.0,0.257,174827000.0,165370000.0,148445000.0,1.13,1.11,1.13,2750907000.0,,2750907000.0,8461384691.0,16.0,15.338,146922000.0,1.549,1.0,371865000.0,0.547,3832293000.0,16925000.0,1768237000.0,,178559000.0,0.0,0.0,0.0,2318617000.0,539645000.0,1778972000.0,7235667691.0,19581000.0,0.0,12553000.0,-131288000.0,-8984000.0,-125710000.0,-8285000.0,0.0,155122000.0,-1546000.0,107311000.0,107311000.0,107311000.0,0.0,0.0,0.158,205707000.0,166158000.0,137778000.0,0.084,2.63,22.431,22.348,103487000.0,0.0,76.43,3.032,3.019,478957000.0,1680849000.0,679479000.0,679479000.0,0.0,,,,,5766000.0,205707000.0,1.0,94670518.0,94830000.0,97490000.0,7.165,1237231000.0,90744000.0,41134000.0,475446000.0,13.047,458446000.0
43,ROP,MRQ,2010-09-30,2010-09-30,2010-09-30,2021-08-05,52514000.0,5056127000.0,,957642000.0,4098485000.0,,27.954,-6278000.0,250813000.0,250813000.0,283339000.0,84263000.0,1.88,0.918,1476530000.0,95788000.0,1380742000.0,1476530000.0,0.0,9110000.0,0.0,0.006,0.095,130864000.0,139974000.0,0.231,139974000.0,130864000.0,113730000.0,0.89,0.87,0.89,2636375000.0,,2636375000.0,6976272026.0,15.0,13.789,132785000.0,1.408,1.0,321749000.0,0.532,3855684000.0,17134000.0,1916814000.0,,180929000.0,0.0,0.0,0.0,2419752000.0,509346000.0,1910406000.0,6138584026.0,-39927000.0,-521762000.0,8927000.0,340890000.0,-8929000.0,341884000.0,-528378000.0,0.0,139063000.0,7504000.0,84263000.0,84263000.0,84263000.0,0.0,0.0,0.139,193516000.0,128233000.0,134316000.0,0.107,2.328,21.374,21.162,105878000.0,0.0,65.18,2.716,2.72,455251000.0,1583997000.0,605088000.0,605088000.0,0.0,,,,,6266000.0,193516000.0,1.0,94178951.0,94312000.0,96671000.0,6.416,1200443000.0,89769000.0,29467000.0,476289000.0,12.728,448296000.0
44,ROP,MRQ,2010-06-30,2010-06-30,2010-06-30,2021-08-05,15677000.0,4387327000.0,,985468000.0,3401859000.0,,26.672,-7628000.0,290740000.0,290740000.0,265157000.0,71281000.0,2.078,0.75,1128428000.0,112028000.0,1016400000.0,1128428000.0,0.0,8752000.0,0.0,0.006,0.095,117530000.0,126282000.0,0.223,126282000.0,117530000.0,101237000.0,0.76,0.74,0.76,2507477000.0,,2507477000.0,6185427508.0,14.0,13.267,102641000.0,1.092,1.0,301947000.0,0.532,3198891000.0,16293000.0,1551944000.0,,170943000.0,0.0,0.0,0.0,1879850000.0,474180000.0,1405670000.0,5258465508.0,99455000.0,349000.0,6413000.0,-14000.0,-8915000.0,-518000.0,-7967000.0,0.0,110269000.0,-2329000.0,71281000.0,71281000.0,71281000.0,0.0,0.0,0.126,182760000.0,119187000.0,120313000.0,0.125,2.097,20.276,19.915,104505000.0,0.0,55.96,2.456,2.457,428008000.0,1508724000.0,567104000.0,567104000.0,0.0,,,,,6110000.0,182760000.0,1.0,93968290.0,94011000.0,96449000.0,6.032,1188436000.0,56732000.0,29956000.0,330024000.0,12.641,511288000.0
45,ROP,MRQ,2010-03-31,2010-03-31,2010-03-31,2021-08-05,32694000.0,4289561000.0,,862323000.0,3427238000.0,,26.097,-6485000.0,191285000.0,191285000.0,254876000.0,59725000.0,1.924,0.752,1118247000.0,110804000.0,1007443000.0,1118247000.0,0.0,9409000.0,0.0,0.006,0.095,101163000.0,110572000.0,0.207,110572000.0,101163000.0,84982000.0,0.64,0.62,0.64,2448166000.0,,2448166000.0,6404733312.0,16.0,14.301,88601000.0,0.944,1.0,279565000.0,0.523,3230553000.0,16181000.0,1537666000.0,,174535000.0,0.0,0.0,0.0,1841395000.0,448304000.0,1393091000.0,5418683312.0,23577000.0,-15000000.0,2851000.0,-42999000.0,-8878000.0,-48047000.0,-18644000.0,0.0,95086000.0,-4818000.0,59725000.0,59725000.0,59725000.0,0.0,0.0,0.112,178849000.0,100716000.0,121472000.0,0.148,2.213,21.881,21.343,107193000.0,0.0,57.84,2.607,2.61,416635000.0,1446390000.0,534441000.0,534441000.0,0.0,,,,,7008000.0,178849000.0,1.0,93684013.0,93810000.0,96036000.0,5.697,1059008000.0,56470000.0,25257000.0,327537000.0,11.289,414019000.0
46,ROP,MRQ,2009-12-31,2009-12-31,2009-12-31,2021-08-05,63945000.0,4327736000.0,,870745000.0,3456991000.0,,26.562,-7177000.0,167708000.0,167708000.0,262226000.0,71924000.0,1.822,0.787,1153758000.0,112796000.0,1040962000.0,1153758000.0,0.0,8335000.0,0.0,0.006,0.083,120767000.0,129102000.0,0.233,129102000.0,120767000.0,103931000.0,0.79,0.77,0.79,2421490000.0,,2421490000.0,5636735088.0,14.0,13.034,112473000.0,1.234,1.0,291412000.0,0.526,3257332000.0,16836000.0,1578443000.0,,178795000.0,0.0,0.0,0.0,1906246000.0,478011000.0,1428235000.0,4768550088.0,-88316000.0,-353313000.0,127508000.0,31518000.0,-7480000.0,152946000.0,-361219000.0,0.0,119650000.0,307000.0,71924000.0,71924000.0,71924000.0,0.0,0.0,0.13,170644000.0,120768000.0,110103000.0,0.105,1.969,19.912,19.837,109493000.0,0.0,52.37,2.326,2.317,438811000.0,1395586000.0,553638000.0,553638000.0,0.0,,,,,6655000.0,170644000.0,1.0,91054995.0,91162000.0,93375000.0,6.073,1070404000.0,60429000.0,32007000.0,329970000.0,11.742,392734000.0
47,ROP,MRQ,2009-09-30,2009-09-30,2009-09-30,2021-08-05,63425000.0,4001821000.0,,907494000.0,3094327000.0,,24.456,-6349000.0,256024000.0,256024000.0,240156000.0,56410000.0,2.035,0.801,1124209000.0,119852000.0,1004357000.0,1124209000.0,0.0,8308000.0,0.0,0.006,0.083,91977000.0,100285000.0,0.206,100285000.0,91977000.0,77540000.0,0.62,0.61,0.62,2222475000.0,,2222475000.0,5572628151.0,14.0,12.76,80638000.0,0.887,1.0,245520000.0,0.506,2902006000.0,14437000.0,1522025000.0,,174055000.0,0.0,0.0,0.0,1779346000.0,445975000.0,1333371000.0,4630222151.0,35198000.0,0.0,2213000.0,-43988000.0,-7493000.0,-48691000.0,-7380000.0,0.0,86987000.0,4282000.0,56410000.0,56410000.0,56410000.0,0.0,0.0,0.116,153648000.0,91872000.0,100561000.0,0.134,2.083,19.42,19.311,104748000.0,0.0,50.98,2.235,2.236,384303000.0,1332555000.0,485676000.0,485676000.0,0.0,,,,,6740000.0,153648000.0,1.0,90824287.0,90877000.0,92908000.0,5.344,1099815000.0,58730000.0,21130000.0,287431000.0,12.102,461519000.0
48,ROP,MRQ,2009-06-30,2009-06-30,2009-06-30,2021-08-05,46673000.0,3959650000.0,,865437000.0,3094213000.0,,23.688,-7131000.0,220826000.0,220826000.0,249840000.0,59588000.0,1.825,0.846,1163232000.0,148745000.0,1014487000.0,1163232000.0,0.0,8751000.0,0.0,0.007,0.083,99132000.0,107883000.0,0.214,107883000.0,99132000.0,85370000.0,0.66,0.64,0.66,2145238000.0,,2145238000.0,5159083433.0,12.0,10.873,103154000.0,1.139,1.0,255070000.0,0.505,2908803000.0,13762000.0,1518995000.0,,177360000.0,0.0,0.0,0.0,1814412000.0,474258000.0,1340154000.0,4102542433.0,43317000.0,-565000.0,2248000.0,-72187000.0,-7456000.0,-76958000.0,1281000.0,0.0,110285000.0,8709000.0,59588000.0,59588000.0,59588000.0,0.0,0.0,0.118,159106000.0,95964000.0,98645000.0,0.126,1.912,16.023,15.898,106588000.0,0.0,45.31,1.882,1.883,382837000.0,1283652000.0,504910000.0,504910000.0,0.0,,,,,7096000.0,159106000.0,1.0,90543863.0,90562000.0,92712000.0,5.575,1050847000.0,55458000.0,25782000.0,281365000.0,11.604,391179000.0
49,ROP,MRQ,2009-03-31,2009-03-31,2009-03-31,2021-08-05,2014000.0,3920868000.0,,843882000.0,3076986000.0,,22.632,-5228000.0,177509000.0,177509000.0,254308000.0,51559000.0,1.741,0.922,1234050000.0,149527000.0,1084523000.0,1234050000.0,0.0,8769000.0,0.0,0.007,0.083,86436000.0,95205000.0,0.188,95205000.0,86436000.0,72927000.0,0.57,0.56,0.57,2039841000.0,,2039841000.0,4899995786.0,11.0,9.786,45349000.0,0.503,1.0,251136000.0,0.497,2890636000.0,13509000.0,1602127000.0,,186724000.0,0.0,0.0,0.0,1881027000.0,484646000.0,1396381000.0,3810548786.0,-560000.0,-683000.0,1680000.0,-33321000.0,-7394000.0,-40894000.0,-6874000.0,0.0,50577000.0,-3369000.0,51559000.0,51559000.0,51559000.0,0.0,0.0,0.102,164344000.0,86792000.0,114887000.0,0.146,1.868,14.062,14.056,107832000.0,0.0,42.45,1.68,1.686,407331000.0,1231558000.0,505444000.0,505444000.0,0.0,,,,,6985000.0,164344000.0,1.0,89765578.0,90132000.0,92302000.0,5.608,1030232000.0,56716000.0,21368000.0,268708000.0,11.43,359236000.0
50,ROP,MRQ,2008-12-31,2008-12-31,2008-12-31,2021-08-05,21513000.0,3971538000.0,,858307000.0,3113231000.0,,22.333,-9260000.0,178069000.0,178069000.0,278054000.0,70871000.0,1.387,0.982,1267215000.0,233526000.0,1033689000.0,1267215000.0,0.0,9125000.0,0.0,0.007,0.072,124224000.0,133349000.0,0.232,133349000.0,124224000.0,105546000.0,0.79,0.77,0.79,2003934000.0,,2003934000.0,5084475616.0,10.0,9.712,119639000.0,1.333,1.0,297808000.0,0.517,2922872000.0,18678000.0,1518905000.0,,185919000.0,0.0,0.0,0.0,1967604000.0,618907000.0,1348697000.0,3894397616.0,-81574000.0,-2829000.0,2881000.0,-129182000.0,-6494000.0,-83430000.0,-12488000.0,0.0,128899000.0,-11184000.0,70871000.0,70871000.0,70871000.0,0.0,0.0,0.123,178753000.0,119055000.0,121807000.0,0.091,1.943,13.816,13.781,112463000.0,0.0,43.41,1.689,1.684,438023000.0,1187467000.0,575862000.0,575862000.0,0.0,,,,,8057000.0,178753000.0,1.0,89711993.0,89729000.0,92718000.0,6.418,1048666000.0,57440000.0,34675000.0,274074000.0,11.687,239400000.0
51,ROP,MRQ,2008-09-30,2008-09-30,2008-09-30,2021-08-05,100431000.0,4073431000.0,,881603000.0,3191828000.0,,22.427,-6451000.0,156272000.0,156272000.0,284340000.0,74029000.0,1.348,1.026,1346350000.0,232676000.0,1113674000.0,1346350000.0,0.0,8585000.0,0.0,0.005,0.072,129463000.0,138048000.0,0.233,138048000.0,129463000.0,113341000.0,0.83,0.79,0.83,2010092000.0,,2010092000.0,6103730100.0,12.0,11.701,131792000.0,1.47,1.0,308760000.0,0.521,2992281000.0,16122000.0,1617058000.0,,196089000.0,0.0,0.0,0.0,2063339000.0,654170000.0,1409169000.0,5104199100.0,113457000.0,-302227000.0,2268000.0,239336000.0,-6486000.0,187626000.0,-310491000.0,0.0,138243000.0,-5292000.0,74029000.0,74029000.0,74029000.0,0.0,0.0,0.125,176461000.0,132299000.0,128335000.0,0.087,2.539,18.301,18.198,115762000.0,0.0,56.96,2.228,2.229,466066000.0,1139863000.0,593100000.0,593100000.0,0.0,,,,,22848000.0,176461000.0,1.0,89610237.0,89629000.0,94251000.0,6.617,1081150000.0,67476000.0,39312000.0,285111000.0,12.063,227433000.0
52,ROP,MRQ,2008-06-30,2008-06-30,2008-06-30,2021-08-05,127574000.0,3762483000.0,,850324000.0,2912159000.0,,21.878,-7956000.0,146186000.0,146186000.0,289084000.0,74523000.0,0.993,0.922,1145717000.0,494205000.0,651512000.0,1145717000.0,0.0,8196000.0,0.0,0.004,0.072,125905000.0,134101000.0,0.226,134101000.0,125905000.0,113850000.0,0.83,0.79,0.83,1957520000.0,,1957520000.0,6954817770.0,15.0,13.778,87747000.0,0.981,1.0,305330000.0,0.514,2731503000.0,12055000.0,1174141000.0,,192426000.0,0.0,0.0,0.0,1804963000.0,856370000.0,948593000.0,5890059770.0,-5014000.0,-22074000.0,5189000.0,-69562000.0,-6479000.0,-68662000.0,-31468000.0,0.0,95703000.0,-587000.0,74523000.0,74523000.0,74523000.0,0.0,0.0,0.125,178789000.0,126541000.0,118718000.0,0.087,3.009,21.814,21.671,112032000.0,0.0,65.88,2.641,2.643,453958000.0,1071165000.0,594414000.0,594414000.0,0.0,,,,,0.0,178789000.0,1.0,89405886.0,89476000.0,94398000.0,6.643,1030980000.0,56086000.0,39327000.0,270463000.0,11.522,-6046000.0
53,ROP,MRQ,2008-03-31,2008-03-31,2008-03-31,2021-08-05,130219000.0,3761704000.0,,836157000.0,2925547000.0,,21.067,-6380000.0,151200000.0,151200000.0,266605000.0,62451000.0,1.083,1.005,1215958000.0,413110000.0,802848000.0,1215958000.0,0.0,7994000.0,0.0,0.005,0.072,110043000.0,118037000.0,0.217,118037000.0,110043000.0,96079000.0,0.7,0.67,0.7,1875768000.0,,1875768000.0,6058222570.0,13.0,12.48,65213000.0,0.732,1.0,276390000.0,0.509,2738274000.0,13964000.0,1316192000.0,,190040000.0,0.0,0.0,0.0,1885936000.0,771996000.0,1113940000.0,5308398570.0,-157568000.0,-377634000.0,2593000.0,154437000.0,-6428000.0,152385000.0,-384847000.0,0.0,71593000.0,3301000.0,62451000.0,62451000.0,62451000.0,0.0,0.0,0.115,168124000.0,108266000.0,121990000.0,0.103,2.83,20.678,20.497,112119000.0,0.0,59.44,2.45,2.443,436423000.0,1001989000.0,542995000.0,542995000.0,0.0,,,,,0.0,168124000.0,1.0,89306840.0,89037000.0,93447000.0,6.099,1023430000.0,56412000.0,33628000.0,289564000.0,11.494,64161000.0
54,ROP,MRQ,2007-12-31,2007-12-31,2007-12-31,2021-08-05,108732000.0,3453184000.0,,951137000.0,2502047000.0,,20.178,-10516000.0,308768000.0,308768000.0,274011000.0,67902000.0,1.425,0.929,1058592000.0,331103000.0,727489000.0,1058592000.0,0.0,8245000.0,0.0,0.004,0.065,123191000.0,131436000.0,0.235,131436000.0,123191000.0,104293000.0,0.77,0.73,0.77,1789806000.0,,1789806000.0,6397553307.0,15.0,13.68,106320000.0,1.199,1.0,286073000.0,0.511,2319588000.0,18898000.0,1215890000.0,,174138000.0,0.0,0.0,0.0,1663378000.0,667530000.0,995848000.0,5545139307.0,182837000.0,-655000.0,4107000.0,77725000.0,-5772000.0,76590000.0,-12914000.0,0.0,116836000.0,2325000.0,67902000.0,67902000.0,67902000.0,0.0,0.0,0.121,162264000.0,123809000.0,115809000.0,0.084,3.098,22.568,22.496,107513000.0,0.0,62.54,2.638,2.63,420026000.0,944886000.0,560084000.0,560084000.0,0.0,,,,,20688000.0,162264000.0,1.0,88665483.0,88702000.0,94114000.0,6.314,1133596000.0,51654000.0,36391000.0,247974000.0,12.78,283607000.0
55,ROP,MRQ,2007-09-30,2007-09-30,2007-09-30,2021-08-05,105988000.0,3252068000.0,,764110000.0,2487958000.0,,19.342,-6866000.0,125931000.0,125931000.0,261123000.0,65140000.0,1.198,0.898,978345000.0,322147000.0,656198000.0,978345000.0,0.0,7875000.0,0.0,0.004,0.065,113334000.0,121209000.0,0.227,121209000.0,113334000.0,100215000.0,0.74,0.7,0.74,1713191000.0,,1713191000.0,6731813348.0,16.0,15.241,84553000.0,0.955,1.0,271779000.0,0.51,2315997000.0,13119000.0,1150436000.0,,183021000.0,0.0,0.0,0.0,1538877000.0,638049000.0,900828000.0,5801637348.0,5827000.0,-5526000.0,2317000.0,-73746000.0,-5745000.0,-76224000.0,-13229000.0,0.0,91419000.0,3861000.0,65140000.0,65140000.0,65140000.0,0.0,0.0,0.122,158041000.0,113738000.0,106555000.0,0.088,3.386,24.737,24.532,105528000.0,0.0,65.5,2.89,2.89,364751000.0,879093000.0,532902000.0,532902000.0,0.0,,,,,0.0,158041000.0,1.0,88574616.0,88575000.0,93559000.0,6.016,936071000.0,43881000.0,35075000.0,226378000.0,10.568,126061000.0
56,ROP,MRQ,2007-06-30,2007-06-30,2007-06-30,2021-08-05,84638000.0,3204305000.0,,722753000.0,2481552000.0,,18.373,-6669000.0,120104000.0,120104000.0,268241000.0,61229000.0,1.201,0.974,1050280000.0,314264000.0,736016000.0,1050280000.0,0.0,8029000.0,0.0,0.004,0.065,106726000.0,114755000.0,0.216,114755000.0,106726000.0,93360000.0,0.69,0.66,0.69,1623413000.0,,1623413000.0,6016387562.0,16.0,14.463,71795000.0,0.813,1.0,262395000.0,0.494,2304998000.0,13366000.0,1227567000.0,,181304000.0,0.0,0.0,0.0,1580892000.0,601916000.0,978976000.0,5040800562.0,39662000.0,-31026000.0,5345000.0,-4727000.0,-5745000.0,-175000.0,-40128000.0,0.0,78464000.0,1501000.0,61229000.0,61229000.0,61229000.0,0.0,0.0,0.115,154439000.0,107956000.0,102684000.0,0.094,3.105,22.891,22.749,105524000.0,0.0,57.1,2.651,2.653,330824000.0,819718000.0,530636000.0,530636000.0,0.0,,,,,0.0,154439000.0,1.0,88280220.0,88359000.0,92915000.0,6.005,899307000.0,44873000.0,32131000.0,208312000.0,10.178,120837000.0
57,ROP,MRQ,2007-03-31,2007-03-31,2007-03-31,2021-08-05,69532000.0,3112780000.0,,656570000.0,2456210000.0,,17.497,-6056000.0,80442000.0,80442000.0,240279000.0,51434000.0,1.118,1.023,1056029000.0,307945000.0,748084000.0,1056029000.0,0.0,7656000.0,0.0,0.004,0.065,92601000.0,100257000.0,0.21,100257000.0,92601000.0,79129000.0,0.59,0.56,0.59,1538330000.0,,1538330000.0,5781922584.0,16.0,14.679,51032000.0,0.58,1.0,238148000.0,0.498,2279602000.0,13472000.0,1221367000.0,,186161000.0,0.0,0.0,0.0,1574450000.0,587398000.0,987052000.0,4824608584.0,10964000.0,-69735000.0,5257000.0,28348000.0,-5692000.0,29357000.0,-76117000.0,0.0,57088000.0,636000.0,51434000.0,51434000.0,51434000.0,0.0,0.0,0.108,145297000.0,92851000.0,100012000.0,0.11,3.136,23.299,23.156,106516000.0,0.0,54.88,2.686,2.686,319249000.0,764245000.0,478427000.0,478427000.0,0.0,,,,,0.0,145297000.0,1.0,87911964.0,87918000.0,92300000.0,5.442,833178000.0,44000000.0,27695000.0,205642000.0,9.477,69172000.0
58,ROP,MRQ,2006-12-31,2006-12-31,2006-12-31,2021-08-05,68666000.0,2995359000.0,,627495000.0,2367864000.0,,17.025,-8606000.0,69478000.0,69478000.0,229689000.0,56731000.0,1.068,1.015,1026792000.0,299911000.0,726881000.0,1026792000.0,0.0,8307000.0,0.0,0.005,0.059,97177000.0,105484000.0,0.227,105484000.0,97177000.0,85554000.0,0.65,0.62,0.65,1486839000.0,,1486839000.0,5195248516.0,15.0,14.132,100399000.0,1.15,1.0,235795000.0,0.507,2195344000.0,11623000.0,1169680000.0,,168319000.0,0.0,0.0,0.0,1508520000.0,587649000.0,920871000.0,4380596516.0,28600000.0,-248731000.0,9002000.0,169519000.0,-5111000.0,177939000.0,-258341000.0,0.0,109005000.0,-3000.0,56731000.0,56731000.0,56731000.0,0.0,0.0,0.122,138530000.0,97265000.0,96139000.0,0.091,2.946,22.659,22.529,107003000.0,0.0,50.24,2.576,2.565,353761000.0,721899000.0,465484000.0,465484000.0,0.0,,,,,15415000.0,138530000.0,1.0,87193402.0,87331000.0,91600000.0,5.33,800015000.0,39610000.0,28823000.0,177445000.0,9.161,39846000.0
59,ROP,MRQ,2006-09-30,2006-09-30,2006-09-30,2021-08-05,70958000.0,2679878000.0,,575254000.0,2104624000.0,,16.306,-6740000.0,40878000.0,40878000.0,208967000.0,50814000.0,1.052,0.888,855530000.0,291458000.0,564072000.0,855530000.0,0.0,7705000.0,0.0,0.005,0.059,87787000.0,95492000.0,0.224,95492000.0,87787000.0,76721000.0,0.58,0.56,0.58,1419479000.0,,1419479000.0,4708203446.0,15.0,13.507,41037000.0,0.471,1.0,218250000.0,0.511,1932770000.0,11066000.0,1014854000.0,,161616000.0,0.0,0.0,0.0,1260399000.0,546906000.0,713493000.0,3892474446.0,-12505000.0,-39940000.0,3134000.0,-14534000.0,-5102000.0,-13551000.0,-47193000.0,0.0,47777000.0,462000.0,50814000.0,50814000.0,50814000.0,0.0,0.0,0.119,130730000.0,87520000.0,91076000.0,0.102,2.742,20.815,20.713,103234000.0,0.0,44.74,2.39,2.392,304385000.0,670873000.0,427217000.0,427217000.0,0.0,,,,,0.0,130730000.0,1.0,87002111.0,87050000.0,90963000.0,4.908,747108000.0,45150000.0,25907000.0,142979000.0,8.583,28348000.0
60,ROP,MRQ,2006-06-30,2006-06-30,2006-06-30,2021-08-05,67710000.0,2626744000.0,,545419000.0,2081325000.0,,15.663,-7035000.0,53383000.0,53383000.0,210427000.0,48093000.0,1.031,0.929,869112000.0,284676000.0,584436000.0,869112000.0,0.0,7303000.0,0.0,0.005,0.059,85361000.0,92664000.0,0.218,92664000.0,85361000.0,74048000.0,0.55,0.53,0.55,1361453000.0,,1361453000.0,4857666162.0,16.0,14.683,41391000.0,0.476,1.0,214883000.0,0.505,1909797000.0,11313000.0,1003865000.0,,147332000.0,0.0,0.0,0.0,1265291000.0,528811000.0,736480000.0,4060048162.0,-13774000.0,-57616000.0,2189000.0,1188000.0,-5143000.0,1080000.0,-64611000.0,0.0,48426000.0,1331000.0,48093000.0,48093000.0,48093000.0,0.0,0.0,0.113,129491000.0,85392000.0,84183000.0,0.107,2.982,23.15,22.917,102231000.0,0.0,46.75,2.592,2.594,277041000.0,625180000.0,425310000.0,425310000.0,0.0,,,,,0.0,129491000.0,1.0,86845950.0,86919000.0,91043000.0,4.893,716947000.0,41334000.0,25955000.0,152578000.0,8.248,16608000.0
61,ROP,MRQ,2006-03-31,2006-03-31,2006-03-31,2021-08-05,55345000.0,2533505000.0,,515476000.0,2018029000.0,,15.094,-9772000.0,67157000.0,67157000.0,190326000.0,37686000.0,1.034,0.95,864775000.0,277467000.0,587308000.0,864775000.0,0.0,6624000.0,0.0,0.004,0.059,67348000.0,73972000.0,0.193,73972000.0,67348000.0,56549000.0,0.44,0.42,0.44,1298971000.0,,1298971000.0,5033433943.0,18.0,16.393,47558000.0,0.553,1.0,192397000.0,0.503,1846762000.0,10799000.0,986068000.0,,140930000.0,0.0,0.0,0.0,1234534000.0,498293000.0,736241000.0,4192278943.0,14041000.0,-5838000.0,7934000.0,-30510000.0,-5046000.0,-27177000.0,-16520000.0,0.0,57330000.0,408000.0,37686000.0,37686000.0,37686000.0,0.0,0.0,0.098,125049000.0,67348000.0,79995000.0,0.134,3.227,25.743,25.461,100621000.0,0.0,48.63,2.79,2.785,250853000.0,582187000.0,382723000.0,382723000.0,0.0,,,,,0.0,124921000.0,1.0,86207669.0,86061000.0,89711000.0,4.447,686743000.0,42618000.0,18863000.0,148413000.0,7.98,17183000.0
62,ROP,MRQ,2005-12-31,2005-12-31,2005-12-31,2021-08-05,51731000.0,2522306000.0,,498207000.0,2024099000.0,,14.557,-8703000.0,53116000.0,53116000.0,194082000.0,50408000.0,0.985,1.018,894271000.0,273313000.0,620958000.0,894271000.0,0.0,7622000.0,0.0,0.005,0.053,78819000.0,86441000.0,0.22,86441000.0,78819000.0,68196000.0,0.59,0.56,0.59,1249788000.0,,1249788000.0,4174485876.0,16.0,14.278,96673000.0,1.126,1.0,199084000.0,0.506,1855077000.0,10623000.0,1002759000.0,,131838000.0,0.0,0.0,0.0,1272518000.0,505625000.0,766893000.0,3389851876.0,-25980000.0,-148848000.0,4518000.0,29864000.0,-4558000.0,27868000.0,-157711000.0,0.0,105376000.0,-1513000.0,50408000.0,50408000.0,50408000.0,0.0,0.0,0.128,118217000.0,80867000.0,71693000.0,0.09,2.712,22.131,22.073,97462000.0,0.0,39.51,2.332,2.324,257210000.0,549603000.0,393166000.0,393166000.0,0.0,,,,,4323000.0,118217000.0,1.0,85797314.0,85852000.0,90848000.0,4.58,667229000.0,44997000.0,17788000.0,141986000.0,7.772,-7418000.0
63,ROP,MRQ,2005-09-30,2005-09-30,2005-09-30,2021-08-05,53085000.0,2424114000.0,,536088000.0,1888026000.0,,14.065,-5559000.0,79096000.0,79096000.0,180407000.0,39194000.0,1.145,1.017,863730000.0,266006000.0,597724000.0,863730000.0,0.0,7107000.0,0.0,0.005,0.053,70643000.0,77750000.0,0.213,77750000.0,70643000.0,59206000.0,0.46,0.45,0.46,1201587000.0,,1201587000.0,4213469307.0,18.0,16.575,68983000.0,0.807,1.0,184757000.0,0.506,1742197000.0,11437000.0,998165000.0,,134350000.0,0.0,0.0,0.0,1222527000.0,468386000.0,754141000.0,3362629307.0,10697000.0,-3711000.0,11168000.0,-54909000.0,-4561000.0,-55131000.0,-8684000.0,0.0,74542000.0,-30000.0,39194000.0,39194000.0,39194000.0,0.0,0.0,0.107,114981000.0,69776000.0,60085000.0,0.115,2.798,26.363,25.68,94479000.0,0.0,39.29,2.515,2.51,254973000.0,504311000.0,365164000.0,365164000.0,0.0,,,,,0.0,114981000.0,1.0,85584864.0,85431000.0,87096000.0,4.274,681917000.0,30319000.0,20012000.0,141129000.0,7.982,67702000.0
64,ROP,MRQ,2005-06-30,2005-06-30,2005-06-30,2021-08-05,54395000.0,2449651000.0,,527197000.0,1922454000.0,,13.595,-5438000.0,68399000.0,68399000.0,181622000.0,35562000.0,2.159,1.109,919239000.0,35980000.0,883259000.0,919239000.0,0.0,6255000.0,0.0,0.006,0.053,62623000.0,68878000.0,0.191,68878000.0,62623000.0,51666000.0,0.42,0.41,0.42,1161479000.0,,1161479000.0,3823112633.0,19.0,16.883,57322000.0,0.671,1.0,179942000.0,0.498,1755997000.0,10957000.0,1300354000.0,,138363000.0,0.0,0.0,0.0,1288172000.0,244140000.0,1044032000.0,3040460633.0,-29826000.0,-124852000.0,0.0,41300000.0,-4525000.0,41261000.0,-130922000.0,0.0,62760000.0,-2925000.0,35562000.0,35562000.0,35562000.0,0.0,0.0,0.098,117550000.0,62392000.0,62709000.0,0.126,2.618,26.27,24.781,100000000.0,0.0,35.685,2.508,2.515,249062000.0,469690000.0,361564000.0,361564000.0,0.0,,,,,0.0,117550000.0,1.0,85202764.0,85432000.0,86928000.0,4.232,693654000.0,41653000.0,16104000.0,145729000.0,8.119,283057000.0
65,ROP,MRQ,2005-03-31,2005-03-31,2005-03-31,2021-08-05,63870000.0,2356074000.0,,533989000.0,1822085000.0,,13.341,-5062000.0,98225000.0,98225000.0,171213000.0,28011000.0,2.296,1.08,880877000.0,36338000.0,844539000.0,880877000.0,0.0,7429000.0,0.0,0.006,0.053,51876000.0,59305000.0,0.178,59305000.0,51876000.0,41499000.0,0.33,0.32,0.33,1132983000.0,,1132983000.0,3544802812.0,20.0,17.492,33561000.0,0.395,1.0,162624000.0,0.487,1650986000.0,10377000.0,1255165000.0,,136601000.0,0.0,0.0,0.0,1223091000.0,232575000.0,990516000.0,2782330812.0,-31194000.0,-52523000.0,0.0,-8407000.0,-4507000.0,-8615000.0,-58553000.0,0.0,38623000.0,-2649000.0,28011000.0,28011000.0,28011000.0,0.0,0.0,0.084,110760000.0,51864000.0,59939000.0,0.161,2.456,26.823,24.44,97312000.0,0.0,32.75,2.569,2.568,245668000.0,438674000.0,333837000.0,333837000.0,0.0,,,,,0.0,110760000.0,1.0,84956666.0,84922000.0,86314000.0,3.931,705088000.0,49793000.0,13488000.0,132896000.0,8.303,301414000.0
66,ROP,MRQ,2004-12-31,2004-12-31,2004-12-31,2021-08-05,76249000.0,2366404000.0,,556160000.0,1810244000.0,,14.556,-4033000.0,129419000.0,129419000.0,136528000.0,24786000.0,2.193,1.124,891891000.0,36527000.0,855364000.0,891891000.0,0.0,4823000.0,0.0,0.006,0.048,43445000.0,48268000.0,0.175,48268000.0,43445000.0,35664000.0,0.32,0.32,0.32,1114086000.0,,1114086000.0,2771317238.0,17.0,15.326,59233000.0,0.774,1.0,140021000.0,0.506,1631208000.0,7781000.0,1244118000.0,,132282000.0,0.0,0.0,0.0,1252318000.0,253550000.0,998768000.0,2258036238.0,27003000.0,-589286000.0,310332000.0,258322000.0,-3523000.0,554255000.0,-594909000.0,0.0,63266000.0,4391000.0,24786000.0,24786000.0,24786000.0,0.0,0.0,0.09,87819000.0,52202000.0,65801000.0,0.15,2.027,24.06,24.115,97949000.0,0.0,30.385,2.328,2.332,242014000.0,415188000.0,276549000.0,276549000.0,0.0,,,,,961000.0,87819000.0,1.0,74314176.0,76540000.0,77812000.0,3.613,735196000.0,54690000.0,10878000.0,131326000.0,9.605,302610000.0
67,ROP,MRQ,2004-09-30,2004-09-30,2004-09-30,2021-08-05,49931000.0,1573138000.0,,411014000.0,1162124000.0,,10.199,-2983000.0,102416000.0,102416000.0,120570000.0,27382000.0,2.763,1.082,615697000.0,20951000.0,594746000.0,615697000.0,0.0,4592000.0,0.0,0.007,0.048,45403000.0,49995000.0,0.208,49995000.0,45403000.0,38076000.0,0.37,0.36,0.37,755506000.0,,755506000.0,2671144517.0,22.0,19.133,32635000.0,0.441,1.0,119571000.0,0.498,1036433000.0,7327000.0,901218000.0,,109316000.0,0.0,0.0,0.0,817632000.0,148768000.0,668864000.0,2126429517.0,27683000.0,-350000.0,0.0,-4202000.0,-3574000.0,-3083000.0,-5547000.0,0.0,35618000.0,695000.0,27382000.0,27382000.0,27382000.0,0.0,0.0,0.114,74151000.0,45420000.0,46165000.0,0.13,2.815,29.965,29.772,74189000.0,0.0,28.73,2.464,2.466,169592000.0,394908000.0,240141000.0,240141000.0,0.0,,,,,0.0,74151000.0,1.0,74014254.0,74078000.0,75346000.0,3.242,536705000.0,31499000.0,10694000.0,57066000.0,7.245,262246000.0
68,ROP,MRQ,2004-06-30,2004-06-30,2004-06-30,2021-08-05,45655000.0,1545255000.0,,390556000.0,1154699000.0,,9.798,-2579000.0,74733000.0,74733000.0,116419000.0,23550000.0,2.583,1.139,619448000.0,20184000.0,599264000.0,619448000.0,0.0,4367000.0,0.0,0.006,0.048,40720000.0,45087000.0,0.194,45087000.0,40720000.0,33884000.0,0.32,0.315,0.32,722381000.0,,722381000.0,2636195249.0,24.0,21.476,37779000.0,0.512,1.0,116015000.0,0.499,1037073000.0,6836000.0,901712000.0,,108995000.0,0.0,0.0,0.0,822874000.0,151185000.0,671689000.0,2094243249.0,-7624000.0,-39469000.0,0.0,-4972000.0,-3562000.0,-5013000.0,-42872000.0,0.0,40358000.0,-97000.0,23550000.0,23550000.0,23550000.0,0.0,0.0,0.101,75307000.0,40708000.0,51370000.0,0.15,2.899,34.078,32.33,75840000.0,0.0,28.45,2.634,2.639,161833000.0,371100000.0,232434000.0,232434000.0,0.0,,,,,0.0,75307000.0,1.0,73611362.0,73726000.0,74936000.0,3.153,508182000.0,32085000.0,10334000.0,55236000.0,6.893,239371000.0
69,ROP,MRQ,2004-03-31,2004-03-31,2004-03-31,2021-08-05,46149000.0,1522945000.0,,398841000.0,1124104000.0,,9.525,-2546000.0,82357000.0,82357000.0,111202000.0,18134000.0,2.663,1.178,624309000.0,20149000.0,604160000.0,624309000.0,0.0,4478000.0,0.0,0.007,0.048,32995000.0,37473000.0,0.17,37473000.0,32995000.0,26092000.0,0.245,0.245,0.245,699248000.0,,699248000.0,2354509247.0,26.0,22.781,23037000.0,0.314,1.0,109438000.0,0.496,1006818000.0,6903000.0,908300000.0,,109500000.0,0.0,0.0,0.0,823697000.0,149779000.0,673918000.0,1773634247.0,12123000.0,-12042000.0,28873000.0,-25780000.0,-3542000.0,2213000.0,-15071000.0,0.0,25583000.0,-602000.0,18134000.0,18134000.0,18134000.0,0.0,0.0,0.082,76466000.0,32972000.0,46834000.0,0.196,2.536,35.069,31.743,76340000.0,0.0,24.125,2.434,2.431,157180000.0,351112000.0,220640000.0,220640000.0,0.0,,,,,0.0,76466000.0,1.0,73518518.0,73412000.0,74572000.0,3.006,516127000.0,35935000.0,7958000.0,53743000.0,7.031,249062000.0
70,ROP,MRQ,2003-12-31,2003-12-31,2003-12-31,2021-08-05,48989000.0,1514995000.0,,381192000.0,1133803000.0,,10.294,-2338000.0,70234000.0,70234000.0,80714000.0,1897000.0,2.36,1.31,651109000.0,20923000.0,630186000.0,651109000.0,0.0,2984000.0,0.0,0.007,0.044,4073000.0,7057000.0,0.042,7057000.0,4073000.0,342000.0,0.03,0.03,0.03,655781000.0,,655781000.0,1833760812.0,23.0,20.065,11185000.0,0.176,1.0,89080000.0,0.525,1009827000.0,3731000.0,924546000.0,,107082000.0,0.0,0.0,0.0,859214000.0,161497000.0,697717000.0,1559783812.0,55724000.0,-490856000.0,200920000.0,344637000.0,-3454000.0,536763000.0,-495889000.0,0.0,13523000.0,1327000.0,1897000.0,1897000.0,1897000.0,0.0,0.0,0.011,59776000.0,29304000.0,45412000.0,1.467,2.379,34.479,34.208,78461000.0,0.0,24.63,2.373,2.366,150856000.0,336520000.0,169794000.0,169794000.0,0.0,,,,,416000.0,59776000.0,1.0,63328616.0,63708000.0,64872000.0,2.665,505168000.0,39348000.0,-1555000.0,51826000.0,7.929,219695000.0
71,ROP,MRQ,2003-09-30,2003-09-30,2003-09-30,2021-08-05,32645000.0,835677000.0,,235325000.0,600352000.0,,6.996,-3248000.0,14510000.0,14510000.0,78894000.0,17873000.0,2.54,0.892,288487000.0,1017000.0,287470000.0,288487000.0,0.0,2762000.0,0.0,0.008,0.044,30370000.0,33132000.0,0.193,33132000.0,30370000.0,26352000.0,0.285,0.28,0.285,441728000.0,,441728000.0,1665655217.0,,,18000000.0,0.285,1.0,93170000.0,0.541,519317000.0,4018000.0,497704000.0,,95233000.0,0.0,0.0,0.0,393949000.0,92633000.0,301316000.0,1380376217.0,-12694000.0,-1589000.0,0.0,-28528000.0,-2770000.0,-28533000.0,-5290000.0,0.0,21248000.0,-119000.0,17873000.0,17873000.0,17873000.0,1912000.0,0.0,0.104,60649000.0,32521000.0,33791000.0,0.154,3.125,,,51908000.0,0.0,21.775,,,120344000.0,338159000.0,172064000.0,172064000.0,0.0,,,,,0.0,60649000.0,1.0,63392708.0,63142000.0,64110000.0,2.725,316360000.0,0.0,8479000.0,3093000.0,5.01,142692000.0
72,ROP,MRQ,2003-06-30,2003-06-30,2003-06-30,2021-08-05,,,,,,,,-2090000.0,,,80858000.0,12672000.0,,,,,,,,3032000.0,,0.009,0.044,22658000.0,25690000.0,0.155,25690000.0,22658000.0,18276000.0,0.2,0.2,0.2,,,,1473761686.0,,,22807000.0,0.362,1.0,85197000.0,0.513,,4382000.0,,,,,,,,,,1171956686.0,7661000.0,35000.0,0.0,-14486000.0,-2761000.0,-15876000.0,-2816000.0,0.0,24897000.0,1456000.0,12672000.0,12672000.0,12672000.0,410000.0,0.0,0.076,62203000.0,22994000.0,,0.22,,,,,0.0,18.6,,,,,166055000.0,166055000.0,0.0,,,,,0.0,62203000.0,1.0,63008424.0,62942000.0,63560000.0,2.638,,,5604000.0,,,
73,ROP,MRQ,2003-03-31,2003-03-31,2003-03-31,2021-08-05,,,,,,,,-2746000.0,,,70752000.0,12797000.0,,,,,,,,2762000.0,,0.012,0.044,22751000.0,25513000.0,0.171,25513000.0,22751000.0,18498000.0,0.205,0.2,0.205,,,,1262247038.0,,,8879000.0,0.141,1.0,78691000.0,0.527,,4253000.0,,,,,,,,,,941878038.0,4273000.0,-100000.0,0.0,-2786000.0,-2753000.0,-4335000.0,-3601000.0,0.0,11625000.0,584000.0,12797000.0,12797000.0,12797000.0,500000.0,0.0,0.086,55410000.0,23281000.0,,0.215,,,,,0.0,14.425,,,,,149443000.0,149443000.0,0.0,,,,,0.0,55410000.0,1.0,65294838.0,62804000.0,63430000.0,2.38,,,5701000.0,,,
74,ROP,MRQ,2002-12-31,2002-12-31,2002-12-31,2021-08-05,12692000.0,824966000.0,,247565000.0,577401000.0,,6.081,,15270000.0,15270000.0,,,2.04,1.165,329601000.0,20917000.0,308684000.0,329601000.0,0.0,,0.0,,0.0,,,,,,,,,,380981000.0,,380981000.0,1484899800.0,,,,,1.0,,,501917000.0,,516036000.0,,92681000.0,0.0,0.0,0.0,443985000.0,121344000.0,322641000.0,1146421800.0,,,,,,,,,,,,,,,,,,,28380000.0,,3.009,,,50410000.0,,18.3,,,117984000.0,303101000.0,,,,,,,,,,1.0,62646000.0,62646000.0,,,323049000.0,18318000.0,,10724000.0,5.157,126221000.0
75,ROP,MRQ,2002-09-30,2002-10-31,2002-10-31,2021-08-05,5940000.0,828973000.0,,248827000.0,580146000.0,,6.0,-2259000.0,12422000.0,12422000.0,76505000.0,19024000.0,1.911,1.205,332105000.0,20515000.0,311590000.0,332105000.0,0.0,3177000.0,0.0,0.009,0.041,32509000.0,35686000.0,0.213,35686000.0,32509000.0,27684000.0,0.305,0.3,0.305,376012000.0,,376012000.0,1547545800.0,17.0,15.468,34198000.0,0.546,1.0,90783000.0,0.543,496265000.0,4825000.0,522154000.0,,88313000.0,0.0,0.0,0.0,452961000.0,130237000.0,322724000.0,1209067800.0,-3266000.0,-12943000.0,1234000.0,-22216000.0,-2587000.0,-23569000.0,-16140000.0,0.0,36457000.0,-14000.0,19024000.0,19024000.0,19024000.0,204000.0,0.0,0.114,58633000.0,32150000.0,35253000.0,0.134,3.216,30.187,30.156,51089000.0,0.0,19.3,1.958,1.951,138290000.0,304995000.0,167288000.0,167288000.0,0.0,,,,,0.0,58633000.0,1.0,62646000.0,62672000.0,63318000.0,2.669,332708000.0,0.0,8660000.0,7618000.0,5.309,118590000.0
76,ROP,MRQ,2002-06-30,2002-07-31,2002-07-31,2021-08-05,5771000.0,848598000.0,,240659000.0,607939000.0,,6.135,-1598000.0,15647000.0,15647000.0,70421000.0,15033000.0,2.095,1.209,354125000.0,15518000.0,338607000.0,354125000.0,0.0,2762000.0,0.0,0.011,0.041,24233000.0,26995000.0,0.177,26995000.0,24233000.0,19771000.0,0.24,0.235,0.24,384142000.0,,384142000.0,1217425210.0,14.0,12.266,16110000.0,0.257,1.0,82409000.0,0.539,476836000.0,4462000.0,595385000.0,,85669000.0,56250000.0,0.0,56250000.0,464456000.0,114855000.0,349601000.0,930606210.0,-1729000.0,-61978000.0,643000.0,46254000.0,-2584000.0,44313000.0,-64941000.0,0.0,17708000.0,1191000.0,15033000.0,15033000.0,15033000.0,167000.0,0.0,0.098,54190000.0,28219000.0,33889000.0,0.171,2.423,24.417,24.187,49695000.0,0.0,14.875,1.576,1.577,133579000.0,314528000.0,152830000.0,152830000.0,0.0,,,,,0.0,54190000.0,1.0,62561762.0,62610000.0,63602000.0,2.441,371762000.0,0.0,4738000.0,11226000.0,5.938,125804000.0
77,ROP,MRQ,2002-03-31,2002-04-30,2002-04-30,2021-08-05,-8007000.0,773303000.0,,233954000.0,539349000.0,,5.723,-1969000.0,17442000.0,17442000.0,68811000.0,17456000.0,2.07,1.164,304261000.0,11507000.0,292754000.0,304261000.0,0.0,2813000.0,0.0,0.007,0.041,30960000.0,33773000.0,0.224,33773000.0,30960000.0,26372000.0,0.28,0.275,0.28,357285000.0,,357285000.0,1738644100.0,20.0,17.673,19338000.0,0.31,1.0,82016000.0,0.544,459112000.0,4588000.0,487996000.0,,86495000.0,0.0,0.0,0.0,416018000.0,113014000.0,303004000.0,1434877100.0,-2556000.0,-145000.0,6962000.0,-22281000.0,-2578000.0,-22858000.0,-1470000.0,0.0,21307000.0,465000.0,17456000.0,17456000.0,17456000.0,-143000.0,0.0,0.116,51780000.0,30236000.0,37223000.0,0.146,4.016,39.623,38.975,48881000.0,0.0,22.995,2.492,2.493,123742000.0,302079000.0,150827000.0,150827000.0,0.0,,,,,0.0,51780000.0,1.0,62399526.0,62426000.0,63982000.0,2.416,314191000.0,0.0,8916000.0,12919000.0,5.033,120940000.0
78,ROP,MRQ,2001-12-31,2002-01-31,2002-01-31,2021-08-05,-13799000.0,760582000.0,,225020000.0,535562000.0,,5.396,-1912000.0,19961000.0,19961000.0,67970000.0,-11460000.0,2.262,1.274,323728000.0,8367000.0,315361000.0,323728000.0,0.0,2848000.0,0.0,0.006,0.041,746000.0,3594000.0,0.025,3594000.0,746000.0,-3885000.0,-0.185,-0.18,-0.185,334410000.0,,334410000.0,1863776962.0,23.0,20.28,9374000.0,0.151,1.0,78547000.0,0.536,454185000.0,4631000.0,510698000.0,,89720000.0,0.0,0.0,0.0,426172000.0,99466000.0,326706000.0,1553126962.0,3554000.0,-7747000.0,0.0,501000.0,-2568000.0,2894000.0,-9871000.0,0.0,11286000.0,-755000.0,-11460000.0,-11460000.0,-11460000.0,187000.0,0.0,-0.078,79577000.0,-1030000.0,31630000.0,-0.222,4.644,47.614,46.72,49921000.0,0.0,24.995,2.716,2.709,111785000.0,287201000.0,146517000.0,146517000.0,0.0,,,,,0.0,53607000.0,1.0,62137506.0,61974000.0,63652000.0,2.364,306397000.0,0.0,7575000.0,10953000.0,4.944,125554000.0
79,ROP,MRQ,2001-09-30,2001-10-31,2001-10-31,2021-08-05,-7757000.0,762122000.0,,239852000.0,522270000.0,,5.24,-2926000.0,16419000.0,16419000.0,54960000.0,17084000.0,2.309,1.356,326840000.0,3010000.0,323830000.0,326840000.0,0.0,2570000.0,0.0,0.007,0.037,32318000.0,34888000.0,0.248,34888000.0,32318000.0,27334000.0,0.28,0.27,0.28,323506000.0,,323506000.0,1499419200.0,15.0,13.264,27878000.0,0.452,1.0,85532000.0,0.609,446762000.0,4984000.0,521901000.0,,89543000.0,0.0,0.0,0.0,438616000.0,103880000.0,334736000.0,1308591200.0,-12109000.0,-144724000.0,373000.0,106081000.0,-2315000.0,104139000.0,-147432000.0,0.0,30804000.0,380000.0,17084000.0,17084000.0,17084000.0,1576000.0,0.0,0.122,53959000.0,31573000.0,32995000.0,0.132,4.045,23.435,23.297,51543000.0,0.0,21.2,2.325,2.317,116510000.0,275259000.0,140492000.0,140492000.0,0.0,,,,,0.0,53959000.0,1.0,61726000.0,61732000.0,62380000.0,2.276,315360000.0,0.0,10250000.0,5617000.0,5.109,135972000.0
80,ROP,MRQ,2001-06-30,2001-07-31,2001-07-31,2021-08-05,-8102000.0,616203000.0,,223377000.0,392826000.0,,4.982,-1308000.0,28319000.0,28319000.0,64150000.0,13133000.0,2.517,1.006,219147000.0,6999000.0,212148000.0,219147000.0,0.0,2420000.0,0.0,0.008,0.037,23701000.0,26121000.0,0.189,26121000.0,23701000.0,20461000.0,0.215,0.205,0.215,307255000.0,,307255000.0,1359052500.0,14.0,12.642,23905000.0,0.388,1.0,73819000.0,0.535,335838000.0,3240000.0,382438000.0,,88366000.0,0.0,0.0,0.0,308948000.0,88755000.0,220193000.0,1168429500.0,16842000.0,-24625000.0,1270000.0,17956000.0,-2314000.0,16912000.0,-25131000.0,0.0,25213000.0,-132000.0,13133000.0,13133000.0,13133000.0,0.0,0.0,0.095,50515000.0,23304000.0,25692000.0,0.172,3.803,21.789,21.629,46392000.0,0.0,18.925,2.181,2.179,102153000.0,260490000.0,137969000.0,137969000.0,0.0,,,,,0.0,50515000.0,1.0,61740000.0,61676000.0,63454000.0,2.237,280365000.0,0.0,7328000.0,6040000.0,4.546,134622000.0
81,ROP,MRQ,2001-03-31,2001-04-30,2001-04-30,2021-08-05,-6940000.0,585478000.0,,209467000.0,376011000.0,,4.827,-1757000.0,11477000.0,11477000.0,71172000.0,13862000.0,2.405,0.976,202100000.0,7936000.0,194164000.0,202100000.0,0.0,2443000.0,0.0,0.007,0.037,24856000.0,27299000.0,0.186,27299000.0,24856000.0,21262000.0,0.225,0.22,0.225,296328000.0,,296328000.0,1492378000.0,16.0,14.266,19427000.0,0.316,1.0,75658000.0,0.515,318160000.0,3594000.0,370843000.0,,88801000.0,0.0,0.0,0.0,289150000.0,87098000.0,202052000.0,1281797000.0,-3848000.0,8000.0,3145000.0,-22964000.0,-2306000.0,-22971000.0,-1846000.0,0.0,21184000.0,-235000.0,13862000.0,13862000.0,13862000.0,0.0,0.0,0.094,51533000.0,24125000.0,27054000.0,0.164,4.326,24.844,24.881,47501000.0,0.0,20.9,2.454,2.457,104159000.0,249671000.0,146830000.0,146830000.0,0.0,,,,,0.0,51533000.0,1.0,61330000.0,61386000.0,62944000.0,2.392,267318000.0,0.0,7400000.0,4392000.0,4.355,122369000.0
82,ROP,MRQ,2000-12-31,2001-01-31,2001-01-31,2021-08-05,-6064000.0,600809000.0,,218033000.0,382776000.0,,4.628,-1441000.0,15325000.0,15325000.0,67923000.0,11760000.0,2.398,1.12,225906000.0,7487000.0,218419000.0,225906000.0,0.0,2405000.0,0.0,0.007,0.037,22331000.0,24736000.0,0.18,24736000.0,22331000.0,18232000.0,0.19,0.19,0.19,283349000.0,,283349000.0,1402272577.0,15.0,13.537,23797000.0,0.389,1.0,69741000.0,0.507,322957000.0,4099000.0,397527000.0,,87759000.0,0.0,0.0,0.0,317460000.0,90906000.0,226554000.0,1172335577.0,3953000.0,-839000.0,0.0,-17763000.0,-2297000.0,-19214000.0,-2297000.0,0.0,25238000.0,226000.0,11760000.0,11760000.0,11760000.0,0.0,0.0,0.085,47877000.0,21864000.0,28515000.0,0.195,4.137,22.827,22.798,48456000.0,0.0,19.15,2.353,2.353,112002000.0,238115000.0,137664000.0,137664000.0,0.0,,,,,0.0,47877000.0,1.0,61218568.0,61226000.0,62594000.0,2.248,277852000.0,0.0,6472000.0,8916000.0,4.538,127127000.0
83,ROP,MRQ,2000-09-30,2000-10-31,2000-10-31,2021-08-05,-8913000.0,596902000.0,,213955000.0,382947000.0,,4.42,-4079000.0,11372000.0,11372000.0,46868000.0,14870000.0,2.532,1.209,241309000.0,6706000.0,234603000.0,241309000.0,0.0,1924000.0,0.0,0.008,0.035,27424000.0,29348000.0,0.259,29348000.0,27424000.0,23106000.0,0.245,0.24,0.245,270191000.0,,270191000.0,1261895705.0,14.0,12.899,19794000.0,0.324,1.0,66320000.0,0.586,323195000.0,4318000.0,419152000.0,,83627000.0,0.0,0.0,0.0,326711000.0,84492000.0,242219000.0,1069220705.0,4506000.0,-57856000.0,4223000.0,44435000.0,-2142000.0,43331000.0,-62247000.0,0.0,23873000.0,-451000.0,14870000.0,14870000.0,14870000.0,297000.0,0.0,0.131,39143000.0,27177000.0,26486000.0,0.143,3.957,21.698,21.605,48907000.0,0.0,17.5,2.275,2.268,115191000.0,228652000.0,113188000.0,113188000.0,0.0,,,,,0.0,39143000.0,1.0,61098326.0,61124000.0,62346000.0,1.852,273707000.0,0.0,8236000.0,3001000.0,4.478,129463000.0
84,ROP,MRQ,2000-06-30,2000-07-31,2000-07-31,2021-08-05,-4768000.0,534547000.0,,194660000.0,339887000.0,,4.271,-2178000.0,7241000.0,7241000.0,60609000.0,11102000.0,2.721,1.051,199916000.0,5757000.0,194159000.0,199916000.0,0.0,2331000.0,0.0,0.01,0.035,20896000.0,23227000.0,0.186,23227000.0,20896000.0,17127000.0,0.18,0.18,0.18,260570000.0,,260570000.0,1013316781.0,12.0,10.718,15426000.0,0.253,1.0,63974000.0,0.514,284805000.0,3769000.0,370890000.0,,79508000.0,0.0,0.0,0.0,273977000.0,71527000.0,202450000.0,842776781.0,-13874000.0,-32377000.0,0.0,5867000.0,-2136000.0,4307000.0,-35772000.0,0.0,17604000.0,-13000.0,11102000.0,11102000.0,11102000.0,0.0,0.0,0.089,43205000.0,20769000.0,24204000.0,0.194,3.234,17.172,17.161,44057000.0,0.0,13.815,1.791,1.791,103391000.0,215924000.0,124583000.0,124583000.0,0.0,,,,,0.0,43205000.0,1.0,61004472.0,61004000.0,62376000.0,2.042,249742000.0,0.0,6025000.0,772000.0,4.094,123133000.0
85,ROP,MRQ,2000-03-31,2000-04-30,2000-04-30,2021-08-05,-5028000.0,506559000.0,,194515000.0,312044000.0,,4.12,-4487000.0,21115000.0,21115000.0,57879000.0,13626000.0,2.183,1.02,191655000.0,32071000.0,159584000.0,191655000.0,0.0,2495000.0,0.0,0.009,0.035,23782000.0,26277000.0,0.214,26277000.0,23782000.0,20964000.0,0.225,0.22,0.225,250768000.0,,250768000.0,1129562262.0,13.0,11.972,13004000.0,0.214,1.0,64896000.0,0.529,260908000.0,2818000.0,327068000.0,,71303000.0,0.0,0.0,0.0,255791000.0,89123000.0,166668000.0,958247262.0,17917000.0,-12616000.0,0.0,18808000.0,-2132000.0,17973000.0,-17065000.0,0.0,17491000.0,-482000.0,13626000.0,13626000.0,13626000.0,0.0,0.0,0.111,41420000.0,23476000.0,20585000.0,0.156,3.821,18.873,18.862,41217000.0,0.0,15.75,2.13,2.131,97980000.0,206958000.0,122775000.0,122775000.0,0.0,,,,,0.0,41420000.0,1.0,60841096.0,60872000.0,62320000.0,2.017,245651000.0,0.0,7338000.0,3349000.0,4.036,105392000.0
86,ROP,MRQ,1999-12-31,2000-01-31,2000-01-31,2021-08-05,-3573000.0,474649000.0,,172725000.0,301924000.0,,3.948,-4191000.0,3198000.0,3198000.0,52121000.0,9680000.0,2.296,0.982,174513000.0,20871000.0,153642000.0,174513000.0,0.0,1510000.0,0.0,0.008,0.035,17470000.0,18980000.0,0.173,18980000.0,17470000.0,14892000.0,0.16,0.155,0.16,239432000.0,,239432000.0,1135084507.0,14.0,12.634,4640000.0,0.076,1.0,57332000.0,0.524,254290000.0,2578000.0,316449000.0,,73795000.0,0.0,0.0,0.0,235217000.0,75225000.0,159992000.0,1018058507.0,-10292000.0,-58697000.0,0.0,44819000.0,-2127000.0,44004000.0,-62928000.0,0.0,8831000.0,-199000.0,9680000.0,9680000.0,9680000.0,0.0,0.0,0.088,40092000.0,17240000.0,19662000.0,0.219,4.252,20.698,20.716,39311000.0,0.0,16.78,2.381,2.38,93191000.0,195464000.0,109453000.0,109453000.0,0.0,,,,,0.0,40092000.0,1.0,60670948.0,60654000.0,62434000.0,1.805,220359000.0,0.0,5212000.0,3848000.0,3.633,97500000.0
87,ROP,MRQ,1999-09-30,1999-10-31,1999-10-31,2021-08-05,-2172000.0,420163000.0,,161819000.0,258344000.0,,3.829,-1393000.0,13490000.0,13490000.0,53917000.0,14671000.0,2.24,0.811,130516000.0,20857000.0,109659000.0,130516000.0,0.0,1819000.0,0.0,0.008,0.033,24242000.0,26061000.0,0.229,26061000.0,24242000.0,22374000.0,0.24,0.235,0.24,231968000.0,,231968000.0,1062520703.0,13.0,12.332,9504000.0,0.157,1.0,59714000.0,0.526,215020000.0,1868000.0,249926000.0,,56401000.0,0.0,0.0,0.0,188195000.0,72243000.0,115952000.0,935842703.0,9988000.0,2110000.0,3942000.0,295000.0,-1968000.0,-1973000.0,1000000.0,0.0,10897000.0,64000.0,14671000.0,14671000.0,14671000.0,0.0,0.0,0.129,36582000.0,23132000.0,18457000.0,0.138,4.034,19.766,19.795,34797000.0,0.0,15.44,2.298,2.295,89154000.0,187911000.0,113631000.0,113631000.0,0.0,,,,,0.0,36582000.0,1.0,60611574.0,60578000.0,62554000.0,1.876,205143000.0,0.0,7703000.0,1485000.0,3.386,89576000.0
88,ROP,MRQ,1999-06-30,1999-07-31,1999-07-31,2021-08-05,-1871000.0,416183000.0,,146215000.0,269968000.0,,3.635,-1360000.0,3502000.0,3502000.0,49837000.0,12796000.0,2.433,0.893,130180000.0,4292000.0,125888000.0,130180000.0,0.0,1636000.0,0.0,0.007,0.033,21396000.0,23032000.0,0.221,23032000.0,21396000.0,19606000.0,0.21,0.205,0.21,219866000.0,,219866000.0,1161818970.0,17.0,15.497,17379000.0,0.287,1.0,54258000.0,0.521,223801000.0,1790000.0,258955000.0,,58924000.0,0.0,0.0,0.0,196317000.0,60105000.0,136212000.0,1057655970.0,-2308000.0,-38453000.0,0.0,19643000.0,-1956000.0,19058000.0,-39834000.0,0.0,18739000.0,-271000.0,12796000.0,12796000.0,12796000.0,0.0,0.0,0.123,33074000.0,21184000.0,17415000.0,0.157,4.81,26.391,26.515,34119000.0,0.0,17.5,2.649,2.651,77309000.0,175208000.0,104095000.0,104095000.0,0.0,,,,,0.0,33074000.0,1.0,60437484.0,60478000.0,62264000.0,1.721,192382000.0,0.0,6810000.0,2409000.0,3.181,86110000.0
89,ROP,MRQ,1999-03-31,1999-04-30,1999-04-30,2021-08-05,-2130000.0,370156000.0,,135642000.0,234514000.0,,3.431,-1386000.0,5810000.0,5810000.0,47565000.0,12039000.0,2.678,0.785,109973000.0,4791000.0,105182000.0,109973000.0,0.0,1580000.0,0.0,0.009,0.033,20190000.0,21770000.0,0.217,21770000.0,20190000.0,18429000.0,0.2,0.195,0.2,207396000.0,,207396000.0,980296717.0,15.0,13.686,18542000.0,0.307,1.0,52887000.0,0.526,192887000.0,1761000.0,230782000.0,,51641000.0,0.0,0.0,0.0,162760000.0,50650000.0,112110000.0,862659717.0,4274000.0,0.0,-4002000.0,-8976000.0,-1972000.0,-14149000.0,-1447000.0,0.0,19928000.0,-58000.0,12039000.0,12039000.0,12039000.0,0.0,0.0,0.12,32744000.0,20143000.0,15222000.0,0.165,4.159,22.797,22.984,30934000.0,0.0,14.25,2.197,2.194,75225000.0,164368000.0,100452000.0,100452000.0,0.0,,,,,0.0,32744000.0,1.0,60537524.0,60440000.0,61488000.0,1.662,177269000.0,0.0,6390000.0,1485000.0,2.933,84992000.0
90,ROP,MRQ,1998-12-31,1999-01-31,1999-01-31,2021-08-05,-1355000.0,371360000.0,,132793000.0,238567000.0,,3.32,-1009000.0,1536000.0,1536000.0,45434000.0,7840000.0,2.511,0.845,119173000.0,8908000.0,110265000.0,119173000.0,0.0,1585000.0,0.0,0.011,0.033,13710000.0,15295000.0,0.172,15295000.0,13710000.0,11875000.0,0.13,0.13,0.13,201305000.0,,201305000.0,796201786.0,13.0,11.491,2253000.0,0.037,1.0,43644000.0,0.49,194731000.0,1835000.0,241381000.0,,56082000.0,0.0,0.0,0.0,170055000.0,52885000.0,117170000.0,679495786.0,-7814000.0,0.0,-1548000.0,-6903000.0,-1974000.0,-10022000.0,-1043000.0,0.0,3262000.0,-11000.0,7840000.0,7840000.0,7840000.0,0.0,0.0,0.088,30148000.0,13496000.0,13975000.0,0.254,3.375,18.649,18.966,31253000.0,0.0,11.19,1.751,1.748,72862000.0,154301000.0,89078000.0,89078000.0,0.0,,,,,0.0,30148000.0,1.0,60723484.0,60642000.0,61408000.0,1.469,176629000.0,0.0,4035000.0,3659000.0,2.913,79908000.0
91,ROP,MRQ,1998-09-30,1998-10-31,1998-10-31,2021-08-05,-906000.0,381533000.0,,139852000.0,241681000.0,,3.215,-1609000.0,9350000.0,9350000.0,56892000.0,7402000.0,2.429,0.936,126056000.0,5749000.0,120307000.0,126056000.0,0.0,1484000.0,0.0,0.013,0.03,13389000.0,14873000.0,0.141,14873000.0,13389000.0,11202000.0,0.12,0.12,0.12,197033000.0,,197033000.0,683943307.0,10.0,9.295,30668000.0,0.5,1.0,48772000.0,0.462,197179000.0,2187000.0,243482000.0,,51444000.0,0.0,0.0,0.0,184500000.0,57578000.0,126922000.0,557148307.0,4976000.0,-69000.0,-14691000.0,-6169000.0,-1818000.0,-25468000.0,-1930000.0,0.0,32277000.0,97000.0,7402000.0,7402000.0,7402000.0,0.0,0.0,0.07,36093000.0,12679000.0,21051000.0,0.25,2.828,14.171,14.024,31905000.0,0.0,8.905,1.432,1.419,76999000.0,148435000.0,105664000.0,105664000.0,0.0,,,,,0.0,36093000.0,1.0,62565784.0,61282000.0,61958000.0,1.724,184354000.0,0.0,3800000.0,863000.0,3.008,82274000.0
92,ROP,MRQ,1998-06-30,1998-07-31,1998-07-31,2021-08-05,-1279000.0,394027000.0,,148657000.0,245370000.0,,3.34,-1158000.0,4374000.0,4374000.0,49113000.0,10560000.0,2.926,0.888,131169000.0,4901000.0,126268000.0,131169000.0,0.0,1573000.0,0.0,0.01,0.03,18117000.0,19690000.0,0.202,19690000.0,18117000.0,16010000.0,0.17,0.165,0.17,208755000.0,,208755000.0,840375349.0,12.0,11.831,-1901000.0,-0.03,1.0,48299000.0,0.496,198673000.0,2107000.0,271344000.0,,55577000.0,0.0,0.0,0.0,185272000.0,50805000.0,134467000.0,716976349.0,-6370000.0,-554000.0,0.0,-2747000.0,-1876000.0,-3904000.0,-1712000.0,0.0,-743000.0,-11000.0,10560000.0,10560000.0,10560000.0,0.0,0.0,0.108,30297000.0,18002000.0,16411000.0,0.176,3.435,17.634,17.511,31759000.0,0.0,11.47,1.932,1.932,84986000.0,142851000.0,97412000.0,97412000.0,0.0,,,,,0.0,30297000.0,1.0,62508836.0,62496000.0,64084000.0,1.559,195354000.0,0.0,5450000.0,0.0,3.126,97852000.0
93,ROP,MRQ,1998-03-31,1998-04-30,1998-04-30,2021-08-05,-1449000.0,387953000.0,,140383000.0,247570000.0,,3.198,-1252000.0,10744000.0,10744000.0,47580000.0,10634000.0,2.759,0.948,134143000.0,3875000.0,130268000.0,134143000.0,0.0,1578000.0,0.0,0.007,0.03,17854000.0,19432000.0,0.202,19432000.0,17854000.0,16101000.0,0.17,0.165,0.17,199162000.0,,199162000.0,1045756054.0,15.0,14.176,12137000.0,0.195,1.0,48415000.0,0.504,200860000.0,1753000.0,259615000.0,,55292000.0,0.0,0.0,0.0,188791000.0,50877000.0,137914000.0,963357054.0,-3120000.0,-51905000.0,0.0,38012000.0,-1874000.0,36821000.0,-53141000.0,0.0,13389000.0,-189000.0,10634000.0,10634000.0,10634000.0,0.0,0.0,0.111,30745000.0,17670000.0,15127000.0,0.176,4.837,23.087,22.963,32236000.0,0.0,15.5,2.66,2.665,71054000.0,134167000.0,95995000.0,95995000.0,0.0,,,,,0.0,30745000.0,1.0,62152068.0,62276000.0,64032000.0,1.541,187093000.0,0.0,5467000.0,3595000.0,3.004,89506000.0
94,ROP,MRQ,1997-12-31,1998-01-31,1998-01-31,2021-08-05,-1628000.0,338221000.0,,133096000.0,205125000.0,,3.023,-1483000.0,13864000.0,13864000.0,44632000.0,10720000.0,2.578,0.806,96263000.0,4164000.0,92099000.0,96263000.0,0.0,1471000.0,0.0,0.007,0.03,18112000.0,19583000.0,0.217,19583000.0,18112000.0,16303000.0,0.175,0.17,0.175,187232000.0,,187232000.0,1025366420.0,15.0,13.954,29767000.0,0.481,1.0,45467000.0,0.505,161753000.0,1809000.0,207234000.0,,50666000.0,0.0,0.0,0.0,150989000.0,51633000.0,99356000.0,923890420.0,13215000.0,-10148000.0,0.0,-5722000.0,-1860000.0,-6394000.0,-11647000.0,0.0,31250000.0,6000.0,10720000.0,10720000.0,10720000.0,0.0,0.0,0.119,27726000.0,17741000.0,14580000.0,0.171,4.934,22.403,22.081,31528000.0,0.0,14.905,2.773,2.771,67005000.0,125407000.0,90099000.0,90099000.0,0.0,,,,,0.0,27726000.0,1.0,61985268.0,61946000.0,63852000.0,1.454,176468000.0,0.0,5583000.0,7101000.0,2.849,81463000.0
95,ROP,MRQ,1997-09-30,1997-10-31,1997-10-31,2021-08-05,-937000.0,329320000.0,,131890000.0,197430000.0,,2.879,-2288000.0,649000.0,649000.0,45386000.0,8744000.0,2.935,0.851,102125000.0,2487000.0,99638000.0,102125000.0,0.0,-2674000.0,0.0,0.007,0.03,15000000.0,12326000.0,0.141,12326000.0,15000000.0,13169000.0,0.14,0.14,0.14,177869000.0,,177869000.0,,,,8264000.0,0.134,1.0,42200000.0,0.482,154255000.0,1831000.0,231605000.0,,50199000.0,0.0,0.0,0.0,151451000.0,44936000.0,106515000.0,829052960.0,69000.0,-4611000.0,1762000.0,-1919000.0,-1854000.0,-3488000.0,-7062000.0,0.0,10552000.0,67000.0,8744000.0,8744000.0,8744000.0,0.0,0.0,0.1,26925000.0,15275000.0,15654000.0,0.214,4.661,22.808,22.479,31395000.0,0.0,13.375,2.78,2.743,78752000.0,116547000.0,87586000.0,87586000.0,0.0,,,,,0.0,26925000.0,1.0,61985268.0,61778000.0,64482000.0,1.418,175065000.0,0.0,4425000.0,1564000.0,2.834,86954000.0
96,ROP,MRQ,1997-06-30,1997-07-31,1997-07-31,2021-08-05,,,,,,,,-908000.0,,,43740000.0,11630000.0,,,,,,,,2965000.0,,0.006,0.022,19461000.0,22426000.0,0.253,22426000.0,19461000.0,17755000.0,0.19,0.185,0.19,,,,,,,8875000.0,0.145,1.0,44783000.0,0.506,,1706000.0,,,,,,,,,,,-1172000.0,-50700000.0,0.0,41933000.0,-1389000.0,40707000.0,-51608000.0,0.0,9783000.0,-54000.0,11630000.0,11630000.0,11630000.0,0.0,0.0,0.131,25428000.0,19355000.0,,0.116,,,,,0.0,14.0,,,,,88523000.0,88523000.0,0.0,,,,,0.0,25428000.0,1.0,,61360000.0,62982000.0,1.443,,,6125000.0,,,
97,ROP,MRQ,1997-03-31,1997-04-30,1997-04-30,2021-08-05,,,,,,,,-910000.0,,,30049000.0,10146000.0,,,,,,,,2494000.0,,0.008,0.022,16651000.0,19145000.0,0.286,19145000.0,16651000.0,15442000.0,0.17,0.16,0.17,,,,,,,11540000.0,0.191,1.0,36970000.0,0.552,,1209000.0,,,,,,,,,,,665000.0,0.0,0.0,-10223000.0,-1369000.0,-10911000.0,-910000.0,0.0,12450000.0,36000.0,10146000.0,10146000.0,10146000.0,0.0,0.0,0.151,20539000.0,16431000.0,,0.129,,,,,0.0,10.22,,,,,67019000.0,67019000.0,0.0,,,,,0.0,20539000.0,1.0,,60558000.0,62466000.0,1.107,,,5296000.0,,,
98,ROP,MRQ,1996-12-31,1997-01-31,1997-01-31,2021-08-05,,,,,,,,-878000.0,,,25672000.0,5830000.0,,,,,,,,2582000.0,,0.008,0.022,10036000.0,12618000.0,0.229,12618000.0,10036000.0,8734000.0,0.095,0.095,0.095,,,,,,,1740000.0,0.029,1.0,29436000.0,0.534,,1302000.0,,,,,,,,,,,664000.0,0.0,0.0,-126000.0,-1365000.0,-974000.0,-878000.0,0.0,2618000.0,-102000.0,5830000.0,5830000.0,5830000.0,0.0,0.0,0.106,19627000.0,9809000.0,,0.232,,,,,0.0,10.188,,,,,55108000.0,55108000.0,0.0,,,,,0.0,19627000.0,1.0,,60430000.0,61786000.0,0.912,,,2904000.0,,,
99,ROP,MRQ,1996-09-30,1996-10-31,1996-10-31,2021-08-05,177000.0,242953000.0,,84513000.0,158440000.0,,2.281,,423000.0,423000.0,,,2.139,0.768,70187000.0,6814000.0,63373000.0,70187000.0,0.0,,0.0,0.007,0.022,,,,,,,,,,137396000.0,,137396000.0,,,,,,1.0,,,127670000.0,,145541000.0,,31133000.0,0.0,0.0,0.0,105557000.0,39506000.0,66051000.0,,,,,,,,,,,,,,,,,,,,11004000.0,,,,22.005,23959000.0,,10.562,,2.819,50659000.0,86174000.0,,,,,,,,,,1.0,,60224000.0,,,115283000.0,0.0,,3723000.0,1.914,45007000.0
0,ROP,MRT,2021-06-30,2021-06-30,2021-06-30,2021-08-05,-115100000.0,23833700000.0,23845400000.0,1796700000.0,22037000000.0,0.251,105.311,-60700000.0,337800000.0,337800000.0,2117200000.0,1065500000.0,0.718,1.149,8701900000.0,502400000.0,8199500000.0,8701900000.0,1010600000.0,57500000.0,0.0,0.005,2.15,1593000000.0,1650500000.0,0.276,1650500000.0,1593000000.0,1346900000.0,10.15,10.04,10.15,11089200000.0,10623900000.0,11089200000.0,58226290966.0,37.0,35.278,1636500000.0,15.541,1.0,3870400000.0,0.646,21366800000.0,246100000.0,8327900000.0,8919075000.0,212700000.0,0.0,0.0,0.0,12744500000.0,2503100000.0,10241400000.0,49483390966.0,-1533000000.0,-5881200000.0,76100000.0,2820000000.0,-225300000.0,2669400000.0,-5918600000.0,0.0,1697200000.0,19000000.0,1065500000.0,1065500000.0,1065500000.0,0.0,0.0,0.178,2303600000.0,1566800000.0,209600000.0,0.212,4.462,46.441,46.325,125300000.0,0.0,470.2,8.264,8.269,1079500000.0,9003100000.0,5987600000.0,5987600000.0,0.0,0.045,0.1,0.179,0.266,132800000.0,2303600000.0,1.0,105239028.0,105300000.0,106400000.0,56.862,2466900000.0,132300000.0,281400000.0,1603100000.0,23.427,-706400000.0
1,ROP,MRT,2021-03-31,2021-03-31,2021-03-31,2021-08-05,-132400000.0,23871100000.0,22672550000.0,1739400000.0,22131700000.0,0.252,102.53,-54700000.0,331000000.0,331000000.0,2025000000.0,998400000.0,0.706,1.217,9073900000.0,502100000.0,8571800000.0,9073900000.0,1023400000.0,55300000.0,0.0,0.005,2.1,1505700000.0,1561000000.0,0.274,1561000000.0,1505700000.0,1271600000.0,9.53,9.43,9.53,10765700000.0,10321525000.0,10765700000.0,51584537054.0,34.0,33.046,1666100000.0,15.868,1.0,3680000000.0,0.645,21472100000.0,234100000.0,8679000000.0,8157325000.0,206000000.0,0.0,0.0,0.0,13105400000.0,2462900000.0,10642500000.0,42326337054.0,-668800000.0,-6016000000.0,69100000.0,3783000000.0,-219800000.0,3630400000.0,-6046200000.0,0.0,1720800000.0,26200000.0,998400000.0,998400000.0,998400000.0,0.0,0.0,0.175,2197600000.0,1482400000.0,190900000.0,0.22,3.932,42.394,42.323,134600000.0,0.0,403.34,7.419,7.423,1060000000.0,8776000000.0,5705000000.0,5705000000.0,0.0,0.044,0.097,0.185,0.264,126900000.0,2197600000.0,1.0,104939597.0,105000000.0,106000000.0,54.333,2399000000.0,115500000.0,273200000.0,1635600000.0,22.848,-723500000.0
2,ROP,MRT,2020-12-31,2020-12-31,2020-12-31,2021-08-05,-147000000.0,24024800000.0,21239225000.0,1752300000.0,22272500000.0,0.26,100.189,-48900000.0,308300000.0,308300000.0,1984100000.0,949700000.0,0.717,1.292,9566500000.0,502000000.0,9064500000.0,9566500000.0,994600000.0,53400000.0,0.0,0.005,2.05,1428200000.0,1481600000.0,0.268,1481600000.0,1428200000.0,1209300000.0,9.08,8.98,9.08,10479800000.0,10027925000.0,10479800000.0,54611326103.0,38.0,36.86,1476200000.0,14.113,1.0,3543000000.0,0.641,21602100000.0,218900000.0,9236500000.0,7185825000.0,198400000.0,0.0,0.0,0.0,13545000000.0,2444400000.0,11100600000.0,45209426103.0,-401400000.0,-6022400000.0,74900000.0,4278000000.0,-214100000.0,4136900000.0,-6073900000.0,0.0,1525100000.0,10500000.0,949700000.0,949700000.0,949700000.0,0.0,0.0,0.172,2111900000.0,1431100000.0,177800000.0,0.226,4.314,47.604,47.477,140600000.0,0.0,431.09,8.18,8.158,1104700000.0,8546200000.0,5527100000.0,5527100000.0,0.0,0.045,0.095,0.199,0.258,121700000.0,2111900000.0,1.0,104872361.0,104600000.0,105700000.0,52.84,2422700000.0,125900000.0,259600000.0,1589400000.0,23.162,-692100000.0
3,ROP,MRT,2020-09-30,2020-09-30,2020-09-30,2021-08-05,-241400000.0,23652000000.0,19760250000.0,1706200000.0,21945800000.0,0.274,97.048,-45800000.0,302100000.0,302100000.0,1947300000.0,1565000000.0,0.729,1.328,9704000000.0,602800000.0,9101200000.0,9704000000.0,868100000.0,51600000.0,0.0,0.005,2.0,2244000000.0,2295600000.0,0.424,2295600000.0,2244000000.0,2039800000.0,15.02,14.85,15.02,10160900000.0,9780950000.0,10160900000.0,45367889324.0,20.0,19.763,1371300000.0,13.097,1.0,3469300000.0,0.64,21281100000.0,204200000.0,9432900000.0,6075200000.0,214900000.0,0.0,0.0,0.0,13491100000.0,2339900000.0,11151200000.0,41372289324.0,-20900000.0,-4756600000.0,77500000.0,3492900000.0,-208200000.0,3361300000.0,-4805200000.0,0.0,1417100000.0,5900000.0,1565000000.0,1565000000.0,1565000000.0,0.0,0.0,0.289,2020500000.0,1448800000.0,173100000.0,0.133,4.072,26.436,26.306,146600000.0,0.0,395.11,7.638,7.637,1023300000.0,8349400000.0,5416600000.0,5416600000.0,0.0,0.079,0.16,0.369,0.414,112500000.0,2020500000.0,1.0,104710813.0,104700000.0,105900000.0,51.734,2370900000.0,138200000.0,474800000.0,1599000000.0,22.645,-633700000.0
4,ROP,MRT,2020-06-30,2020-06-30,2020-06-30,2021-08-05,-284800000.0,19142300000.0,18302025000.0,3179200000.0,15963100000.0,0.295,94.543,-50800000.0,1870800000.0,1870800000.0,1938000000.0,1608100000.0,1.272,0.938,5866400000.0,602600000.0,5263800000.0,5866400000.0,828300000.0,50900000.0,0.0,0.005,1.95,2265300000.0,2316200000.0,0.429,2316200000.0,2265300000.0,2074600000.0,15.45,15.28,15.45,9879700000.0,9383550000.0,9879700000.0,44809837505.0,20.0,19.346,1632900000.0,15.626,1.0,3467000000.0,0.641,15358400000.0,190700000.0,5280900000.0,5395900000.0,216600000.0,0.0,0.0,0.0,9262600000.0,2498600000.0,6764000000.0,40533037505.0,1550000000.0,-1068600000.0,57300000.0,1135900000.0,-202700000.0,992800000.0,-1119400000.0,0.0,1683700000.0,-7100000.0,1608100000.0,1608100000.0,1608100000.0,0.0,0.0,0.298,2000600000.0,1466400000.0,185400000.0,0.126,4.103,25.206,25.13,129600000.0,0.0,388.26,7.499,7.507,963900000.0,8168700000.0,5405000000.0,5405000000.0,0.0,0.088,0.171,0.42,0.419,108400000.0,2000600000.0,1.0,104396635.0,104500000.0,105500000.0,51.722,3783900000.0,116300000.0,466500000.0,1390400000.0,36.21,680600000.0
5,ROP,MRT,2020-03-31,2020-03-31,2020-03-31,2021-08-05,-341000000.0,18137800000.0,17493525000.0,2273400000.0,15864400000.0,0.31,91.959,-55600000.0,999800000.0,999800000.0,1957000000.0,1638600000.0,0.961,0.891,5276600000.0,602400000.0,4674200000.0,5276600000.0,827500000.0,50300000.0,0.0,0.006,1.9,2301100000.0,2351400000.0,0.433,2351400000.0,2301100000.0,2112800000.0,15.75,15.58,15.75,9591300000.0,9001375000.0,9591300000.0,37651654332.0,16.0,16.012,1479800000.0,14.188,1.0,3473300000.0,0.64,15255500000.0,188300000.0,4793000000.0,5391800000.0,206200000.0,0.0,0.0,0.0,8546500000.0,2366100000.0,6180400000.0,33086054332.0,607300000.0,-1454200000.0,32400000.0,777900000.0,-197100000.0,602600000.0,-1510200000.0,0.0,1535400000.0,-20500000.0,1638600000.0,1638600000.0,1638600000.0,0.0,0.0,0.302,1972100000.0,1501200000.0,180800000.0,0.121,3.45,20.192,19.797,133400000.0,0.0,311.81,6.093,5.989,937500000.0,8003100000.0,5430300000.0,5430300000.0,0.0,0.094,0.182,0.427,0.424,106900000.0,1972100000.0,1.0,106109664.0,104300000.0,105300000.0,52.064,2882300000.0,114100000.0,474200000.0,1350000000.0,27.635,-92700000.0
6,ROP,MRT,2019-12-31,2019-12-31,2019-12-31,2021-08-05,-212800000.0,18108900000.0,16812600000.0,1999500000.0,16109400000.0,0.319,91.356,-62900000.0,709700000.0,709700000.0,1939700000.0,1767900000.0,0.834,0.908,5275300000.0,602200000.0,4673100000.0,5275300000.0,831800000.0,49200000.0,0.0,0.005,1.851,2414000000.0,2463200000.0,0.459,2463200000.0,2414000000.0,2227400000.0,17.02,16.82,17.02,9491900000.0,8637900000.0,9491900000.0,42735443378.0,18.0,17.35,1398900000.0,13.464,1.0,3427100000.0,0.639,15483100000.0,186600000.0,4794000000.0,5430425000.0,198600000.0,0.0,0.0,0.0,8617000000.0,2397400000.0,6219600000.0,36860443378.0,345300000.0,-1230500000.0,41700000.0,322900000.0,-191700000.0,177000000.0,-1296000000.0,0.0,1461800000.0,2500000.0,1767900000.0,1767900000.0,1767900000.0,0.0,0.0,0.329,1928700000.0,1498400000.0,162000000.0,0.109,3.883,20.85,20.813,139900000.0,0.0,354.23,6.868,6.858,975100000.0,7818000000.0,5366800000.0,5366800000.0,0.0,0.105,0.205,0.445,0.45,104500000.0,1928700000.0,1.0,104057938.0,103900000.0,105100000.0,51.654,2625800000.0,114100000.0,459500000.0,1323200000.0,25.272,-397900000.0
7,ROP,MRT,2019-09-30,2019-09-30,2019-09-30,2021-08-05,-285100000.0,17819100000.0,16097750000.0,1619400000.0,16199700000.0,0.332,82.416,-67100000.0,323000000.0,323000000.0,1941000000.0,1153900000.0,1.079,1.079,6198000000.0,2900000.0,6195100000.0,6198000000.0,745700000.0,48100000.0,0.0,0.005,1.8,1582400000.0,1630500000.0,0.305,1630500000.0,1582400000.0,1397500000.0,11.13,11.02,11.13,8571300000.0,8199550000.0,8571300000.0,41487248655.0,26.0,25.444,1392600000.0,13.39,1.0,3407300000.0,0.637,15477500000.0,184900000.0,6715700000.0,5529350000.0,205000000.0,0.0,0.0,0.0,9247800000.0,1500900000.0,7746900000.0,37087048655.0,-40400000.0,-2218900000.0,9300000.0,971900000.0,-186900000.0,804800000.0,-2288500000.0,0.0,1459700000.0,-16400000.0,1153900000.0,1153900000.0,1153900000.0,0.0,0.0,0.216,1942900000.0,1464400000.0,156800000.0,0.162,4.327,32.141,32.04,142600000.0,0.0,356.6,6.934,6.934,895400000.0,7000300000.0,5348300000.0,5348300000.0,0.0,0.072,0.141,0.286,0.296,133100000.0,1942900000.0,1.0,104001819.0,104000000.0,105200000.0,51.426,2341600000.0,126000000.0,243600000.0,1135100000.0,22.515,118500000.0
8,ROP,MRT,2019-06-30,2019-06-30,2019-06-30,2021-08-05,-243200000.0,15908300000.0,15454250000.0,1602300000.0,14306000000.0,0.344,80.375,-63900000.0,320800000.0,320800000.0,1938800000.0,1124000000.0,1.11,0.905,4721000000.0,2100000.0,4718900000.0,4721000000.0,729100000.0,47700000.0,0.0,0.005,1.751,1555700000.0,1603400000.0,0.302,1603400000.0,1555700000.0,1371200000.0,10.85,10.75,10.85,8351000000.0,7945450000.0,8351000000.0,42143110154.0,27.0,26.284,1409500000.0,13.566,1.0,3373700000.0,0.635,13600800000.0,184500000.0,5264500000.0,5022925000.0,203500000.0,0.0,0.0,0.0,7557300000.0,1443200000.0,6114100000.0,38032810154.0,-101000000.0,-412200000.0,17100000.0,-924400000.0,-181200000.0,-1087400000.0,-478600000.0,0.0,1473400000.0,-8400000.0,1124000000.0,1124000000.0,1124000000.0,0.0,0.0,0.212,1917000000.0,1456700000.0,162200000.0,0.161,4.554,33.837,33.757,134200000.0,0.0,366.26,7.159,7.163,904800000.0,6771000000.0,5312500000.0,5312500000.0,0.0,0.073,0.141,0.31,0.293,134100000.0,1917000000.0,1.0,103841015.0,103900000.0,105100000.0,51.131,2307500000.0,126400000.0,247200000.0,995700000.0,22.209,159100000.0
9,ROP,MRT,2019-03-31,2019-03-31,2019-03-31,2021-08-05,-214600000.0,15414100000.0,15317425000.0,1586000000.0,13828100000.0,0.344,78.546,-64800000.0,392500000.0,392500000.0,1936300000.0,1102700000.0,1.098,0.894,4502800000.0,15800000.0,4487000000.0,4502800000.0,691100000.0,48600000.0,0.0,0.005,1.7,1544900000.0,1593500000.0,0.302,1593500000.0,1544900000.0,1362300000.0,10.66,10.56,10.66,8137400000.0,7683425000.0,8137400000.0,40008053211.0,26.0,25.107,1373900000.0,13.262,1.0,3339600000.0,0.633,13132200000.0,182600000.0,4947500000.0,4992500000.0,207500000.0,0.0,0.0,0.0,7276700000.0,1444700000.0,5832000000.0,35430753211.0,26300000.0,-1019700000.0,14800000.0,-154400000.0,-175700000.0,-300800000.0,-1086400000.0,0.0,1438700000.0,-25200000.0,1102700000.0,1102700000.0,1102700000.0,0.0,0.0,0.209,1897000000.0,1442600000.0,172600000.0,0.159,4.354,32.131,32.08,132200000.0,0.0,341.97,6.716,6.715,823700000.0,6569400000.0,5275900000.0,5275900000.0,0.0,0.072,0.144,0.309,0.293,133100000.0,1897000000.0,1.0,103607782.0,103600000.0,104700000.0,50.926,2281900000.0,111500000.0,259600000.0,999200000.0,22.026,141300000.0
10,ROP,MRT,2018-12-31,2018-12-31,2018-12-31,2021-08-05,-243300000.0,15249500000.0,14982425000.0,1610700000.0,13638800000.0,0.346,74.985,-58600000.0,364400000.0,364400000.0,1911700000.0,944400000.0,1.112,0.971,4941700000.0,1500000.0,4940200000.0,4941700000.0,677900000.0,49500000.0,0.0,0.006,1.649,1380500000.0,1430000000.0,0.275,1430000000.0,1380500000.0,1198400000.0,9.15,9.05,9.15,7738500000.0,7437950000.0,7738500000.0,32418891208.0,23.0,22.671,1371500000.0,13.29,1.0,3279500000.0,0.632,13188900000.0,182100000.0,5189700000.0,4749325000.0,190800000.0,0.0,0.0,0.0,7511000000.0,1448200000.0,6062800000.0,27566391208.0,-306900000.0,-1275800000.0,16000000.0,-234400000.0,-170100000.0,-388100000.0,-1335100000.0,0.0,1430100000.0,-13800000.0,944400000.0,944400000.0,944400000.0,0.0,0.0,0.182,1883100000.0,1396400000.0,165300000.0,0.18,3.562,29.189,29.128,128700000.0,0.0,266.52,5.31,5.298,870200000.0,6247700000.0,5191200000.0,5191200000.0,0.0,0.063,0.127,0.291,0.266,133800000.0,1883100000.0,1.0,103430854.0,103200000.0,104400000.0,50.302,2060600000.0,73900000.0,254000000.0,989400000.0,19.967,162500000.0
11,ROP,MRT,2018-09-30,2018-09-30,2018-09-30,2021-08-05,-199600000.0,15245100000.0,14749150000.0,1608000000.0,13637100000.0,0.342,73.065,-57100000.0,363400000.0,363400000.0,1870000000.0,1131200000.0,0.759,1.018,5215900000.0,801600000.0,4414300000.0,5215900000.0,613800000.0,50000000.0,0.0,0.005,1.587,1361900000.0,1411900000.0,0.28,1411900000.0,1361900000.0,1183700000.0,10.99,10.87,10.99,7554900000.0,7219225000.0,7554900000.0,35813534714.0,26.0,25.365,1277700000.0,12.357,1.0,3171500000.0,0.629,13288300000.0,178200000.0,4690000000.0,4570825000.0,212200000.0,0.0,0.0,0.0,7690200000.0,2119300000.0,5570900000.0,30611934714.0,-242200000.0,-1253900000.0,47300000.0,-138300000.0,-163000000.0,-260600000.0,-1311700000.0,0.0,1334800000.0,-4700000.0,1131200000.0,1131200000.0,1131200000.0,0.0,0.0,0.224,1792600000.0,1378900000.0,163700000.0,0.144,4.052,27.061,26.953,130200000.0,0.0,296.21,6.072,6.075,847800000.0,6038400000.0,5041500000.0,5041500000.0,0.0,0.077,0.157,0.298,0.27,96600000.0,1792600000.0,1.0,103345379.0,103400000.0,104600000.0,48.757,1956800000.0,76200000.0,52500000.0,1003200000.0,18.925,-511300000.0
12,ROP,MRT,2018-06-30,2018-06-30,2018-06-30,2021-08-05,-204600000.0,15361000000.0,14499543250.0,1651100000.0,13709900000.0,0.337,70.765,-56600000.0,421800000.0,421800000.0,1824800000.0,1073900000.0,0.799,1.103,5623400000.0,801700000.0,4821700000.0,5623400000.0,620000000.0,50400000.0,0.0,0.006,1.525,1312000000.0,1362400000.0,0.279,1362400000.0,1312000000.0,1136700000.0,10.46,10.34,10.46,7302900000.0,6945246000.0,7302900000.0,32718769409.0,25.0,24.016,1175600000.0,11.391,1.0,3057900000.0,0.626,13353400000.0,175300000.0,5142800000.0,4673797750.0,201900000.0,0.0,0.0,0.0,8058100000.0,2066400000.0,5991700000.0,28462969409.0,-241500000.0,-1300500000.0,45500000.0,-25000000.0,-156400000.0,-135200000.0,-1358100000.0,0.0,1232200000.0,19600000.0,1073900000.0,1073900000.0,1073900000.0,0.0,0.0,0.22,1745700000.0,1312200000.0,165200000.0,0.146,3.897,26.504,26.378,138600000.0,0.0,275.91,5.829,5.832,849300000.0,5833400000.0,4882700000.0,4882700000.0,0.0,0.074,0.155,0.281,0.269,93200000.0,1745700000.0,1.0,103160340.0,103200000.0,104400000.0,47.313,2007600000.0,77800000.0,62800000.0,992400000.0,19.453,-415300000.0
13,ROP,MRT,2018-03-31,2018-03-31,2018-03-31,2021-08-05,-128400000.0,14074100000.0,14212615250.0,1502000000.0,12572100000.0,0.332,69.538,-53100000.0,366200000.0,366200000.0,1776000000.0,1025000000.0,0.734,0.967,4622000000.0,801300000.0,3820700000.0,4622000000.0,584700000.0,49700000.0,0.0,0.005,1.462,1256600000.0,1306300000.0,0.277,1306300000.0,1256600000.0,1078700000.0,10.01,9.89,10.01,7155500000.0,6669642500.0,7155500000.0,33346585373.0,27.0,25.528,1084900000.0,10.543,1.0,2947700000.0,0.624,12307600000.0,177900000.0,3974800000.0,4746853750.0,216700000.0,0.0,0.0,0.0,6918600000.0,2047500000.0,4871100000.0,28862357373.0,-364500000.0,-189800000.0,49500000.0,-1225000000.0,-149500000.0,-1324500000.0,-239800000.0,0.0,1138000000.0,61800000.0,1025000000.0,1025000000.0,1025000000.0,0.0,0.0,0.217,1695600000.0,1252100000.0,171100000.0,0.146,4.034,28.158,28.041,140900000.0,0.0,280.69,6.11,6.114,788800000.0,5647600000.0,4723700000.0,4723700000.0,0.0,0.072,0.154,0.265,0.266,88100000.0,1695600000.0,1.0,102826454.0,102900000.0,104200000.0,45.906,1766500000.0,77600000.0,53700000.0,897000000.0,17.167,-545500000.0
14,ROP,MRT,2017-12-31,2017-12-31,2017-12-31,2021-08-05,-186200000.0,14316400000.0,14251603750.0,1759400000.0,12557000000.0,0.323,67.159,-59600000.0,671300000.0,671300000.0,1742700000.0,971800000.0,0.867,1.086,5155500000.0,800900000.0,4354600000.0,5155500000.0,566400000.0,49500000.0,0.0,0.005,1.4,1215300000.0,1264800000.0,0.275,1264800000.0,1215300000.0,1034700000.0,9.51,9.39,9.51,6863600000.0,6373465000.0,6863600000.0,31240444656.0,26.0,24.7,1174900000.0,11.496,1.0,2864800000.0,0.622,12295500000.0,180600000.0,4475700000.0,5136321250.0,204900000.0,0.0,0.0,0.0,7452800000.0,2029400000.0,5423400000.0,26511805656.0,-85900000.0,-153700000.0,32700000.0,-1060000000.0,-142800000.0,-1170000000.0,-209600000.0,0.0,1234500000.0,59200000.0,971800000.0,971800000.0,971800000.0,0.0,0.0,0.211,1654600000.0,1210200000.0,171100000.0,0.147,3.863,27.281,27.234,142500000.0,0.0,259.0,5.754,5.745,785300000.0,5464600000.0,4607500000.0,4607500000.0,0.0,0.068,0.152,0.237,0.264,83100000.0,1654600000.0,1.0,102362184.0,102200000.0,103500000.0,45.083,2020900000.0,55100000.0,62900000.0,856000000.0,19.774,-270000000.0
15,ROP,MRT,2017-09-30,2017-09-30,2017-09-30,2021-08-05,-177277000.0,14246673000.0,14253735500.0,1692056000.0,12554617000.0,0.308,63.138,-55539000.0,605616000.0,605616000.0,1665107000.0,709936000.0,1.073,1.206,5334255000.0,401534000.0,4932721000.0,5334255000.0,534562000.0,46146000.0,0.0,0.006,1.35,1157238000.0,1203384000.0,0.274,1203384000.0,1157238000.0,989514000.0,6.96,6.89,6.96,6458984000.0,6104781250.0,6458984000.0,29859321974.0,26.0,24.813,1080588000.0,10.563,1.0,2726568000.0,0.621,12296643000.0,167724000.0,5101891000.0,5524647750.0,209306000.0,0.0,0.0,0.0,7787689000.0,1576778000.0,6210911000.0,24880265974.0,-276659000.0,-3532313000.0,32929000.0,2232410000.0,-136968000.0,2134395000.0,-3577582000.0,0.0,1136127000.0,30401000.0,709936000.0,709936000.0,709936000.0,0.0,0.0,0.162,1574127000.0,1152441000.0,163719000.0,0.194,3.852,35.046,34.971,141279000.0,0.0,243.4,5.665,5.67,761726000.0,5062926000.0,4391675000.0,4391675000.0,0.0,0.05,0.116,0.209,0.264,85920000.0,1574127000.0,1.0,102219663.0,102300000.0,103700000.0,42.929,1950030000.0,32459000.0,279578000.0,1209946000.0,19.062,115278000.0
16,ROP,MRT,2017-06-30,2017-06-30,2017-06-30,2021-08-05,-244812000.0,14213288000.0,13312099250.0,1701111000.0,12512177000.0,0.314,60.73,-51003000.0,663344000.0,663344000.0,1598258000.0,686715000.0,1.135,1.292,5642400000.0,401297000.0,5241103000.0,5642400000.0,516362000.0,42548000.0,0.0,0.006,1.3,1113994000.0,1156542000.0,0.277,1156542000.0,1113994000.0,964970000.0,6.75,6.68,6.75,6200486000.0,5918162000.0,6200486000.0,28733568014.0,26.0,24.844,1086065000.0,10.637,1.0,2578661000.0,0.617,12258824000.0,149024000.0,5435024000.0,5100265250.0,199842000.0,0.0,0.0,0.0,8012802000.0,1498496000.0,6514306000.0,23623462014.0,41017000.0,-3482332000.0,25769000.0,2538689000.0,-131617000.0,2418877000.0,-3521763000.0,0.0,1137068000.0,6835000.0,686715000.0,686715000.0,686715000.0,0.0,0.0,0.164,1469630000.0,1109031000.0,155371000.0,0.193,3.81,34.401,34.301,142641000.0,0.0,231.53,5.656,5.659,723306000.0,4908492000.0,4176919000.0,4176919000.0,0.0,0.052,0.116,0.218,0.267,83608000.0,1469630000.0,1.0,102031970.0,102100000.0,103400000.0,40.91,1954464000.0,75016000.0,278255000.0,1188791000.0,19.143,202615000.0
17,ROP,MRT,2017-03-31,2017-03-31,2017-03-31,2021-08-05,-294327000.0,14230054000.0,12333056750.0,1712623000.0,12517431000.0,0.322,58.595,-48046000.0,730666000.0,730666000.0,1533296000.0,665284000.0,1.113,1.383,5840772000.0,401072000.0,5439700000.0,5840772000.0,513820000.0,39998000.0,0.0,0.006,1.25,1064538000.0,1104536000.0,0.278,1104536000.0,1064538000.0,934451000.0,6.55,6.48,6.55,5970790000.0,5755794750.0,5970790000.0,26488346166.0,25.0,23.981,1086882000.0,10.666,1.0,2440481000.0,0.614,12268952000.0,130087000.0,5532670000.0,4611226500.0,191426000.0,0.0,0.0,0.0,8259264000.0,1538538000.0,6720726000.0,21036010166.0,207678000.0,-3459352000.0,20331000.0,2718689000.0,-126327000.0,2598382000.0,-3500244000.0,0.0,1134928000.0,-25388000.0,665284000.0,665284000.0,665284000.0,0.0,0.0,0.167,1372572000.0,1067909000.0,152638000.0,0.191,3.523,31.62,31.525,144113000.0,0.0,206.49,5.294,5.295,693427000.0,4764711000.0,3973777000.0,3973777000.0,0.0,0.054,0.116,0.231,0.268,80821000.0,1372572000.0,1.0,101874232.0,101900000.0,103100000.0,38.997,1961102000.0,58400000.0,269167000.0,1257277000.0,19.245,174085000.0
18,ROP,MRT,2016-12-31,2016-12-31,2016-12-31,2021-08-05,-324739000.0,14324927000.0,11331645250.0,1776501000.0,12548426000.0,0.334,57.146,-40100000.0,757200000.0,757200000.0,1457500000.0,658600000.0,1.229,1.475,6209536000.0,400975000.0,5808561000.0,6209536000.0,488399000.0,37300000.0,0.0,0.007,1.2,1052200000.0,1089500000.0,0.287,1089500000.0,1052200000.0,940600000.0,6.5,6.43,6.5,5788865000.0,5623406000.0,5788865000.0,20777356519.0,20.0,19.071,923700000.0,9.118,1.0,2332400000.0,0.615,12302985000.0,111600000.0,6029006000.0,4086967000.0,181952000.0,0.0,0.0,0.0,8536062000.0,1445272000.0,7090790000.0,18570573519.0,-21300000.0,-3721800000.0,13300000.0,2928400000.0,-121100000.0,2805300000.0,-3752900000.0,0.0,963800000.0,-37500000.0,658600000.0,658600000.0,658600000.0,0.0,0.0,0.174,1277800000.0,1054600000.0,152067000.0,0.185,3.208,28.197,28.166,141318000.0,0.0,183.08,4.9,4.894,749819000.0,4642402000.0,3789900000.0,3789900000.0,0.0,0.058,0.117,0.257,0.278,78800000.0,1277800000.0,1.0,101434201.0,101300000.0,102500000.0,37.413,2021942000.0,62299000.0,282000000.0,1200967000.0,19.96,331229000.0
19,ROP,MRT,2016-09-30,2016-09-30,2016-09-30,2021-08-05,-248452000.0,10480128000.0,10292504750.0,1774811000.0,8705317000.0,0.362,56.352,-39657000.0,882270000.0,882270000.0,1438142000.0,685161000.0,2.3,0.835,3089053000.0,1902000.0,3087151000.0,3089053000.0,290231000.0,37685000.0,0.0,0.006,1.15,1102739000.0,1140424000.0,0.306,1140424000.0,1102739000.0,997820000.0,6.78,6.7,6.78,5712507000.0,5500926500.0,5712507000.0,20961434868.0,19.0,18.38,922974000.0,9.105,1.0,2284623000.0,0.614,8510810000.0,104919000.0,3404361000.0,3476522000.0,197529000.0,0.0,0.0,0.0,4767621000.0,771740000.0,3995881000.0,18491579868.0,181692000.0,-910067000.0,16318000.0,297946000.0,-115756000.0,187615000.0,-945299000.0,0.0,962631000.0,-23255000.0,685161000.0,685161000.0,685161000.0,0.0,0.0,0.184,1240487000.0,1044136000.0,144235000.0,0.17,3.237,26.989,26.913,103847000.0,0.0,182.47,4.967,4.969,617115000.0,4495907000.0,3722765000.0,3722765000.0,0.0,0.067,0.125,0.317,0.296,75211000.0,1240487000.0,1.0,101340384.0,101372000.0,102522000.0,36.724,1969318000.0,62596000.0,312659000.0,849352000.0,19.427,1003071000.0
20,ROP,MRT,2016-06-30,2016-06-30,2016-06-30,2021-08-05,-257506000.0,10297118000.0,10030722500.0,1550173000.0,8746945000.0,0.365,54.825,-37623000.0,622294000.0,622294000.0,1421941000.0,678499000.0,2.115,0.855,3092149000.0,5886000.0,3086263000.0,3092149000.0,280984000.0,37820000.0,0.0,0.006,1.1,1086505000.0,1124325000.0,0.307,1124325000.0,1086505000.0,988017000.0,6.72,6.65,6.72,5551017000.0,5355026000.0,5551017000.0,19849492046.0,18.0,17.655,835086000.0,8.248,1.0,2239613000.0,0.612,8555063000.0,98488000.0,3478869000.0,3450885000.0,191390000.0,0.0,0.0,0.0,4746101000.0,733041000.0,4013060000.0,17260820046.0,-56277000.0,-1342500000.0,14640000.0,576545000.0,-110618000.0,491024000.0,-1377241000.0,0.0,872709000.0,-42769000.0,678499000.0,678499000.0,678499000.0,0.0,0.0,0.185,1212496000.0,1027117000.0,135598000.0,0.164,3.109,25.44,25.381,104282000.0,0.0,170.56,4.714,4.716,628490000.0,4359258000.0,3661554000.0,3661554000.0,0.0,0.068,0.127,0.315,0.297,71420000.0,1212496000.0,1.0,101200868.0,101249000.0,102466000.0,36.164,1742055000.0,92626000.0,309518000.0,855781000.0,17.206,817132000.0
21,ROP,MRT,2016-03-31,2016-03-31,2016-03-31,2021-08-05,-211036000.0,10224408000.0,9714967000.0,1432332000.0,8792076000.0,0.373,53.836,-38903000.0,523033000.0,523033000.0,1413533000.0,691710000.0,1.838,0.879,3111705000.0,6365000.0,3105340000.0,3111705000.0,275230000.0,38007000.0,0.0,0.006,1.05,1085215000.0,1123222000.0,0.31,1123222000.0,1085215000.0,993413000.0,6.86,6.8,6.86,5441235000.0,5222109000.0,5441235000.0,20964292328.0,19.0,18.664,836595000.0,8.277,1.0,2206004000.0,0.609,8597960000.0,91802000.0,3435632000.0,3332334000.0,196321000.0,0.0,0.0,0.0,4783173000.0,779488000.0,4003685000.0,18471581328.0,-92460000.0,-1332930000.0,15716000.0,496115000.0,-105483000.0,419916000.0,-1369165000.0,0.0,875498000.0,-18709000.0,691710000.0,691710000.0,691710000.0,0.0,0.0,0.191,1179991000.0,1026013000.0,140421000.0,0.153,3.395,26.704,26.643,106212000.0,0.0,182.77,5.103,5.104,635362000.0,4231589000.0,3619537000.0,3619537000.0,0.0,0.071,0.132,0.326,0.3,66944000.0,1179991000.0,1.0,101064624.0,101071000.0,102318000.0,35.812,1626448000.0,62378000.0,301703000.0,907304000.0,16.092,652844000.0
22,ROP,MRT,2015-12-31,2015-12-31,2015-12-31,2021-08-05,-212779000.0,10168365000.0,9402520500.0,1618047000.0,8550318000.0,0.381,52.665,-38699000.0,778511000.0,778511000.0,1417749000.0,696067000.0,2.247,0.919,3271222000.0,6805000.0,3264417000.0,3271222000.0,267030000.0,38185000.0,0.0,0.005,1.0,1086570000.0,1124755000.0,0.314,1124755000.0,1086570000.0,1002345000.0,6.92,6.85,6.92,5298947000.0,5063649000.0,5298947000.0,21230216820.0,20.0,18.875,890126000.0,8.847,1.0,2164646000.0,0.604,8353722000.0,84225000.0,3587226000.0,3237137750.0,189868000.0,0.0,0.0,0.0,4869418000.0,720128000.0,4149290000.0,19131816820.0,168081000.0,-1657259000.0,21201000.0,1067950000.0,-100334000.0,996242000.0,-1698332000.0,0.0,928825000.0,-58654000.0,696067000.0,696067000.0,696067000.0,0.0,0.0,0.194,1136728000.0,1027918000.0,139737000.0,0.145,3.61,27.486,27.426,105510000.0,0.0,189.79,5.341,5.33,610313000.0,4110530000.0,3582395000.0,3582395000.0,0.0,0.074,0.137,0.336,0.303,61766000.0,1136728000.0,1.0,100805189.0,100616000.0,101597000.0,35.605,1814643000.0,31532000.0,306278000.0,829388000.0,18.035,897919000.0
23,ROP,MRT,2015-09-30,2015-09-30,2015-09-30,2021-08-05,-177472000.0,9432999000.0,8960475500.0,1647879000.0,7785120000.0,0.4,50.942,-37900000.0,700578000.0,700578000.0,1433604000.0,673406000.0,2.508,0.839,2798978000.0,6911000.0,2792067000.0,2798978000.0,237289000.0,38902000.0,0.0,0.006,0.95,1030620000.0,1069522000.0,0.298,1069522000.0,1030620000.0,950953000.0,6.7,6.65,6.7,5128905000.0,4927752250.0,5128905000.0,17620479396.0,17.0,16.475,882876000.0,8.769,1.0,2151296000.0,0.6,7572554000.0,79667000.0,3301813000.0,3008771750.0,200820000.0,0.0,0.0,0.0,4304094000.0,657032000.0,3647062000.0,15774343396.0,136466000.0,-1024904000.0,6064000.0,430994000.0,-95242000.0,344700000.0,-1064363000.0,0.0,920776000.0,-64647000.0,673406000.0,673406000.0,673406000.0,0.0,0.0,0.188,1118306000.0,1032990000.0,142261000.0,0.142,3.076,23.425,23.388,105280000.0,0.0,156.7,4.4,4.401,594970000.0,3932195000.0,3584900000.0,3584900000.0,0.0,0.075,0.137,0.343,0.287,63051000.0,1118306000.0,1.0,100665880.0,100681000.0,101607000.0,35.607,1860445000.0,94040000.0,277547000.0,772723000.0,18.479,990847000.0
24,ROP,MRT,2015-06-30,2015-06-30,2015-06-30,2021-08-05,-127788000.0,9034096000.0,8729792250.0,1587282000.0,7446814000.0,0.411,49.908,-40345000.0,678571000.0,678571000.0,1443236000.0,668499000.0,2.424,0.8,2524707000.0,7208000.0,2517499000.0,2524707000.0,234067000.0,40218000.0,0.0,0.005,0.9,1026208000.0,1066426000.0,0.297,1066426000.0,1026208000.0,946897000.0,6.66,6.61,6.66,5019349000.0,4807582000.0,5019349000.0,19345835877.0,19.0,18.141,879914000.0,8.749,1.0,2141853000.0,0.597,7220626000.0,79311000.0,3004665000.0,2908694750.0,197026000.0,0.0,0.0,0.0,4014747000.0,654941000.0,3359806000.0,17335887877.0,113289000.0,-892380000.0,6864000.0,281116000.0,-90137000.0,201482000.0,-939673000.0,0.0,920259000.0,-68779000.0,668499000.0,668499000.0,668499000.0,0.0,0.0,0.186,1113576000.0,1028277000.0,145584000.0,0.135,3.454,25.933,25.895,112374000.0,0.0,172.46,4.836,4.838,589598000.0,3796957000.0,3585089000.0,3585089000.0,0.0,0.077,0.139,0.353,0.286,62452000.0,1113576000.0,1.0,100521210.0,100573000.0,101569000.0,35.647,1813470000.0,92793000.0,278398000.0,758138000.0,18.031,932341000.0
25,ROP,MRT,2015-03-31,2015-03-31,2015-03-31,2021-08-05,-165000000.0,8974622000.0,8536804750.0,1521822000.0,7452800000.0,0.419,47.893,-39704000.0,615493000.0,615493000.0,1449599000.0,654580000.0,2.176,0.867,2625441000.0,7719000.0,2617722000.0,2625441000.0,237197000.0,41104000.0,0.0,0.005,0.85,1021490000.0,1062594000.0,0.297,1062594000.0,1021490000.0,942844000.0,6.54,6.48,6.54,4807395000.0,4689748500.0,4807395000.0,18865014956.0,18.0,17.754,848508000.0,8.453,1.0,2131124000.0,0.595,7230339000.0,78646000.0,3054847000.0,2854705250.0,194737000.0,0.0,0.0,0.0,4167227000.0,699384000.0,3467843000.0,17261321956.0,112608000.0,-892810000.0,11513000.0,311418000.0,-85020000.0,242671000.0,-938712000.0,0.0,888212000.0,-79563000.0,654580000.0,654580000.0,654580000.0,0.0,0.0,0.183,1108155000.0,1022969000.0,151139000.0,0.13,3.591,26.37,26.3,110973000.0,0.0,172.0,4.821,4.822,606785000.0,3650843000.0,3580723000.0,3580723000.0,0.0,0.077,0.14,0.358,0.285,62257000.0,1108155000.0,1.0,100356523.0,100377000.0,101361000.0,35.673,1744283000.0,95197000.0,288264000.0,798239000.0,17.377,822438000.0
26,ROP,MRT,2014-12-31,2014-12-31,2014-12-31,2021-08-05,-71927000.0,8400185000.0,8340575000.0,1512105000.0,6888080000.0,0.426,47.594,-40232000.0,610430000.0,610430000.0,1447595000.0,646033000.0,2.408,0.766,2201374000.0,11092000.0,2190282000.0,2201374000.0,190953000.0,40890000.0,0.0,0.005,0.8,1000093000.0,1040983000.0,0.293,1040983000.0,1000093000.0,921456000.0,6.47,6.4,6.47,4755360000.0,4577211000.0,4755360000.0,17769639055.0,18.0,17.07,800209000.0,8.009,1.0,2101899000.0,0.592,6689420000.0,78637000.0,2673762000.0,2789984750.0,193766000.0,0.0,0.0,0.0,3644825000.0,627947000.0,3016878000.0,15964203055.0,150710000.0,-305379000.0,13214000.0,-250561000.0,-79859000.0,-298104000.0,-348105000.0,0.0,840441000.0,-43522000.0,646033000.0,646033000.0,646033000.0,0.0,0.0,0.182,1102426000.0,999473000.0,143847000.0,0.124,3.357,24.711,24.165,110876000.0,0.0,156.35,4.498,4.401,607947000.0,3520201000.0,3549494000.0,3549494000.0,0.0,0.077,0.141,0.358,0.282,63027000.0,1102426000.0,1.0,102105552.0,99916000.0,100884000.0,35.525,1710765000.0,81695000.0,275423000.0,739769000.0,17.122,884158000.0
27,ROP,MRT,2014-09-30,2014-09-30,2014-09-30,2021-08-05,-10680000.0,8510266000.0,8286774000.0,1532691000.0,6977575000.0,0.421,46.451,-39014000.0,564112000.0,564112000.0,1423144000.0,625800000.0,2.315,0.831,2369548000.0,11074000.0,2358474000.0,2369548000.0,221552000.0,39929000.0,0.0,0.005,0.765,974210000.0,1014139000.0,0.29,1014139000.0,974210000.0,894743000.0,6.28,6.21,6.28,4648224000.0,4441633500.0,4648224000.0,16313537524.0,17.0,16.086,775998000.0,7.755,1.0,2069378000.0,0.593,6752192000.0,79467000.0,2901505000.0,2861016250.0,213440000.0,0.0,0.0,0.0,3862042000.0,662005000.0,3200037000.0,14634026524.0,104132000.0,-364715000.0,20225000.0,-237148000.0,-76213000.0,-279359000.0,-409551000.0,0.0,815012000.0,-21970000.0,625800000.0,625800000.0,625800000.0,0.0,0.0,0.179,1095565000.0,973813000.0,145660000.0,0.122,3.148,23.385,23.295,115243000.0,0.0,146.29,4.19,4.192,631858000.0,3359297000.0,3492522000.0,3492522000.0,0.0,0.076,0.141,0.341,0.279,60104000.0,1095565000.0,1.0,100034360.0,100068000.0,101006000.0,34.901,1758074000.0,94281000.0,268943000.0,761293000.0,17.569,870686000.0
28,ROP,MRT,2014-06-30,2014-06-30,2014-06-30,2021-08-05,50075000.0,8262146000.0,8220601250.0,1524525000.0,6737621000.0,0.418,45.534,-41199000.0,565282000.0,565282000.0,1408247000.0,606613000.0,2.4,0.817,2244793000.0,10984000.0,2233809000.0,2244793000.0,216106000.0,39103000.0,0.0,0.005,0.73,947758000.0,986861000.0,0.287,986861000.0,947758000.0,863599000.0,6.1,6.03,6.1,4548015000.0,4295280750.0,4548015000.0,16382119709.0,17.0,16.6,803477000.0,8.044,1.0,2027963000.0,0.59,6517678000.0,84159000.0,2788707000.0,2926604500.0,212050000.0,0.0,0.0,0.0,3714131000.0,635272000.0,3078859000.0,14569938709.0,190711000.0,-69626000.0,21287000.0,-514792000.0,-72575000.0,-553624000.0,-110535000.0,0.0,844676000.0,10194000.0,606613000.0,606613000.0,606613000.0,0.0,0.0,0.177,1080459000.0,947504000.0,147661000.0,0.12,3.204,24.019,23.936,116394000.0,0.0,146.01,4.24,4.244,625166000.0,3223818000.0,3436210000.0,3436210000.0,0.0,0.074,0.141,0.324,0.276,56862000.0,1080459000.0,1.0,99787266.0,99881000.0,100823000.0,34.403,1744468000.0,89443000.0,256986000.0,763606000.0,17.465,889253000.0
29,ROP,MRT,2014-03-31,2014-03-31,2014-03-31,2021-08-05,30272000.0,8189703000.0,8208500250.0,1432170000.0,6757533000.0,0.406,43.766,-41801000.0,502885000.0,502885000.0,1384757000.0,560605000.0,2.144,0.88,2315066000.0,10923000.0,2304143000.0,2315066000.0,207957000.0,38080000.0,0.0,0.005,0.695,884304000.0,922384000.0,0.277,922384000.0,884304000.0,797296000.0,5.64,5.58,5.64,4357245000.0,4130664000.0,4357245000.0,15295768658.0,17.0,16.583,802112000.0,8.057,1.0,1950288000.0,0.585,6537946000.0,87008000.0,2795965000.0,2945450750.0,209383000.0,0.0,0.0,0.0,3832458000.0,667973000.0,3164485000.0,13290636658.0,72863000.0,-1074319000.0,12277000.0,388200000.0,-68955000.0,337806000.0,-1115169000.0,0.0,843913000.0,6313000.0,560605000.0,560605000.0,560605000.0,0.0,0.0,0.168,1069704000.0,880584000.0,144168000.0,0.123,3.05,23.708,23.672,116590000.0,0.0,133.51,3.985,3.986,609355000.0,3086465000.0,3335045000.0,3335045000.0,0.0,0.068,0.136,0.3,0.265,54727000.0,1069704000.0,1.0,99547874.0,99557000.0,100572000.0,33.499,1651757000.0,97265000.0,236691000.0,820789000.0,16.591,764197000.0
30,ROP,MRT,2013-12-31,2013-12-31,2013-12-31,2021-08-05,43083000.0,8184981000.0,7924322000.0,1373337000.0,6811644000.0,0.409,42.503,-42528000.0,459720000.0,459720000.0,1355200000.0,538293000.0,2.136,0.943,2464852000.0,11016000.0,2453836000.0,2464852000.0,209332000.0,37756000.0,0.0,0.004,0.495,842169000.0,879925000.0,0.272,879925000.0,842169000.0,754130000.0,5.43,5.37,5.43,4213050000.0,3986896750.0,4213050000.0,15918124007.0,19.0,18.09,760025000.0,7.667,1.0,1882928000.0,0.581,6589134000.0,88039000.0,2957888000.0,2734958750.0,204923000.0,0.0,0.0,0.0,3971931000.0,643091000.0,3328840000.0,13772247007.0,89130000.0,-1074413000.0,10393000.0,438581000.0,-49092000.0,403633000.0,-1115863000.0,0.0,802553000.0,-1193000.0,538293000.0,538293000.0,538293000.0,0.0,0.0,0.166,1040567000.0,842361000.0,150313000.0,0.091,3.269,25.585,25.54,117310000.0,0.0,138.68,4.253,4.245,606020000.0,2959196000.0,3238128000.0,3238128000.0,0.0,0.068,0.135,0.308,0.26,53133000.0,1040567000.0,1.0,99309540.0,99123000.0,100209000.0,32.668,1595847000.0,93237000.0,215837000.0,794570000.0,16.1,730246000.0
31,ROP,MRT,2013-09-30,2013-09-30,2013-09-30,2021-08-05,48318000.0,8245575000.0,7645852750.0,1389199000.0,6856376000.0,0.413,40.953,-42518000.0,459980000.0,459980000.0,1342796000.0,516120000.0,2.191,1.03,2605857000.0,12250000.0,2593607000.0,2605857000.0,212275000.0,37755000.0,0.0,0.005,0.633,810073000.0,847828000.0,0.268,847828000.0,810073000.0,721640000.0,5.21,5.17,5.21,4062813000.0,3855565750.0,4062813000.0,15562135211.0,19.0,18.355,735893000.0,7.418,1.0,1816069000.0,0.575,6593457000.0,88433000.0,3163858000.0,2512662250.0,204722000.0,0.0,0.0,0.0,4182762000.0,634137000.0,3548625000.0,13178483211.0,104871000.0,-1037175000.0,16818000.0,492028000.0,-62507000.0,403396000.0,-1078119000.0,0.0,778411000.0,1183000.0,516120000.0,516120000.0,516120000.0,0.0,0.0,0.163,1006555000.0,809514000.0,142987000.0,0.121,3.244,25.534,25.503,117785000.0,0.0,132.87,4.172,4.173,590659000.0,2813356000.0,3158865000.0,3158865000.0,0.0,0.068,0.134,0.322,0.256,50670000.0,1006555000.0,1.0,99183286.0,99207000.0,100302000.0,31.841,1652118000.0,156469000.0,205520000.0,875417000.0,16.653,755062000.0
32,ROP,MRT,2013-06-30,2013-06-30,2013-06-30,2021-08-05,16416000.0,8213742000.0,7346868500.0,1328135000.0,6885607000.0,0.419,39.253,-39762000.0,374571000.0,374571000.0,1328697000.0,496505000.0,1.179,1.112,2758223000.0,512799000.0,2245424000.0,2758223000.0,209249000.0,37680000.0,0.0,0.005,0.605,771149000.0,808829000.0,0.263,808829000.0,771149000.0,690965000.0,5.03,4.98,5.03,3889548000.0,3736517000.0,3889548000.0,13789805841.0,18.0,17.049,688314000.0,6.946,1.0,1749999000.0,0.568,6606451000.0,80184000.0,2864092000.0,2248270250.0,197458000.0,0.0,0.0,0.0,4324194000.0,1126851000.0,3197343000.0,12300054841.0,-144327000.0,-2438413000.0,22685000.0,1676510000.0,-59568000.0,1604419000.0,-2476773000.0,0.0,728076000.0,-49000.0,496505000.0,496505000.0,496505000.0,0.0,0.0,0.161,976577000.0,773422000.0,139296000.0,0.12,3.162,24.773,24.696,115677000.0,0.0,124.22,3.995,3.998,631891000.0,2693421000.0,3078696000.0,3078696000.0,0.0,0.068,0.133,0.343,0.25,47353000.0,976577000.0,1.0,99018313.0,99089000.0,100162000.0,31.07,1607291000.0,145161000.0,194460000.0,867146000.0,16.221,201284000.0
33,ROP,MRT,2013-03-31,2013-03-31,2013-03-31,2021-08-05,20048000.0,7052990000.0,6668978250.0,1285056000.0,5767934000.0,0.453,38.252,-39602000.0,430022000.0,430022000.0,1317458000.0,499965000.0,1.187,0.865,1919773000.0,516514000.0,1403259000.0,1919773000.0,190678000.0,37781000.0,0.0,0.005,0.578,767077000.0,804858000.0,0.267,804858000.0,767077000.0,694177000.0,5.09,5.02,5.09,3782176000.0,3617632750.0,3782176000.0,14241396134.0,19.0,17.694,668061000.0,6.757,1.0,1702100000.0,0.564,5505971000.0,72900000.0,1953997000.0,1932604500.0,200023000.0,0.0,0.0,0.0,3270814000.0,1082773000.0,2188041000.0,12589864134.0,-21696000.0,-1451005000.0,29272000.0,836728000.0,-56613000.0,767340000.0,-1489959000.0,0.0,707663000.0,-6740000.0,499965000.0,499965000.0,499965000.0,0.0,0.0,0.166,929640000.0,772460000.0,138541000.0,0.114,3.329,25.181,25.012,110637000.0,0.0,127.31,4.169,4.169,568809000.0,2598434000.0,3019558000.0,3019558000.0,0.0,0.075,0.138,0.397,0.254,43796000.0,929640000.0,1.0,98891400.0,98876000.0,99986000.0,30.539,1547019000.0,129660000.0,194212000.0,725161000.0,15.646,202283000.0
34,ROP,MRT,2012-12-31,2012-12-31,2012-12-31,2021-08-05,58537000.0,7071104000.0,6263426250.0,1245542000.0,5825562000.0,0.478,37.745,-38405000.0,370590000.0,370590000.0,1321772000.0,483360000.0,1.147,0.917,2022122000.0,519015000.0,1503107000.0,2022122000.0,185912000.0,37888000.0,0.0,0.006,0.715,754206000.0,792094000.0,0.265,792094000.0,754206000.0,686681000.0,4.95,4.86,4.95,3687726000.0,3505174750.0,3687726000.0,12713904250.0,17.0,16.051,639447000.0,6.545,1.0,1671717000.0,0.558,5567724000.0,67525000.0,2068702000.0,1834941250.0,190867000.0,0.0,0.0,0.0,3383378000.0,1086210000.0,2297168000.0,10964234250.0,32489000.0,-1467772000.0,39874000.0,930483000.0,-69903000.0,853870000.0,-1505545000.0,0.0,677852000.0,6312000.0,483360000.0,483360000.0,483360000.0,0.0,0.0,0.161,914130000.0,757587000.0,138340000.0,0.144,2.973,22.683,22.521,110397000.0,0.0,111.48,3.663,3.639,598601000.0,2489858000.0,2993489000.0,2993489000.0,0.0,0.077,0.138,0.411,0.252,40773000.0,914130000.0,1.0,98351581.0,97702000.0,99558000.0,30.639,1503380000.0,120636000.0,203321000.0,711146000.0,15.387,159332000.0
35,ROP,MRT,2012-09-30,2012-09-30,2012-09-30,2021-08-05,56148000.0,7049638000.0,5825504500.0,1217664000.0,5831974000.0,0.502,36.645,-40795000.0,355109000.0,355109000.0,1311578000.0,461506000.0,1.095,0.966,2104779000.0,551803000.0,1552976000.0,2104779000.0,0.0,37513000.0,0.0,0.005,0.523,715664000.0,753177000.0,0.258,753177000.0,715664000.0,653265000.0,4.75,4.64,4.75,3586618000.0,3382017250.0,3586618000.0,11298561812.0,16.0,15.001,617963000.0,6.314,1.0,1611205000.0,0.551,5580942000.0,62399000.0,2106290000.0,1705657750.0,210426000.0,0.0,0.0,0.0,3463020000.0,1112076000.0,2350944000.0,10748218812.0,108655000.0,-1451946000.0,55931000.0,932223000.0,-50663000.0,945269000.0,-1493408000.0,0.0,658758000.0,-1964000.0,461506000.0,461506000.0,461506000.0,0.0,0.0,0.158,891506000.0,719699000.0,151159000.0,0.11,2.997,23.289,23.135,110348000.0,0.0,109.89,3.677,3.68,560045000.0,2362606000.0,2922783000.0,2922783000.0,0.0,0.079,0.136,0.42,0.245,38407000.0,891506000.0,1.0,97808889.0,97876000.0,99757000.0,29.862,1468696000.0,118979000.0,191759000.0,711920000.0,15.006,105588000.0
36,ROP,MRT,2012-06-30,2012-06-30,2012-06-30,2021-08-05,19753000.0,5502181000.0,5377704500.0,1325377000.0,4176804000.0,0.537,35.03,-41844000.0,518898000.0,518898000.0,1310641000.0,455079000.0,2.586,0.612,1069241000.0,57424000.0,1011817000.0,1069241000.0,0.0,36865000.0,0.0,0.005,0.495,702735000.0,739600000.0,0.256,739600000.0,702735000.0,641419000.0,4.71,4.59,4.71,3414011000.0,3252528500.0,3414011000.0,10230754721.0,15.0,13.833,578040000.0,5.931,1.0,1577206000.0,0.546,3938485000.0,61316000.0,1601429000.0,1598212000.0,209626000.0,0.0,0.0,0.0,2088170000.0,512610000.0,1575560000.0,9604793721.0,322871000.0,-65854000.0,45735000.0,-171136000.0,-47761000.0,-174373000.0,-108369000.0,0.0,619884000.0,-14271000.0,455079000.0,455079000.0,455079000.0,0.0,0.0,0.158,873549000.0,703657000.0,139379000.0,0.105,2.813,21.106,20.93,108089000.0,0.0,98.58,3.326,3.327,513195000.0,2259422000.0,2887847000.0,2887847000.0,0.0,0.085,0.14,0.44,0.243,35626000.0,873549000.0,1.0,97431464.0,97460000.0,99619000.0,29.631,1563696000.0,101754000.0,186340000.0,492514000.0,16.044,812767000.0
37,ROP,MRT,2012-03-31,2012-03-31,2012-03-31,2021-08-05,52961000.0,5430782000.0,5318157250.0,1215912000.0,4214870000.0,0.538,34.34,-41897000.0,451718000.0,451718000.0,1306185000.0,446577000.0,2.332,0.63,1077679000.0,63580000.0,1014099000.0,1077679000.0,0.0,36973000.0,0.0,0.005,0.467,695738000.0,732711000.0,0.256,732711000.0,695738000.0,633303000.0,4.64,4.52,4.64,3332344000.0,3144914250.0,3332344000.0,10354788687.0,15.0,14.132,614594000.0,6.333,1.0,1556661000.0,0.544,3972041000.0,62435000.0,1563344000.0,1636542750.0,214020000.0,0.0,0.0,0.0,2098438000.0,521358000.0,1577080000.0,9607873687.0,190271000.0,-252601000.0,38558000.0,-165786000.0,-44922000.0,-162871000.0,-295534000.0,0.0,656491000.0,-7815000.0,446577000.0,446577000.0,446577000.0,0.0,0.0,0.156,867818000.0,688843000.0,139029000.0,0.101,2.883,21.514,21.371,109565000.0,0.0,99.16,3.356,3.361,481196000.0,2158037000.0,2862846000.0,2862846000.0,0.0,0.084,0.142,0.425,0.243,33572000.0,867818000.0,1.0,96892635.0,97039000.0,99307000.0,29.502,1458741000.0,99532000.0,186726000.0,517004000.0,15.033,694554000.0
38,ROP,MRT,2011-12-31,2011-12-31,2011-12-31,2021-08-05,33800000.0,5319417000.0,5234685250.0,1115473000.0,4203944000.0,0.534,33.296,-40702000.0,338101000.0,338101000.0,1281525000.0,427247000.0,2.013,0.665,1085016000.0,69906000.0,1015110000.0,1085016000.0,94761000.0,36780000.0,0.0,0.005,0.44,668635000.0,705415000.0,0.252,705415000.0,668635000.0,604987000.0,4.45,4.34,4.45,3195096000.0,3032360500.0,3195096000.0,9309015750.0,14.0,13.197,560916000.0,5.845,1.0,1515564000.0,0.542,3960568000.0,63648000.0,1551568000.0,1680132000.0,204758000.0,0.0,0.0,0.0,2124321000.0,554196000.0,1570125000.0,8380979750.0,67707000.0,-233594000.0,30271000.0,-256457000.0,-42090000.0,-256679000.0,-275749000.0,0.0,601618000.0,-1483000.0,427247000.0,427247000.0,427247000.0,0.0,0.0,0.153,855025000.0,660539000.0,141943000.0,0.099,2.623,19.616,19.521,108775000.0,0.0,86.87,2.996,2.98,502963000.0,2063110000.0,2797089000.0,2797089000.0,0.0,0.082,0.141,0.398,0.239,31730000.0,855025000.0,1.0,96477262.0,95959000.0,98386000.0,29.149,1358849000.0,101010000.0,177740000.0,502046000.0,14.161,561277000.0
39,ROP,MRT,2011-09-30,2011-09-30,2011-09-30,2021-08-05,45681000.0,5258438000.0,5172212000.0,1030023000.0,4228415000.0,0.529,31.938,-37343000.0,246454000.0,246454000.0,1255784000.0,412882000.0,1.959,0.714,1174490000.0,71194000.0,1103296000.0,1174490000.0,0.0,37126000.0,0.0,0.006,0.425,647199000.0,684325000.0,0.25,684325000.0,647199000.0,582009000.0,4.32,4.22,4.32,3068663000.0,2921313250.0,3068663000.0,7670348728.0,12.0,11.209,526853000.0,5.483,1.0,1481580000.0,0.541,3984138000.0,65190000.0,1676507000.0,1734299250.0,211582000.0,0.0,0.0,0.0,2189775000.0,525829000.0,1663946000.0,6620362728.0,-4359000.0,-227197000.0,28621000.0,-301345000.0,-40513000.0,-307664000.0,-264757000.0,0.0,564196000.0,3866000.0,412882000.0,412882000.0,412882000.0,0.0,0.0,0.151,842237000.0,639343000.0,144606000.0,0.098,2.157,16.035,15.951,106965000.0,0.0,68.91,2.419,2.419,495099000.0,1954728000.0,2737364000.0,2737364000.0,0.0,0.08,0.141,0.373,0.236,29232000.0,842237000.0,1.0,96072598.0,96083000.0,98308000.0,28.49,1274300000.0,94728000.0,169127000.0,494066000.0,13.262,504194000.0
40,ROP,MRT,2011-06-30,2011-06-30,2011-06-30,2021-08-05,73427000.0,5263992000.0,5121634250.0,1002059000.0,4261933000.0,0.513,31.108,-33868000.0,196027000.0,196027000.0,1208974000.0,386864000.0,1.85,0.764,1246013000.0,72319000.0,1173694000.0,1246013000.0,0.0,37432000.0,0.0,0.005,0.41,610158000.0,647590000.0,0.246,647590000.0,610158000.0,543207000.0,4.06,3.97,4.06,2983554000.0,2813241250.0,2983554000.0,8968577843.0,15.0,13.849,502834000.0,5.243,1.0,1420773000.0,0.54,4017603000.0,66951000.0,1754752000.0,1794376000.0,211687000.0,0.0,0.0,0.0,2280438000.0,541623000.0,1738815000.0,7988237843.0,-94713000.0,-726374000.0,35453000.0,111066000.0,-38915000.0,114231000.0,-760903000.0,0.0,536702000.0,15257000.0,386864000.0,386864000.0,386864000.0,0.0,0.0,0.147,820412000.0,600361000.0,153518000.0,0.101,2.677,20.649,20.517,107491000.0,0.0,83.3,3.038,3.038,512229000.0,1855025000.0,2629747000.0,2629747000.0,0.0,0.076,0.138,0.34,0.232,27840000.0,820412000.0,1.0,95897213.0,95911000.0,98412000.0,27.419,1246389000.0,91561000.0,156343000.0,498593000.0,12.995,460436000.0
41,ROP,MRT,2011-03-31,2011-03-31,2011-03-31,2021-08-05,81188000.0,5096894000.0,4902468000.0,1029640000.0,4067254000.0,0.509,30.219,-30919000.0,261447000.0,261447000.0,1151323000.0,351834000.0,2.029,0.768,1241787000.0,81826000.0,1159961000.0,1241787000.0,0.0,36575000.0,0.0,0.005,0.395,556475000.0,593050000.0,0.238,593050000.0,556475000.0,489427000.0,3.71,3.63,3.71,2882129000.0,2694222000.0,2882129000.0,9313456376.0,17.0,15.704,460119000.0,4.824,1.0,1345657000.0,0.539,3831992000.0,67048000.0,1737701000.0,1743674000.0,198788000.0,0.0,0.0,0.0,2214765000.0,507541000.0,1707224000.0,8242805376.0,70162000.0,-521413000.0,37079000.0,112620000.0,-37286000.0,119574000.0,-553641000.0,0.0,491038000.0,13191000.0,351834000.0,351834000.0,351834000.0,0.0,0.0,0.141,790079000.0,555578000.0,147015000.0,0.106,2.86,23.428,23.305,103639000.0,0.0,86.46,3.301,3.302,492443000.0,1759282000.0,2496980000.0,2496980000.0,0.0,0.072,0.131,0.319,0.223,26254000.0,790079000.0,1.0,95336634.0,95374000.0,98153000.0,26.181,1264902000.0,89463000.0,137593000.0,484849000.0,13.263,522099000.0
42,ROP,MRT,2010-12-31,2010-12-31,2010-12-31,2021-08-05,43978000.0,5069524000.0,4700634750.0,998091000.0,4071433000.0,0.508,29.19,-28591000.0,270394000.0,270394000.0,1110986000.0,322580000.0,1.85,0.843,1341045000.0,93342000.0,1247703000.0,1341045000.0,0.0,36728000.0,0.0,0.005,0.38,514927000.0,551655000.0,0.231,551655000.0,514927000.0,448394000.0,3.42,3.34,3.42,2750907000.0,2585731250.0,2750907000.0,8461384691.0,16.0,15.338,470949000.0,4.997,1.0,1275126000.0,0.534,3832293000.0,66533000.0,1768237000.0,1693665250.0,178559000.0,0.0,0.0,0.0,2318617000.0,539645000.0,1778972000.0,7235667691.0,102686000.0,-536413000.0,30744000.0,166589000.0,-35706000.0,167609000.0,-563274000.0,0.0,499540000.0,-1189000.0,322580000.0,322580000.0,322580000.0,0.0,0.0,0.135,760832000.0,514294000.0,137778000.0,0.111,2.63,22.431,22.348,103487000.0,0.0,76.43,3.032,3.019,478957000.0,1680849000.0,2386112000.0,2386112000.0,0.0,0.069,0.125,0.304,0.216,25150000.0,760832000.0,1.0,94670518.0,94242000.0,96653000.0,25.319,1237231000.0,90744000.0,125814000.0,475446000.0,13.128,458446000.0
43,ROP,MRT,2010-09-30,2010-09-30,2010-09-30,2021-08-05,52514000.0,5056127000.0,4515187750.0,957642000.0,4098485000.0,0.501,27.954,-27568000.0,250813000.0,250813000.0,1065598000.0,287193000.0,1.88,0.918,1476530000.0,95788000.0,1380742000.0,1476530000.0,0.0,35606000.0,0.0,0.006,0.368,470324000.0,505930000.0,0.224,505930000.0,470324000.0,403880000.0,3.08,3.0,3.08,2636375000.0,2503377000.0,2636375000.0,6976272026.0,15.0,13.789,436500000.0,4.628,1.0,1194673000.0,0.529,3855684000.0,66444000.0,1916814000.0,1646216750.0,180929000.0,0.0,0.0,0.0,2419752000.0,509346000.0,1910406000.0,6138584026.0,-5211000.0,-889726000.0,145699000.0,329395000.0,-34202000.0,446265000.0,-916208000.0,0.0,464068000.0,664000.0,287193000.0,287193000.0,287193000.0,0.0,0.0,0.127,725769000.0,468904000.0,134316000.0,0.119,2.328,21.374,21.162,105878000.0,0.0,65.18,2.716,2.72,455251000.0,1583997000.0,2260271000.0,2260271000.0,0.0,0.064,0.115,0.286,0.208,26039000.0,725769000.0,1.0,94178951.0,94312000.0,96671000.0,23.966,1200443000.0,89769000.0,116687000.0,476289000.0,12.728,448296000.0
44,ROP,MRT,2010-06-30,2010-06-30,2010-06-30,2021-08-05,15677000.0,4387327000.0,4251611250.0,985468000.0,3401859000.0,0.504,26.672,-27639000.0,290740000.0,290740000.0,1022415000.0,259340000.0,2.078,0.75,1128428000.0,112028000.0,1016400000.0,1128428000.0,0.0,34804000.0,0.0,0.006,0.355,431437000.0,466241000.0,0.218,466241000.0,431437000.0,367690000.0,2.81,2.74,2.81,2507477000.0,2399902000.0,2507477000.0,6185427508.0,14.0,13.267,384353000.0,4.088,1.0,1118444000.0,0.522,3198891000.0,63747000.0,1551944000.0,1547519500.0,170943000.0,0.0,0.0,0.0,1879850000.0,474180000.0,1405670000.0,5258465508.0,69914000.0,-367964000.0,138985000.0,-55483000.0,-32766000.0,55690000.0,-395210000.0,0.0,411992000.0,-2558000.0,259340000.0,259340000.0,259340000.0,0.0,0.0,0.121,685901000.0,432543000.0,120313000.0,0.126,2.097,20.276,19.915,104505000.0,0.0,55.96,2.456,2.457,428008000.0,1508724000.0,2140859000.0,2140859000.0,0.0,0.061,0.108,0.279,0.202,26513000.0,685901000.0,1.0,93968290.0,94011000.0,96449000.0,22.772,1188436000.0,56732000.0,108350000.0,330024000.0,12.641,511288000.0
45,ROP,MRT,2010-03-31,2010-03-31,2010-03-31,2021-08-05,32694000.0,4289561000.0,4144692000.0,862323000.0,3427238000.0,0.502,26.097,-27142000.0,191285000.0,191285000.0,1007098000.0,247647000.0,1.924,0.752,1118247000.0,110804000.0,1007443000.0,1118247000.0,0.0,34803000.0,0.0,0.006,0.343,413039000.0,447842000.0,0.215,447842000.0,413039000.0,351823000.0,2.71,2.64,2.71,2448166000.0,2309342250.0,2448166000.0,6404733312.0,16.0,14.301,384866000.0,4.103,1.0,1071567000.0,0.516,3230553000.0,61216000.0,1537666000.0,1539282250.0,174535000.0,0.0,0.0,0.0,1841395000.0,448304000.0,1393091000.0,5418683312.0,13776000.0,-368878000.0,134820000.0,-127656000.0,-31307000.0,-20750000.0,-385962000.0,0.0,412008000.0,8480000.0,247647000.0,247647000.0,247647000.0,0.0,0.0,0.119,662247000.0,409320000.0,121472000.0,0.127,2.213,21.881,21.343,107193000.0,0.0,57.84,2.607,2.61,416635000.0,1446390000.0,2078665000.0,2078665000.0,0.0,0.06,0.107,0.268,0.199,27499000.0,662247000.0,1.0,93684013.0,93810000.0,96036000.0,22.158,1059008000.0,56470000.0,104176000.0,327537000.0,11.289,414019000.0
46,ROP,MRT,2009-12-31,2009-12-31,2009-12-31,2021-08-05,63945000.0,4327736000.0,4052518750.0,870745000.0,3456991000.0,0.506,26.702,-25885000.0,167708000.0,167708000.0,1006530000.0,239481000.0,1.822,0.787,1153758000.0,112796000.0,1040962000.0,1153758000.0,0.0,34163000.0,0.0,0.006,0.33,398312000.0,432475000.0,0.211,432475000.0,398312000.0,339768000.0,2.64,2.58,2.64,2421490000.0,2207261000.0,2421490000.0,5636735088.0,14.0,13.034,341614000.0,3.767,1.0,1043138000.0,0.509,3257332000.0,58544000.0,1578443000.0,1555397500.0,178795000.0,0.0,0.0,0.0,1906246000.0,478011000.0,1428235000.0,4768550088.0,-10361000.0,-354561000.0,133649000.0,-117978000.0,-29823000.0,-13597000.0,-374192000.0,0.0,367499000.0,9929000.0,239481000.0,239481000.0,239481000.0,0.0,0.0,0.117,647742000.0,395396000.0,110103000.0,0.125,1.969,19.912,19.837,109493000.0,0.0,52.37,2.326,2.317,438811000.0,1395586000.0,2049668000.0,2049668000.0,0.0,0.059,0.108,0.256,0.194,27476000.0,647742000.0,1.0,91054995.0,90685000.0,92820000.0,22.602,1070404000.0,60429000.0,100287000.0,329970000.0,11.804,392734000.0
47,ROP,MRT,2009-09-30,2009-09-30,2009-09-30,2021-08-05,63425000.0,4001821000.0,3963469250.0,907494000.0,3094327000.0,0.523,24.456,-27968000.0,256024000.0,256024000.0,1022358000.0,238428000.0,2.035,0.801,1124209000.0,119852000.0,1004357000.0,1124209000.0,0.0,34953000.0,0.0,0.006,0.32,401769000.0,436722000.0,0.211,436722000.0,401769000.0,341383000.0,2.64,2.58,2.64,2222475000.0,2102872000.0,2222475000.0,5572628151.0,14.0,12.76,348780000.0,3.838,1.0,1049534000.0,0.507,2902006000.0,60386000.0,1522025000.0,1540513000.0,174055000.0,0.0,0.0,0.0,1779346000.0,445975000.0,1333371000.0,4630222151.0,-3619000.0,-4077000.0,9022000.0,-278678000.0,-28837000.0,-249973000.0,-25461000.0,0.0,376748000.0,-1562000.0,238428000.0,238428000.0,238428000.0,0.0,0.0,0.115,655851000.0,393683000.0,100561000.0,0.121,2.083,19.42,19.311,104748000.0,0.0,50.98,2.235,2.236,384303000.0,1332555000.0,2071892000.0,2071892000.0,0.0,0.06,0.113,0.261,0.194,28878000.0,655851000.0,1.0,90824287.0,90877000.0,92908000.0,22.799,1099815000.0,58730000.0,102955000.0,287431000.0,12.102,461519000.0
48,ROP,MRT,2009-06-30,2009-06-30,2009-06-30,2021-08-05,46673000.0,3959650000.0,3981371750.0,865437000.0,3094213000.0,0.547,23.688,-28070000.0,220826000.0,220826000.0,1066542000.0,256047000.0,1.825,0.846,1163232000.0,148745000.0,1014487000.0,1163232000.0,0.0,35230000.0,0.0,0.007,0.31,439255000.0,474485000.0,0.218,474485000.0,439255000.0,377184000.0,2.85,2.76,2.85,2145238000.0,2049776250.0,2145238000.0,5159083433.0,12.0,10.873,399934000.0,4.416,1.0,1112774000.0,0.511,2908803000.0,62071000.0,1518995000.0,1564271250.0,177360000.0,0.0,0.0,0.0,1814412000.0,474258000.0,1340154000.0,4102542433.0,74640000.0,-306304000.0,9077000.0,4646000.0,-27830000.0,-13656000.0,-328572000.0,0.0,428004000.0,-11136000.0,256047000.0,256047000.0,256047000.0,0.0,0.0,0.117,678664000.0,434110000.0,98645000.0,0.109,1.912,16.023,15.898,106588000.0,0.0,45.31,1.882,1.883,382837000.0,1283652000.0,2179316000.0,2179316000.0,0.0,0.064,0.125,0.281,0.202,44986000.0,678664000.0,1.0,90543863.0,90562000.0,92712000.0,24.064,1050847000.0,55458000.0,121137000.0,281365000.0,11.604,391179000.0
49,ROP,MRT,2009-03-31,2009-03-31,2009-03-31,2021-08-05,2014000.0,3920868000.0,3932080000.0,843882000.0,3076986000.0,0.577,22.632,-28895000.0,177509000.0,177509000.0,1105786000.0,270982000.0,1.741,0.922,1234050000.0,149527000.0,1084523000.0,1234050000.0,0.0,34675000.0,0.0,0.007,0.3,466028000.0,500703000.0,0.221,500703000.0,466028000.0,405664000.0,3.02,2.91,3.02,2039841000.0,2002846750.0,2039841000.0,4899995786.0,11.0,9.786,384527000.0,4.266,1.0,1163034000.0,0.513,2890636000.0,60364000.0,1602127000.0,1478057750.0,186724000.0,0.0,0.0,0.0,1881027000.0,484646000.0,1396381000.0,3810548786.0,26309000.0,-327813000.0,12018000.0,7271000.0,-26853000.0,-5360000.0,-361321000.0,0.0,413422000.0,-20432000.0,270982000.0,270982000.0,270982000.0,0.0,0.0,0.119,698347000.0,464687000.0,114887000.0,0.099,1.868,14.062,14.056,107832000.0,0.0,42.45,1.68,1.686,407331000.0,1231558000.0,2268820000.0,2268820000.0,0.0,0.069,0.135,0.315,0.205,37890000.0,698347000.0,1.0,89765578.0,90132000.0,92302000.0,25.172,1030232000.0,56716000.0,134682000.0,268708000.0,11.43,359236000.0
50,ROP,MRT,2008-12-31,2008-12-31,2008-12-31,2021-08-05,21513000.0,3971538000.0,3892289000.0,858307000.0,3113231000.0,0.593,22.398,-30047000.0,178069000.0,178069000.0,1118083000.0,281874000.0,1.387,0.982,1267215000.0,233526000.0,1033689000.0,1267215000.0,0.0,33900000.0,0.0,0.007,0.29,489635000.0,523535000.0,0.227,523535000.0,489635000.0,428816000.0,3.15,3.01,3.15,2003934000.0,1961828500.0,2003934000.0,5084475616.0,10.0,9.712,404391000.0,4.52,1.0,1188288000.0,0.515,2922872000.0,60819000.0,1518905000.0,1406574000.0,185919000.0,0.0,0.0,0.0,1967604000.0,618907000.0,1348697000.0,3894397616.0,-130699000.0,-704764000.0,12931000.0,195029000.0,-25887000.0,187919000.0,-739294000.0,0.0,434438000.0,-13762000.0,281874000.0,281874000.0,281874000.0,0.0,0.0,0.122,702127000.0,486161000.0,121807000.0,0.092,1.943,13.816,13.781,112463000.0,0.0,43.41,1.689,1.684,438023000.0,1187467000.0,2306371000.0,2306371000.0,0.0,0.072,0.144,0.348,0.212,30905000.0,702127000.0,1.0,89711993.0,89468000.0,93699000.0,25.779,1048666000.0,57440000.0,146942000.0,274074000.0,11.721,239400000.0
51,ROP,MRT,2008-09-30,2008-09-30,2008-09-30,2021-08-05,100431000.0,4073431000.0,3762700500.0,881603000.0,3191828000.0,0.609,22.427,-31303000.0,156272000.0,156272000.0,1114040000.0,278905000.0,1.348,1.026,1346350000.0,232676000.0,1113674000.0,1346350000.0,0.0,33020000.0,0.0,0.005,0.282,488602000.0,521622000.0,0.228,521622000.0,488602000.0,427563000.0,3.13,2.98,3.13,2010092000.0,1908296500.0,2010092000.0,6103730100.0,12.0,11.701,391072000.0,4.363,1.0,1176553000.0,0.514,2992281000.0,61039000.0,1617058000.0,1330820250.0,196089000.0,0.0,0.0,0.0,2063339000.0,654170000.0,1409169000.0,5104199100.0,133712000.0,-702590000.0,14157000.0,401936000.0,-25165000.0,347939000.0,-739720000.0,0.0,422375000.0,-253000.0,278905000.0,278905000.0,278905000.0,0.0,0.0,0.122,685638000.0,490915000.0,128335000.0,0.09,2.539,18.301,18.198,115762000.0,0.0,56.96,2.228,2.229,466066000.0,1139863000.0,2290593000.0,2290593000.0,0.0,0.074,0.146,0.367,0.213,43536000.0,685638000.0,1.0,89610237.0,89629000.0,94251000.0,25.556,1081150000.0,67476000.0,148658000.0,285111000.0,12.063,227433000.0
52,ROP,MRT,2008-06-30,2008-06-30,2008-06-30,2021-08-05,127574000.0,3762483000.0,3557359750.0,850324000.0,2912159000.0,0.627,21.878,-31718000.0,146186000.0,146186000.0,1090823000.0,270016000.0,0.993,0.922,1145717000.0,494205000.0,651512000.0,1145717000.0,0.0,32310000.0,0.0,0.004,0.275,472473000.0,504783000.0,0.226,504783000.0,472473000.0,414437000.0,3.04,2.89,3.04,1957520000.0,1834071250.0,1957520000.0,6954817770.0,15.0,13.778,343833000.0,3.843,1.0,1139572000.0,0.511,2731503000.0,58036000.0,1174141000.0,1214164750.0,192426000.0,0.0,0.0,0.0,1804963000.0,856370000.0,948593000.0,5890059770.0,26082000.0,-405889000.0,14206000.0,88854000.0,-24424000.0,84089000.0,-442458000.0,0.0,375551000.0,8900000.0,270016000.0,270016000.0,270016000.0,0.0,0.0,0.121,667218000.0,472354000.0,118718000.0,0.09,3.009,21.814,21.671,112032000.0,0.0,65.88,2.641,2.643,453958000.0,1071165000.0,2230395000.0,2230395000.0,0.0,0.076,0.147,0.389,0.212,20688000.0,667218000.0,1.0,89405886.0,89476000.0,94398000.0,24.927,1030980000.0,56086000.0,144421000.0,270463000.0,11.522,-6046000.0
53,ROP,MRT,2008-03-31,2008-03-31,2008-03-31,2021-08-05,130219000.0,3761704000.0,3417815250.0,836157000.0,2925547000.0,0.634,21.067,-30431000.0,151200000.0,151200000.0,1069980000.0,256722000.0,1.083,1.005,1215958000.0,413110000.0,802848000.0,1215958000.0,0.0,32143000.0,0.0,0.005,0.268,453294000.0,485437000.0,0.224,485437000.0,453294000.0,393947000.0,2.9,2.76,2.9,1875768000.0,1750544500.0,1875768000.0,6058222570.0,13.0,12.48,327881000.0,3.683,1.0,1096637000.0,0.506,2738274000.0,59347000.0,1316192000.0,1227521250.0,190040000.0,0.0,0.0,0.0,1885936000.0,771996000.0,1113940000.0,5308398570.0,70758000.0,-414841000.0,14362000.0,153689000.0,-23690000.0,152576000.0,-451118000.0,0.0,358312000.0,10988000.0,256722000.0,256722000.0,256722000.0,0.0,0.0,0.118,642868000.0,453769000.0,121990000.0,0.092,2.83,20.678,20.497,112119000.0,0.0,59.44,2.45,2.443,436423000.0,1001989000.0,2166617000.0,2166617000.0,0.0,0.075,0.147,0.369,0.209,20688000.0,642868000.0,1.0,89306840.0,89037000.0,93447000.0,24.334,1023430000.0,56412000.0,137225000.0,289564000.0,11.494,64161000.0
54,ROP,MRT,2007-12-31,2007-12-31,2007-12-31,2021-08-05,108732000.0,3453184000.0,3255584250.0,951137000.0,2502047000.0,0.646,20.249,-30107000.0,308768000.0,308768000.0,1043654000.0,245705000.0,1.425,0.929,1058592000.0,331103000.0,727489000.0,1058592000.0,0.0,31805000.0,0.0,0.004,0.26,435852000.0,467657000.0,0.222,467657000.0,435852000.0,376997000.0,2.78,2.64,2.78,1789806000.0,1666185000.0,1789806000.0,6397553307.0,15.0,13.68,313700000.0,3.549,1.0,1058395000.0,0.504,2319588000.0,58855000.0,1215890000.0,1203815000.0,174138000.0,0.0,0.0,0.0,1663378000.0,667530000.0,995848000.0,5545139307.0,239290000.0,-106942000.0,17026000.0,27600000.0,-22954000.0,29548000.0,-142388000.0,0.0,343807000.0,8323000.0,245705000.0,245705000.0,245705000.0,0.0,0.0,0.117,620041000.0,438354000.0,115809000.0,0.094,3.098,22.568,22.496,107513000.0,0.0,62.54,2.638,2.63,420026000.0,944886000.0,2102049000.0,2102049000.0,0.0,0.075,0.147,0.362,0.207,20688000.0,620041000.0,1.0,88665483.0,88390000.0,93229000.0,23.782,1133596000.0,51654000.0,131292000.0,247974000.0,12.825,283607000.0
55,ROP,MRT,2007-09-30,2007-09-30,2007-09-30,2021-08-05,105988000.0,3252068000.0,3141128000.0,764110000.0,2487958000.0,0.639,19.342,-28197000.0,125931000.0,125931000.0,999332000.0,234534000.0,1.198,0.898,978345000.0,322147000.0,656198000.0,978345000.0,0.0,31867000.0,0.0,0.004,0.254,409838000.0,441705000.0,0.22,441705000.0,409838000.0,358258000.0,2.67,2.54,2.67,1713191000.0,1590443250.0,1713191000.0,6731813348.0,16.0,15.241,307779000.0,3.475,1.0,1008117000.0,0.502,2315997000.0,51580000.0,1150436000.0,1192262500.0,183021000.0,0.0,0.0,0.0,1538877000.0,638049000.0,900828000.0,5801637348.0,85053000.0,-355018000.0,21921000.0,119394000.0,-22293000.0,130897000.0,-387815000.0,0.0,335976000.0,5995000.0,234534000.0,234534000.0,234534000.0,0.0,0.0,0.117,596307000.0,411810000.0,106555000.0,0.095,3.386,24.737,24.532,105528000.0,0.0,65.5,2.89,2.89,364751000.0,879093000.0,2007449000.0,2007449000.0,0.0,0.075,0.147,0.344,0.204,15415000.0,596307000.0,1.0,88574616.0,88575000.0,93559000.0,22.664,936071000.0,43881000.0,123724000.0,226378000.0,10.568,126061000.0
56,ROP,MRT,2007-06-30,2007-06-30,2007-06-30,2021-08-05,84638000.0,3204305000.0,2998080500.0,722753000.0,2481552000.0,0.634,18.373,-28071000.0,120104000.0,120104000.0,947176000.0,220208000.0,1.201,0.974,1050280000.0,314264000.0,736016000.0,1050280000.0,0.0,31697000.0,0.0,0.004,0.247,384291000.0,415988000.0,0.219,415988000.0,384291000.0,334764000.0,2.51,2.4,2.51,1623413000.0,1517015250.0,1623413000.0,6016387562.0,16.0,14.463,264263000.0,2.991,1.0,954588000.0,0.502,2304998000.0,49527000.0,1227567000.0,1158367000.0,181304000.0,0.0,0.0,0.0,1580892000.0,601916000.0,978976000.0,5040800562.0,66721000.0,-389432000.0,22738000.0,178606000.0,-21650000.0,193570000.0,-421779000.0,0.0,292334000.0,2596000.0,220208000.0,220208000.0,220208000.0,0.0,0.0,0.116,568996000.0,385592000.0,102684000.0,0.098,3.105,22.891,22.749,105524000.0,0.0,57.1,2.651,2.653,330824000.0,819718000.0,1901764000.0,1901764000.0,0.0,0.073,0.145,0.332,0.202,15415000.0,568996000.0,1.0,88280220.0,88359000.0,92915000.0,21.523,899307000.0,44873000.0,114556000.0,208312000.0,10.178,120837000.0
57,ROP,MRT,2007-03-31,2007-03-31,2007-03-31,2021-08-05,69532000.0,3112780000.0,2853690250.0,656570000.0,2456210000.0,0.63,17.497,-28437000.0,80442000.0,80442000.0,889362000.0,207072000.0,1.118,1.023,1056029000.0,307945000.0,748084000.0,1056029000.0,0.0,30971000.0,0.0,0.004,0.241,362926000.0,393897000.0,0.219,393897000.0,362926000.0,315452000.0,2.37,2.27,2.37,1538330000.0,1451525250.0,1538330000.0,5781922584.0,16.0,14.679,233859000.0,2.66,1.0,907076000.0,0.505,2279602000.0,47474000.0,1221367000.0,1102441500.0,186161000.0,0.0,0.0,0.0,1574450000.0,587398000.0,987052000.0,4824608584.0,13285000.0,-416022000.0,19582000.0,184521000.0,-21048000.0,194825000.0,-446262000.0,0.0,262296000.0,2426000.0,207072000.0,207072000.0,207072000.0,0.0,0.0,0.115,544048000.0,363028000.0,100012000.0,0.102,3.136,23.299,23.156,106516000.0,0.0,54.88,2.686,2.686,319249000.0,764245000.0,1796438000.0,1796438000.0,0.0,0.073,0.143,0.329,0.202,15415000.0,544048000.0,1.0,87911964.0,87918000.0,92300000.0,20.433,833178000.0,44000000.0,108380000.0,205642000.0,9.477,69172000.0
58,ROP,MRT,2006-12-31,2006-12-31,2006-12-31,2021-08-05,68666000.0,2995359000.0,2708871500.0,627495000.0,2367864000.0,0.628,17.121,-32153000.0,69478000.0,69478000.0,839409000.0,193324000.0,1.068,1.015,1026792000.0,299911000.0,726881000.0,1026792000.0,0.0,29939000.0,0.0,0.005,0.235,337673000.0,367612000.0,0.216,367612000.0,337673000.0,292872000.0,2.23,2.13,2.23,1486839000.0,1391685500.0,1486839000.0,5195248516.0,15.0,14.132,230385000.0,2.653,1.0,861325000.0,0.506,2195344000.0,44801000.0,1169680000.0,1043616750.0,168319000.0,0.0,0.0,0.0,1508520000.0,587649000.0,920871000.0,4380596516.0,16362000.0,-352125000.0,22259000.0,125663000.0,-20402000.0,138291000.0,-386665000.0,0.0,262538000.0,2198000.0,193324000.0,193324000.0,193324000.0,0.0,0.0,0.114,523672000.0,337653000.0,96139000.0,0.105,2.946,22.659,22.529,107003000.0,0.0,50.24,2.576,2.565,353761000.0,721899000.0,1700734000.0,1700734000.0,0.0,0.071,0.139,0.324,0.199,15415000.0,523672000.0,1.0,87193402.0,86842000.0,90880000.0,19.584,800015000.0,39610000.0,99548000.0,177445000.0,9.212,39846000.0
59,ROP,MRT,2006-09-30,2006-09-30,2006-09-30,2021-08-05,70958000.0,2679878000.0,2590608250.0,575254000.0,2104624000.0,0.629,16.306,-32250000.0,40878000.0,40878000.0,803802000.0,187001000.0,1.052,0.888,855530000.0,291458000.0,564072000.0,855530000.0,0.0,29254000.0,0.0,0.005,0.229,319315000.0,348569000.0,0.214,348569000.0,319315000.0,275514000.0,2.16,2.07,2.16,1419479000.0,1332422750.0,1419479000.0,4708203446.0,15.0,13.507,226659000.0,2.604,1.0,824614000.0,0.506,1932770000.0,43801000.0,1014854000.0,1001886500.0,161616000.0,0.0,0.0,0.0,1260399000.0,546906000.0,713493000.0,3892474446.0,-38218000.0,-252242000.0,17775000.0,-13992000.0,-19849000.0,-11780000.0,-286035000.0,0.0,258909000.0,688000.0,187001000.0,187001000.0,187001000.0,0.0,0.0,0.115,503487000.0,321127000.0,91076000.0,0.106,2.742,20.815,20.713,103234000.0,0.0,44.74,2.39,2.392,304385000.0,670873000.0,1628416000.0,1628416000.0,0.0,0.072,0.14,0.319,0.196,4323000.0,503359000.0,1.0,87002111.0,87050000.0,90963000.0,18.707,747108000.0,45150000.0,88513000.0,142979000.0,8.583,28348000.0
60,ROP,MRT,2006-06-30,2006-06-30,2006-06-30,2021-08-05,67710000.0,2626744000.0,2526667250.0,545419000.0,2081325000.0,0.62,15.663,-31069000.0,53383000.0,53383000.0,775242000.0,175381000.0,1.031,0.929,869112000.0,284676000.0,584436000.0,869112000.0,0.0,28656000.0,0.0,0.005,0.224,302171000.0,330827000.0,0.211,330827000.0,302171000.0,257999000.0,2.04,1.96,2.04,1361453000.0,1277949750.0,1361453000.0,4857666162.0,16.0,14.683,254605000.0,2.929,1.0,791121000.0,0.505,1909797000.0,44172000.0,1003865000.0,997714250.0,147332000.0,0.0,0.0,0.0,1265291000.0,528811000.0,736480000.0,4060048162.0,-15016000.0,-216013000.0,25809000.0,-54367000.0,-19308000.0,-53360000.0,-247526000.0,0.0,285674000.0,196000.0,175381000.0,175381000.0,175381000.0,0.0,0.0,0.112,487738000.0,303383000.0,84183000.0,0.11,2.982,23.15,22.917,102231000.0,0.0,46.75,2.592,2.594,277041000.0,625180000.0,1566363000.0,1566363000.0,0.0,0.069,0.137,0.303,0.193,4323000.0,487610000.0,1.0,86845950.0,86919000.0,91043000.0,18.021,716947000.0,41334000.0,82618000.0,152578000.0,8.248,16608000.0
61,ROP,MRT,2006-03-31,2006-03-31,2006-03-31,2021-08-05,55345000.0,2533505000.0,2482394000.0,515476000.0,2018029000.0,0.605,15.094,-29472000.0,67157000.0,67157000.0,746437000.0,162850000.0,1.034,0.95,864775000.0,277467000.0,587308000.0,864775000.0,0.0,27608000.0,0.0,0.004,0.218,279433000.0,307041000.0,0.204,307041000.0,279433000.0,235617000.0,1.91,1.84,1.91,1298971000.0,1227956250.0,1298971000.0,5033433943.0,18.0,16.393,270536000.0,3.144,1.0,756180000.0,0.503,1846762000.0,43816000.0,986068000.0,1071836500.0,140930000.0,0.0,0.0,0.0,1234534000.0,498293000.0,736241000.0,4192278943.0,-31068000.0,-283249000.0,23620000.0,-14255000.0,-18690000.0,-13179000.0,-313837000.0,0.0,300008000.0,-4060000.0,162850000.0,162850000.0,162850000.0,0.0,0.0,0.108,475797000.0,280383000.0,79995000.0,0.114,3.227,25.743,25.461,100621000.0,0.0,48.63,2.79,2.785,250853000.0,582187000.0,1502617000.0,1502617000.0,0.0,0.066,0.133,0.261,0.186,4323000.0,475669000.0,1.0,86207669.0,86061000.0,89711000.0,17.46,686743000.0,42618000.0,72767000.0,148413000.0,7.98,17183000.0
62,ROP,MRT,2005-12-31,2005-12-31,2005-12-31,2021-08-05,51731000.0,2522306000.0,2438036250.0,498207000.0,2024099000.0,0.596,14.618,-24762000.0,53116000.0,53116000.0,727324000.0,153175000.0,0.985,1.018,894271000.0,273313000.0,620958000.0,894271000.0,0.0,28413000.0,0.0,0.005,0.212,263961000.0,292374000.0,0.201,292374000.0,263961000.0,220567000.0,1.79,1.74,1.79,1249788000.0,1186459250.0,1249788000.0,4174485876.0,16.0,14.278,256539000.0,3.001,1.0,726407000.0,0.5,1855077000.0,43394000.0,1002759000.0,1139110750.0,131838000.0,0.0,0.0,0.0,1272518000.0,505625000.0,766893000.0,3389851876.0,-76303000.0,-329934000.0,15686000.0,7848000.0,-18151000.0,5383000.0,-355870000.0,0.0,281301000.0,-7117000.0,153175000.0,153175000.0,153175000.0,0.0,0.0,0.105,461508000.0,264899000.0,71693000.0,0.118,2.712,22.131,22.073,97462000.0,0.0,39.51,2.332,2.324,257210000.0,549603000.0,1453731000.0,1453731000.0,0.0,0.063,0.129,0.232,0.182,4323000.0,461508000.0,1.0,85797314.0,85498000.0,87884000.0,17.003,667229000.0,44997000.0,67392000.0,141986000.0,7.804,-7418000.0
63,ROP,MRT,2005-09-30,2005-09-30,2005-09-30,2021-08-05,53085000.0,2424114000.0,2399060750.0,536088000.0,1888026000.0,0.557,14.065,-20092000.0,79096000.0,79096000.0,669770000.0,127553000.0,1.145,1.017,863730000.0,266006000.0,597724000.0,863730000.0,0.0,25614000.0,0.0,0.005,0.207,228587000.0,254201000.0,0.19,254201000.0,228587000.0,188035000.0,1.53,1.5,1.53,1201587000.0,1152533750.0,1201587000.0,4213469307.0,18.0,16.575,219099000.0,2.565,1.0,667344000.0,0.499,1742197000.0,40552000.0,998165000.0,1199450500.0,134350000.0,0.0,0.0,0.0,1222527000.0,468386000.0,754141000.0,3362629307.0,-23320000.0,-770372000.0,321500000.0,236306000.0,-17116000.0,531770000.0,-793068000.0,0.0,239191000.0,-1213000.0,127553000.0,127553000.0,127553000.0,0.0,0.0,0.095,431110000.0,236234000.0,60085000.0,0.135,2.798,26.363,25.68,94479000.0,0.0,39.29,2.515,2.51,254973000.0,504311000.0,1337114000.0,1337114000.0,0.0,0.053,0.111,0.191,0.171,961000.0,431110000.0,1.0,85584864.0,85431000.0,87096000.0,15.651,681917000.0,30319000.0,60482000.0,141129000.0,7.982,67702000.0
64,ROP,MRT,2005-06-30,2005-06-30,2005-06-30,2021-08-05,54395000.0,2449651000.0,2186316750.0,527197000.0,1922454000.0,0.554,13.595,-17516000.0,68399000.0,68399000.0,609933000.0,115741000.0,2.159,1.109,919239000.0,35980000.0,883259000.0,919239000.0,0.0,23099000.0,0.0,0.006,0.202,203347000.0,226446000.0,0.187,226446000.0,203347000.0,166905000.0,1.44,1.41,1.44,1161479000.0,1041013500.0,1161479000.0,3823112633.0,19.0,16.883,182751000.0,2.139,1.0,602158000.0,0.497,1755997000.0,36442000.0,1300354000.0,1175213750.0,138363000.0,0.0,0.0,0.0,1288172000.0,244140000.0,1044032000.0,3040460633.0,-6334000.0,-767011000.0,310332000.0,287013000.0,-16129000.0,583818000.0,-789931000.0,0.0,200267000.0,-488000.0,115741000.0,115741000.0,115741000.0,0.0,0.0,0.095,390280000.0,211878000.0,62709000.0,0.14,2.618,26.27,24.781,100000000.0,0.0,35.685,2.508,2.515,249062000.0,469690000.0,1212091000.0,1212091000.0,0.0,0.053,0.111,0.173,0.168,961000.0,390280000.0,1.0,85202764.0,85432000.0,86928000.0,14.188,693654000.0,41653000.0,51164000.0,145729000.0,8.119,283057000.0
65,ROP,MRT,2005-03-31,2005-03-31,2005-03-31,2021-08-05,63870000.0,2356074000.0,1960217750.0,533989000.0,1822085000.0,0.552,13.341,-14657000.0,98225000.0,98225000.0,544730000.0,103729000.0,2.296,1.08,880877000.0,36338000.0,844539000.0,880877000.0,0.0,21211000.0,0.0,0.006,0.198,181444000.0,202655000.0,0.187,202655000.0,181444000.0,149123000.0,1.34,1.315,1.34,1132983000.0,931239000.0,1132983000.0,3544802812.0,20.0,17.492,163208000.0,1.922,1.0,538231000.0,0.497,1650986000.0,32321000.0,1255165000.0,1075553250.0,136601000.0,0.0,0.0,0.0,1223091000.0,232575000.0,990516000.0,2782330812.0,15868000.0,-681628000.0,310332000.0,240741000.0,-15166000.0,537544000.0,-701881000.0,0.0,177865000.0,2340000.0,103729000.0,103729000.0,103729000.0,0.0,0.0,0.096,348037000.0,190194000.0,59939000.0,0.148,2.456,26.823,24.44,97312000.0,0.0,32.75,2.569,2.568,245668000.0,438674000.0,1082961000.0,1082961000.0,0.0,0.053,0.111,0.169,0.168,961000.0,348037000.0,1.0,84956666.0,84922000.0,86314000.0,12.752,705088000.0,49793000.0,45394000.0,132896000.0,8.303,301414000.0
66,ROP,MRT,2004-12-31,2004-12-31,2004-12-31,2021-08-05,76249000.0,2366404000.0,1751935500.0,556160000.0,1810244000.0,0.554,14.966,-12141000.0,129419000.0,129419000.0,484719000.0,93852000.0,2.193,1.124,891891000.0,36527000.0,855364000.0,891891000.0,0.0,18260000.0,0.0,0.006,0.193,162563000.0,180823000.0,0.186,180823000.0,162563000.0,133716000.0,1.26,1.24,1.26,1114086000.0,822805250.0,1114086000.0,2771317238.0,17.0,15.326,152684000.0,2.051,1.0,485045000.0,0.5,1631208000.0,28847000.0,1244118000.0,988837000.0,132282000.0,0.0,0.0,0.0,1252318000.0,253550000.0,998768000.0,2258036238.0,59185000.0,-641147000.0,339205000.0,223368000.0,-14201000.0,548372000.0,-658399000.0,0.0,164825000.0,4387000.0,93852000.0,93852000.0,93852000.0,0.0,0.0,0.097,313743000.0,171302000.0,65801000.0,0.153,2.027,24.06,24.115,97949000.0,0.0,30.385,2.328,2.332,242014000.0,415188000.0,969764000.0,969764000.0,0.0,0.054,0.114,0.164,0.168,961000.0,313743000.0,1.0,74314176.0,74440000.0,75664000.0,13.027,735196000.0,54690000.0,39864000.0,131326000.0,9.876,302610000.0
67,ROP,MRT,2004-09-30,2004-09-30,2004-09-30,2021-08-05,49931000.0,1573138000.0,1539083250.0,411014000.0,1162124000.0,0.561,10.199,-10446000.0,102416000.0,102416000.0,428905000.0,70963000.0,2.763,1.082,615697000.0,20951000.0,594746000.0,615697000.0,0.0,16421000.0,0.0,0.007,0.188,123191000.0,139612000.0,0.162,139612000.0,123191000.0,98394000.0,0.965,0.95,0.965,755506000.0,708229000.0,755506000.0,2671144517.0,22.0,19.133,104636000.0,1.413,1.0,434104000.0,0.503,1036433000.0,24797000.0,901218000.0,908944000.0,109316000.0,0.0,0.0,0.0,817632000.0,148768000.0,668864000.0,2126429517.0,87906000.0,-542717000.0,229793000.0,309683000.0,-14132000.0,530880000.0,-559379000.0,0.0,115082000.0,1323000.0,70963000.0,70963000.0,70963000.0,0.0,0.0,0.082,285700000.0,148404000.0,46165000.0,0.195,2.815,29.965,29.772,74189000.0,0.0,28.73,2.464,2.466,169592000.0,394908000.0,863009000.0,863009000.0,0.0,0.046,0.1,0.136,0.143,416000.0,285700000.0,1.0,74014254.0,74078000.0,75346000.0,11.65,536705000.0,31499000.0,27431000.0,57066000.0,7.245,262246000.0
68,ROP,MRT,2004-06-30,2004-06-30,2004-06-30,2021-08-05,45655000.0,1545255000.0,1354718000.0,390556000.0,1154699000.0,0.587,9.798,-10711000.0,74733000.0,74733000.0,387229000.0,61454000.0,2.583,1.139,619448000.0,20184000.0,599264000.0,619448000.0,0.0,14591000.0,0.0,0.006,0.184,108158000.0,122749000.0,0.154,122749000.0,108158000.0,86670000.0,0.88,0.87,0.88,722381000.0,629784500.0,722381000.0,2636195249.0,24.0,21.476,90001000.0,1.221,1.0,407703000.0,0.513,1037073000.0,21488000.0,901712000.0,808065500.0,108995000.0,0.0,0.0,0.0,822874000.0,151185000.0,671689000.0,2094243249.0,47529000.0,-543956000.0,229793000.0,285357000.0,-13328000.0,505430000.0,-559122000.0,0.0,100712000.0,509000.0,61454000.0,61454000.0,61454000.0,1912000.0,0.0,0.077,272198000.0,135505000.0,51370000.0,0.209,2.899,34.078,32.33,75840000.0,0.0,28.45,2.634,2.639,161833000.0,371100000.0,794932000.0,794932000.0,0.0,0.045,0.098,0.134,0.136,416000.0,272198000.0,1.0,73611362.0,73726000.0,74936000.0,10.782,508182000.0,32085000.0,25216000.0,55236000.0,6.893,239371000.0
69,ROP,MRT,2004-03-31,2004-03-31,2004-03-31,2021-08-05,46149000.0,1522945000.0,,398841000.0,1124104000.0,,9.525,-10222000.0,82357000.0,82357000.0,351668000.0,50576000.0,2.663,1.178,624309000.0,20149000.0,604160000.0,624309000.0,0.0,13256000.0,0.0,0.007,0.179,90096000.0,103352000.0,0.142,103352000.0,90096000.0,71062000.0,0.76,0.755,0.76,699248000.0,,699248000.0,2354509247.0,26.0,22.781,75029000.0,1.022,1.0,376885000.0,0.517,1006818000.0,19034000.0,908300000.0,,109500000.0,0.0,0.0,0.0,823697000.0,149779000.0,673918000.0,1773634247.0,62814000.0,-504452000.0,229793000.0,275843000.0,-12527000.0,494567000.0,-519066000.0,0.0,85251000.0,2062000.0,50576000.0,50576000.0,50576000.0,2322000.0,0.0,0.069,259094000.0,117791000.0,46834000.0,0.236,2.536,35.069,31.743,76340000.0,0.0,24.125,2.434,2.431,157180000.0,351112000.0,728553000.0,728553000.0,0.0,,,,0.124,416000.0,259094000.0,1.0,73518518.0,73412000.0,74572000.0,9.924,516127000.0,35935000.0,20486000.0,53743000.0,7.031,249062000.0
70,ROP,MRT,2003-12-31,2003-12-31,2003-12-31,2021-08-05,48989000.0,1514995000.0,1169980500.0,381192000.0,1133803000.0,0.562,10.384,-10422000.0,70234000.0,70234000.0,311218000.0,45239000.0,2.36,1.31,651109000.0,20923000.0,630186000.0,651109000.0,0.0,11540000.0,0.0,0.007,0.175,79852000.0,91392000.0,0.139,91392000.0,79852000.0,63468000.0,0.72,0.71,0.72,655781000.0,518381000.0,655781000.0,1833760812.0,23.0,20.065,60871000.0,0.964,1.0,346138000.0,0.527,1009827000.0,16384000.0,924546000.0,720291000.0,107082000.0,0.0,0.0,0.0,859214000.0,161497000.0,697717000.0,1559783812.0,54964000.0,-492510000.0,200920000.0,298837000.0,-11738000.0,488019000.0,-507596000.0,0.0,71293000.0,3248000.0,45239000.0,45239000.0,45239000.0,2822000.0,0.0,0.069,238038000.0,108100000.0,45412000.0,0.243,2.379,34.479,34.208,78461000.0,0.0,24.63,2.373,2.366,150856000.0,336520000.0,657356000.0,657356000.0,0.0,0.039,0.087,0.111,0.121,416000.0,238038000.0,1.0,63328616.0,63150000.0,63984000.0,10.409,505168000.0,39348000.0,18229000.0,51826000.0,7.999,219695000.0
71,ROP,MRT,2003-09-30,2003-09-30,2003-09-30,2021-08-05,32645000.0,835677000.0,,235325000.0,600352000.0,,6.996,,14510000.0,14510000.0,,,2.54,0.892,288487000.0,1017000.0,287470000.0,288487000.0,0.0,,0.0,0.008,0.172,,,,,,,,,,441728000.0,,441728000.0,1665655217.0,,,,,1.0,,,519317000.0,,497704000.0,,95233000.0,0.0,0.0,0.0,393949000.0,92633000.0,301316000.0,1380376217.0,,,,,,,,,,,,,,,,,,,33791000.0,,3.125,,,51908000.0,,21.775,,,120344000.0,338159000.0,,,,,,,,,,1.0,63392708.0,63142000.0,,,316360000.0,0.0,,3093000.0,5.01,142692000.0
72,ROP,MRT,2003-06-30,2003-06-30,2003-06-30,2021-08-05,,,,,,,,,,,,,,,,,,,,,,0.009,0.17,,,,,,,,,,,,,1473761686.0,,,,,1.0,,,,,,,,,,,,,,1171956686.0,,,,,,,,,,,,,,,,,,,,,,,,,,18.6,,,,,,,,,,,,,,1.0,63008424.0,62942000.0,,,,,,,,
73,ROP,MRT,2003-03-31,2003-03-31,2003-03-31,2021-08-05,,,,,,,,,,,,,,,,,,,,,,0.012,0.168,,,,,,,,,,,,,1262247038.0,,,,,1.0,,,,,,,,,,,,,,941878038.0,,,,,,,,,,,,,,,,,,,,,,,,,,14.425,,,,,,,,,,,,,,1.0,65294838.0,62804000.0,,,,,,,,
74,ROP,MRT,2002-12-31,2002-12-31,2002-12-31,2021-08-05,12692000.0,824966000.0,,247565000.0,577401000.0,,,,15270000.0,15270000.0,,,2.04,1.165,329601000.0,20917000.0,308684000.0,329601000.0,0.0,,0.0,,,,,,,,,,,,380981000.0,,380981000.0,1484899800.0,,,,,1.0,,,501917000.0,,516036000.0,,92681000.0,0.0,0.0,0.0,443985000.0,121344000.0,322641000.0,1146421800.0,,,,,,,,,,,,,,,,,,,28380000.0,,3.009,,,50410000.0,,18.3,,,117984000.0,303101000.0,,,,,,,,,,1.0,62646000.0,,,,323049000.0,18318000.0,,10724000.0,,126221000.0
75,ROP,MRT,2002-09-30,2002-10-31,2002-10-31,2021-08-05,5940000.0,828973000.0,802864000.0,248827000.0,580146000.0,0.769,6.024,-7738000.0,12422000.0,12422000.0,283707000.0,40053000.0,1.911,1.205,332105000.0,20515000.0,311590000.0,332105000.0,0.0,11600000.0,0.0,0.009,0.165,88448000.0,100048000.0,0.162,100048000.0,88448000.0,69942000.0,0.64,0.63,0.64,376012000.0,362962250.0,376012000.0,1547545800.0,17.0,15.468,79020000.0,1.266,1.0,333755000.0,0.541,496265000.0,18506000.0,522154000.0,529058250.0,88313000.0,0.0,0.0,0.0,452961000.0,130237000.0,322724000.0,1209067800.0,-3997000.0,-82813000.0,8839000.0,2258000.0,-10317000.0,780000.0,-92422000.0,0.0,86758000.0,887000.0,40053000.0,40053000.0,40053000.0,415000.0,0.0,0.065,244180000.0,89575000.0,35253000.0,0.258,3.216,30.187,30.156,51089000.0,0.0,19.3,1.958,1.951,138290000.0,304995000.0,617462000.0,617462000.0,0.0,0.05,0.11,0.167,0.143,0.0,218210000.0,1.0,62646000.0,62420000.0,63630000.0,9.892,332708000.0,0.0,29889000.0,7618000.0,5.33,118590000.0
76,ROP,MRT,2002-06-30,2002-07-31,2002-07-31,2021-08-05,5771000.0,848598000.0,786151250.0,240659000.0,607939000.0,0.751,6.135,-8405000.0,15647000.0,15647000.0,262162000.0,38113000.0,2.095,1.209,354125000.0,15518000.0,338607000.0,354125000.0,0.0,10993000.0,0.0,0.011,0.161,88257000.0,99250000.0,0.168,99250000.0,88257000.0,69592000.0,0.615,0.6,0.615,384142000.0,349835750.0,384142000.0,1217425210.0,14.0,12.266,72700000.0,1.161,1.0,328504000.0,0.556,476836000.0,18665000.0,595385000.0,528995000.0,85669000.0,56250000.0,0.0,56250000.0,464456000.0,114855000.0,349601000.0,930606210.0,-12840000.0,-214594000.0,7978000.0,130555000.0,-10045000.0,128488000.0,-223714000.0,0.0,81105000.0,1281000.0,38113000.0,38113000.0,38113000.0,1787000.0,0.0,0.065,239506000.0,88998000.0,33889000.0,0.262,2.423,24.417,24.187,49695000.0,0.0,14.875,1.576,1.577,133579000.0,314528000.0,590666000.0,590666000.0,0.0,0.048,0.109,0.167,0.149,0.0,213536000.0,1.0,62561762.0,62610000.0,63602000.0,9.434,371762000.0,0.0,31479000.0,11226000.0,5.938,125804000.0
77,ROP,MRT,2002-03-31,2002-04-30,2002-04-30,2021-08-05,-8007000.0,773303000.0,728052500.0,233954000.0,539349000.0,0.791,5.723,-8115000.0,17442000.0,17442000.0,255891000.0,36213000.0,2.07,1.164,304261000.0,11507000.0,292754000.0,304261000.0,0.0,10651000.0,0.0,0.007,0.158,87725000.0,98376000.0,0.171,98376000.0,87725000.0,70282000.0,0.59,0.57,0.59,357285000.0,330614000.0,357285000.0,1738644100.0,20.0,17.673,80495000.0,1.289,1.0,319914000.0,0.556,459112000.0,17443000.0,487996000.0,475758250.0,86495000.0,0.0,0.0,0.0,416018000.0,113014000.0,303004000.0,1434877100.0,5731000.0,-177241000.0,8605000.0,102257000.0,-9775000.0,101087000.0,-183904000.0,0.0,88610000.0,-42000.0,36213000.0,36213000.0,36213000.0,1620000.0,0.0,0.063,235831000.0,84083000.0,37223000.0,0.268,4.016,39.623,38.975,48881000.0,0.0,22.995,2.492,2.493,123742000.0,302079000.0,575805000.0,575805000.0,0.0,0.05,0.11,0.184,0.152,0.0,209861000.0,1.0,62399526.0,62426000.0,63982000.0,9.224,314191000.0,0.0,34069000.0,12919000.0,5.033,120940000.0
78,ROP,MRT,2001-12-31,2002-01-31,2002-01-31,2021-08-05,-13799000.0,760582000.0,681096250.0,225020000.0,535562000.0,0.84,5.396,-7903000.0,19961000.0,19961000.0,258252000.0,32619000.0,2.262,1.274,323728000.0,8367000.0,315361000.0,323728000.0,0.0,10281000.0,0.0,0.006,0.154,81621000.0,91902000.0,0.161,91902000.0,81621000.0,65172000.0,0.535,0.515,0.535,334410000.0,315374750.0,334410000.0,1863776962.0,23.0,20.28,80584000.0,1.3,1.0,313556000.0,0.548,454185000.0,16449000.0,510698000.0,446470000.0,89720000.0,0.0,0.0,0.0,426172000.0,99466000.0,326706000.0,1553126962.0,4439000.0,-177088000.0,4788000.0,101574000.0,-9503000.0,100974000.0,-184280000.0,0.0,88487000.0,-742000.0,32619000.0,32619000.0,32619000.0,1763000.0,0.0,0.057,235584000.0,77972000.0,31630000.0,0.288,4.644,47.614,46.72,49921000.0,0.0,24.995,2.716,2.709,111785000.0,287201000.0,571808000.0,571808000.0,0.0,0.048,0.103,0.183,0.143,0.0,209614000.0,1.0,62137506.0,61974000.0,63652000.0,9.227,306397000.0,0.0,32553000.0,10953000.0,4.944,125554000.0
79,ROP,MRT,2001-09-30,2001-10-31,2001-10-31,2021-08-05,-7757000.0,762122000.0,641153000.0,239852000.0,522270000.0,0.878,5.259,-7432000.0,16419000.0,16419000.0,258205000.0,55839000.0,2.309,1.356,326840000.0,3010000.0,323830000.0,326840000.0,0.0,9838000.0,0.0,0.007,0.15,103206000.0,113044000.0,0.201,113044000.0,103206000.0,87289000.0,0.91,0.885,0.91,323506000.0,302609500.0,323506000.0,1499419200.0,15.0,13.264,95007000.0,1.544,1.0,304750000.0,0.541,446762000.0,15917000.0,521901000.0,418177250.0,89543000.0,0.0,0.0,0.0,438616000.0,103880000.0,334736000.0,1308591200.0,4838000.0,-170180000.0,4788000.0,83310000.0,-9232000.0,78866000.0,-176706000.0,0.0,102439000.0,239000.0,55839000.0,55839000.0,55839000.0,1576000.0,0.0,0.099,203884000.0,100866000.0,32995000.0,0.165,4.045,23.435,23.297,51543000.0,0.0,21.2,2.325,2.317,116510000.0,275259000.0,562955000.0,562955000.0,0.0,0.087,0.185,0.247,0.183,0.0,203884000.0,1.0,61726000.0,61516000.0,62986000.0,9.151,315360000.0,0.0,31450000.0,5617000.0,5.126,135972000.0
80,ROP,MRT,2001-06-30,2001-07-31,2001-07-31,2021-08-05,-8102000.0,616203000.0,599848000.0,223377000.0,392826000.0,0.893,4.982,-8585000.0,28319000.0,28319000.0,250113000.0,53625000.0,2.517,1.006,219147000.0,6999000.0,212148000.0,219147000.0,0.0,9192000.0,0.0,0.008,0.147,98312000.0,107504000.0,0.201,107504000.0,98312000.0,83061000.0,0.875,0.855,0.875,307255000.0,289280750.0,307255000.0,1359052500.0,14.0,12.642,86923000.0,1.409,1.0,285538000.0,0.533,335838000.0,15251000.0,382438000.0,392490000.0,88366000.0,0.0,0.0,0.0,308948000.0,88755000.0,220193000.0,1168429500.0,21453000.0,-83312000.0,8638000.0,21664000.0,-9059000.0,18058000.0,-91521000.0,0.0,95508000.0,-592000.0,53625000.0,53625000.0,53625000.0,297000.0,0.0,0.1,189068000.0,96470000.0,25692000.0,0.168,3.803,21.789,21.629,46392000.0,0.0,18.925,2.181,2.179,102153000.0,260490000.0,535651000.0,535651000.0,0.0,0.089,0.185,0.25,0.184,0.0,189068000.0,1.0,61740000.0,61676000.0,63454000.0,8.685,280365000.0,0.0,29436000.0,6040000.0,4.546,134622000.0
81,ROP,MRT,2001-03-31,2001-04-30,2001-04-30,2021-08-05,-6940000.0,585478000.0,579434000.0,209467000.0,376011000.0,0.901,4.827,-9455000.0,11477000.0,11477000.0,246572000.0,51594000.0,2.405,0.976,202100000.0,7936000.0,194164000.0,202100000.0,0.0,9103000.0,0.0,0.007,0.145,95507000.0,104610000.0,0.2,104610000.0,95507000.0,79727000.0,0.84,0.83,0.84,296328000.0,277609500.0,296328000.0,1492378000.0,16.0,14.266,78444000.0,1.278,1.0,275693000.0,0.528,318160000.0,15780000.0,370843000.0,389603000.0,88801000.0,0.0,0.0,0.0,289150000.0,87098000.0,202052000.0,1281797000.0,-9263000.0,-91064000.0,7368000.0,9575000.0,-8881000.0,5453000.0,-102162000.0,0.0,87899000.0,-473000.0,51594000.0,51594000.0,51594000.0,297000.0,0.0,0.099,181758000.0,93935000.0,27054000.0,0.173,4.326,24.844,24.881,47501000.0,0.0,20.9,2.454,2.457,104159000.0,249671000.0,522265000.0,522265000.0,0.0,0.089,0.186,0.245,0.183,0.0,181758000.0,1.0,61330000.0,61386000.0,62944000.0,8.508,267318000.0,0.0,28133000.0,4392000.0,4.355,122369000.0
82,ROP,MRT,2000-12-31,2001-01-31,2001-01-31,2021-08-05,-6064000.0,600809000.0,559704250.0,218033000.0,382776000.0,0.89,4.628,-12185000.0,15325000.0,15325000.0,233279000.0,51358000.0,2.398,1.12,225906000.0,7487000.0,218419000.0,225906000.0,0.0,9155000.0,0.0,0.007,0.143,94433000.0,103588000.0,0.208,103588000.0,94433000.0,79429000.0,0.84,0.83,0.84,283349000.0,266219500.0,283349000.0,1402272577.0,15.0,13.537,72021000.0,1.176,1.0,264931000.0,0.532,322957000.0,15004000.0,397527000.0,378659250.0,87759000.0,0.0,0.0,0.0,317460000.0,90906000.0,226554000.0,1172335577.0,12502000.0,-103688000.0,4223000.0,51347000.0,-8707000.0,46397000.0,-117381000.0,0.0,84206000.0,-720000.0,51358000.0,51358000.0,51358000.0,297000.0,0.0,0.103,171645000.0,93286000.0,28515000.0,0.17,4.137,22.827,22.798,48456000.0,0.0,19.15,2.353,2.353,112002000.0,238115000.0,498210000.0,498210000.0,0.0,0.092,0.193,0.249,0.19,0.0,171645000.0,1.0,61218568.0,61226000.0,62594000.0,8.137,277852000.0,0.0,28071000.0,8916000.0,4.538,127127000.0
83,ROP,MRT,2000-09-30,2000-10-31,2000-10-31,2021-08-05,-8913000.0,596902000.0,528164250.0,213955000.0,382947000.0,0.89,4.436,-14935000.0,11372000.0,11372000.0,217477000.0,49278000.0,2.532,1.209,241309000.0,6706000.0,234603000.0,241309000.0,0.0,8260000.0,0.0,0.008,0.14,89572000.0,97832000.0,0.208,97832000.0,89572000.0,76089000.0,0.81,0.79,0.81,270191000.0,255240250.0,270191000.0,1261895705.0,14.0,12.899,52864000.0,0.868,1.0,252522000.0,0.537,323195000.0,13483000.0,419152000.0,358389750.0,83627000.0,0.0,0.0,0.0,326711000.0,84492000.0,242219000.0,1069220705.0,-1743000.0,-161546000.0,4223000.0,113929000.0,-8537000.0,109615000.0,-178012000.0,0.0,67799000.0,-1145000.0,49278000.0,49278000.0,49278000.0,297000.0,0.0,0.105,163860000.0,88662000.0,26486000.0,0.173,3.957,21.698,21.605,48907000.0,0.0,17.5,2.275,2.268,115191000.0,228652000.0,469999000.0,469999000.0,0.0,0.093,0.193,0.25,0.191,0.0,163860000.0,1.0,61098326.0,60914000.0,62364000.0,7.716,273707000.0,0.0,26811000.0,3001000.0,4.493,129463000.0
84,ROP,MRT,2000-06-30,2000-07-31,2000-07-31,2021-08-05,-4768000.0,534547000.0,483979500.0,194660000.0,339887000.0,0.972,4.271,-12249000.0,7241000.0,7241000.0,224526000.0,49079000.0,2.721,1.051,199916000.0,5757000.0,194159000.0,199916000.0,0.0,8155000.0,0.0,0.01,0.138,86390000.0,94545000.0,0.201,94545000.0,86390000.0,75357000.0,0.805,0.79,0.805,260570000.0,245684500.0,260570000.0,1013316781.0,12.0,10.718,42574000.0,0.698,1.0,245916000.0,0.523,284805000.0,11033000.0,370890000.0,316083250.0,79508000.0,0.0,0.0,0.0,273977000.0,71527000.0,202450000.0,842776781.0,3739000.0,-101580000.0,3942000.0,69789000.0,-8363000.0,64311000.0,-114765000.0,0.0,54823000.0,-630000.0,49079000.0,49079000.0,49079000.0,0.0,0.0,0.104,161299000.0,84617000.0,24204000.0,0.171,3.234,17.172,17.161,44057000.0,0.0,13.815,1.791,1.791,103391000.0,215924000.0,470442000.0,470442000.0,0.0,0.101,0.2,0.273,0.184,0.0,161299000.0,1.0,61004472.0,61004000.0,62376000.0,7.712,249742000.0,0.0,26278000.0,772000.0,4.094,123133000.0
85,ROP,MRT,2000-03-31,2000-04-30,2000-04-30,2021-08-05,-5028000.0,506559000.0,454388500.0,194515000.0,312044000.0,0.99,4.12,-11431000.0,21115000.0,21115000.0,213754000.0,50773000.0,2.183,1.02,191655000.0,32071000.0,159584000.0,191655000.0,0.0,7460000.0,0.0,0.009,0.135,86890000.0,94350000.0,0.21,94350000.0,86890000.0,77836000.0,0.835,0.815,0.835,250768000.0,235508500.0,250768000.0,1129562262.0,13.0,11.972,44527000.0,0.731,1.0,236200000.0,0.525,260908000.0,9054000.0,327068000.0,288099500.0,71303000.0,0.0,0.0,0.0,255791000.0,89123000.0,166668000.0,958247262.0,15305000.0,-107656000.0,3942000.0,83565000.0,-8183000.0,79062000.0,-118827000.0,0.0,55958000.0,-888000.0,50773000.0,50773000.0,50773000.0,0.0,0.0,0.113,151168000.0,85032000.0,20585000.0,0.162,3.821,18.873,18.862,41217000.0,0.0,15.75,2.13,2.131,97980000.0,206958000.0,449954000.0,449954000.0,0.0,0.112,0.216,0.302,0.193,0.0,151168000.0,1.0,60841096.0,60872000.0,62320000.0,7.392,245651000.0,0.0,27063000.0,3349000.0,4.036,105392000.0
86,ROP,MRT,1999-12-31,2000-01-31,2000-01-31,2021-08-05,-3573000.0,474649000.0,420287750.0,172725000.0,301924000.0,1.017,3.948,-8330000.0,3198000.0,3198000.0,203440000.0,49186000.0,2.296,0.982,174513000.0,20871000.0,153642000.0,174513000.0,0.0,6545000.0,0.0,0.008,0.133,83298000.0,89843000.0,0.21,89843000.0,83298000.0,75301000.0,0.81,0.79,0.81,239432000.0,224665500.0,239432000.0,1135084507.0,14.0,12.634,50065000.0,0.825,1.0,224191000.0,0.524,254290000.0,7997000.0,316449000.0,264028000.0,73795000.0,0.0,0.0,0.0,235217000.0,75225000.0,159992000.0,1018058507.0,1662000.0,-95040000.0,-60000.0,55781000.0,-8023000.0,46940000.0,-103209000.0,0.0,58395000.0,-464000.0,49186000.0,49186000.0,49186000.0,0.0,0.0,0.115,142492000.0,81699000.0,19662000.0,0.164,4.252,20.698,20.716,39311000.0,0.0,16.78,2.381,2.38,93191000.0,195464000.0,427631000.0,427631000.0,0.0,0.117,0.219,0.315,0.195,0.0,142492000.0,1.0,60670948.0,60654000.0,62434000.0,7.05,220359000.0,0.0,26115000.0,3848000.0,3.633,97500000.0
87,ROP,MRT,1999-09-30,1999-10-31,1999-10-31,2021-08-05,-2172000.0,420163000.0,394465500.0,161819000.0,258344000.0,1.032,3.832,-5148000.0,13490000.0,13490000.0,196753000.0,47346000.0,2.24,0.811,130516000.0,20857000.0,109659000.0,130516000.0,0.0,6620000.0,0.0,0.008,0.13,79538000.0,86158000.0,0.212,86158000.0,79538000.0,72284000.0,0.78,0.765,0.78,231968000.0,215133750.0,231968000.0,1062520703.0,13.0,12.332,47678000.0,0.788,1.0,210503000.0,0.517,215020000.0,7254000.0,249926000.0,245261000.0,56401000.0,0.0,0.0,0.0,188195000.0,72243000.0,115952000.0,935842703.0,4140000.0,-36343000.0,-1608000.0,4059000.0,-7870000.0,-7086000.0,-41324000.0,0.0,52826000.0,-276000.0,47346000.0,47346000.0,47346000.0,0.0,0.0,0.116,132548000.0,77955000.0,18457000.0,0.167,4.034,19.766,19.795,34797000.0,0.0,15.44,2.298,2.295,89154000.0,187911000.0,407256000.0,407256000.0,0.0,0.12,0.22,0.324,0.195,0.0,132548000.0,1.0,60611574.0,60536000.0,61984000.0,6.728,205143000.0,0.0,24938000.0,1485000.0,3.389,89576000.0
88,ROP,MRT,1999-06-30,1999-07-31,1999-07-31,2021-08-05,-1871000.0,416183000.0,384808000.0,146215000.0,269968000.0,1.038,3.635,-5364000.0,3502000.0,3502000.0,199728000.0,40077000.0,2.433,0.893,130180000.0,4292000.0,125888000.0,130180000.0,0.0,6285000.0,0.0,0.007,0.128,68685000.0,74970000.0,0.188,74970000.0,68685000.0,61112000.0,0.66,0.65,0.66,219866000.0,206400000.0,219866000.0,1161818970.0,17.0,15.497,68842000.0,1.138,1.0,199561000.0,0.5,223801000.0,7573000.0,258955000.0,243650000.0,58924000.0,0.0,0.0,0.0,196317000.0,60105000.0,136212000.0,1057655970.0,-872000.0,-38522000.0,-20241000.0,-2405000.0,-7720000.0,-30581000.0,-44254000.0,0.0,74206000.0,-243000.0,40077000.0,40077000.0,40077000.0,0.0,0.0,0.1,132059000.0,67502000.0,17415000.0,0.194,4.81,26.391,26.515,34119000.0,0.0,17.5,2.649,2.651,77309000.0,175208000.0,399289000.0,399289000.0,0.0,0.104,0.194,0.282,0.172,0.0,132059000.0,1.0,60437484.0,60478000.0,62264000.0,6.602,192382000.0,0.0,21035000.0,2409000.0,3.181,86110000.0
89,ROP,MRT,1999-03-31,1999-04-30,1999-04-30,2021-08-05,-2130000.0,370156000.0,379269000.0,135642000.0,234514000.0,1.035,3.431,-5162000.0,5810000.0,5810000.0,199004000.0,37841000.0,2.678,0.785,109973000.0,4791000.0,105182000.0,109973000.0,0.0,6222000.0,0.0,0.009,0.125,65406000.0,71628000.0,0.182,71628000.0,65406000.0,57516000.0,0.62,0.61,0.62,207396000.0,203622250.0,207396000.0,980296717.0,15.0,13.686,49562000.0,0.82,1.0,193602000.0,0.493,192887000.0,7890000.0,230782000.0,246747250.0,51641000.0,0.0,0.0,0.0,162760000.0,50650000.0,112110000.0,862659717.0,-4934000.0,-623000.0,-20241000.0,-24795000.0,-7640000.0,-53543000.0,-6132000.0,0.0,54724000.0,17000.0,37841000.0,37841000.0,37841000.0,0.0,0.0,0.096,129282000.0,64320000.0,15222000.0,0.202,4.159,22.797,22.984,30934000.0,0.0,14.25,2.197,2.194,75225000.0,164368000.0,392606000.0,392606000.0,0.0,0.1,0.186,0.265,0.167,0.0,129282000.0,1.0,60537524.0,60440000.0,61488000.0,6.496,177269000.0,0.0,19675000.0,1485000.0,2.933,84992000.0
90,ROP,MRT,1998-12-31,1999-01-31,1999-01-31,2021-08-05,-1355000.0,371360000.0,383718250.0,132793000.0,238567000.0,1.012,3.32,-5028000.0,1536000.0,1536000.0,199019000.0,36436000.0,2.511,0.845,119173000.0,8908000.0,110265000.0,119173000.0,0.0,6220000.0,0.0,0.011,0.122,63070000.0,69290000.0,0.179,69290000.0,63070000.0,55188000.0,0.59,0.58,0.59,201305000.0,201563750.0,201305000.0,796201786.0,13.0,11.491,43157000.0,0.712,1.0,189130000.0,0.487,194731000.0,7882000.0,241381000.0,253955500.0,56082000.0,0.0,0.0,0.0,170055000.0,52885000.0,117170000.0,679495786.0,-12328000.0,-52528000.0,-16239000.0,22193000.0,-7542000.0,-2573000.0,-57826000.0,0.0,48185000.0,-114000.0,36436000.0,36436000.0,36436000.0,0.0,0.0,0.094,127283000.0,61847000.0,13975000.0,0.207,3.375,18.649,18.966,31253000.0,0.0,11.19,1.751,1.748,72862000.0,154301000.0,388149000.0,388149000.0,0.0,0.095,0.181,0.248,0.162,0.0,127283000.0,1.0,60723484.0,60642000.0,61408000.0,6.401,176629000.0,0.0,18752000.0,3659000.0,2.913,79908000.0
91,ROP,MRT,1998-09-30,1998-10-31,1998-10-31,2021-08-05,-906000.0,381533000.0,375433500.0,139852000.0,241681000.0,1.037,3.178,-5502000.0,9350000.0,9350000.0,198217000.0,39316000.0,2.429,0.936,126056000.0,5749000.0,120307000.0,126056000.0,0.0,6106000.0,0.0,0.013,0.12,67472000.0,73578000.0,0.189,73578000.0,67472000.0,59616000.0,0.635,0.62,0.635,197033000.0,198045500.0,197033000.0,683943307.0,10.0,9.295,70671000.0,1.14,1.0,190953000.0,0.491,197179000.0,7856000.0,243482000.0,245418750.0,51444000.0,0.0,0.0,0.0,184500000.0,57578000.0,126922000.0,557148307.0,8701000.0,-62676000.0,-14691000.0,23374000.0,-7428000.0,1055000.0,-68430000.0,0.0,76173000.0,-97000.0,39316000.0,39316000.0,39316000.0,0.0,0.0,0.101,124861000.0,66092000.0,21051000.0,0.189,2.828,14.171,14.024,31905000.0,0.0,8.905,1.432,1.419,76999000.0,148435000.0,389170000.0,389170000.0,0.0,0.105,0.199,0.275,0.173,0.0,124861000.0,1.0,62565784.0,62002000.0,63434000.0,6.277,184354000.0,0.0,20300000.0,863000.0,2.973,82274000.0
92,ROP,MRT,1998-06-30,1998-07-31,1998-07-31,2021-08-05,-1279000.0,394027000.0,362380250.0,148657000.0,245370000.0,1.024,3.34,-6181000.0,4374000.0,4374000.0,186711000.0,40658000.0,2.926,0.888,131169000.0,4901000.0,126268000.0,131169000.0,0.0,1948000.0,0.0,0.01,0.12,69083000.0,71031000.0,0.191,71031000.0,69083000.0,61583000.0,0.655,0.64,0.655,208755000.0,193254500.0,208755000.0,840375349.0,12.0,11.831,48267000.0,0.772,1.0,184381000.0,0.497,198673000.0,7500000.0,271344000.0,242449500.0,55577000.0,0.0,0.0,0.0,185272000.0,50805000.0,134467000.0,716976349.0,3794000.0,-67218000.0,1762000.0,27624000.0,-7464000.0,23035000.0,-73562000.0,0.0,54448000.0,-127000.0,40658000.0,40658000.0,40658000.0,0.0,0.0,0.11,115693000.0,68688000.0,16411000.0,0.183,3.435,17.634,17.511,31759000.0,0.0,11.47,1.932,1.932,84986000.0,142851000.0,371092000.0,371092000.0,0.0,0.112,0.21,0.285,0.186,0.0,115693000.0,1.0,62508836.0,62496000.0,64084000.0,5.938,195354000.0,0.0,20925000.0,0.0,3.126,97852000.0
93,ROP,MRT,1998-03-31,1998-04-30,1998-04-30,2021-08-05,-1449000.0,387953000.0,,140383000.0,247570000.0,,3.198,-5931000.0,10744000.0,10744000.0,181338000.0,41728000.0,2.759,0.948,134143000.0,3875000.0,130268000.0,134143000.0,0.0,3340000.0,0.0,0.007,0.112,70427000.0,73767000.0,0.204,73767000.0,70427000.0,63328000.0,0.675,0.66,0.675,199162000.0,,199162000.0,1045756054.0,15.0,14.176,59043000.0,0.948,1.0,180865000.0,0.499,200860000.0,7099000.0,259615000.0,,55292000.0,0.0,0.0,0.0,188791000.0,50877000.0,137914000.0,963357054.0,8992000.0,-117364000.0,1762000.0,72304000.0,-6977000.0,67646000.0,-123458000.0,0.0,64974000.0,-170000.0,41728000.0,41728000.0,41728000.0,0.0,0.0,0.115,110824000.0,70041000.0,15127000.0,0.166,4.837,23.087,22.963,32236000.0,0.0,15.5,2.66,2.665,71054000.0,134167000.0,362203000.0,362203000.0,0.0,,,,0.194,0.0,110824000.0,1.0,62152068.0,62276000.0,64032000.0,5.816,187093000.0,0.0,21600000.0,3595000.0,3.004,89506000.0
94,ROP,MRT,1997-12-31,1998-01-31,1998-01-31,2021-08-05,-1628000.0,338221000.0,,133096000.0,205125000.0,,3.023,-5589000.0,13864000.0,13864000.0,163807000.0,41240000.0,2.578,0.806,96263000.0,4164000.0,92099000.0,96263000.0,0.0,4256000.0,0.0,0.007,0.105,69224000.0,73480000.0,0.221,73480000.0,69224000.0,62669000.0,0.675,0.655,0.675,187232000.0,,187232000.0,1025366420.0,15.0,13.954,58446000.0,0.943,1.0,169420000.0,0.508,161753000.0,6555000.0,207234000.0,,50666000.0,0.0,0.0,0.0,150989000.0,51633000.0,99356000.0,923890420.0,12777000.0,-65459000.0,1762000.0,24069000.0,-6472000.0,19914000.0,-71227000.0,0.0,64035000.0,55000.0,41240000.0,41240000.0,41240000.0,0.0,0.0,0.124,100618000.0,68802000.0,14580000.0,0.156,4.934,22.403,22.081,31528000.0,0.0,14.905,2.773,2.771,67005000.0,125407000.0,333227000.0,333227000.0,0.0,,,,0.208,0.0,100618000.0,1.0,61985268.0,61946000.0,63852000.0,5.379,176468000.0,0.0,21429000.0,7101000.0,2.849,81463000.0
95,ROP,MRT,1997-09-30,1997-10-31,1997-10-31,2021-08-05,-937000.0,329320000.0,286136500.0,131890000.0,197430000.0,1.042,2.908,-4984000.0,649000.0,649000.0,144847000.0,36350000.0,2.935,0.851,102125000.0,2487000.0,99638000.0,102125000.0,0.0,5367000.0,0.0,0.007,0.098,61148000.0,66515000.0,0.223,66515000.0,61148000.0,55100000.0,0.595,0.58,0.595,177869000.0,157632500.0,177869000.0,,,,30419000.0,0.497,1.0,153389000.0,0.514,154255000.0,6048000.0,231605000.0,188573000.0,50199000.0,0.0,0.0,0.0,151451000.0,44936000.0,106515000.0,829052960.0,226000.0,-55311000.0,1762000.0,29665000.0,-5977000.0,25334000.0,-60458000.0,0.0,35403000.0,-53000.0,36350000.0,36350000.0,36350000.0,0.0,0.0,0.122,92519000.0,60870000.0,15654000.0,0.165,4.661,22.808,22.479,31395000.0,0.0,13.375,2.78,2.743,78752000.0,116547000.0,298236000.0,298236000.0,0.0,0.127,0.231,0.324,0.205,0.0,92519000.0,1.0,61985268.0,61160000.0,62916000.0,4.876,175065000.0,0.0,18750000.0,1564000.0,2.862,86954000.0
96,ROP,MRT,1997-06-30,1997-07-31,1997-07-31,2021-08-05,,,,,,,,,,,,,,,,,,,,,,0.006,0.09,,,,,,,,,,,,,,,,,,1.0,,,,,,,,,,,,,,,,,,,,,,,,,,,,,,,,,,,,,,,,14.0,,,,,,,,,,,,,,1.0,,61360000.0,,,,,,,,
97,ROP,MRT,1997-03-31,1997-04-30,1997-04-30,2021-08-05,,,,,,,,,,,,,,,,,,,,,,0.008,0.086,,,,,,,,,,,,,,,,,,1.0,,,,,,,,,,,,,,,,,,,,,,,,,,,,,,,,,,,,,,,,10.22,,,,,,,,,,,,,,1.0,,60558000.0,,,,,,,,
98,ROP,MRT,1996-12-31,1997-01-31,1997-01-31,2021-08-05,,,,,,,,,,,,,,,,,,,,,,0.008,0.083,,,,,,,,,,,,,,,,,,1.0,,,,,,,,,,,,,,,,,,,,,,,,,,,,,,,,,,,,,,,,10.188,,,,,,,,,,,,,,1.0,,60430000.0,,,,,,,,
99,ROP,MRT,1996-09-30,1996-10-31,1996-10-31,2021-08-05,177000.0,242953000.0,,84513000.0,158440000.0,,2.281,-5010000.0,423000.0,423000.0,109727000.0,28857000.0,2.139,0.768,70187000.0,6814000.0,63373000.0,70187000.0,0.0,4140000.0,0.0,0.007,0.079,47522000.0,51662000.0,0.229,51662000.0,47522000.0,44240000.0,0.48,0.465,0.48,137396000.0,,137396000.0,,,,28076000.0,0.466,1.0,115924000.0,0.514,127670000.0,3282000.0,145541000.0,,31133000.0,0.0,0.0,0.0,105557000.0,39506000.0,66051000.0,,-1899000.0,-74878000.0,1100000.0,49477000.0,-4750000.0,44961000.0,-79883000.0,0.0,33086000.0,-63000.0,28857000.0,28857000.0,28857000.0,0.0,0.0,0.128,68652000.0,47272000.0,11004000.0,0.165,,,22.005,23959000.0,0.0,10.562,,2.819,50659000.0,86174000.0,225651000.0,225651000.0,0.0,,,,0.211,0.0,68652000.0,1.0,,60224000.0,61764000.0,3.747,115283000.0,0.0,15383000.0,3723000.0,1.914,45007000.0
100,ROP,MRT,1995-09-30,1995-10-31,1995-10-31,2021-08-05,,,,,,,,-3194000.0,,,81618000.0,23271000.0,,,,,,,,3251000.0,,0.006,0.056,37953000.0,41204000.0,0.235,41204000.0,37953000.0,36001000.0,0.385,0.385,0.385,,,,,,,23025000.0,0.38,1.0,93803000.0,0.535,,1952000.0,,,,,,,,,,,299000.0,-24187000.0,734000.0,3529000.0,-3349000.0,1439000.0,-27362000.0,0.0,26219000.0,3000.0,23271000.0,23271000.0,23271000.0,0.0,0.0,0.133,56392000.0,37411000.0,,0.145,,,23.539,,0.0,9.062,,3.127,,,175421000.0,175421000.0,0.0,,,,0.216,0.0,56392000.0,1.0,,60520000.0,60520000.0,2.899,,,12730000.0,,,
