None,ticker,dimension,calendardate,datekey,reportperiod,lastupdated,accoci,assets,assetsavg,assetsc,assetsnc,assetturnover,bvps,capex,cashneq,cashnequsd,cor,consolinc,currentratio,de,debt,debtc,debtnc,debtusd,deferredrev,depamor,deposits,divyield,dps,ebit,ebitda,ebitdamargin,ebitdausd,ebitusd,ebt,eps,epsdil,epsusd,equity,equityavg,equityusd,ev,evebit,evebitda,fcf,fcfps,fxusd,gp,grossmargin,intangibles,intexp,invcap,invcapavg,inventory,investments,investmentsc,investmentsnc,liabilities,liabilitiesc,liabilitiesnc,marketcap,ncf,ncfbus,ncfcommon,ncfdebt,ncfdiv,ncff,ncfi,ncfinv,ncfo,ncfx,netinc,netinccmn,netinccmnusd,netincdis,netincnci,netmargin,opex,opinc,payables,payoutratio,pb,pe,pe1,ppnenet,prefdivis,price,ps,ps1,receivables,retearn,revenue,revenueusd,rnd,roa,roe,roic,ros,sbcomp,sgna,sharefactor,sharesbas,shareswa,shareswadil,sps,tangibles,taxassets,taxexp,taxliabilities,tbvps,workingcapital
0,EXPD,MRY,2020-12-31,2020-12-31,2020-12-31,2021-08-05,-99753000.0,4927503000.0,4151550250.0,3963544000.0,963959000.0,2.437,15.8,-47543000.0,1527791000.0,1527791000.0,7188790000.0,698214000.0,2.094,0.851,438189000.0,74004000.0,364185000.0,438189000.0,379722000.0,56959000.0,0.0,0.011,1.04,954490000.0,1011449000.0,0.1,1011449000.0,954490000.0,954490000.0,4.14,4.07,4.14,2659637000.0,2338897500.0,2659637000.0,15061477966.0,16.0,14.891,607469000.0,3.609,1.0,2927691000.0,0.289,7927000.0,0.0,1936931000.0,1781431250.0,0.0,0.0,0.0,0.0,2264276000.0,1893043000.0,371233000.0,16098859966.0,297300000.0,0.0,-146042000.0,0.0,-174929000.0,-331537000.0,-46027000.0,0.0,655012000.0,19852000.0,696140000.0,696140000.0,696140000.0,0.0,2074000.0,0.069,1987254000.0,940437000.0,1136859000.0,0.251,6.053,23.126,22.973,939148000.0,0.0,95.11,1.591,1.583,1998055000.0,2600201000.0,10116481000.0,10116481000.0,0.0,0.168,0.298,0.536,0.094,62498000.0,1556540000.0,1.0,169265692.0,168333000,170896000.0,60.098,4919576000.0,0.0,258350000.0,52485000.0,29.225,2070501000.0
1,EXPD,MRY,2019-12-31,2019-12-31,2019-12-31,2021-08-05,-131187000.0,3691884000.0,3672059750.0,2769923000.0,921961000.0,2.226,12.844,-47022000.0,1230491000.0,1230491000.0,5538958000.0,592016000.0,2.371,0.681,391714000.0,65367000.0,326347000.0,391714000.0,154183000.0,50950000.0,0.0,0.013,1.0,794173000.0,845123000.0,0.103,845123000.0,794173000.0,794173000.0,3.45,3.39,3.45,2195028000.0,2144414000.0,2195028000.0,12446355135.0,16.0,14.727,724913000.0,4.242,1.0,2636468000.0,0.322,7927000.0,0.0,1676862000.0,1642926250.0,0.0,0.0,0.0,0.0,1494665000.0,1168318000.0,326347000.0,13286903135.0,306756000.0,0.0,-240815000.0,0.0,-170553000.0,-418042000.0,-46015000.0,0.0,771935000.0,-1122000.0,590395000.0,590395000.0,590395000.0,0.0,1621000.0,0.072,1869776000.0,766692000.0,735695000.0,0.29,6.053,22.505,22.614,889379000.0,0.0,78.02,1.625,1.631,1315091000.0,2321316000.0,8175426000.0,8175426000.0,0.0,0.161,0.275,0.483,0.097,61543000.0,1466317000.0,1.0,170301245.0,170899000,174209000.0,47.838,3683957000.0,8034000.0,203778000.0,23627000.0,21.556,1601605000.0
2,EXPD,MRY,2018-12-31,2018-12-31,2018-12-31,2021-08-05,-105481000.0,3314559000.0,3248668000.0,2734816000.0,579743000.0,2.505,11.41,-47474000.0,923735000.0,923735000.0,5517992000.0,619790000.0,2.061,0.668,0.0,0.0,0.0,0.0,190343000.0,54019000.0,0.0,0.013,0.9,816738000.0,870757000.0,0.107,870757000.0,816738000.0,816738000.0,3.55,3.48,3.55,1986838000.0,1952977000.0,1986838000.0,10761046275.0,13.0,12.358,525330000.0,3.017,1.0,2620373000.0,0.322,7927000.0,0.0,1056058000.0,937850250.0,0.0,0.0,0.0,0.0,1326839000.0,1326839000.0,0.0,11751658275.0,-127364000.0,0.0,-465166000.0,0.0,-156840000.0,-627738000.0,-48399000.0,0.0,572804000.0,-24031000.0,618199000.0,618199000.0,618199000.0,0.0,1591000.0,0.076,1823810000.0,796563000.0,902259000.0,0.254,5.915,19.01,19.18,504105000.0,0.0,68.09,1.444,1.457,1581530000.0,2088707000.0,8138365000.0,8138365000.0,0.0,0.19,0.317,0.871,0.1,56147000.0,1438605000.0,1.0,172590076.0,174133000,177833000.0,46.736,3306632000.0,40465000.0,198539000.0,18424000.0,18.989,1407977000.0
3,EXPD,MRY,2017-12-31,2017-12-31,2017-12-31,2021-08-05,-73964000.0,3117008000.0,3027841000.0,2541452000.0,575556000.0,2.286,11.112,-10611000.0,1051099000.0,1051099000.0,4601759000.0,490383000.0,2.325,0.564,0.0,0.0,0.0,0.0,0.0,49310000.0,0.0,0.013,0.84,717557000.0,766867000.0,0.111,766867000.0,717557000.0,717557000.0,2.73,2.69,2.73,1991858000.0,1973650250.0,1991858000.0,10462153366.0,15.0,13.643,478028000.0,2.667,1.0,2319189000.0,0.335,7927000.0,0.0,964863000.0,905134250.0,0.0,0.0,0.0,0.0,1122635000.0,1093119000.0,29516000.0,11495597366.0,76664000.0,0.0,-273166000.0,0.0,-150495000.0,-424565000.0,-11685000.0,0.0,488639000.0,24275000.0,489345000.0,489345000.0,489345000.0,0.0,1038000.0,0.071,1618929000.0,700260000.0,866305000.0,0.308,5.771,23.492,23.696,525203000.0,0.0,64.69,1.661,1.675,1414741000.0,2063512000.0,6920948000.0,6920948000.0,0.0,0.162,0.248,0.793,0.104,50908000.0,1311410000.0,1.0,177702850.0,179247000,181666000.0,38.611,3109081000.0,13207000.0,228212000.0,50010000.0,17.345,1448333000.0
4,EXPD,MRY,2016-12-31,2016-12-31,2016-12-31,2021-08-05,-104592000.0,2790871000.0,2747887250.0,2218579000.0,572292000.0,2.219,10.176,-59087000.0,974435000.0,974435000.0,3934001000.0,432533000.0,2.386,0.512,0.0,0.0,0.0,0.0,0.0,46796000.0,0.0,0.015,0.8,685130000.0,731926000.0,0.12,731926000.0,685130000.0,685130000.0,2.38,2.36,2.38,1844638000.0,1812471750.0,1844638000.0,8509941411.0,12.0,11.627,470398000.0,2.595,1.0,2164036000.0,0.355,7927000.0,0.0,878578000.0,835637250.0,0.0,0.0,0.0,0.0,943658000.0,929931000.0,13727000.0,9552641411.0,166639000.0,0.0,-152345000.0,0.0,-145123000.0,-298803000.0,-53196000.0,-37000.0,529485000.0,-10847000.0,430807000.0,430807000.0,430807000.0,0.0,1726000.0,0.071,1493873000.0,670163000.0,726571000.0,0.336,5.179,22.174,22.252,536572000.0,0.0,52.96,1.567,1.574,1190130000.0,1944789000.0,6098037000.0,6098037000.0,0.0,0.157,0.238,0.82,0.112,45217000.0,1199398000.0,1.0,180374649.0,181282000,182704000.0,33.638,2782944000.0,0.0,254323000.0,31585000.0,15.351,1288648000.0
5,EXPD,MRY,2015-12-31,2015-12-31,2015-12-31,2021-08-05,-81238000.0,2565577000.0,2817187000.0,1976509000.0,589068000.0,2.349,8.955,-44125000.0,807796000.0,807796000.0,4428855000.0,459497000.0,2.295,0.515,0.0,0.0,0.0,0.0,0.0,46012000.0,0.0,0.016,0.72,734415000.0,780427000.0,0.118,780427000.0,734415000.0,734415000.0,2.42,2.4,2.42,1691993000.0,1835637500.0,1691993000.0,7438559085.0,10.0,9.531,522437000.0,2.765,1.0,2187777000.0,0.331,7927000.0,0.0,888481000.0,913053750.0,0.0,0.0,0.0,0.0,870901000.0,861373000.0,9528000.0,8407242085.0,-119311000.0,0.0,-499027000.0,0.0,-135673000.0,-636822000.0,-7426000.0,40294000.0,566562000.0,-41625000.0,457223000.0,457223000.0,457223000.0,0.0,2274000.0,0.069,1466293000.0,721484000.0,645304000.0,0.298,4.969,18.388,18.636,524724000.0,0.0,45.1,1.271,1.288,1112260000.0,1771379000.0,6616632000.0,6616632000.0,0.0,0.162,0.249,0.804,0.111,43415000.0,1185501000.0,1.0,186413350.0,188941000,190223000.0,35.02,2557650000.0,0.0,277192000.0,39026000.0,13.537,1115136000.0
6,EXPD,MRY,2014-12-31,2014-12-31,2014-12-31,2021-08-05,-37817000.0,2890905000.0,2918100500.0,2289250000.0,601655000.0,2.25,9.526,-64573000.0,927107000.0,927107000.0,4583294000.0,379460000.0,2.327,0.546,0.0,0.0,0.0,0.0,0.0,49292000.0,0.0,0.014,0.64,608317000.0,657609000.0,0.1,657609000.0,608317000.0,608317000.0,1.92,1.92,1.92,1868408000.0,1905681500.0,1868408000.0,7620615512.0,13.0,11.588,330393000.0,1.684,1.0,1981427000.0,0.302,7927000.0,0.0,972088000.0,952798750.0,0.0,40336000.0,40336000.0,0.0,1019297000.0,983783000.0,35514000.0,8611095512.0,-320545000.0,0.0,-481512000.0,0.0,-124634000.0,-605534000.0,-78911000.0,-14000000.0,394966000.0,-31066000.0,376888000.0,376888000.0,376888000.0,0.0,2572000.0,0.057,1386779000.0,594648000.0,770238000.0,0.333,4.609,22.848,23.234,538415000.0,0.0,44.61,1.312,1.333,1236042000.0,1903196000.0,6564721000.0,6564721000.0,0.0,0.129,0.198,0.638,0.093,41418000.0,1103454000.0,1.0,193030610.0,196147000,196768000.0,33.468,2882978000.0,20279000.0,231429000.0,56591000.0,14.698,1305467000.0
7,EXPD,MRY,2013-12-31,2013-12-31,2013-12-31,2021-08-05,-6265000.0,3014812000.0,3048709750.0,2415269000.0,599543000.0,1.994,10.121,-53411000.0,1247652000.0,1247652000.0,4197404000.0,350011000.0,2.776,0.445,0.0,0.0,0.0,0.0,0.0,48071000.0,0.0,0.014,0.6,571111000.0,619182000.0,0.102,619182000.0,571111000.0,571111000.0,1.69,1.68,1.69,2084783000.0,2121724500.0,2084783000.0,7786599824.0,14.0,12.576,354125000.0,1.719,1.0,1882853000.0,0.31,7927000.0,0.0,889033000.0,874570250.0,0.0,26337000.0,26337000.0,0.0,928481000.0,870200000.0,58281000.0,9096929824.0,-13190000.0,0.0,-202184000.0,0.0,-123292000.0,-332028000.0,-76806000.0,-26201000.0,407536000.0,-11892000.0,348526000.0,348526000.0,348526000.0,0.0,1485000.0,0.057,1330780000.0,552073000.0,648156000.0,0.355,4.363,26.101,26.183,563064000.0,0.0,44.25,1.496,1.499,1073500000.0,2087376000.0,6080257000.0,6080257000.0,0.0,0.114,0.164,0.653,0.094,41474000.0,1065844000.0,1.0,205580335.0,205995000,206895000.0,29.517,3006885000.0,18396000.0,222585000.0,80024000.0,14.597,1545069000.0
8,EXPD,MRY,2012-12-31,2012-12-31,2012-12-31,2021-08-05,5734000.0,2954125000.0,2994976750.0,2357599000.0,596526000.0,2.001,9.636,-47626000.0,1260842000.0,1260842000.0,4156845000.0,332969000.0,2.798,0.454,0.0,0.0,0.0,0.0,0.0,39940000.0,0.0,0.014,0.56,550784000.0,590724000.0,0.099,590724000.0,550784000.0,550784000.0,1.58,1.57,1.58,2027699000.0,2064156250.0,2027699000.0,6897586608.0,13.0,11.676,322500000.0,1.533,1.0,1835370000.0,0.306,7927000.0,0.0,842798000.0,779107250.0,0.0,139000.0,139000.0,0.0,921555000.0,842558000.0,78997000.0,8265228608.0,-33514000.0,0.0,-249903000.0,0.0,-117263000.0,-363047000.0,-46994000.0,342000.0,370126000.0,6401000.0,333360000.0,333360000.0,333360000.0,0.0,-391000.0,0.056,1304572000.0,530798000.0,641593000.0,0.354,4.076,24.794,25.032,556204000.0,0.0,39.55,1.379,1.389,1031376000.0,2018618000.0,5992215000.0,5992215000.0,0.0,0.111,0.161,0.707,0.092,38657000.0,1029236000.0,1.0,208981760.0,210422945,211935171.0,28.477,2946198000.0,12102000.0,217424000.0,100967000.0,14.001,1515041000.0
9,EXPD,MRY,2011-12-31,2011-12-31,2011-12-31,2021-08-05,-2964000.0,2866827000.0,2866183000.0,2286883000.0,579944000.0,2.15,9.446,-78115000.0,1294356000.0,1294356000.0,4254021000.0,386243000.0,2.872,0.428,0.0,0.0,0.0,0.0,0.0,36776000.0,0.0,0.012,0.5,637464000.0,674240000.0,0.109,674240000.0,637464000.0,637464000.0,1.82,1.79,1.82,2003638000.0,1918328500.0,2003638000.0,7423918948.0,12.0,11.011,379016000.0,1.787,1.0,1907516000.0,0.31,7927000.0,0.0,768399000.0,726480000.0,0.0,0.0,0.0,0.0,856758000.0,796145000.0,60613000.0,8684732948.0,209891000.0,0.0,-55425000.0,0.0,-106011000.0,-157091000.0,-80339000.0,29000.0,457131000.0,-9810000.0,385679000.0,385679000.0,385679000.0,0.0,564000.0,0.063,1289189000.0,618327000.0,606628000.0,0.275,4.334,22.518,22.505,538806000.0,0.0,40.96,1.41,1.41,934752000.0,1991222000.0,6161537000.0,6161537000.0,0.0,0.135,0.201,0.877,0.103,38978000.0,1032332000.0,1.0,212029613.0,212117511,215033580.0,29.048,2858900000.0,10415000.0,251785000.0,80685000.0,13.478,1490738000.0
10,EXPD,MRY,2010-12-31,2010-12-31,2010-12-31,2021-08-05,8125000.0,2679179000.0,2590995750.0,2140355000.0,538824000.0,2.303,8.201,-42408000.0,1084465000.0,1084465000.0,4274787000.0,344205000.0,2.483,0.535,0.0,0.0,0.0,0.0,0.0,36900000.0,0.0,0.007,0.4,564611000.0,601511000.0,0.101,601511000.0,564611000.0,564035000.0,1.62,1.59,1.62,1740906000.0,1679123750.0,1740906000.0,10537431802.0,19.0,17.518,353110000.0,1.663,1.0,1692786000.0,0.284,11643000.0,576000.0,721093000.0,693995000.0,0.0,524000.0,524000.0,0.0,931025000.0,861978000.0,69047000.0,11594657802.0,158536000.0,0.0,-146528000.0,0.0,-84872000.0,-208588000.0,-42179000.0,0.0,395518000.0,13785000.0,344172000.0,344172000.0,344172000.0,0.0,33000.0,0.058,1145556000.0,547230000.0,652161000.0,0.247,6.66,33.689,33.704,498648000.0,0.0,54.6,1.943,1.942,1003884000.0,1717249000.0,5967573000.0,5967573000.0,0.0,0.133,0.205,0.814,0.095,19880000.0,926187000.0,1.0,212356370.0,212283966,216446656.0,28.111,2667536000.0,8706000.0,219863000.0,100995000.0,12.566,1278377000.0
11,EXPD,MRY,2009-12-31,2009-12-31,2009-12-31,2021-08-05,604000.0,2323722000.0,2167343750.0,1787830000.0,535892000.0,1.888,7.322,-34424000.0,925929000.0,925929000.0,2709497000.0,240397000.0,2.524,0.491,0.0,0.0,0.0,0.0,0.0,40035000.0,0.0,0.011,0.38,403191000.0,443226000.0,0.108,443226000.0,403191000.0,402692000.0,1.13,1.11,1.13,1553007000.0,1480952000.0,1553007000.0,6425701016.0,16.0,14.498,296376000.0,1.397,1.0,1382786000.0,0.338,12865000.0,499000.0,676542000.0,605274500.0,0.0,655000.0,655000.0,0.0,762375000.0,708386000.0,53989000.0,7372970016.0,184901000.0,0.0,-37584000.0,0.0,-80555000.0,-117348000.0,-41348000.0,26000.0,330800000.0,12797000.0,240217000.0,240217000.0,240217000.0,0.0,180000.0,0.059,997785000.0,385001000.0,546675000.0,0.336,4.748,30.693,30.77,495701000.0,0.0,34.77,1.802,1.802,810369000.0,1532018000.0,4092283000.0,4092283000.0,0.0,0.111,0.162,0.666,0.099,33409000.0,800509000.0,1.0,212049756.0,212112744,216533240.0,19.293,2310857000.0,8338000.0,162475000.0,70155000.0,10.894,1079444000.0
12,EXPD,MRY,2008-12-31,2008-12-31,2008-12-31,2021-08-05,-15208000.0,2100839000.0,2211145750.0,1573359000.0,527480000.0,2.548,6.422,-59357000.0,741028000.0,741028000.0,4030617000.0,302979000.0,2.347,0.525,0.0,0.0,0.0,0.0,0.0,40003000.0,0.0,0.01,0.32,497790000.0,537793000.0,0.095,537793000.0,497790000.0,497607000.0,1.41,1.37,1.41,1366418000.0,1332166500.0,1366418000.0,6358606035.0,13.0,11.824,349609000.0,1.643,1.0,1603261000.0,0.285,14430000.0,183000.0,675032000.0,677471250.0,0.0,658000.0,658000.0,0.0,716923000.0,670349000.0,46574000.0,7054955035.0,166429000.0,0.0,-102718000.0,0.0,-68103000.0,-160746000.0,-59225000.0,-72000.0,408966000.0,-22566000.0,301014000.0,301014000.0,301014000.0,0.0,1965000.0,0.053,1130125000.0,473136000.0,491823000.0,0.227,5.163,23.437,23.596,493129000.0,0.0,33.27,1.252,1.256,788176000.0,1372356000.0,5633878000.0,5633878000.0,0.0,0.136,0.226,0.735,0.088,33925000.0,901624000.0,1.0,212051549.0,212755946,219170003.0,26.48,2086409000.0,7986000.0,196593000.0,74613000.0,9.807,903010000.0
13,EXPD,MRY,2007-12-31,2007-12-31,2007-12-31,2021-08-05,30971000.0,2069065000.0,1987083500.0,1534697000.0,534368000.0,2.635,5.75,-82282000.0,574599000.0,574599000.0,3782210000.0,269858000.0,1.994,0.687,0.0,0.0,0.0,0.0,0.0,39303000.0,0.0,0.006,0.28,448924000.0,488227000.0,0.093,488227000.0,448924000.0,448969000.0,1.26,1.21,1.26,1226571000.0,1157616000.0,1226571000.0,8964564892.0,20.0,18.361,230303000.0,1.08,1.0,1452961000.0,0.278,15759000.0,-45000.0,708954000.0,635905250.0,0.0,674000.0,674000.0,0.0,842494000.0,769753000.0,72741000.0,9521746892.0,63241000.0,0.0,-142599000.0,0.0,-59748000.0,-174558000.0,-87971000.0,-10000.0,312585000.0,13185000.0,269154000.0,269154000.0,269154000.0,0.0,704000.0,0.051,1029561000.0,423400000.0,613108000.0,0.222,7.763,35.377,35.46,497892000.0,0.0,44.68,1.819,1.821,933519000.0,1143464000.0,5235171000.0,5235171000.0,0.0,0.135,0.233,0.706,0.086,16812000.0,830614000.0,1.0,213109823.0,213314761,221799868.0,24.542,2053306000.0,8278000.0,179815000.0,82509000.0,9.626,764944000.0
14,EXPD,MRY,2006-12-31,2006-12-31,2006-12-31,2021-08-05,14320000.0,1822338000.0,1751440500.0,1341837000.0,480501000.0,2.646,5.013,-139067000.0,511358000.0,511358000.0,3343027000.0,235094000.0,1.892,0.703,0.0,0.0,0.0,0.0,0.0,35448000.0,0.0,0.005,0.22,395953000.0,431401000.0,0.093,431401000.0,395953000.0,395755000.0,1.1,1.06,1.1,1070091000.0,1008904500.0,1070091000.0,8133871106.0,21.0,18.855,194220000.0,0.91,1.0,1290960000.0,0.279,15511000.0,198000.0,586324000.0,533217750.0,0.0,578000.0,578000.0,0.0,752247000.0,709145000.0,43102000.0,8633400106.0,47464000.0,0.0,-126469000.0,0.0,-47020000.0,-160107000.0,-142507000.0,-419000.0,333287000.0,16791000.0,235094000.0,235094000.0,235094000.0,0.0,0.0,0.051,915844000.0,375116000.0,544028000.0,0.2,8.068,36.723,36.818,449247000.0,0.0,40.5,1.863,1.866,811486000.0,934058000.0,4633987000.0,4633987000.0,0.0,0.134,0.233,0.743,0.085,18333000.0,736874000.0,1.0,213170373.0,213454579,222223312.0,21.709,1806827000.0,7490000.0,160661000.0,69863000.0,8.465,632692000.0
15,EXPD,MRY,2005-12-31,2005-12-31,2005-12-31,2021-08-05,-2639000.0,1566044000.0,1477638500.0,1201961000.0,364083000.0,2.642,4.338,-89353000.0,463894000.0,463894000.0,2842172000.0,190436000.0,1.962,0.69,0.0,0.0,0.0,0.0,0.0,30888000.0,0.0,0.004,0.15,280114000.0,311002000.0,0.08,311002000.0,280114000.0,279801000.0,0.89,0.86,0.89,926382000.0,868039500.0,926382000.0,6737196367.0,24.0,21.663,177723000.0,0.832,1.0,1061622000.0,0.272,16771000.0,313000.0,472878000.0,430778500.0,0.0,123000.0,123000.0,0.0,639662000.0,612501000.0,27161000.0,7198639367.0,54911000.0,0.0,-85642000.0,-2057000.0,-32055000.0,-106823000.0,-90767000.0,-12000.0,267076000.0,-14575000.0,190436000.0,190436000.0,190436000.0,0.0,0.0,0.049,790569000.0,271053000.0,479546000.0,0.169,7.771,37.801,37.927,333787000.0,0.0,33.755,1.844,1.847,709331000.0,745984000.0,3903794000.0,3903794000.0,0.0,0.129,0.219,0.65,0.072,20090000.0,626696000.0,1.0,213261424.0,213555102,220230176.0,18.28,1549273000.0,7208000.0,89365000.0,42559000.0,7.255,589460000.0
16,EXPD,MRY,2004-12-31,2004-12-31,2004-12-31,2021-08-05,11686000.0,1364053000.0,1250012250.0,1045860000.0,318193000.0,2.654,3.795,-65679000.0,408983000.0,408983000.0,2411262000.0,129949000.0,1.995,0.689,2250000.0,2250000.0,0.0,2250000.0,0.0,26703000.0,0.0,0.004,0.11,214962000.0,241665000.0,0.073,241665000.0,214962000.0,214920000.0,0.61,0.59,0.61,807404000.0,740788000.0,807404000.0,5577240085.0,26.0,23.078,114919000.0,0.54,1.0,906237000.0,0.273,18613000.0,42000.0,414391000.0,369278000.0,0.0,109000.0,109000.0,0.0,556649000.0,524316000.0,32333000.0,5954861085.0,113151000.0,0.0,-257000.0,1863000.0,-23368000.0,-9049000.0,-64980000.0,-23000.0,180598000.0,6582000.0,129949000.0,129949000.0,129949000.0,0.0,0.0,0.039,694813000.0,211424000.0,410251000.0,0.18,7.375,45.825,45.803,287379000.0,0.0,27.94,1.795,1.792,614044000.0,749974000.0,3317499000.0,3317499000.0,0.0,0.104,0.175,0.582,0.065,16624000.0,542062000.0,1.0,213130318.0,212768302,220116684.0,15.592,1345440000.0,0.0,84971000.0,51898000.0,6.323,521544000.0
17,EXPD,MRY,2003-12-31,2003-12-31,2003-12-31,2021-08-05,1743000.0,1044078000.0,989140250.0,769999000.0,274079000.0,2.654,3.082,-20330000.0,295832000.0,295832000.0,1874431000.0,121952000.0,1.993,0.617,217000.0,217000.0,0.0,217000.0,0.0,24392000.0,0.0,0.004,0.08,193280000.0,217672000.0,0.083,217672000.0,193280000.0,193094000.0,0.58,0.56,0.58,645501000.0,597072500.0,645501000.0,3660758541.0,19.0,16.818,94005000.0,0.449,1.0,750510000.0,0.286,18937000.0,186000.0,343141000.0,305042750.0,0.0,82000.0,82000.0,0.0,398577000.0,386385000.0,12192000.0,3953703541.0,83973000.0,0.0,-81000.0,-1171000.0,-16772000.0,-18024000.0,-25897000.0,-5000.0,114335000.0,13559000.0,121952000.0,121952000.0,121952000.0,0.0,0.0,0.046,563748000.0,186762000.0,301122000.0,0.138,6.125,32.42,32.466,241702000.0,0.0,18.83,1.506,1.503,452551000.0,617216000.0,2624941000.0,2624941000.0,0.0,0.123,0.204,0.634,0.074,3880000.0,421971000.0,1.0,209968324.0,209466884,218003086.0,12.532,1025141000.0,3593000.0,71142000.0,19109000.0,4.894,383614000.0
18,EXPD,MRY,2002-12-31,2002-12-31,2002-12-31,2021-08-05,-10967000.0,879948000.0,811855500.0,605486000.0,274462000.0,2.829,2.521,-77276000.0,211859000.0,211859000.0,1614690000.0,112529000.0,1.708,0.68,1319000.0,1319000.0,0.0,1319000.0,0.0,22725000.0,0.0,0.004,0.06,178168000.0,200893000.0,0.087,200893000.0,178168000.0,177990000.0,0.54,0.515,0.54,523812000.0,480240500.0,523812000.0,3112556672.0,17.0,15.494,39217000.0,0.189,1.0,682213000.0,0.297,15019000.0,178000.0,299823000.0,219423750.0,0.0,87000.0,87000.0,0.0,356136000.0,354566000.0,1570000.0,3398055672.0,-6818000.0,0.0,165000.0,-395000.0,-12485000.0,-12715000.0,-113152000.0,-4293000.0,116493000.0,2556000.0,112529000.0,112529000.0,112529000.0,0.0,0.0,0.049,511204000.0,171009000.0,248302000.0,0.111,6.487,30.197,30.231,204966000.0,0.0,16.325,1.479,1.477,385864000.0,512036000.0,2296903000.0,2296903000.0,0.0,0.139,0.234,0.812,0.078,5958000.0,379565000.0,1.0,208150424.0,207785654,217762738.0,11.054,864929000.0,11008000.0,65461000.0,26668000.0,4.163,250920000.0
19,EXPD,MRY,2001-12-31,2001-12-31,2001-12-31,2021-08-05,-13989000.0,688437000.0,707839750.0,511257000.0,177180000.0,2.66,1.99,-36593000.0,218677000.0,218677000.0,1276534000.0,97243000.0,1.867,0.66,1706000.0,1706000.0,0.0,1706000.0,0.0,23544000.0,0.0,0.004,0.05,154815000.0,178359000.0,0.095,178359000.0,154815000.0,154294000.0,0.465,0.445,0.465,414623000.0,411355250.0,414623000.0,2683917900.0,17.0,15.048,131021000.0,0.629,1.0,606536000.0,0.322,5299000.0,521000.0,192353000.0,175566250.0,0.0,57000.0,57000.0,0.0,273814000.0,273814000.0,0.0,2938252900.0,49672000.0,0.0,-45035000.0,-2632000.0,-10409000.0,-58076000.0,-52857000.0,-8510000.0,167614000.0,-7009000.0,97243000.0,97243000.0,97243000.0,0.0,0.0,0.052,460519000.0,146017000.0,195826000.0,0.108,7.087,30.216,30.618,123845000.0,0.0,14.238,1.56,1.575,283414000.0,411992000.0,1883070000.0,1883070000.0,0.0,0.137,0.236,0.882,0.082,15863000.0,345708000.0,1.0,206374216.0,208319008,219482680.0,9.039,683138000.0,12156000.0,57051000.0,16439000.0,3.279,237443000.0
20,EXPD,MRY,2000-12-31,2000-12-31,2000-12-31,2021-08-05,-9166000.0,661740000.0,614269750.0,522785000.0,138955000.0,3.104,1.768,-24880000.0,169005000.0,169005000.0,1358371000.0,83035000.0,1.743,0.829,4671000.0,4671000.0,0.0,4671000.0,0.0,22481000.0,0.0,0.003,0.035,133780000.0,156261000.0,0.082,156261000.0,133780000.0,133348000.0,0.405,0.38,0.405,361784000.0,328573750.0,361784000.0,2621505764.0,20.0,16.776,129578000.0,0.633,1.0,548355000.0,0.288,0.0,432000.0,197450000.0,193107000.0,0.0,1884000.0,1884000.0,0.0,299956000.0,299956000.0,0.0,2759979764.0,97822000.0,0.0,-1261000.0,-14501000.0,-7184000.0,-22946000.0,-29481000.0,-818000.0,154458000.0,-4209000.0,83035000.0,83035000.0,83035000.0,0.0,0.0,0.044,420831000.0,127524000.0,229534000.0,0.086,7.629,33.239,33.142,106647000.0,0.0,13.422,1.447,1.44,347114000.0,333049000.0,1906726000.0,1906726000.0,0.0,0.135,0.253,0.693,0.07,8926000.0,310812000.0,1.0,205623376.0,204610480,218716072.0,9.319,661740000.0,8830000.0,50313000.0,22950000.0,3.234,222829000.0
21,EXPD,MRY,1999-12-31,1999-12-31,1999-12-31,2021-08-05,-5049000.0,535461000.0,486754500.0,402709000.0,132752000.0,2.968,1.408,-26582000.0,71183000.0,71183000.0,1002089000.0,59175000.0,1.591,0.896,19442000.0,19442000.0,0.0,19442000.0,0.0,20819000.0,0.0,0.002,0.019,95715000.0,116534000.0,0.081,116534000.0,95715000.0,94645000.0,0.295,0.275,0.295,282385000.0,255943000.0,282385000.0,2166637793.0,23.0,18.592,26729000.0,0.133,1.0,442486000.0,0.306,0.0,1070000.0,230644000.0,210666500.0,0.0,1171000.0,1171000.0,0.0,253076000.0,253076000.0,0.0,2210040793.0,21754000.0,0.0,-265000.0,7328000.0,-5027000.0,2036000.0,-31713000.0,-750000.0,53311000.0,-1880000.0,59175000.0,59175000.0,59175000.0,0.0,0.0,0.041,349163000.0,93323000.0,182510000.0,0.064,7.826,37.348,37.127,105905000.0,0.0,10.953,1.53,1.521,314789000.0,257198000.0,1444575000.0,1444575000.0,0.0,0.122,0.231,0.454,0.066,12734000.0,257636000.0,1.0,201784140.0,200548180,215311268.0,7.203,535461000.0,5584000.0,35470000.0,14313000.0,2.67,149633000.0
22,EXPD,MRY,1998-12-31,1998-12-31,1998-12-31,2021-08-05,-3619000.0,406596000.0,381041500.0,283999000.0,122597000.0,2.792,1.103,-52455000.0,49429000.0,49429000.0,710257000.0,47274000.0,1.499,0.872,12245000.0,12245000.0,0.0,12245000.0,0.0,15547000.0,0.0,0.003,0.018,76064000.0,91611000.0,0.086,91611000.0,76064000.0,75577000.0,0.24,0.223,0.24,217198000.0,197163500.0,217198000.0,1015786170.0,13.0,11.088,783000.0,0.004,1.0,353450000.0,0.332,0.0,487000.0,180014000.0,159622750.0,0.0,394000.0,394000.0,0.0,189398000.0,189398000.0,0.0,1035358170.0,7335000.0,0.0,241000.0,10067000.0,-3449000.0,6859000.0,-52669000.0,-121000.0,53238000.0,-93000.0,47274000.0,47274000.0,47274000.0,0.0,0.0,0.044,280078000.0,73372000.0,143523000.0,0.075,4.767,21.901,21.875,103030000.0,0.0,5.25,0.973,0.972,222598000.0,203050000.0,1063707000.0,1063707000.0,0.0,0.124,0.24,0.477,0.072,1747000.0,205306000.0,1.0,197211080.0,196937752,212233536.0,5.401,406596000.0,4610000.0,28303000.0,8304000.0,2.065,94601000.0
23,EXPD,MRY,1997-12-31,1997-12-31,1997-12-31,2021-08-05,-3150000.0,344106000.0,308046000.0,259504000.0,84602000.0,3.097,0.879,-36007000.0,42094000.0,42094000.0,663478000.0,38411000.0,1.507,1.002,2145000.0,2145000.0,0.0,2145000.0,0.0,11159000.0,0.0,0.003,0.013,62930000.0,74089000.0,0.078,74089000.0,62930000.0,62572000.0,0.198,0.182,0.198,171854000.0,155932500.0,171854000.0,,,,23797000.0,0.122,1.0,290524000.0,0.305,0.0,358000.0,131905000.0,119201000.0,0.0,214000.0,214000.0,0.0,172252000.0,172252000.0,0.0,946079519.0,5128000.0,-7076000.0,537000.0,-2887000.0,-2444000.0,-4794000.0,-43921000.0,-13000.0,59804000.0,-5961000.0,38411000.0,38411000.0,38411000.0,0.0,0.0,0.04,230609000.0,59915000.0,143980000.0,0.066,5.505,24.63,24.306,66550000.0,0.0,4.812,0.992,0.986,206501000.0,159225000.0,954002000.0,954002000.0,0.0,0.125,0.246,0.528,0.066,0.0,166665000.0,1.0,196587952.0,195431432,210588176.0,4.882,344106000.0,6226000.0,24161000.0,7181000.0,1.761,87252000.0
24,EXPD,MRY,1996-12-31,1996-12-31,1996-12-31,2021-08-05,3332000.0,271986000.0,,215443000.0,56543000.0,,0.724,-20824000.0,36966000.0,36966000.0,527753000.0,24263000.0,1.632,0.943,3452000.0,3452000.0,0.0,3452000.0,0.0,8147000.0,0.0,0.003,0.01,39747000.0,47894000.0,0.066,47894000.0,39747000.0,39584000.0,0.125,0.119,0.125,140011000.0,,140011000.0,,,,3343000.0,0.017,1.0,202335000.0,0.277,0.0,163000.0,106497000.0,,0.0,357000.0,357000.0,0.0,131975000.0,131975000.0,0.0,,824000.0,0.0,-588000.0,3164000.0,-1933000.0,643000.0,-23795000.0,87000.0,24167000.0,-191000.0,24263000.0,24263000.0,24263000.0,0.0,0.0,0.033,164910000.0,37425000.0,101670000.0,0.08,,,23.0,46246000.0,0.0,2.875,,0.761,168763000.0,123258000.0,730088000.0,730088000.0,0.0,,,,0.054,0.0,119206000.0,1.0,,193290904,205154368.0,3.777,271986000.0,4854000.0,15321000.0,5659000.0,1.407,83468000.0
25,EXPD,MRY,1995-12-31,1995-12-31,1995-12-31,2021-08-05,,,,,,,,-9302000.0,,,430618000.0,17395000.0,,,,,,,,6629000.0,,0.004,0.007,28711000.0,35340000.0,0.06,35340000.0,28711000.0,28399000.0,0.091,0.086,0.091,,,,,,,14242000.0,0.074,1.0,154073000.0,0.264,,312000.0,,,,,,,,,,,14715000.0,0.0,71000.0,44000.0,-1438000.0,-1323000.0,-7926000.0,2353000.0,23544000.0,420000.0,17395000.0,17395000.0,17395000.0,0.0,0.0,0.03,127222000.0,26851000.0,,0.077,,,17.94,,0.0,1.633,,0.535,,,584691000.0,584691000.0,0.0,,,,0.049,0.0,91817000.0,1.0,,191773936,201329248.0,3.049,,,11004000.0,,,
0,EXPD,MRQ,2021-06-30,2021-06-30,2021-06-30,2021-08-05,-106066000.0,5953171000.0,,4985262000.0,967909000.0,,18.199,-6539000.0,1674121000.0,1674121000.0,2598633000.0,316974000.0,2.006,0.932,450543000.0,80210000.0,370333000.0,450543000.0,619140000.0,12675000.0,0.0,0.009,0.58,414880000.0,427555000.0,0.118,427555000.0,414880000.0,414880000.0,1.87,1.84,1.87,3079454000.0,,3079454000.0,20032964799.0,15.0,14.335,23932000.0,0.141,1.0,1010460000.0,0.28,7927000.0,0.0,2236440000.0,,0.0,0.0,0.0,0.0,2869520000.0,2485226000.0,384294000.0,21380943799.0,-119272000.0,0.0,-39761000.0,0.0,-98387000.0,-152041000.0,-6401000.0,0.0,30471000.0,8699000.0,316372000.0,316372000.0,316372000.0,0.0,602000.0,0.088,599815000.0,410645000.0,1408572000.0,0.31,6.943,21.52,21.494,942990000.0,0.0,126.6,1.697,1.7,2647516000.0,3104471000.0,3609093000.0,3609093000.0,0.0,,,,,30909000.0,484358000.0,1.0,168885812.0,169210000,171677000.0,21.329,5945244000.0,0.0,98508000.0,71569000.0,35.135,2500036000.0
1,EXPD,MRQ,2021-03-31,2021-03-31,2021-03-31,2021-08-05,-115486000.0,5454997000.0,,4494195000.0,960802000.0,,16.989,-8391000.0,1793393000.0,1793393000.0,2406004000.0,287950000.0,2.047,0.896,445414000.0,76128000.0,369286000.0,445414000.0,447779000.0,12987000.0,0.0,0.01,0.0,389731000.0,402718000.0,0.12,402718000.0,389731000.0,389731000.0,1.7,1.67,1.7,2874794000.0,,2874794000.0,17149948283.0,15.0,13.89,347353000.0,2.053,1.0,951536000.0,0.283,7927000.0,0.0,1904069000.0,,0.0,0.0,0.0,0.0,2576347000.0,2195022000.0,381325000.0,18239550283.0,265602000.0,0.0,-66240000.0,0.0,0.0,-67515000.0,-8425000.0,0.0,355744000.0,-14202000.0,287220000.0,287220000.0,287220000.0,0.0,730000.0,0.086,566021000.0,385515000.0,1295178000.0,0.0,6.345,21.184,21.033,936043000.0,0.0,107.69,1.6,1.598,2227039000.0,2887323000.0,3357540000.0,3357540000.0,0.0,,,,,11185000.0,455175000.0,1.0,169370882.0,169214000,171551000.0,19.842,5447070000.0,0.0,102511000.0,76209000.0,32.19,2299173000.0
2,EXPD,MRQ,2020-12-31,2020-12-31,2020-12-31,2021-08-05,-99753000.0,4927503000.0,,3963544000.0,963959000.0,,15.691,-10124000.0,1527791000.0,1527791000.0,2340603000.0,199525000.0,2.094,0.851,438189000.0,74004000.0,364185000.0,438189000.0,379722000.0,14339000.0,0.0,0.011,0.52,283002000.0,297341000.0,0.094,297341000.0,283002000.0,283002000.0,1.18,1.15,1.18,2659637000.0,,2659637000.0,15061477966.0,16.0,14.891,131568000.0,0.776,1.0,828585000.0,0.261,7927000.0,0.0,1936931000.0,,0.0,0.0,0.0,0.0,2264276000.0,1893043000.0,371233000.0,16098859966.0,62281000.0,0.0,-5833000.0,0.0,-88114000.0,-93947000.0,-9571000.0,0.0,141692000.0,24107000.0,198620000.0,198620000.0,198620000.0,0.0,905000.0,0.063,546774000.0,281811000.0,1136859000.0,0.441,6.053,23.126,22.973,939148000.0,0.0,95.11,1.591,1.583,1998055000.0,2600201000.0,3169188000.0,3169188000.0,0.0,,,,,17407000.0,431479000.0,1.0,169265692.0,169506000,171967000.0,18.697,4919576000.0,0.0,84382000.0,52485000.0,29.023,2070501000.0
3,EXPD,MRQ,2020-09-30,2020-09-30,2020-09-30,2021-08-05,-135281000.0,4358554000.0,,3409902000.0,948652000.0,,14.866,-9178000.0,1465510000.0,1465510000.0,1730418000.0,191719000.0,2.278,0.741,428128000.0,70755000.0,357373000.0,428128000.0,267266000.0,15851000.0,0.0,0.011,0.0,254017000.0,269868000.0,0.109,269868000.0,254017000.0,254017000.0,1.14,1.12,1.14,2502029000.0,,2502029000.0,14426306146.0,17.0,15.824,152421000.0,0.906,1.0,734379000.0,0.298,7927000.0,0.0,1816537000.0,,0.0,0.0,0.0,0.0,1854081000.0,1496708000.0,357373000.0,15176511146.0,285055000.0,0.0,121430000.0,0.0,0.0,121430000.0,-8004000.0,0.0,161599000.0,10030000.0,191307000.0,191307000.0,191307000.0,0.0,412000.0,0.078,482434000.0,251945000.0,888761000.0,0.0,6.066,23.906,24.011,921191000.0,0.0,90.52,1.72,1.727,1582424000.0,2489694000.0,2464797000.0,2464797000.0,0.0,,,,,12297000.0,376558000.0,1.0,167659204.0,168310000,170735000.0,14.644,4350627000.0,3130000.0,62710000.0,33100000.0,25.849,1913194000.0
4,EXPD,MRQ,2020-06-30,2020-06-30,2020-06-30,2021-08-05,-153158000.0,3810177000.0,,2858271000.0,951906000.0,,12.947,-22114000.0,1180455000.0,1180455000.0,1661487000.0,184188000.0,2.219,0.764,430250000.0,69740000.0,360510000.0,430250000.0,172148000.0,14109000.0,0.0,0.013,0.52,250663000.0,264772000.0,0.11,264772000.0,250663000.0,250663000.0,1.1,1.09,1.1,2159118000.0,,2159118000.0,11920466183.0,15.0,13.737,164607000.0,0.987,1.0,749591000.0,0.311,7927000.0,0.0,1763976000.0,,0.0,0.0,0.0,0.0,1648579000.0,1288069000.0,360510000.0,12655047183.0,68482000.0,0.0,-1798000.0,0.0,-86815000.0,-97783000.0,-22182000.0,0.0,186721000.0,1726000.0,183869000.0,183869000.0,183869000.0,0.0,319000.0,0.076,501965000.0,247626000.0,755971000.0,0.473,5.861,20.96,21.3,922278000.0,0.0,76.04,1.501,1.504,1460324000.0,2298387000.0,2411078000.0,2411078000.0,0.0,,,,,21638000.0,398220000.0,1.0,166426186.0,166767000,169290000.0,14.458,3802250000.0,5300000.0,66794000.0,32287000.0,22.8,1570202000.0
5,EXPD,MRQ,2020-03-31,2020-03-31,2020-03-31,2021-08-05,-169746000.0,3509967000.0,,2618817000.0,891150000.0,,12.059,-6127000.0,1111973000.0,1111973000.0,1286728000.0,122782000.0,2.259,0.724,377392000.0,63748000.0,313644000.0,377392000.0,170866000.0,12660000.0,0.0,0.015,0.0,166808000.0,179468000.0,0.094,179468000.0,166808000.0,166808000.0,0.73,0.71,0.73,2034806000.0,,2034806000.0,10487894627.0,14.0,12.849,158873000.0,0.942,1.0,615136000.0,0.323,7927000.0,0.0,1608281000.0,,0.0,0.0,0.0,0.0,1472822000.0,1159178000.0,313644000.0,11326671627.0,-118518000.0,0.0,-259841000.0,0.0,0.0,-261237000.0,-6270000.0,0.0,165000000.0,-16011000.0,122344000.0,122344000.0,122344000.0,0.0,438000.0,0.064,456081000.0,159055000.0,700944000.0,0.0,5.566,19.766,19.798,857336000.0,0.0,66.72,1.406,1.397,1268798000.0,2202208000.0,1901864000.0,1901864000.0,0.0,,,,,11156000.0,350283000.0,1.0,169764263.0,168735000,171450000.0,11.271,3502040000.0,9680000.0,44464000.0,21864000.0,20.755,1459639000.0
6,EXPD,MRQ,2019-12-31,2019-12-31,2019-12-31,2021-08-05,-131187000.0,3691884000.0,,2769923000.0,921961000.0,,12.886,-9079000.0,1230491000.0,1230491000.0,1398638000.0,137748000.0,2.371,0.681,391714000.0,65367000.0,326347000.0,391714000.0,154183000.0,12494000.0,0.0,0.013,0.5,185075000.0,197569000.0,0.097,197569000.0,185075000.0,185075000.0,0.8,0.79,0.8,2195028000.0,,2195028000.0,12446355135.0,16.0,14.727,156167000.0,0.917,1.0,646303000.0,0.316,7927000.0,0.0,1676862000.0,,0.0,0.0,0.0,0.0,1494665000.0,1168318000.0,326347000.0,13286903135.0,14521000.0,0.0,-64083000.0,0.0,-85369000.0,-149452000.0,-9597000.0,0.0,165246000.0,8324000.0,137326000.0,137326000.0,137326000.0,0.0,422000.0,0.067,465963000.0,180340000.0,735695000.0,0.625,6.053,22.505,22.614,889379000.0,0.0,78.02,1.625,1.631,1315091000.0,2321316000.0,2044941000.0,2044941000.0,0.0,,,,,12182000.0,363873000.0,1.0,170301245.0,170344000,173447000.0,12.005,3683957000.0,8034000.0,47749000.0,23627000.0,21.627,1601605000.0
7,EXPD,MRQ,2019-09-30,2019-09-30,2019-09-30,2021-08-05,-118774000.0,3706453000.0,,2769213000.0,937240000.0,,12.953,-15521000.0,1215970000.0,1215970000.0,1400499000.0,160627000.0,2.34,0.678,375422000.0,61842000.0,313580000.0,375422000.0,152717000.0,12386000.0,0.0,0.013,0.0,213540000.0,225926000.0,0.109,225926000.0,213540000.0,213540000.0,0.94,0.92,0.94,2207385000.0,,2207385000.0,11977192126.0,14.0,13.57,145978000.0,0.857,1.0,674356000.0,0.325,7927000.0,0.0,1674392000.0,,0.0,0.0,0.0,0.0,1497166000.0,1183586000.0,313580000.0,12682799126.0,133320000.0,0.0,-1286000.0,0.0,0.0,-1286000.0,-15289000.0,0.0,161499000.0,-11604000.0,160221000.0,160221000.0,160221000.0,0.0,406000.0,0.077,467806000.0,206550000.0,744002000.0,0.0,5.746,20.059,20.133,868384000.0,0.0,74.29,1.516,1.513,1319032000.0,2301156000.0,2074855000.0,2074855000.0,0.0,,,,,12155000.0,366464000.0,1.0,170720139.0,170415000,173483000.0,12.175,3698526000.0,44351000.0,53319000.0,17273000.0,21.703,1585627000.0
8,EXPD,MRQ,2019-06-30,2019-06-30,2019-06-30,2021-08-05,-104096000.0,3646990000.0,,2711460000.0,935530000.0,,11.994,-12987000.0,1082650000.0,1082650000.0,1373884000.0,153530000.0,2.12,0.777,377043000.0,61267000.0,315776000.0,377043000.0,169055000.0,12677000.0,0.0,0.013,0.5,200598000.0,213275000.0,0.105,213275000.0,200598000.0,200598000.0,0.9,0.88,0.9,2050973000.0,,2050973000.0,12206366126.0,15.0,13.901,142720000.0,0.835,1.0,661695000.0,0.325,7927000.0,0.0,1654636000.0,,0.0,0.0,0.0,0.0,1594596000.0,1278820000.0,315776000.0,13047609126.0,-106779000.0,0.0,-158302000.0,0.0,-85184000.0,-250160000.0,-11949000.0,0.0,155707000.0,-377000.0,153149000.0,153149000.0,153149000.0,0.0,381000.0,0.075,469494000.0,192201000.0,811144000.0,0.556,6.362,20.556,20.558,876656000.0,0.0,75.86,1.557,1.548,1382070000.0,2140935000.0,2035579000.0,2035579000.0,0.0,,,,,23824000.0,367994000.0,1.0,171995902.0,171003000,174466000.0,11.904,3639063000.0,33617000.0,47449000.0,19891000.0,21.281,1432640000.0
9,EXPD,MRQ,2019-03-31,2019-03-31,2019-03-31,2021-08-05,-103986000.0,3642912000.0,,2728994000.0,913918000.0,,12.363,-9435000.0,1189429000.0,1189429000.0,1365937000.0,140111000.0,2.222,0.714,348186000.0,58635000.0,289551000.0,348186000.0,157040000.0,13393000.0,0.0,0.012,0.0,194960000.0,208353000.0,0.103,208353000.0,194960000.0,194960000.0,0.81,0.8,0.81,2124270000.0,,2124270000.0,12105984452.0,15.0,13.948,280048000.0,1.63,1.0,654114000.0,0.324,7927000.0,0.0,1565815000.0,,0.0,0.0,0.0,0.0,1517478000.0,1227927000.0,289551000.0,13029719452.0,265694000.0,0.0,-17144000.0,0.0,0.0,-17144000.0,-9180000.0,0.0,289483000.0,2535000.0,139699000.0,139699000.0,139699000.0,0.0,412000.0,0.069,466513000.0,187601000.0,768665000.0,0.0,6.134,20.941,21.142,849993000.0,0.0,75.9,1.569,1.57,1353725000.0,2222562000.0,2020051000.0,2020051000.0,0.0,,,,,13382000.0,367986000.0,1.0,171669558.0,171818000,175388000.0,11.757,3634985000.0,37781000.0,55261000.0,23502000.0,21.156,1501067000.0
10,EXPD,MRQ,2018-12-31,2018-12-31,2018-12-31,2021-08-05,-105481000.0,3314559000.0,,2734816000.0,579743000.0,,11.517,-9832000.0,923735000.0,923735000.0,1554922000.0,179577000.0,2.061,0.668,0.0,0.0,0.0,0.0,190343000.0,13186000.0,0.0,0.013,0.45,221878000.0,235064000.0,0.105,235064000.0,221878000.0,221878000.0,1.04,1.02,1.04,1986838000.0,,1986838000.0,10761046275.0,13.0,12.358,92218000.0,0.535,1.0,680675000.0,0.304,7927000.0,0.0,1056058000.0,,0.0,0.0,0.0,0.0,1326839000.0,1326839000.0,0.0,11751658275.0,-66877000.0,0.0,-78972000.0,0.0,-77660000.0,-157903000.0,-9871000.0,0.0,102050000.0,-1153000.0,179210000.0,179210000.0,179210000.0,0.0,367000.0,0.08,463668000.0,217007000.0,902259000.0,0.433,5.915,19.01,19.18,504105000.0,0.0,68.09,1.444,1.457,1581530000.0,2088707000.0,2235597000.0,2235597000.0,0.0,,,,,12976000.0,363800000.0,1.0,172590076.0,172507000,175991000.0,12.959,3306632000.0,40465000.0,42668000.0,18424000.0,19.168,1407977000.0
11,EXPD,MRQ,2018-09-30,2018-09-30,2018-09-30,2021-08-05,-101098000.0,3334800000.0,,2746473000.0,588327000.0,,11.28,-11733000.0,990612000.0,990612000.0,1429633000.0,163067000.0,1.994,0.704,0.0,0.0,0.0,0.0,195035000.0,13335000.0,0.0,0.012,0.0,208049000.0,221384000.0,0.106,221384000.0,208049000.0,208049000.0,0.94,0.92,0.94,1955849000.0,,1955849000.0,11798035389.0,15.0,13.824,74988000.0,0.432,1.0,661314000.0,0.316,7927000.0,0.0,958793000.0,,0.0,0.0,0.0,0.0,1377468000.0,1377468000.0,0.0,12818889389.0,-30242000.0,0.0,-100022000.0,0.0,0.0,-101268000.0,-10624000.0,0.0,86721000.0,-5071000.0,162692000.0,162692000.0,162692000.0,0.0,375000.0,0.078,458160000.0,203154000.0,934509000.0,0.0,6.554,21.155,21.313,510328000.0,0.0,73.53,1.643,1.634,1528524000.0,2053389000.0,2090947000.0,2090947000.0,0.0,,,,,13902000.0,362209000.0,1.0,174335501.0,173394000,177173000.0,12.059,3326873000.0,43293000.0,45357000.0,19139000.0,19.187,1369005000.0
12,EXPD,MRQ,2018-06-30,2018-06-30,2018-06-30,2021-08-05,-90712000.0,3132832000.0,,2564141000.0,568691000.0,,10.814,-12113000.0,1020854000.0,1020854000.0,1315013000.0,140946000.0,2.067,0.656,0.0,0.0,0.0,0.0,161870000.0,13576000.0,0.0,0.012,0.45,189563000.0,203139000.0,0.104,203139000.0,189563000.0,189563000.0,0.8,0.79,0.8,1889752000.0,,1889752000.0,11636214383.0,15.0,13.945,136443000.0,0.781,1.0,642546000.0,0.328,7927000.0,0.0,863778000.0,,0.0,0.0,0.0,0.0,1240273000.0,1240273000.0,0.0,12769115383.0,-112047000.0,0.0,-140209000.0,0.0,-79180000.0,-222604000.0,-13677000.0,0.0,148556000.0,-24322000.0,140605000.0,140605000.0,140605000.0,0.0,341000.0,0.072,458962000.0,183584000.0,832011000.0,0.562,6.757,22.659,22.987,515547000.0,0.0,73.1,1.699,1.7,1337716000.0,1977121000.0,1957559000.0,1957559000.0,0.0,,,,,18002000.0,361736000.0,1.0,174680101.0,174754000,178603000.0,11.202,3124905000.0,16779000.0,48958000.0,19244000.0,17.882,1323868000.0
13,EXPD,MRQ,2018-03-31,2018-03-31,2018-03-31,2021-08-05,-64992000.0,3212481000.0,,2638091000.0,574390000.0,,11.253,-13796000.0,1132901000.0,1132901000.0,1218424000.0,136200000.0,2.2,0.621,0.0,0.0,0.0,0.0,147236000.0,13922000.0,0.0,0.013,0.0,197248000.0,211170000.0,0.114,211170000.0,197248000.0,197248000.0,0.77,0.76,0.77,1979469000.0,,1979469000.0,10123981938.0,13.0,12.388,221681000.0,1.26,1.0,635838000.0,0.343,7927000.0,0.0,872772000.0,,0.0,0.0,0.0,0.0,1230215000.0,1198881000.0,31334000.0,11175080938.0,81802000.0,0.0,-145963000.0,0.0,0.0,-145963000.0,-14227000.0,0.0,235477000.0,6515000.0,135692000.0,135692000.0,135692000.0,0.0,508000.0,0.073,443020000.0,192818000.0,812200000.0,0.0,5.645,21.015,21.242,531068000.0,0.0,63.3,1.546,1.54,1326168000.0,2041520000.0,1854262000.0,1854262000.0,0.0,,,,,11267000.0,350860000.0,1.0,176541563.0,175900000,179416000.0,10.542,3204554000.0,7402000.0,61556000.0,48567000.0,18.218,1439210000.0
14,EXPD,MRQ,2017-12-31,2017-12-31,2017-12-31,2021-08-05,-73964000.0,3117008000.0,,2541452000.0,575556000.0,,11.221,56992000.0,1051099000.0,1051099000.0,1272562000.0,167455000.0,2.325,0.564,0.0,0.0,0.0,0.0,0.0,13069000.0,0.0,0.013,0.42,204709000.0,217778000.0,0.115,217778000.0,204709000.0,204709000.0,0.94,0.92,0.94,1991858000.0,,1991858000.0,10462153366.0,15.0,13.643,183378000.0,1.033,1.0,628809000.0,0.331,7927000.0,0.0,964863000.0,,0.0,0.0,0.0,0.0,1122635000.0,1093119000.0,29516000.0,11495597366.0,17655000.0,0.0,-95211000.0,0.0,-74769000.0,-170884000.0,56810000.0,0.0,126386000.0,5343000.0,166967000.0,166967000.0,166967000.0,0.0,488000.0,0.088,429798000.0,199011000.0,866305000.0,0.447,5.771,23.492,23.696,525203000.0,0.0,64.69,1.661,1.675,1414741000.0,2063512000.0,1901371000.0,1901371000.0,0.0,,,,,11872000.0,348775000.0,1.0,177702850.0,177507000,180811000.0,10.712,3109081000.0,13207000.0,37742000.0,50010000.0,17.515,1448333000.0
15,EXPD,MRQ,2017-09-30,2017-09-30,2017-09-30,2021-08-05,-78960000.0,3068881000.0,,2518921000.0,549960000.0,,11.025,-34462000.0,1033444000.0,1033444000.0,1203024000.0,120606000.0,2.341,0.55,0.0,0.0,0.0,0.0,0.0,12272000.0,0.0,0.014,0.0,190092000.0,202364000.0,0.112,202364000.0,190092000.0,190092000.0,0.67,0.66,0.67,1978003000.0,,1978003000.0,9704069434.0,14.0,13.159,50898000.0,0.284,1.0,599142000.0,0.332,7927000.0,0.0,951456000.0,,0.0,0.0,0.0,0.0,1087800000.0,1076054000.0,11746000.0,10818979434.0,-81466000.0,0.0,-136861000.0,0.0,0.0,-136861000.0,-34723000.0,0.0,85360000.0,4758000.0,120263000.0,120263000.0,120263000.0,0.0,343000.0,0.067,412247000.0,186895000.0,836055000.0,0.0,5.47,24.988,24.838,513070000.0,0.0,59.86,1.624,1.612,1349854000.0,2053723000.0,1802166000.0,1802166000.0,0.0,,,,,11210000.0,329658000.0,1.0,180738046.0,179416000,181788000.0,10.045,3060954000.0,0.0,69829000.0,35599000.0,17.061,1442867000.0
16,EXPD,MRQ,2017-06-30,2017-06-30,2017-06-30,2021-08-05,-86507000.0,3022756000.0,,2494316000.0,528440000.0,,10.976,-20380000.0,1114910000.0,1114910000.0,1108646000.0,108755000.0,2.475,0.528,0.0,0.0,0.0,0.0,0.0,12042000.0,0.0,0.015,0.42,173906000.0,185948000.0,0.111,185948000.0,173906000.0,173906000.0,0.6,0.6,0.6,1975844000.0,,1975844000.0,9019659764.0,13.0,12.568,60834000.0,0.338,1.0,563633000.0,0.337,7927000.0,0.0,892273000.0,,0.0,0.0,0.0,0.0,1044119000.0,1007646000.0,36473000.0,10175702764.0,-41133000.0,0.0,-32551000.0,0.0,-75726000.0,-108277000.0,-20340000.0,0.0,81214000.0,6270000.0,108851000.0,108851000.0,108851000.0,0.0,-96000.0,0.065,395393000.0,168240000.0,774941000.0,0.7,5.15,24.211,24.24,490776000.0,0.0,56.48,1.585,1.583,1215278000.0,2049403000.0,1672279000.0,1672279000.0,0.0,,,,,17203000.0,329482000.0,1.0,180164709.0,180012000,182033000.0,9.29,3014829000.0,0.0,65055000.0,57802000.0,16.748,1486670000.0
17,EXPD,MRQ,2017-03-31,2017-03-31,2017-03-31,2021-08-05,-95678000.0,2902719000.0,,2401796000.0,500923000.0,,10.823,-12761000.0,1156043000.0,1156043000.0,1017527000.0,93567000.0,2.591,0.488,0.0,0.0,0.0,0.0,0.0,11927000.0,0.0,0.014,0.0,148850000.0,160777000.0,0.104,160777000.0,148850000.0,148850000.0,0.52,0.51,0.52,1948896000.0,,1948896000.0,9200585094.0,14.0,12.667,182918000.0,1.016,1.0,527605000.0,0.341,7927000.0,0.0,811945000.0,,0.0,0.0,0.0,0.0,950999000.0,926804000.0,24195000.0,10175020094.0,181608000.0,0.0,-8543000.0,0.0,0.0,-8543000.0,-13432000.0,0.0,195679000.0,7904000.0,93264000.0,93264000.0,93264000.0,0.0,303000.0,0.06,381491000.0,146114000.0,701122000.0,0.0,5.221,23.802,23.835,463604000.0,0.0,56.49,1.635,1.634,1126488000.0,2038053000.0,1545132000.0,1545132000.0,0.0,,,,,10623000.0,303495000.0,1.0,180120731.0,180062000,182094000.0,8.581,2894792000.0,0.0,55586000.0,44622000.0,16.077,1474992000.0
18,EXPD,MRQ,2016-12-31,2016-12-31,2016-12-31,2021-08-05,-104592000.0,2790871000.0,,2218579000.0,572292000.0,,10.237,-19114000.0,974435000.0,974435000.0,1093416000.0,111098000.0,2.386,0.512,0.0,0.0,0.0,0.0,0.0,11943000.0,0.0,0.015,0.4,176395000.0,188338000.0,0.115,188338000.0,176395000.0,176395000.0,0.62,0.61,0.62,1844638000.0,,1844638000.0,8509941411.0,12.0,11.627,53441000.0,0.297,1.0,548591000.0,0.334,7927000.0,0.0,878578000.0,,0.0,0.0,0.0,0.0,943658000.0,929931000.0,13727000.0,9552641411.0,-68265000.0,0.0,-31893000.0,0.0,-72123000.0,-105351000.0,-18695000.0,-37000.0,72555000.0,-16774000.0,110590000.0,110590000.0,110590000.0,0.0,508000.0,0.067,376381000.0,172210000.0,726571000.0,0.645,5.179,22.174,22.252,536572000.0,0.0,52.96,1.567,1.574,1190130000.0,1944789000.0,1642007000.0,1642007000.0,0.0,,,,,10953000.0,301490000.0,1.0,180374649.0,180193000,181942000.0,9.112,2782944000.0,0.0,65805000.0,31585000.0,15.444,1288648000.0
19,EXPD,MRQ,2016-09-30,2016-09-30,2016-09-30,2021-08-05,-81644000.0,2813797000.0,,2235686000.0,578111000.0,,10.211,-12659000.0,1042700000.0,1042700000.0,1017135000.0,107949000.0,2.41,0.519,0.0,0.0,0.0,0.0,0.0,11882000.0,0.0,0.015,0.0,170744000.0,182626000.0,0.117,182626000.0,170744000.0,170744000.0,0.59,0.59,0.59,1850083000.0,,1850083000.0,8347537874.0,12.0,11.297,103134000.0,0.569,1.0,545259000.0,0.349,7927000.0,0.0,835566000.0,,0.0,0.0,0.0,0.0,959864000.0,927604000.0,32260000.0,9327801874.0,62436000.0,0.0,-44168000.0,0.0,0.0,-44168000.0,-11042000.0,0.0,115793000.0,1853000.0,107581000.0,107581000.0,107581000.0,0.0,368000.0,0.069,377996000.0,167263000.0,698620000.0,0.0,5.042,21.46,21.647,539984000.0,0.0,51.52,1.541,1.542,1108516000.0,1929449000.0,1562394000.0,1562394000.0,0.0,,,,,10476000.0,301338000.0,1.0,181052055.0,181177000,182692000.0,8.624,2805870000.0,19573000.0,63163000.0,53697000.0,15.487,1308082000.0
20,EXPD,MRQ,2016-06-30,2016-06-30,2016-06-30,2021-08-05,-82012000.0,2707138000.0,,2126845000.0,580293000.0,,9.771,-13279000.0,980264000.0,980264000.0,922047000.0,116439000.0,2.379,0.522,0.0,0.0,0.0,0.0,0.0,11642000.0,0.0,0.015,0.4,182970000.0,194612000.0,0.132,194612000.0,182970000.0,182970000.0,0.64,0.63,0.64,1775915000.0,,1775915000.0,7914257880.0,11.0,10.43,91905000.0,0.506,1.0,553117000.0,0.375,7927000.0,0.0,824921000.0,,0.0,0.0,0.0,0.0,927633000.0,894026000.0,33607000.0,8928174880.0,-33653000.0,0.0,-47627000.0,0.0,-73000000.0,-120627000.0,-8865000.0,0.0,105184000.0,-9345000.0,116052000.0,116052000.0,116052000.0,0.0,387000.0,0.079,374253000.0,178864000.0,642056000.0,0.625,5.027,20.046,20.264,540737000.0,0.0,49.04,1.454,1.451,1051373000.0,1855935000.0,1475164000.0,1475164000.0,0.0,,,,,12957000.0,303783000.0,1.0,182059031.0,181753000,183132000.0,8.116,2699211000.0,19683000.0,66918000.0,59756000.0,14.851,1232819000.0
21,EXPD,MRQ,2016-03-31,2016-03-31,2016-03-31,2021-08-05,-71772000.0,2679743000.0,,2087480000.0,592263000.0,,9.776,-14035000.0,1013917000.0,1013917000.0,901403000.0,97047000.0,2.443,0.504,0.0,0.0,0.0,0.0,0.0,11329000.0,0.0,0.015,0.0,155021000.0,166350000.0,0.117,166350000.0,155021000.0,155021000.0,0.53,0.53,0.53,1779251000.0,,1779251000.0,8080601253.0,11.0,10.574,221918000.0,1.219,1.0,517069000.0,0.365,7927000.0,0.0,803484000.0,,0.0,0.0,0.0,0.0,897232000.0,854415000.0,42817000.0,8888397253.0,206121000.0,0.0,-28657000.0,0.0,0.0,-28657000.0,-14594000.0,0.0,235953000.0,13419000.0,96584000.0,96584000.0,96584000.0,0.0,463000.0,0.068,365243000.0,151826000.0,623699000.0,0.0,4.996,19.88,20.337,526941000.0,0.0,48.81,1.398,1.397,1010667000.0,1845356000.0,1418472000.0,1418472000.0,0.0,,,,,10831000.0,292787000.0,1.0,182101972.0,182010000,183018000.0,7.793,2671816000.0,18203000.0,58437000.0,71249000.0,14.68,1233065000.0
22,EXPD,MRQ,2015-12-31,2015-12-31,2015-12-31,2021-08-05,-81238000.0,2565577000.0,,1976509000.0,589068000.0,,9.143,-12222000.0,807796000.0,807796000.0,1060052000.0,115100000.0,2.295,0.515,0.0,0.0,0.0,0.0,0.0,11588000.0,0.0,0.016,0.36,183759000.0,195347000.0,0.122,195347000.0,183759000.0,183759000.0,0.62,0.61,0.62,1691993000.0,,1691993000.0,7438559085.0,10.0,9.531,105542000.0,0.57,1.0,536169000.0,0.336,7927000.0,0.0,888481000.0,,0.0,0.0,0.0,0.0,870901000.0,861373000.0,9528000.0,8407242085.0,-160887000.0,0.0,-198253000.0,0.0,-66892000.0,-268256000.0,-5117000.0,8218000.0,117764000.0,-5278000.0,114449000.0,114449000.0,114449000.0,0.0,651000.0,0.072,358177000.0,177992000.0,645304000.0,0.581,4.969,18.388,18.636,524724000.0,0.0,45.1,1.271,1.288,1112260000.0,1771379000.0,1596221000.0,1596221000.0,0.0,,,,,12772000.0,293846000.0,1.0,186413350.0,185068000,186548000.0,8.625,2557650000.0,0.0,69310000.0,39026000.0,13.82,1115136000.0
23,EXPD,MRQ,2015-09-30,2015-09-30,2015-09-30,2021-08-05,-74079000.0,2827018000.0,,2235460000.0,591558000.0,,9.76,-9546000.0,968683000.0,968683000.0,1081351000.0,118736000.0,2.34,0.536,0.0,0.0,0.0,0.0,0.0,11475000.0,0.0,0.014,0.0,191048000.0,202523000.0,0.123,202523000.0,191048000.0,191048000.0,0.63,0.62,0.63,1839045000.0,,1839045000.0,7914249824.0,11.0,10.467,123130000.0,0.653,1.0,569981000.0,0.345,7927000.0,0.0,895206000.0,,0.0,8260000.0,8260000.0,0.0,984826000.0,955202000.0,29624000.0,8899976824.0,-17044000.0,0.0,-155364000.0,0.0,0.0,-155364000.0,26576000.0,38788000.0,132676000.0,-20932000.0,118310000.0,118310000.0,118310000.0,0.0,426000.0,0.072,378088000.0,191893000.0,718555000.0,0.0,4.839,20.129,20.28,527893000.0,0.0,47.05,1.311,1.306,1166300000.0,1910388000.0,1651332000.0,1651332000.0,0.0,,,,,10919000.0,305936000.0,1.0,189159975.0,188424000,189642000.0,8.764,2819091000.0,20862000.0,72738000.0,57500000.0,14.961,1280258000.0
24,EXPD,MRQ,2015-06-30,2015-06-30,2015-06-30,2021-08-05,-52778000.0,2932375000.0,,2334755000.0,597620000.0,,9.894,-12912000.0,985727000.0,985727000.0,1139412000.0,118329000.0,2.35,0.553,0.0,0.0,0.0,0.0,0.0,11420000.0,0.0,0.015,0.36,188587000.0,200007000.0,0.118,200007000.0,188587000.0,188587000.0,0.62,0.61,0.62,1886621000.0,,1886621000.0,7785553222.0,11.0,10.663,168816000.0,0.885,1.0,552141000.0,0.326,7927000.0,0.0,945040000.0,,0.0,47047000.0,47047000.0,0.0,1042642000.0,993681000.0,48961000.0,8818697222.0,-47417000.0,0.0,-103090000.0,0.0,-68781000.0,-171505000.0,-59912000.0,-46986000.0,181728000.0,2272000.0,117760000.0,117760000.0,117760000.0,0.0,569000.0,0.07,369425000.0,182716000.0,738323000.0,0.581,4.674,20.69,20.768,536121000.0,0.0,46.105,1.289,1.285,1194180000.0,1935159000.0,1691553000.0,1691553000.0,0.0,,,,,11297000.0,297594000.0,1.0,191274205.0,190679000,191918000.0,8.871,2924448000.0,20930000.0,70827000.0,75782000.0,15.337,1341074000.0
25,EXPD,MRQ,2015-03-31,2015-03-31,2015-03-31,2021-08-05,-57091000.0,2943778000.0,,2352160000.0,591618000.0,,10.045,-9445000.0,1033144000.0,1033144000.0,1148040000.0,107332000.0,2.402,0.528,0.0,0.0,0.0,0.0,0.0,11529000.0,0.0,0.013,0.0,171021000.0,182550000.0,0.109,182550000.0,171021000.0,171021000.0,0.56,0.55,0.56,1924891000.0,,1924891000.0,8311505661.0,13.0,12.036,124949000.0,0.652,1.0,529486000.0,0.316,7927000.0,0.0,923488000.0,,0.0,61000.0,61000.0,0.0,1016247000.0,979219000.0,37028000.0,9238612661.0,106037000.0,0.0,-42320000.0,0.0,0.0,-41697000.0,31027000.0,40274000.0,134394000.0,-17687000.0,106704000.0,106704000.0,106704000.0,0.0,628000.0,0.064,360603000.0,168883000.0,749246000.0,0.0,4.8,23.11,23.388,528988000.0,0.0,48.18,1.369,1.368,1253639000.0,1974830000.0,1677526000.0,1677526000.0,0.0,,,,,8427000.0,288125000.0,1.0,191752027.0,191628000,192707000.0,8.754,2935851000.0,20402000.0,64317000.0,63191000.0,15.321,1372941000.0
26,EXPD,MRQ,2014-12-31,2014-12-31,2014-12-31,2021-08-05,-37817000.0,2890905000.0,,2289250000.0,601655000.0,,9.697,-10822000.0,927107000.0,927107000.0,1249959000.0,100740000.0,2.327,0.546,0.0,0.0,0.0,0.0,0.0,11752000.0,0.0,0.014,0.32,159254000.0,171006000.0,0.097,171006000.0,159254000.0,159254000.0,0.51,0.52,0.51,1868408000.0,,1868408000.0,7620615512.0,13.0,11.588,78710000.0,0.409,1.0,518871000.0,0.293,7927000.0,0.0,972088000.0,,0.0,40336000.0,40336000.0,0.0,1019297000.0,983783000.0,35514000.0,8611095512.0,-63373000.0,0.0,-64821000.0,0.0,-61827000.0,-126982000.0,-11684000.0,-20000.0,89532000.0,-14239000.0,99381000.0,99381000.0,99381000.0,0.0,1359000.0,0.056,361000000.0,157871000.0,770238000.0,0.627,4.609,22.848,23.234,538415000.0,0.0,44.61,1.312,1.333,1236042000.0,1903196000.0,1768830000.0,1768830000.0,0.0,,,,,10229000.0,287493000.0,1.0,193030610.0,192672247,193210570.0,9.181,2882978000.0,20279000.0,59873000.0,56591000.0,14.963,1305467000.0
27,EXPD,MRQ,2014-09-30,2014-09-30,2014-09-30,2021-08-05,-21778000.0,2926053000.0,,2317972000.0,608081000.0,,9.78,-8255000.0,990480000.0,990480000.0,1191849000.0,102797000.0,2.408,0.538,0.0,0.0,0.0,0.0,0.0,12741000.0,0.0,0.015,0.0,163844000.0,176585000.0,0.104,176585000.0,163844000.0,163844000.0,0.53,0.53,0.53,1901373000.0,,1901373000.0,6946922979.0,12.0,10.916,78436000.0,0.403,1.0,513256000.0,0.301,7927000.0,0.0,964848000.0,,0.0,40317000.0,40317000.0,0.0,1022123000.0,962798000.0,59325000.0,7917483979.0,19919000.0,0.0,-88592000.0,0.0,0.0,-88545000.0,37947000.0,45832000.0,86691000.0,-16174000.0,102381000.0,102381000.0,102381000.0,0.0,416000.0,0.06,354125000.0,159131000.0,746193000.0,0.0,4.164,21.932,22.297,545366000.0,0.0,40.58,1.233,1.229,1183167000.0,1920166000.0,1705105000.0,1705105000.0,0.0,,,,,10002000.0,281788000.0,1.0,195108033.0,194419071,195001267.0,8.77,2918126000.0,20782000.0,61463000.0,81384000.0,15.009,1355174000.0
28,EXPD,MRQ,2014-06-30,2014-06-30,2014-06-30,2021-08-05,-3609000.0,2929940000.0,,2310470000.0,619470000.0,,9.645,-36736000.0,970561000.0,970561000.0,1114427000.0,91728000.0,2.401,0.545,0.0,0.0,0.0,0.0,0.0,12417000.0,0.0,0.014,0.32,147971000.0,160388000.0,0.1,160388000.0,147971000.0,147971000.0,0.46,0.46,0.46,1894814000.0,,1894814000.0,7585006974.0,13.0,12.182,8150000.0,0.041,1.0,484714000.0,0.303,7927000.0,0.0,989221000.0,,0.0,86149000.0,86149000.0,0.0,1032803000.0,962231000.0,70572000.0,8716052974.0,-160485000.0,0.0,-109266000.0,0.0,-62807000.0,-171578000.0,-37930000.0,342000.0,44886000.0,4137000.0,91302000.0,91302000.0,91302000.0,0.0,426000.0,0.057,342271000.0,142443000.0,717141000.0,0.696,4.6,24.831,25.379,556228000.0,0.0,44.16,1.394,1.387,1150531000.0,1893771000.0,1599141000.0,1599141000.0,0.0,,,,,11382000.0,270058000.0,1.0,197374388.0,196451912,197126243.0,8.14,2922013000.0,19148000.0,56669000.0,94909000.0,14.874,1348239000.0
29,EXPD,MRQ,2014-03-31,2014-03-31,2014-03-31,2021-08-05,-8691000.0,2925504000.0,,2334993000.0,590511000.0,,9.736,-8760000.0,1131046000.0,1131046000.0,1027059000.0,84195000.0,2.59,0.493,0.0,0.0,0.0,0.0,0.0,12382000.0,0.0,0.015,0.0,137248000.0,149630000.0,0.1,149630000.0,137248000.0,137248000.0,0.42,0.42,0.42,1958131000.0,,1958131000.0,6783328068.0,12.0,10.861,165097000.0,0.821,1.0,464586000.0,0.311,7927000.0,0.0,885038000.0,,0.0,86491000.0,86491000.0,0.0,965490000.0,901493000.0,63997000.0,8030980068.0,-116606000.0,0.0,-218833000.0,0.0,0.0,-218429000.0,-67244000.0,-60154000.0,173857000.0,-4790000.0,83824000.0,83824000.0,83824000.0,0.0,371000.0,0.056,329383000.0,135203000.0,677582000.0,0.0,4.101,22.813,22.908,556071000.0,0.0,39.63,1.304,1.294,1062924000.0,1964122000.0,1491645000.0,1491645000.0,0.0,,,,,9805000.0,264115000.0,1.0,202649005.0,201118390,201843858.0,7.417,2917577000.0,18248000.0,53424000.0,91751000.0,14.507,1433500000.0
30,EXPD,MRQ,2013-12-31,2013-12-31,2013-12-31,2021-08-05,-6265000.0,3014812000.0,,2415269000.0,599543000.0,,10.192,-10720000.0,1247652000.0,1247652000.0,1147787000.0,84009000.0,2.776,0.445,0.0,0.0,0.0,0.0,0.0,12490000.0,0.0,0.014,0.3,137325000.0,149815000.0,0.092,149815000.0,137325000.0,137325000.0,0.41,0.4,0.41,2084783000.0,,2084783000.0,7786599824.0,14.0,12.576,51233000.0,0.25,1.0,478072000.0,0.294,7927000.0,0.0,889033000.0,,0.0,26337000.0,26337000.0,0.0,928481000.0,870200000.0,58281000.0,9096929824.0,-62678000.0,0.0,-129070000.0,0.0,-61393000.0,-189807000.0,64449000.0,73489000.0,61953000.0,727000.0,83496000.0,83496000.0,83496000.0,0.0,513000.0,0.051,344409000.0,133663000.0,648156000.0,0.732,4.363,26.101,26.183,563064000.0,0.0,44.25,1.496,1.499,1073500000.0,2087376000.0,1625859000.0,1625859000.0,0.0,,,,,10097000.0,276354000.0,1.0,205580335.0,204543762,205525293.0,7.949,3006885000.0,18396000.0,53829000.0,80024000.0,14.7,1545069000.0
31,EXPD,MRQ,2013-09-30,2013-09-30,2013-09-30,2021-08-05,-6236000.0,3098563000.0,,2498211000.0,600352000.0,,10.554,-15482000.0,1310330000.0,1310330000.0,1053064000.0,92729000.0,2.892,0.421,0.0,0.0,0.0,0.0,0.0,12629000.0,0.0,0.013,0.0,150163000.0,162792000.0,0.106,162792000.0,150163000.0,150163000.0,0.45,0.45,0.45,2179579000.0,,2179579000.0,7807963340.0,14.0,12.713,80811000.0,0.391,1.0,484902000.0,0.315,7927000.0,0.0,916327000.0,,0.0,99828000.0,99828000.0,0.0,917833000.0,863979000.0,53854000.0,9094072340.0,24221000.0,0.0,-52310000.0,0.0,0.0,-53471000.0,-25101000.0,-9925000.0,96293000.0,6500000.0,92400000.0,92400000.0,92400000.0,0.0,329000.0,0.06,338589000.0,146313000.0,656674000.0,0.0,4.172,26.04,26.071,562125000.0,0.0,44.06,1.516,1.517,1027572000.0,2181317000.0,1537966000.0,1537966000.0,0.0,,,,,11015000.0,269919000.0,1.0,206402005.0,206516194,207368792.0,7.447,3090636000.0,12670000.0,57763000.0,78029000.0,14.966,1634232000.0
32,EXPD,MRQ,2013-06-30,2013-06-30,2013-06-30,2021-08-05,-15105000.0,3063665000.0,,2475778000.0,587887000.0,,10.268,-17141000.0,1286109000.0,1286109000.0,1031352000.0,92663000.0,2.878,0.444,0.0,0.0,0.0,0.0,0.0,11674000.0,0.0,0.015,0.3,150626000.0,162300000.0,0.108,162300000.0,150626000.0,150626000.0,0.45,0.45,0.45,2119841000.0,,2119841000.0,6464742412.0,11.0,10.595,66885000.0,0.324,1.0,471872000.0,0.314,7927000.0,0.0,909416000.0,,0.0,89902000.0,89902000.0,0.0,941723000.0,860213000.0,81510000.0,7859429412.0,-108578000.0,0.0,-14052000.0,0.0,-61899000.0,-75367000.0,-105680000.0,-89803000.0,84026000.0,-11557000.0,92315000.0,92315000.0,92315000.0,0.0,348000.0,0.061,328293000.0,143579000.0,645196000.0,0.667,3.708,22.759,22.916,549583000.0,0.0,38.04,1.312,1.311,1018337000.0,2129349000.0,1503224000.0,1503224000.0,0.0,,,,,10456000.0,263897000.0,1.0,206609606.0,206444464,207192534.0,7.281,3055738000.0,11999000.0,58311000.0,99738000.0,14.802,1615565000.0
33,EXPD,MRQ,2013-03-31,2013-03-31,2013-03-31,2021-08-05,-4265000.0,3017799000.0,,2430826000.0,586973000.0,,10.184,-10068000.0,1394687000.0,1394687000.0,965201000.0,80610000.0,2.923,0.434,0.0,0.0,0.0,0.0,0.0,11278000.0,0.0,0.016,0.0,132997000.0,144275000.0,0.102,144275000.0,132997000.0,132997000.0,0.39,0.39,0.39,2102695000.0,,2102695000.0,6117313389.0,11.0,10.258,155196000.0,0.752,1.0,448007000.0,0.317,7927000.0,0.0,783505000.0,,0.0,0.0,0.0,0.0,913178000.0,831680000.0,81498000.0,7378155389.0,133845000.0,0.0,-6752000.0,0.0,0.0,-13383000.0,-10474000.0,38000.0,165264000.0,-7562000.0,80315000.0,80315000.0,80315000.0,0.0,295000.0,0.057,319489000.0,128518000.0,629190000.0,0.0,3.509,21.896,22.193,546698000.0,0.0,35.73,1.231,1.231,982119000.0,2098933000.0,1413208000.0,1413208000.0,0.0,,,,,9906000.0,255674000.0,1.0,206497492.0,206475095,207613863.0,6.844,3009872000.0,11867000.0,52682000.0,108776000.0,14.577,1599146000.0
34,EXPD,MRQ,2012-12-31,2012-12-31,2012-12-31,2021-08-05,5734000.0,2954125000.0,,2357599000.0,596526000.0,,9.76,-10554000.0,1260842000.0,1260842000.0,1074219000.0,83499000.0,2.798,0.454,0.0,0.0,0.0,0.0,0.0,10695000.0,0.0,0.014,0.28,134101000.0,144796000.0,0.094,144796000.0,134101000.0,134101000.0,0.4,0.4,0.4,2027699000.0,,2027699000.0,6897586608.0,13.0,11.676,50195000.0,0.242,1.0,470010000.0,0.304,7927000.0,0.0,842798000.0,,0.0,139000.0,139000.0,0.0,921555000.0,842558000.0,78997000.0,8265228608.0,-106800000.0,0.0,-101411000.0,0.0,-57905000.0,-158311000.0,-10408000.0,131000.0,60749000.0,1170000.0,84208000.0,84208000.0,84208000.0,0.0,-709000.0,0.055,341985000.0,128025000.0,641593000.0,0.7,4.076,24.794,25.032,556204000.0,0.0,39.55,1.379,1.389,1031376000.0,2018618000.0,1544229000.0,1544229000.0,0.0,,,,,10102000.0,254910000.0,1.0,208981760.0,207747230,208991757.0,7.433,2946198000.0,12102000.0,49893000.0,100967000.0,14.182,1515041000.0
35,EXPD,MRQ,2012-09-30,2012-09-30,2012-09-30,2021-08-05,5267000.0,3032187000.0,,2439995000.0,592192000.0,,9.946,-10170000.0,1367642000.0,1367642000.0,1066526000.0,88727000.0,2.817,0.448,0.0,0.0,0.0,0.0,0.0,10030000.0,0.0,0.015,0.0,148743000.0,158773000.0,0.104,158773000.0,148743000.0,148743000.0,0.42,0.42,0.42,2090017000.0,,2090017000.0,6288973929.0,11.0,10.322,58996000.0,0.281,1.0,465138000.0,0.304,9774000.0,0.0,788571000.0,,0.0,0.0,0.0,0.0,936488000.0,866200000.0,70288000.0,7653220929.0,3395000.0,0.0,-62628000.0,0.0,0.0,-63746000.0,-10161000.0,113000.0,69166000.0,8136000.0,88490000.0,88490000.0,88490000.0,0.0,237000.0,0.058,320039000.0,145099000.0,667395000.0,0.0,3.662,22.378,22.438,551610000.0,0.0,36.35,1.284,1.281,1015350000.0,2082542000.0,1531664000.0,1531664000.0,0.0,,,,,11261000.0,260746000.0,1.0,210542529.0,210135763,211397602.0,7.289,3022413000.0,10955000.0,60253000.0,94231000.0,14.383,1573795000.0
36,EXPD,MRQ,2012-06-30,2012-06-30,2012-06-30,2021-08-05,-4345000.0,2992372000.0,,2405397000.0,586975000.0,,9.652,-9814000.0,1364247000.0,1364247000.0,1051301000.0,84021000.0,2.724,0.461,0.0,0.0,0.0,0.0,0.0,9670000.0,0.0,0.014,0.28,138847000.0,148517000.0,0.099,148517000.0,138847000.0,138847000.0,0.4,0.39,0.4,2043455000.0,,2043455000.0,6817796265.0,11.0,10.706,83000000.0,0.392,1.0,453651000.0,0.301,10003000.0,0.0,735224000.0,,0.0,376000.0,376000.0,0.0,942315000.0,882898000.0,59417000.0,8230711265.0,-48668000.0,0.0,-76919000.0,0.0,-59358000.0,-135471000.0,5973000.0,15878000.0,92814000.0,-11984000.0,83955000.0,83955000.0,83955000.0,0.0,66000.0,0.056,321248000.0,132403000.0,672836000.0,0.7,4.028,22.856,22.794,546754000.0,0.0,38.75,1.364,1.359,983131000.0,2044682000.0,1504952000.0,1504952000.0,0.0,,,,,10120000.0,258785000.0,1.0,212405452.0,211724082,213212912.0,7.108,2982369000.0,10234000.0,54892000.0,85365000.0,14.086,1522499000.0
37,EXPD,MRQ,2012-03-31,2012-03-31,2012-03-31,2021-08-05,7064000.0,3001223000.0,,2410198000.0,591025000.0,,9.88,-17088000.0,1412915000.0,1412915000.0,964799000.0,76722000.0,2.91,0.429,0.0,0.0,0.0,0.0,0.0,9545000.0,0.0,0.011,0.0,129093000.0,138638000.0,0.098,138638000.0,129093000.0,129093000.0,0.36,0.36,0.36,2095454000.0,,2095454000.0,8569389734.0,14.0,13.123,130309000.0,0.614,1.0,446571000.0,0.316,10215000.0,0.0,749836000.0,,0.0,16277000.0,16277000.0,0.0,899189000.0,828257000.0,70932000.0,9863745734.0,118559000.0,0.0,-8945000.0,0.0,0.0,-5519000.0,-32398000.0,-15780000.0,147397000.0,9079000.0,76707000.0,76707000.0,76707000.0,0.0,15000.0,0.054,321300000.0,125271000.0,629503000.0,0.0,4.707,26.576,26.577,550323000.0,0.0,46.51,1.614,1.614,934866000.0,2067929000.0,1411370000.0,1411370000.0,0.0,,,,,7174000.0,254795000.0,1.0,212077956.0,212097662,214199510.0,6.654,2991008000.0,9754000.0,52386000.0,99151000.0,14.102,1581941000.0
38,EXPD,MRQ,2011-12-31,2011-12-31,2011-12-31,2021-08-05,-2964000.0,2866827000.0,,2286883000.0,579944000.0,,9.452,-19370000.0,1294356000.0,1294356000.0,1025759000.0,93140000.0,2.872,0.428,0.0,0.0,0.0,0.0,0.0,9146000.0,0.0,0.012,0.25,154182000.0,163328000.0,0.108,163328000.0,154182000.0,154904000.0,0.44,0.43,0.44,2003638000.0,,2003638000.0,7423918948.0,12.0,11.011,88566000.0,0.418,1.0,487194000.0,0.322,7927000.0,-722000.0,768399000.0,,0.0,0.0,0.0,0.0,856758000.0,796145000.0,60613000.0,8684732948.0,33542000.0,0.0,-1444000.0,0.0,-52997000.0,-54342000.0,-18918000.0,29000.0,107936000.0,-1134000.0,92843000.0,92843000.0,92843000.0,0.0,297000.0,0.061,332130000.0,155064000.0,606628000.0,0.568,4.334,22.518,22.505,538806000.0,0.0,40.96,1.41,1.41,934752000.0,1991222000.0,1512953000.0,1512953000.0,0.0,,,,,10600000.0,258364000.0,1.0,212029613.0,211987062,214004295.0,7.137,2858900000.0,10415000.0,62061000.0,80685000.0,13.486,1490738000.0
39,EXPD,MRQ,2011-09-30,2011-09-30,2011-09-30,2021-08-05,-1417000.0,2883169000.0,,2312613000.0,570556000.0,,9.214,-20595000.0,1260814000.0,1260814000.0,1112522000.0,106876000.0,2.672,0.471,0.0,0.0,0.0,0.0,0.0,9199000.0,0.0,0.011,0.0,177166000.0,186365000.0,0.116,186365000.0,177166000.0,176887000.0,0.5,0.5,0.5,1955719000.0,,1955719000.0,7374243635.0,12.0,10.972,72710000.0,0.343,1.0,493846000.0,0.307,10843000.0,279000.0,746011000.0,,0.0,483000.0,483000.0,0.0,921111000.0,865501000.0,55610000.0,8600073635.0,34984000.0,0.0,-12332000.0,0.0,0.0,-12617000.0,-21227000.0,0.0,93305000.0,-24477000.0,106604000.0,106604000.0,106604000.0,0.0,272000.0,0.066,330088000.0,163758000.0,655092000.0,0.0,4.397,22.089,22.158,528852000.0,0.0,40.55,1.38,1.381,997705000.0,1951375000.0,1606368000.0,1606368000.0,0.0,,,,,12201000.0,267854000.0,1.0,212085663.0,212256119,214717451.0,7.568,2872326000.0,10161000.0,70283000.0,87844000.0,13.532,1447112000.0
40,EXPD,MRQ,2011-06-30,2011-06-30,2011-06-30,2021-08-05,22459000.0,2878004000.0,,2313042000.0,564962000.0,,8.825,-17068000.0,1225830000.0,1225830000.0,1108807000.0,95020000.0,2.51,0.534,0.0,0.0,0.0,0.0,0.0,9257000.0,0.0,0.009,0.25,155424000.0,164681000.0,0.104,164681000.0,155424000.0,155195000.0,0.45,0.44,0.45,1872048000.0,,1872048000.0,9632761023.0,16.0,14.717,60989000.0,0.287,1.0,472561000.0,0.299,11086000.0,229000.0,719563000.0,,0.0,1071000.0,1071000.0,0.0,998854000.0,921525000.0,77329000.0,10871232023.0,-12641000.0,0.0,-29869000.0,0.0,-53014000.0,-80598000.0,-17581000.0,-449000.0,78057000.0,7481000.0,95000000.0,95000000.0,95000000.0,0.0,20000.0,0.06,320286000.0,152275000.0,688854000.0,0.556,5.807,28.696,28.758,523400000.0,0.0,51.19,1.728,1.726,1028015000.0,1844771000.0,1581368000.0,1581368000.0,0.0,,,,,7951000.0,259136000.0,1.0,212370229.0,212136164,215659043.0,7.454,2866918000.0,9469000.0,60195000.0,113187000.0,13.515,1391517000.0
41,EXPD,MRQ,2011-03-31,2011-03-31,2011-03-31,2021-08-05,16958000.0,2836732000.0,,2280825000.0,555907000.0,,8.685,-21082000.0,1238471000.0,1238471000.0,1006933000.0,91207000.0,2.493,0.536,0.0,0.0,0.0,0.0,0.0,9174000.0,0.0,0.008,0.0,150692000.0,159866000.0,0.109,159866000.0,150692000.0,150478000.0,0.43,0.42,0.43,1841909000.0,,1841909000.0,9557253416.0,16.0,14.723,156751000.0,0.739,1.0,453915000.0,0.311,11329000.0,214000.0,671947000.0,,0.0,612000.0,612000.0,0.0,987612000.0,914985000.0,72627000.0,10641718416.0,154006000.0,0.0,-11780000.0,0.0,0.0,-9534000.0,-22613000.0,-89000.0,177833000.0,8320000.0,91232000.0,91232000.0,91232000.0,0.0,-25000.0,0.062,306685000.0,147230000.0,687988000.0,0.0,5.778,28.442,28.494,514429000.0,0.0,50.15,1.709,1.708,1006980000.0,1808481000.0,1460848000.0,1460848000.0,0.0,,,,,8226000.0,246978000.0,1.0,212197775.0,212088860,215863386.0,6.888,2825403000.0,9382000.0,59246000.0,117233000.0,13.322,1365840000.0
42,EXPD,MRQ,2010-12-31,2010-12-31,2010-12-31,2021-08-05,8125000.0,2679179000.0,,2140355000.0,538824000.0,,8.203,-16023000.0,1084465000.0,1084465000.0,1128773000.0,96448000.0,2.483,0.535,0.0,0.0,0.0,0.0,0.0,9310000.0,0.0,0.007,0.2,151871000.0,161181000.0,0.102,161181000.0,151871000.0,151673000.0,0.45,0.45,0.45,1740906000.0,,1740906000.0,10537431802.0,19.0,17.518,118808000.0,0.56,1.0,453362000.0,0.287,11643000.0,198000.0,721093000.0,,0.0,524000.0,524000.0,0.0,931025000.0,861978000.0,69047000.0,11594657802.0,27239000.0,0.0,-68036000.0,0.0,-42475000.0,-98325000.0,-16214000.0,-107000.0,134831000.0,6947000.0,96502000.0,96502000.0,96502000.0,0.0,-54000.0,0.061,304790000.0,148572000.0,652161000.0,0.444,6.66,33.689,33.704,498648000.0,0.0,54.6,1.943,1.942,1003884000.0,1717249000.0,1582135000.0,1582135000.0,0.0,,,,,-1578000.0,247415000.0,1.0,212356370.0,212216301,216293110.0,7.455,2667536000.0,8706000.0,55171000.0,100995000.0,12.57,1278377000.0
43,EXPD,MRQ,2010-09-30,2010-09-30,2010-09-30,2021-08-05,4802000.0,2716183000.0,,2183645000.0,532538000.0,,8.139,-10855000.0,1057226000.0,1057226000.0,1208816000.0,96038000.0,2.37,0.567,0.0,0.0,0.0,0.0,0.0,9085000.0,0.0,0.008,0.0,159701000.0,168786000.0,0.101,168786000.0,159701000.0,159561000.0,0.45,0.44,0.45,1728622000.0,,1728622000.0,8848600872.0,17.0,15.734,102163000.0,0.481,1.0,458743000.0,0.275,11892000.0,140000.0,725800000.0,,0.0,601000.0,601000.0,0.0,980065000.0,921265000.0,58800000.0,9808900872.0,96926000.0,0.0,-30064000.0,0.0,0.0,-27557000.0,-9510000.0,137000.0,113018000.0,20975000.0,96105000.0,96105000.0,96105000.0,0.0,-67000.0,0.058,299122000.0,159621000.0,700585000.0,0.0,5.674,30.962,31.027,493046000.0,0.0,46.23,1.742,1.743,1082733000.0,1715876000.0,1667559000.0,1667559000.0,0.0,,,,,7376000.0,243234000.0,1.0,212176095.0,212392286,216342380.0,7.851,2704291000.0,8325000.0,63456000.0,90561000.0,12.733,1262380000.0
44,EXPD,MRQ,2010-06-30,2010-06-30,2010-06-30,2021-08-05,-17043000.0,2546542000.0,,2022407000.0,524135000.0,,7.66,-8007000.0,960300000.0,960300000.0,1097912000.0,90409000.0,2.339,0.561,0.0,0.0,0.0,0.0,0.0,9110000.0,0.0,0.011,0.2,150177000.0,159287000.0,0.105,159287000.0,150177000.0,150026000.0,0.43,0.42,0.43,1626420000.0,,1626420000.0,6305134929.0,14.0,12.526,12539000.0,0.059,1.0,418858000.0,0.276,12145000.0,151000.0,709561000.0,,0.0,705000.0,705000.0,0.0,911734000.0,864536000.0,47198000.0,7346782929.0,-81348000.0,0.0,-42629000.0,0.0,-42397000.0,-80919000.0,-8708000.0,6000.0,20546000.0,-12267000.0,90318000.0,90318000.0,90318000.0,0.0,91000.0,0.06,280362000.0,138496000.0,659237000.0,0.465,4.517,26.384,26.344,483827000.0,0.0,34.51,1.469,1.465,1016575000.0,1634771000.0,1516770000.0,1516770000.0,0.0,,,,,6896000.0,228655000.0,1.0,212888523.0,212332375,216460977.0,7.143,2534397000.0,8141000.0,59708000.0,75554000.0,11.936,1157871000.0
45,EXPD,MRQ,2010-03-31,2010-03-31,2010-03-31,2021-08-05,-2515000.0,2422079000.0,,1892949000.0,529130000.0,,7.637,-7523000.0,1041648000.0,1041648000.0,839286000.0,61310000.0,2.529,0.489,0.0,0.0,0.0,0.0,0.0,9395000.0,0.0,0.01,0.0,102862000.0,112257000.0,0.093,112257000.0,102862000.0,102775000.0,0.29,0.28,0.29,1620547000.0,,1620547000.0,6905613689.0,17.0,15.483,119600000.0,0.564,1.0,361823000.0,0.301,12468000.0,87000.0,619526000.0,,0.0,713000.0,713000.0,0.0,793143000.0,748437000.0,44706000.0,7831542689.0,115719000.0,0.0,-5799000.0,0.0,0.0,-1787000.0,-7747000.0,-36000.0,127123000.0,-1870000.0,61247000.0,61247000.0,61247000.0,0.0,63000.0,0.051,261282000.0,100541000.0,567885000.0,0.0,4.833,32.334,32.673,488983000.0,0.0,36.92,1.788,1.788,817936000.0,1593265000.0,1201109000.0,1201109000.0,0.0,,,,,7186000.0,206883000.0,1.0,212121958.0,212192710,216630436.0,5.66,2409611000.0,8494000.0,41528000.0,63125000.0,11.356,1144512000.0
46,EXPD,MRQ,2009-12-31,2009-12-31,2009-12-31,2021-08-05,604000.0,2323722000.0,,1787830000.0,535892000.0,,7.326,-9213000.0,925929000.0,925929000.0,877199000.0,69650000.0,2.524,0.491,0.0,0.0,0.0,0.0,0.0,9910000.0,0.0,0.011,0.19,112130000.0,122040000.0,0.098,122040000.0,112130000.0,112035000.0,0.32,0.32,0.32,1553007000.0,,1553007000.0,6425701016.0,16.0,14.498,21757000.0,0.103,1.0,369712000.0,0.297,12865000.0,95000.0,676542000.0,,0.0,655000.0,655000.0,0.0,762375000.0,708386000.0,53989000.0,7372970016.0,-21340000.0,0.0,-3020000.0,0.0,-40279000.0,-44758000.0,-5790000.0,-22000.0,30970000.0,-1762000.0,69135000.0,69135000.0,69135000.0,0.0,515000.0,0.055,259358000.0,110354000.0,546675000.0,0.594,4.748,30.693,30.77,495701000.0,0.0,34.77,1.802,1.802,810369000.0,1532018000.0,1246911000.0,1246911000.0,0.0,,,,,9725000.0,210682000.0,1.0,212049756.0,211990764,216385850.0,5.882,2310857000.0,8338000.0,42900000.0,70155000.0,10.901,1079444000.0
47,EXPD,MRQ,2009-09-30,2009-09-30,2009-09-30,2021-08-05,13000.0,2216887000.0,,1676520000.0,540367000.0,,7.124,-9466000.0,947269000.0,947269000.0,690815000.0,57564000.0,2.559,0.461,0.0,0.0,0.0,0.0,0.0,9923000.0,0.0,0.01,0.0,99840000.0,109763000.0,0.106,109763000.0,99840000.0,99515000.0,0.27,0.27,0.27,1512046000.0,,1512046000.0,6540449399.0,16.0,14.288,32996000.0,0.155,1.0,346512000.0,0.334,13307000.0,325000.0,601175000.0,,0.0,629000.0,629000.0,0.0,696932000.0,655136000.0,41796000.0,7456431399.0,31287000.0,0.0,-8996000.0,0.0,0.0,-9759000.0,-10909000.0,17000.0,42462000.0,9493000.0,57752000.0,57752000.0,57752000.0,0.0,-188000.0,0.056,250266000.0,96246000.0,486663000.0,0.0,4.931,29.968,30.302,496203000.0,0.0,35.15,1.796,1.796,684248000.0,1503162000.0,1037327000.0,1037327000.0,0.0,,,,,10548000.0,201284000.0,1.0,212131761.0,212241480,216684079.0,4.887,2203580000.0,7806000.0,41763000.0,59389000.0,10.382,1021384000.0
48,EXPD,MRQ,2009-06-30,2009-06-30,2009-06-30,2021-08-05,-6668000.0,2073944000.0,,1534908000.0,539036000.0,,6.815,-7133000.0,915982000.0,915982000.0,565313000.0,53814000.0,2.675,0.428,0.0,0.0,0.0,0.0,0.0,10244000.0,0.0,0.01,0.19,91697000.0,101941000.0,0.114,101941000.0,91697000.0,91633000.0,0.25,0.25,0.25,1445568000.0,,1445568000.0,6195919303.0,13.0,12.385,77953000.0,0.368,1.0,330047000.0,0.369,13534000.0,64000.0,570700000.0,,0.0,636000.0,636000.0,0.0,619261000.0,573728000.0,45533000.0,7079598303.0,32303000.0,0.0,-14892000.0,0.0,-40276000.0,-53095000.0,-14599000.0,-13000.0,85086000.0,14911000.0,54070000.0,54070000.0,54070000.0,0.0,-256000.0,0.06,243120000.0,86927000.0,397735000.0,0.76,4.897,25.593,25.845,496362000.0,0.0,33.34,1.513,1.511,577302000.0,1445409000.0,895360000.0,895360000.0,0.0,,,,,9298000.0,195112000.0,1.0,212345480.0,212116679,216653968.0,4.221,2060410000.0,8506000.0,37563000.0,64769000.0,9.714,961180000.0
49,EXPD,MRQ,2009-03-31,2009-03-31,2009-03-31,2021-08-05,-26704000.0,2054822000.0,,1531272000.0,523550000.0,,6.663,-8612000.0,883679000.0,883679000.0,576170000.0,59369000.0,2.619,0.447,0.0,0.0,0.0,0.0,0.0,9958000.0,0.0,0.011,0.0,99524000.0,109482000.0,0.12,109482000.0,99524000.0,99509000.0,0.28,0.27,0.28,1413187000.0,,1413187000.0,5259676579.0,11.0,10.004,163670000.0,0.772,1.0,336515000.0,0.369,13831000.0,15000.0,572681000.0,,0.0,598000.0,598000.0,0.0,632288000.0,584631000.0,47657000.0,6000704579.0,142651000.0,0.0,-10676000.0,0.0,0.0,-9736000.0,-10050000.0,44000.0,172282000.0,-9845000.0,59260000.0,59260000.0,59260000.0,0.0,109000.0,0.065,245041000.0,91474000.0,407021000.0,0.0,4.246,20.424,20.65,488804000.0,0.0,28.29,1.145,1.145,613283000.0,1431616000.0,912685000.0,912685000.0,0.0,,,,,3838000.0,193431000.0,1.0,212113983.0,212100504,216319959.0,4.303,2040991000.0,8924000.0,40249000.0,77122000.0,9.623,946641000.0
50,EXPD,MRQ,2008-12-31,2008-12-31,2008-12-31,2021-08-05,-15208000.0,2100839000.0,,1573359000.0,527480000.0,,6.447,-10487000.0,741028000.0,741028000.0,904908000.0,78706000.0,2.347,0.525,0.0,0.0,0.0,0.0,0.0,9953000.0,0.0,0.01,0.16,126625000.0,136578000.0,0.104,136578000.0,126625000.0,126611000.0,0.36,0.35,0.36,1366418000.0,,1366418000.0,6358606035.0,13.0,11.824,92093000.0,0.435,1.0,402481000.0,0.308,14430000.0,14000.0,675032000.0,,0.0,658000.0,658000.0,0.0,716923000.0,670349000.0,46574000.0,7054955035.0,44679000.0,0.0,-4686000.0,0.0,-33942000.0,-37554000.0,-11255000.0,-282000.0,102580000.0,-9092000.0,77728000.0,77728000.0,77728000.0,0.0,978000.0,0.059,283276000.0,119205000.0,491823000.0,0.444,5.163,23.437,23.596,493129000.0,0.0,33.27,1.252,1.256,788176000.0,1372356000.0,1307389000.0,1307389000.0,0.0,,,,,9689000.0,227336000.0,1.0,212051549.0,211941524,216969989.0,6.169,2086409000.0,7986000.0,48883000.0,74613000.0,9.844,903010000.0
51,EXPD,MRQ,2008-09-30,2008-09-30,2008-09-30,2021-08-05,9193000.0,2270337000.0,,1734339000.0,535998000.0,,6.298,-24525000.0,696349000.0,696349000.0,1135786000.0,86146000.0,2.035,0.694,0.0,0.0,0.0,0.0,0.0,10222000.0,0.0,0.009,0.0,142045000.0,152267000.0,0.097,152267000.0,142045000.0,142022000.0,0.4,0.39,0.4,1339884000.0,,1339884000.0,6719348130.0,14.0,12.807,67153000.0,0.316,1.0,429127000.0,0.274,14652000.0,23000.0,707069000.0,,0.0,406000.0,406000.0,0.0,930453000.0,852267000.0,78186000.0,7422836130.0,-7139000.0,0.0,-48595000.0,0.0,2000.0,-48880000.0,-23896000.0,-6000.0,91678000.0,-26041000.0,85565000.0,85565000.0,85565000.0,0.0,581000.0,0.055,293731000.0,135396000.0,667104000.0,0.0,5.54,25.304,25.431,501664000.0,0.0,34.84,1.286,1.284,995107000.0,1328572000.0,1564913000.0,1564913000.0,0.0,,,,,11028000.0,233690000.0,1.0,213054998.0,212747871,218729790.0,7.356,2255685000.0,8098000.0,56457000.0,92044000.0,10.603,882072000.0
52,EXPD,MRQ,2008-06-30,2008-06-30,2008-06-30,2021-08-05,40832000.0,2289704000.0,,1747964000.0,541740000.0,,6.201,-14177000.0,703488000.0,703488000.0,1056930000.0,71606000.0,2.004,0.731,0.0,0.0,0.0,0.0,0.0,10056000.0,0.0,0.007,0.16,117367000.0,127423000.0,0.088,127423000.0,117367000.0,117292000.0,0.33,0.32,0.33,1322552000.0,,1322552000.0,8431437674.0,18.0,16.592,21826000.0,0.102,1.0,397325000.0,0.273,15143000.0,75000.0,698894000.0,,0.0,410000.0,410000.0,0.0,967152000.0,872179000.0,94973000.0,9171655674.0,-37478000.0,0.0,-35433000.0,-810000.0,-34163000.0,-62517000.0,-14316000.0,169000.0,36003000.0,3352000.0,71249000.0,71249000.0,71249000.0,0.0,357000.0,0.049,284354000.0,112971000.0,682409000.0,0.485,6.935,32.512,32.576,505263000.0,0.0,43.0,1.632,1.632,982725000.0,1247023000.0,1454255000.0,1454255000.0,0.0,,,,,3434000.0,225279000.0,1.0,213294318.0,213275229,220515987.0,6.819,2274561000.0,7885000.0,46043000.0,108266000.0,10.665,875785000.0
53,EXPD,MRQ,2008-03-31,2008-03-31,2008-03-31,2021-08-05,38957000.0,2183703000.0,,1646065000.0,537638000.0,,6.101,-10168000.0,740966000.0,740966000.0,932993000.0,66521000.0,2.06,0.68,748000.0,748000.0,0.0,748000.0,0.0,9772000.0,0.0,0.006,0.0,111753000.0,121525000.0,0.093,121525000.0,111753000.0,111682000.0,0.31,0.3,0.31,1299812000.0,,1299812000.0,9055388153.0,20.0,18.113,168537000.0,0.791,1.0,374328000.0,0.286,15637000.0,71000.0,628890000.0,,0.0,606000.0,606000.0,0.0,883891000.0,798958000.0,84933000.0,9629987153.0,166367000.0,0.0,-14004000.0,810000.0,0.0,-11795000.0,-9758000.0,47000.0,178705000.0,9215000.0,66472000.0,66472000.0,66472000.0,0.0,49000.0,0.051,268764000.0,105564000.0,615800000.0,0.0,7.409,34.849,34.754,500845000.0,0.0,45.18,1.776,1.775,878191000.0,1209937000.0,1307321000.0,1307321000.0,0.0,,,,,9774000.0,215319000.0,1.0,213147126.0,213062231,220437979.0,6.136,2168066000.0,7185000.0,45210000.0,104378000.0,10.176,847107000.0
54,EXPD,MRQ,2007-12-31,2007-12-31,2007-12-31,2021-08-05,30971000.0,2069065000.0,,1534697000.0,534368000.0,,5.756,-11863000.0,574599000.0,574599000.0,1067141000.0,70761000.0,1.994,0.687,0.0,0.0,0.0,0.0,0.0,9763000.0,0.0,0.006,0.14,113684000.0,123447000.0,0.085,123447000.0,113684000.0,113647000.0,0.33,0.31,0.33,1226571000.0,,1226571000.0,8964564892.0,20.0,18.361,61197000.0,0.287,1.0,379441000.0,0.262,15759000.0,37000.0,708954000.0,,0.0,674000.0,674000.0,0.0,842494000.0,769753000.0,72741000.0,9521746892.0,17417000.0,0.0,-15938000.0,0.0,-29846000.0,-43451000.0,-12538000.0,-198000.0,73060000.0,346000.0,70057000.0,70057000.0,70057000.0,0.0,704000.0,0.048,271825000.0,107616000.0,613108000.0,0.424,7.763,35.377,35.46,497892000.0,0.0,44.68,1.819,1.821,933519000.0,1143464000.0,1446582000.0,1446582000.0,0.0,,,,,7875000.0,217687000.0,1.0,213109823.0,213093019,221219173.0,6.789,2053306000.0,8278000.0,43590000.0,82509000.0,9.636,764944000.0
55,EXPD,MRQ,2007-09-30,2007-09-30,2007-09-30,2021-08-05,28548000.0,2105209000.0,,1571329000.0,533880000.0,,5.562,-39519000.0,557182000.0,557182000.0,1026215000.0,74320000.0,1.868,0.773,0.0,0.0,0.0,0.0,0.0,9690000.0,0.0,0.005,0.0,126092000.0,135782000.0,0.096,135782000.0,126092000.0,126070000.0,0.35,0.34,0.35,1187333000.0,,1187333000.0,9505862317.0,22.0,19.876,-3005000.0,-0.014,1.0,384810000.0,0.273,16068000.0,22000.0,690939000.0,,0.0,441000.0,441000.0,0.0,917876000.0,841020000.0,76856000.0,10080691317.0,-17860000.0,0.0,-25534000.0,-203000.0,0.0,-21588000.0,-40319000.0,26000.0,36514000.0,7533000.0,74320000.0,74320000.0,74320000.0,0.0,0.0,0.053,265289000.0,119521000.0,660460000.0,0.0,8.49,38.519,38.455,497768000.0,0.0,47.3,2.003,2.006,984092000.0,1103253000.0,1411025000.0,1411025000.0,0.0,,,,,7057000.0,214096000.0,1.0,213122438.0,213485465,221649693.0,6.609,2089141000.0,7760000.0,51750000.0,93899000.0,9.786,730309000.0
56,EXPD,MRQ,2007-06-30,2007-06-30,2007-06-30,2021-08-05,20389000.0,1937261000.0,,1437761000.0,499500000.0,,5.229,-17841000.0,575042000.0,575042000.0,904044000.0,65489000.0,1.884,0.737,213000.0,213000.0,0.0,213000.0,0.0,10275000.0,0.0,0.006,0.14,108922000.0,119197000.0,0.095,119197000.0,108922000.0,108804000.0,0.31,0.3,0.31,1115033000.0,,1115033000.0,8226036558.0,19.0,17.776,69091000.0,0.324,1.0,354574000.0,0.282,14780000.0,118000.0,584384000.0,,0.0,466000.0,466000.0,0.0,822228000.0,763268000.0,58960000.0,8802628558.0,-1774000.0,0.0,-43995000.0,-17000.0,-29902000.0,-68939000.0,-21801000.0,76000.0,86932000.0,2034000.0,65489000.0,65489000.0,65489000.0,0.0,0.0,0.052,252836000.0,101738000.0,583632000.0,0.452,7.895,35.044,35.0,455639000.0,0.0,41.3,1.814,1.815,829202000.0,1028933000.0,1258618000.0,1258618000.0,0.0,,,,,6752000.0,206974000.0,1.0,213138706.0,213251710,221716414.0,5.902,1922481000.0,7613000.0,43315000.0,73284000.0,9.015,674493000.0
57,EXPD,MRQ,2007-03-31,2007-03-31,2007-03-31,2021-08-05,15809000.0,1836799000.0,,1351393000.0,485406000.0,,5.161,-13059000.0,576816000.0,576816000.0,784810000.0,59288000.0,1.971,0.668,224000.0,224000.0,0.0,224000.0,0.0,9575000.0,0.0,0.005,0.0,100462000.0,110037000.0,0.098,110037000.0,100462000.0,100448000.0,0.28,0.27,0.28,1101527000.0,,1101527000.0,8334310169.0,20.0,18.771,103020000.0,0.483,1.0,334136000.0,0.299,15181000.0,14000.0,559344000.0,,0.0,530000.0,530000.0,0.0,735272000.0,685682000.0,49590000.0,8845668169.0,65458000.0,0.0,-57132000.0,220000.0,0.0,-40580000.0,-13313000.0,86000.0,116079000.0,3272000.0,59288000.0,59288000.0,59288000.0,0.0,0.0,0.053,239611000.0,94525000.0,513598000.0,0.0,8.03,36.548,36.566,455835000.0,0.0,41.32,1.872,1.866,750938000.0,993346000.0,1118946000.0,1118946000.0,0.0,,,,,-4872000.0,191857000.0,1.0,214077158.0,213428221,222842546.0,5.243,1821618000.0,7386000.0,41160000.0,66402000.0,8.535,665711000.0
58,EXPD,MRQ,2006-12-31,2006-12-31,2006-12-31,2021-08-05,14320000.0,1822338000.0,,1341837000.0,480501000.0,,5.02,-9644000.0,511358000.0,511358000.0,908493000.0,62610000.0,1.892,0.703,0.0,0.0,0.0,0.0,0.0,9428000.0,0.0,0.005,0.11,103822000.0,113250000.0,0.091,113250000.0,103822000.0,103583000.0,0.29,0.28,0.29,1070091000.0,,1070091000.0,8133871106.0,21.0,18.855,45254000.0,0.212,1.0,335856000.0,0.27,15511000.0,239000.0,586324000.0,,0.0,578000.0,578000.0,0.0,752247000.0,709145000.0,43102000.0,8633400106.0,11829000.0,0.0,-14075000.0,0.0,-23444000.0,-42286000.0,-9557000.0,-166000.0,54898000.0,8774000.0,62610000.0,62610000.0,62610000.0,0.0,0.0,0.05,236201000.0,99655000.0,544028000.0,0.379,8.068,36.723,36.818,449247000.0,0.0,40.5,1.863,1.866,811486000.0,934058000.0,1244349000.0,1244349000.0,0.0,,,,,10906000.0,194054000.0,1.0,213170373.0,213144640,227273323.0,5.838,1806827000.0,7490000.0,40973000.0,69863000.0,8.477,632692000.0
59,EXPD,MRQ,2006-09-30,2006-09-30,2006-09-30,2021-08-05,4245000.0,1811664000.0,,1335017000.0,476647000.0,,4.785,-9616000.0,499529000.0,499529000.0,890385000.0,63803000.0,1.818,0.773,0.0,0.0,0.0,0.0,0.0,9341000.0,0.0,0.004,0.0,110932000.0,120273000.0,0.098,120273000.0,110932000.0,110936000.0,0.3,0.29,0.3,1021612000.0,,1021612000.0,9053593205.0,24.0,21.926,75062000.0,0.352,1.0,341275000.0,0.277,15731000.0,-4000.0,562120000.0,,0.0,386000.0,386000.0,0.0,790052000.0,734284000.0,55768000.0,9508287205.0,44835000.0,0.0,-24786000.0,0.0,0.0,-27645000.0,-11585000.0,30000.0,84678000.0,-613000.0,63803000.0,63803000.0,63803000.0,0.0,0.0,0.052,240018000.0,101257000.0,562592000.0,0.0,9.307,38.531,38.431,445964000.0,0.0,44.58,2.116,2.118,812224000.0,894893000.0,1231660000.0,1231660000.0,0.0,,,,,10619000.0,192479000.0,1.0,213285940.0,213524680,221417053.0,5.768,1795933000.0,8717000.0,47133000.0,70655000.0,8.411,600733000.0
60,EXPD,MRQ,2006-06-30,2006-06-30,2006-06-30,2021-08-05,4258000.0,1715550000.0,,1241908000.0,473642000.0,,4.537,-100247000.0,454694000.0,454694000.0,815754000.0,56329000.0,1.808,0.769,0.0,0.0,0.0,0.0,0.0,8626000.0,0.0,0.003,0.11,91822000.0,100448000.0,0.089,100448000.0,91822000.0,91832000.0,0.26,0.25,0.26,969601000.0,,969601000.0,11382799843.0,33.0,29.935,-44669000.0,-0.209,1.0,315687000.0,0.279,16141000.0,-10000.0,557927000.0,,0.0,415000.0,415000.0,0.0,745949000.0,686788000.0,59161000.0,11950487843.0,-112994000.0,0.0,-66156000.0,0.0,-23575000.0,-74758000.0,-99830000.0,-275000.0,55578000.0,6016000.0,56329000.0,56329000.0,56329000.0,0.0,0.0,0.05,226884000.0,88803000.0,529518000.0,0.423,12.325,51.65,51.385,444285000.0,0.0,56.01,2.774,2.778,751929000.0,831090000.0,1131441000.0,1131441000.0,0.0,,,,,-5555000.0,181410000.0,1.0,213363468.0,213725395,224374720.0,5.294,1699409000.0,6679000.0,35503000.0,57773000.0,7.951,555120000.0
61,EXPD,MRQ,2006-03-31,2006-03-31,2006-03-31,2021-08-05,-531000.0,1656210000.0,,1277776000.0,378434000.0,,4.565,-21321000.0,567688000.0,567688000.0,728395000.0,52352000.0,1.979,0.7,0.0,0.0,0.0,0.0,0.0,8053000.0,0.0,0.003,0.0,89431000.0,97484000.0,0.095,97484000.0,89431000.0,89404000.0,0.25,0.24,0.25,974314000.0,,974314000.0,8765194623.0,28.0,25.158,116812000.0,0.547,1.0,298142000.0,0.29,16424000.0,27000.0,426500000.0,,0.0,135000.0,135000.0,0.0,681896000.0,645598000.0,36298000.0,9229088623.0,103794000.0,0.0,-21453000.0,0.0,0.0,-15418000.0,-21535000.0,-8000.0,138133000.0,2614000.0,52352000.0,52352000.0,52352000.0,0.0,0.0,0.051,212741000.0,85401000.0,494859000.0,0.0,9.472,43.586,43.195,348200000.0,0.0,43.195,2.248,2.246,689693000.0,798335000.0,1026537000.0,1026537000.0,0.0,,,,,2363000.0,168931000.0,1.0,213661040.0,213422478,222560098.0,4.81,1639786000.0,6765000.0,37052000.0,52077000.0,7.683,632178000.0
62,EXPD,MRQ,2005-12-31,2005-12-31,2005-12-31,2021-08-05,-2639000.0,1566044000.0,,1201961000.0,364083000.0,,4.34,-24525000.0,463894000.0,463894000.0,805835000.0,74288000.0,1.962,0.69,0.0,0.0,0.0,0.0,0.0,8106000.0,0.0,0.004,0.075,86614000.0,94720000.0,0.086,94720000.0,86614000.0,86563000.0,0.35,0.33,0.35,926382000.0,,926382000.0,6737196367.0,24.0,21.663,55085000.0,0.258,1.0,298354000.0,0.27,16771000.0,51000.0,472878000.0,,0.0,123000.0,123000.0,0.0,639662000.0,612501000.0,27161000.0,7198639367.0,2451000.0,0.0,-37704000.0,36000.0,-16000000.0,-48845000.0,-24690000.0,-25000.0,79610000.0,-3624000.0,74288000.0,74288000.0,74288000.0,0.0,0.0,0.067,213915000.0,84439000.0,479546000.0,0.214,7.771,37.801,37.927,333787000.0,0.0,33.755,1.844,1.847,709331000.0,745984000.0,1104189000.0,1104189000.0,0.0,,,,,3283000.0,171006000.0,1.0,213261424.0,213471024,218217074.0,5.173,1549273000.0,7208000.0,12275000.0,42559000.0,7.258,589460000.0
63,EXPD,MRQ,2005-09-30,2005-09-30,2005-09-30,2021-08-05,50000.0,1541873000.0,,1191091000.0,350782000.0,,4.125,-21885000.0,461443000.0,461443000.0,764517000.0,48404000.0,1.936,0.749,0.0,0.0,0.0,0.0,0.0,7840000.0,0.0,0.005,0.0,79762000.0,87602000.0,0.084,87602000.0,79762000.0,79748000.0,0.23,0.22,0.23,881740000.0,,881740000.0,5614835036.0,24.0,21.466,29107000.0,0.136,1.0,281925000.0,0.269,17207000.0,14000.0,447971000.0,,0.0,96000.0,96000.0,0.0,660133000.0,615252000.0,44881000.0,6053708036.0,22570000.0,0.0,-9000000.0,37000.0,0.0,-7044000.0,-21783000.0,25000.0,50992000.0,405000.0,48404000.0,48404000.0,48404000.0,0.0,0.0,0.046,204489000.0,77436000.0,479298000.0,0.0,6.866,45.394,45.79,319362000.0,0.0,28.39,1.621,1.625,714112000.0,868502000.0,1046442000.0,1046442000.0,0.0,,,,,6445000.0,162509000.0,1.0,213233816.0,213737374,221334628.0,4.896,1524666000.0,0.0,31344000.0,63068000.0,7.133,575839000.0
64,EXPD,MRQ,2005-06-30,2005-06-30,2005-06-30,2021-08-05,24000.0,1417249000.0,,1079060000.0,338189000.0,,3.896,-14068000.0,438873000.0,438873000.0,677339000.0,36698000.0,1.963,0.703,0.0,0.0,0.0,0.0,0.0,7603000.0,0.0,0.005,0.075,61000000.0,68603000.0,0.074,68603000.0,61000000.0,60781000.0,0.17,0.17,0.17,832093000.0,,832093000.0,4854585097.0,22.0,19.53,28138000.0,0.132,1.0,250660000.0,0.27,17599000.0,219000.0,411205000.0,,0.0,119000.0,119000.0,0.0,585156000.0,549572000.0,35584000.0,5311975097.0,-18517000.0,0.0,-26786000.0,43000.0,-16055000.0,-38051000.0,-14110000.0,631000.0,42206000.0,-8562000.0,36698000.0,36698000.0,36698000.0,0.0,0.0,0.04,191931000.0,58729000.0,422939000.0,0.441,6.384,41.48,41.857,306177000.0,0.0,24.905,1.482,1.483,615637000.0,816307000.0,927999000.0,927999000.0,0.0,,,,,4829000.0,152744000.0,1.0,213289504.0,213552092,220901114.0,4.346,1399650000.0,0.0,24083000.0,52155000.0,6.554,529488000.0
65,EXPD,MRQ,2005-03-31,2005-03-31,2005-03-31,2021-08-05,7697000.0,1385388000.0,,1047082000.0,338306000.0,,3.897,-28875000.0,457390000.0,457390000.0,594481000.0,30870000.0,2.018,0.665,0.0,0.0,0.0,0.0,0.0,7339000.0,0.0,0.004,0.0,52738000.0,60077000.0,0.073,60077000.0,52738000.0,52709000.0,0.145,0.14,0.145,831943000.0,,831943000.0,5312398807.0,24.0,21.641,65260000.0,0.306,1.0,230683000.0,0.28,18093000.0,29000.0,391060000.0,,0.0,749000.0,749000.0,0.0,553445000.0,518845000.0,34600000.0,5719131807.0,48407000.0,0.0,-12152000.0,-2173000.0,0.0,-12750000.0,-30184000.0,-643000.0,94135000.0,-2794000.0,30870000.0,30870000.0,30870000.0,0.0,0.0,0.037,180234000.0,50449000.0,402210000.0,0.0,6.874,44.343,44.256,306003000.0,0.0,26.775,1.655,1.654,568468000.0,787718000.0,825164000.0,825164000.0,0.0,,,,,8469000.0,140436000.0,1.0,213599694.0,213456836,222715998.0,3.866,1367295000.0,0.0,21839000.0,54034000.0,6.405,528237000.0
66,EXPD,MRQ,2004-12-31,2004-12-31,2004-12-31,2021-08-05,11686000.0,1364053000.0,,1045860000.0,318193000.0,,3.719,-16594000.0,408983000.0,408983000.0,693635000.0,17386000.0,1.995,0.689,2250000.0,2250000.0,0.0,2250000.0,0.0,7145000.0,0.0,0.004,0.055,38145000.0,45290000.0,0.048,45290000.0,38145000.0,38137000.0,0.075,0.08,0.075,807404000.0,,807404000.0,5577240085.0,26.0,23.078,21505000.0,0.099,1.0,241160000.0,0.258,18613000.0,8000.0,414391000.0,,0.0,109000.0,109000.0,0.0,556649000.0,524316000.0,32333000.0,5954861085.0,31362000.0,0.0,71000.0,2073000.0,-11726000.0,3131000.0,-16130000.0,-31000.0,38099000.0,6262000.0,17386000.0,17386000.0,17386000.0,0.0,0.0,0.019,204210000.0,36950000.0,410251000.0,0.733,7.375,45.825,45.803,287379000.0,0.0,27.94,1.795,1.792,614044000.0,749974000.0,934795000.0,934795000.0,0.0,,,,,1987000.0,167958000.0,1.0,213130318.0,217092562,217585212.0,4.306,1345440000.0,0.0,20751000.0,51898000.0,6.198,521544000.0
67,EXPD,MRQ,2004-09-30,2004-09-30,2004-09-30,2021-08-05,2680000.0,1307362000.0,,1006798000.0,300564000.0,,3.584,-29079000.0,377621000.0,377621000.0,656830000.0,43107000.0,1.973,0.716,0.0,0.0,0.0,0.0,0.0,6806000.0,0.0,0.004,0.0,67801000.0,74607000.0,0.083,74607000.0,67801000.0,67795000.0,0.205,0.195,0.205,761670000.0,,761670000.0,5104475680.0,22.0,19.454,4257000.0,0.02,1.0,240358000.0,0.268,17750000.0,6000.0,401690000.0,,0.0,73000.0,73000.0,0.0,545692000.0,510301000.0,35391000.0,5476934680.0,5162000.0,0.0,-35000.0,3000.0,0.0,-32000.0,-29073000.0,7000.0,33336000.0,931000.0,43107000.0,43107000.0,43107000.0,0.0,0.0,0.048,172938000.0,67420000.0,406606000.0,0.0,7.191,36.776,36.667,270528000.0,0.0,25.85,1.759,1.764,596771000.0,718138000.0,897188000.0,897188000.0,0.0,,,,,4597000.0,131513000.0,1.0,211873682.0,212510586,222412336.0,4.222,1289612000.0,5512000.0,24688000.0,46458000.0,6.068,496497000.0
68,EXPD,MRQ,2004-06-30,2004-06-30,2004-06-30,2021-08-05,1327000.0,1206582000.0,,927789000.0,278793000.0,,3.374,-11420000.0,372459000.0,372459000.0,576443000.0,37612000.0,1.968,0.693,0.0,0.0,0.0,0.0,0.0,6493000.0,0.0,0.004,0.055,59007000.0,65500000.0,0.082,65500000.0,59007000.0,58984000.0,0.18,0.17,0.18,712647000.0,,712647000.0,4835879058.0,22.0,19.758,21768000.0,0.103,1.0,222223000.0,0.278,18104000.0,23000.0,344593000.0,,0.0,81000.0,81000.0,0.0,493935000.0,471426000.0,22509000.0,5200205058.0,8133000.0,0.0,-183000.0,2000.0,-11642000.0,-11823000.0,-10541000.0,-30000.0,33188000.0,-2691000.0,37612000.0,37612000.0,37612000.0,0.0,0.0,0.047,163977000.0,58246000.0,370111000.0,0.306,7.297,37.579,37.718,248346000.0,0.0,24.705,1.776,1.782,526418000.0,675030000.0,798666000.0,798666000.0,0.0,,,,,8118000.0,125040000.0,1.0,210492008.0,211194826,221312386.0,3.782,1188478000.0,2504000.0,21372000.0,30269000.0,5.627,456363000.0
69,EXPD,MRQ,2004-03-31,2004-03-31,2004-03-31,2021-08-05,4017000.0,1122052000.0,,843578000.0,278474000.0,,3.241,-8586000.0,364326000.0,364326000.0,484354000.0,31844000.0,1.996,0.647,0.0,0.0,0.0,0.0,0.0,6259000.0,0.0,0.004,0.0,50009000.0,56268000.0,0.082,56268000.0,50009000.0,50004000.0,0.15,0.145,0.15,681431000.0,,681431000.0,3845867422.0,19.0,16.804,67389000.0,0.32,1.0,202496000.0,0.295,18548000.0,5000.0,316438000.0,,0.0,52000.0,52000.0,0.0,440621000.0,422740000.0,17881000.0,4141482422.0,68494000.0,0.0,-110000.0,-215000.0,0.0,-325000.0,-9236000.0,31000.0,75975000.0,2080000.0,31844000.0,31844000.0,31844000.0,0.0,0.0,0.046,153688000.0,48808000.0,330033000.0,0.0,6.078,32.185,32.262,245522000.0,0.0,19.68,1.503,1.502,459769000.0,649060000.0,686850000.0,686850000.0,0.0,,,,,1922000.0,117551000.0,1.0,210441180.0,210262228,219226088.0,3.267,1103504000.0,2258000.0,18160000.0,28037000.0,5.248,420838000.0
70,EXPD,MRQ,2003-12-31,2003-12-31,2003-12-31,2021-08-05,1743000.0,1044078000.0,,769999000.0,274079000.0,,3.073,-7425000.0,295832000.0,295832000.0,526039000.0,36365000.0,1.993,0.617,217000.0,217000.0,0.0,217000.0,0.0,6600000.0,0.0,0.004,0.04,59411000.0,66011000.0,0.09,66011000.0,59411000.0,59366000.0,0.17,0.165,0.17,645501000.0,,645501000.0,3660758541.0,19.0,16.818,11120000.0,0.053,1.0,205374000.0,0.281,18937000.0,45000.0,343141000.0,,0.0,82000.0,82000.0,0.0,398577000.0,386385000.0,12192000.0,3953703541.0,2837000.0,0.0,207000.0,153000.0,-8404000.0,-8044000.0,-12565000.0,38000.0,18545000.0,4901000.0,36365000.0,36365000.0,36365000.0,0.0,0.0,0.05,146826000.0,58548000.0,301122000.0,0.235,6.125,32.42,32.466,241702000.0,0.0,18.83,1.506,1.503,452551000.0,617216000.0,731413000.0,731413000.0,0.0,,,,,-1191000.0,110720000.0,1.0,209968324.0,210048764,218446000.0,3.482,1025141000.0,3593000.0,23001000.0,19109000.0,4.88,383614000.0
71,EXPD,MRQ,2003-09-30,2003-09-30,2003-09-30,2021-08-05,-3397000.0,1040807000.0,,770753000.0,270054000.0,,2.92,-4150000.0,292995000.0,292995000.0,514620000.0,32558000.0,1.803,0.697,50000.0,50000.0,0.0,50000.0,0.0,6090000.0,0.0,0.004,0.0,50885000.0,56975000.0,0.08,56975000.0,50885000.0,50869000.0,0.155,0.15,0.155,613386000.0,,613386000.0,3316651703.0,17.0,15.518,7629000.0,0.036,1.0,196849000.0,0.277,5725000.0,16000.0,314716000.0,,0.0,125000.0,125000.0,0.0,427421000.0,427421000.0,0.0,3600570703.0,8580000.0,0.0,82000.0,-440000.0,0.0,-358000.0,-4576000.0,-46000.0,11779000.0,1735000.0,32558000.0,32558000.0,32558000.0,0.0,0.0,0.046,147469000.0,49380000.0,314711000.0,0.0,5.87,29.614,29.655,234789000.0,0.0,17.2,1.393,1.398,449323000.0,589256000.0,711469000.0,711469000.0,0.0,,,,,1826000.0,109058000.0,1.0,209335506.0,210084420,218381860.0,3.387,1035082000.0,7451000.0,18311000.0,28967000.0,4.927,343332000.0
72,EXPD,MRQ,2003-06-30,2003-06-30,2003-06-30,2021-08-05,-5215000.0,959008000.0,,687676000.0,271332000.0,,2.76,-4216000.0,284415000.0,284415000.0,447452000.0,27910000.0,1.801,0.662,496000.0,496000.0,0.0,496000.0,0.0,5923000.0,0.0,0.004,0.04,43685000.0,49608000.0,0.079,49608000.0,43685000.0,43608000.0,0.135,0.13,0.135,577101000.0,,577101000.0,3328070810.0,18.0,15.764,15817000.0,0.076,1.0,178261000.0,0.285,5725000.0,77000.0,287457000.0,,0.0,78000.0,78000.0,0.0,381907000.0,381907000.0,0.0,3599790810.0,12170000.0,0.0,-188000.0,-35000.0,-8368000.0,-8591000.0,-4464000.0,-31000.0,20033000.0,5192000.0,27910000.0,27910000.0,27910000.0,0.0,0.0,0.045,136956000.0,41305000.0,268754000.0,0.296,6.238,30.088,30.228,236363000.0,0.0,17.23,1.444,1.445,384332000.0,556697000.0,625713000.0,625713000.0,0.0,,,,,1088000.0,103346000.0,1.0,208925758.0,209081788,217956362.0,2.993,953283000.0,8257000.0,15698000.0,24208000.0,4.559,305769000.0
73,EXPD,MRQ,2003-03-31,2003-03-31,2003-03-31,2021-08-05,-9571000.0,912668000.0,,641423000.0,271245000.0,,2.647,-4539000.0,272245000.0,272245000.0,386320000.0,25119000.0,1.78,0.652,525000.0,525000.0,0.0,525000.0,0.0,5779000.0,0.0,0.003,0.0,39299000.0,45078000.0,0.081,45078000.0,39299000.0,39251000.0,0.12,0.115,0.12,552302000.0,,552302000.0,3543153690.0,19.0,17.287,59439000.0,0.285,1.0,170026000.0,0.306,5725000.0,48000.0,274857000.0,,0.0,46000.0,46000.0,0.0,360366000.0,360366000.0,0.0,3753693690.0,60386000.0,0.0,-182000.0,-849000.0,0.0,-1031000.0,-4292000.0,34000.0,63978000.0,1731000.0,25119000.0,25119000.0,25119000.0,0.0,0.0,0.045,132497000.0,37529000.0,257964000.0,0.0,6.796,32.523,32.682,233742000.0,0.0,17.975,1.562,1.56,358645000.0,537155000.0,556346000.0,556346000.0,0.0,,,,,2157000.0,98847000.0,1.0,208828578.0,208636656,217448978.0,2.667,906943000.0,10504000.0,14132000.0,25045000.0,4.347,281057000.0
74,EXPD,MRQ,2002-12-31,2002-12-31,2002-12-31,2021-08-05,-10967000.0,879948000.0,,605486000.0,274462000.0,,2.515,-63874000.0,211859000.0,211859000.0,489611000.0,35996000.0,1.708,0.68,1319000.0,1319000.0,0.0,1319000.0,0.0,5658000.0,0.0,0.004,0.03,56404000.0,62062000.0,0.09,62062000.0,56404000.0,56368000.0,0.17,0.165,0.17,523812000.0,,523812000.0,3112556672.0,17.0,15.494,-37194000.0,-0.179,1.0,201602000.0,0.292,15019000.0,36000.0,299823000.0,,0.0,87000.0,87000.0,0.0,356136000.0,354566000.0,1570000.0,3398055672.0,-75473000.0,0.0,-553000.0,-504000.0,-6250000.0,-7307000.0,-95839000.0,-311000.0,26680000.0,993000.0,35996000.0,35996000.0,35996000.0,0.0,0.0,0.052,146645000.0,54957000.0,248302000.0,0.176,6.487,30.197,30.231,204966000.0,0.0,16.325,1.479,1.477,385864000.0,512036000.0,691213000.0,691213000.0,0.0,,,,,662000.0,108803000.0,1.0,208150424.0,208284692,218350816.0,3.319,864929000.0,11008000.0,20372000.0,26668000.0,4.153,250920000.0
75,EXPD,MRQ,2002-09-30,2002-09-30,2002-09-30,2021-08-05,-12272000.0,831215000.0,,651277000.0,179938000.0,,2.363,-7094000.0,287332000.0,287332000.0,442633000.0,30619000.0,1.924,0.687,1833000.0,1833000.0,0.0,1833000.0,0.0,5655000.0,0.0,0.004,0.0,48711000.0,54366000.0,0.088,54366000.0,48711000.0,48701000.0,0.145,0.14,0.145,492652000.0,,492652000.0,2632124657.0,16.0,14.102,15805000.0,0.076,1.0,177761000.0,0.287,0.0,10000.0,207153000.0,,0.0,79000.0,79000.0,0.0,338563000.0,338563000.0,0.0,2905064657.0,14106000.0,0.0,435000.0,1496000.0,0.0,1931000.0,-8121000.0,-1374000.0,22899000.0,-2603000.0,30619000.0,30619000.0,30619000.0,0.0,0.0,0.049,130440000.0,47321000.0,246415000.0,0.0,5.897,28.028,27.94,123635000.0,0.0,13.97,1.386,1.389,351639000.0,482290000.0,620394000.0,620394000.0,0.0,,,,,313000.0,96939000.0,1.0,207950226.0,208466368,217131650.0,2.976,831215000.0,11792000.0,18082000.0,25355000.0,3.987,312714000.0
76,EXPD,MRQ,2002-06-30,2002-06-30,2002-06-30,2021-08-05,-10990000.0,801682000.0,,623968000.0,177714000.0,,2.228,-5001000.0,273226000.0,273226000.0,379612000.0,23684000.0,1.84,0.733,286000.0,286000.0,0.0,286000.0,0.0,5751000.0,0.0,0.003,0.03,37706000.0,43457000.0,0.081,43457000.0,37706000.0,37640000.0,0.115,0.11,0.115,462566000.0,,462566000.0,3175700054.0,20.0,17.441,18263000.0,0.088,1.0,156144000.0,0.291,0.0,66000.0,189626000.0,,0.0,53000.0,53000.0,0.0,339116000.0,339116000.0,0.0,3436539054.0,10325000.0,0.0,-1762000.0,-1726000.0,-6235000.0,-9723000.0,-7642000.0,-2290000.0,23264000.0,4426000.0,23684000.0,23684000.0,23684000.0,0.0,0.0,0.044,120059000.0,36085000.0,248645000.0,0.261,7.429,34.228,34.186,122960000.0,0.0,16.58,1.749,1.752,336733000.0,451670000.0,535756000.0,535756000.0,0.0,,,,,1975000.0,88556000.0,1.0,207270148.0,207610606,217968518.0,2.581,801682000.0,10921000.0,13956000.0,22472000.0,3.861,284852000.0
77,EXPD,MRQ,2002-03-31,2002-03-31,2002-03-31,2021-08-05,-13963000.0,734577000.0,,560757000.0,173820000.0,,2.137,-1307000.0,262901000.0,262901000.0,302834000.0,22230000.0,1.916,0.662,2062000.0,2062000.0,0.0,2062000.0,0.0,5661000.0,0.0,0.003,0.0,35347000.0,41008000.0,0.091,41008000.0,35347000.0,35281000.0,0.11,0.1,0.11,441932000.0,,441932000.0,2892871794.0,19.0,16.133,42343000.0,0.205,1.0,146706000.0,0.326,0.0,66000.0,181093000.0,,0.0,51000.0,51000.0,0.0,292645000.0,292645000.0,0.0,3147206794.0,44224000.0,0.0,2045000.0,339000.0,0.0,2384000.0,-1550000.0,-318000.0,43650000.0,-260000.0,22230000.0,22230000.0,22230000.0,0.0,0.0,0.049,114060000.0,32646000.0,210673000.0,0.0,7.121,32.011,32.105,120525000.0,0.0,15.25,1.679,1.682,287687000.0,434222000.0,449540000.0,449540000.0,0.0,,,,,3008000.0,85267000.0,1.0,206374216.0,206762224,217681716.0,2.174,734577000.0,12223000.0,13051000.0,21602000.0,3.553,268112000.0
78,EXPD,MRQ,2001-12-31,2001-12-31,2001-12-31,2021-08-05,-13989000.0,688437000.0,,511257000.0,177180000.0,,2.008,-9367000.0,218677000.0,218677000.0,335394000.0,27117000.0,1.867,0.66,1706000.0,1706000.0,0.0,1706000.0,0.0,5801000.0,0.0,0.004,0.025,42014000.0,47815000.0,0.097,47815000.0,42014000.0,41901000.0,0.13,0.13,0.13,414623000.0,,414623000.0,2683917900.0,17.0,15.048,20525000.0,0.099,1.0,155264000.0,0.316,5299000.0,113000.0,192353000.0,,0.0,57000.0,57000.0,0.0,273814000.0,273814000.0,0.0,2938252900.0,-37506000.0,0.0,-35630000.0,-160000.0,-5160000.0,-40950000.0,-24896000.0,-10216000.0,29892000.0,-1552000.0,27117000.0,27117000.0,27117000.0,0.0,0.0,0.055,114594000.0,40670000.0,195826000.0,0.192,7.087,30.216,30.618,123845000.0,0.0,14.238,1.56,1.575,283414000.0,411992000.0,490658000.0,490658000.0,0.0,,,,,1113000.0,88043000.0,1.0,206374216.0,206520748,214799740.0,2.376,683138000.0,12156000.0,14784000.0,16439000.0,3.308,237443000.0
79,EXPD,MRQ,2001-09-30,2001-09-30,2001-09-30,2021-08-05,-13301000.0,742841000.0,,590523000.0,152318000.0,,2.033,-8077000.0,256183000.0,256183000.0,331460000.0,27369000.0,1.875,0.736,1848000.0,1848000.0,0.0,1848000.0,0.0,5830000.0,0.0,0.004,0.0,43970000.0,49800000.0,0.102,49800000.0,43970000.0,43863000.0,0.13,0.125,0.13,427871000.0,,427871000.0,2239042397.0,14.0,12.573,11757000.0,0.056,1.0,157819000.0,0.323,0.0,107000.0,173536000.0,,0.0,55000.0,55000.0,0.0,314970000.0,314970000.0,0.0,2488101397.0,4040000.0,0.0,-9251000.0,-1163000.0,-2000.0,-10416000.0,-5650000.0,144000.0,19834000.0,272000.0,27369000.0,27369000.0,27369000.0,0.0,0.0,0.056,115685000.0,42134000.0,225717000.0,0.0,5.815,25.9,25.622,114576000.0,0.0,11.838,1.202,1.204,314690000.0,397927000.0,489279000.0,489279000.0,0.0,,,,,-16000.0,87295000.0,1.0,210188080.0,210513436,220850980.0,2.324,742841000.0,11693000.0,16494000.0,32226000.0,3.529,275553000.0
80,EXPD,MRQ,2001-06-30,2001-06-30,2001-06-30,2021-08-05,-13083000.0,712208000.0,,562954000.0,149254000.0,,1.96,-10777000.0,252143000.0,252143000.0,297746000.0,21599000.0,1.863,0.737,3084000.0,3084000.0,0.0,3084000.0,0.0,5965000.0,0.0,0.003,0.025,34727000.0,40692000.0,0.091,40692000.0,34727000.0,34571000.0,0.105,0.1,0.105,409989000.0,,409989000.0,2905514840.0,19.0,16.572,44403000.0,0.212,1.0,147767000.0,0.332,0.0,156000.0,160930000.0,,0.0,206000.0,206000.0,0.0,302219000.0,302219000.0,0.0,3123006840.0,31223000.0,0.0,-2062000.0,-349000.0,-5247000.0,-7658000.0,-14946000.0,-16000.0,55180000.0,-1353000.0,21599000.0,21599000.0,21599000.0,0.0,0.0,0.048,115554000.0,32213000.0,214229000.0,0.238,7.617,33.105,32.751,111812000.0,0.0,15.0,1.519,1.526,288467000.0,370559000.0,445513000.0,445513000.0,0.0,,,,,3370000.0,85488000.0,1.0,208200456.0,209224644,221146024.0,2.129,712208000.0,11360000.0,12972000.0,28278000.0,3.404,260735000.0
81,EXPD,MRQ,2001-03-31,2001-03-31,2001-03-31,2021-08-05,-12473000.0,687873000.0,,546332000.0,141541000.0,,1.898,-8372000.0,220920000.0,220920000.0,311934000.0,21158000.0,1.852,0.751,3428000.0,3428000.0,0.0,3428000.0,0.0,5948000.0,0.0,0.003,0.0,34104000.0,40052000.0,0.088,40052000.0,34104000.0,33959000.0,0.102,0.095,0.102,392938000.0,,392938000.0,2454436771.0,17.0,14.506,54336000.0,0.263,1.0,145686000.0,0.318,0.0,145000.0,175446000.0,,0.0,215000.0,215000.0,0.0,294935000.0,294935000.0,0.0,2592910771.0,51915000.0,0.0,1908000.0,-960000.0,0.0,948000.0,-7365000.0,1578000.0,62708000.0,-4376000.0,21158000.0,21158000.0,21158000.0,0.0,0.0,0.046,114686000.0,31000000.0,213266000.0,0.0,6.599,28.545,28.659,107561000.0,0.0,12.61,1.287,1.295,308443000.0,354207000.0,457620000.0,457620000.0,0.0,,,,,11396000.0,84882000.0,1.0,205623376.0,206978364,220585976.0,2.211,687873000.0,10804000.0,12801000.0,28877000.0,3.323,251397000.0
82,EXPD,MRQ,2000-12-31,2000-12-31,2000-12-31,2021-08-05,-9166000.0,661740000.0,,522785000.0,138955000.0,,1.759,-7785000.0,169005000.0,169005000.0,524379000.0,25938000.0,1.743,0.829,4671000.0,4671000.0,0.0,4671000.0,0.0,5723000.0,0.0,0.003,0.018,41815000.0,47538000.0,0.07,47538000.0,41815000.0,41659000.0,0.125,0.117,0.125,361784000.0,,361784000.0,2621505764.0,20.0,16.776,34521000.0,0.168,1.0,153444000.0,0.226,0.0,156000.0,197450000.0,,0.0,1884000.0,1884000.0,0.0,299956000.0,299956000.0,0.0,2759979764.0,26007000.0,0.0,-1720000.0,237000.0,-3601000.0,-5084000.0,-11655000.0,-1753000.0,42306000.0,440000.0,25938000.0,25938000.0,25938000.0,0.0,0.0,0.038,114226000.0,39218000.0,229534000.0,0.144,7.629,33.239,33.142,106647000.0,0.0,13.422,1.447,1.44,347114000.0,333049000.0,677823000.0,677823000.0,0.0,,,,,1186000.0,83296000.0,1.0,205623376.0,205723588,219500164.0,3.295,661740000.0,8830000.0,15721000.0,22950000.0,3.217,222829000.0
83,EXPD,MRQ,2000-09-30,2000-09-30,2000-09-30,2021-08-05,-9279000.0,660834000.0,,525542000.0,135292000.0,,1.653,-5756000.0,142998000.0,142998000.0,324038000.0,25642000.0,1.637,0.944,4524000.0,4524000.0,0.0,4524000.0,0.0,5620000.0,0.0,0.003,0.0,41430000.0,47050000.0,0.099,47050000.0,41430000.0,41266000.0,0.125,0.117,0.125,339868000.0,,339868000.0,2184071329.0,18.0,15.13,14851000.0,0.072,1.0,151325000.0,0.318,0.0,164000.0,201394000.0,,0.0,230000.0,230000.0,0.0,320966000.0,320966000.0,0.0,2310071329.0,14395000.0,0.0,355000.0,2014000.0,0.0,2369000.0,-5766000.0,2000.0,20607000.0,-2815000.0,25642000.0,25642000.0,25642000.0,0.0,0.0,0.054,111658000.0,39667000.0,249384000.0,0.0,6.797,30.523,30.446,103941000.0,0.0,11.265,1.399,1.402,364879000.0,310712000.0,475363000.0,475363000.0,0.0,,,,,925000.0,82457000.0,1.0,205066252.0,205587888,219379592.0,2.312,660834000.0,8614000.0,15624000.0,25550000.0,3.214,204576000.0
84,EXPD,MRQ,2000-06-30,2000-06-30,2000-06-30,2021-08-05,-7292000.0,589123000.0,,454470000.0,134653000.0,,1.542,-6361000.0,128603000.0,128603000.0,276382000.0,18099000.0,1.658,0.871,2603000.0,2603000.0,0.0,2603000.0,0.0,5563000.0,0.0,0.003,0.018,29004000.0,34567000.0,0.085,34567000.0,29004000.0,28998000.0,0.087,0.083,0.087,314933000.0,,314933000.0,2304008472.0,21.0,17.517,17222000.0,0.084,1.0,128114000.0,0.317,0.0,6000.0,188933000.0,,0.0,243000.0,243000.0,0.0,274190000.0,274190000.0,0.0,2417067472.0,13792000.0,0.0,-89000.0,903000.0,-3583000.0,-2769000.0,-5912000.0,744000.0,23583000.0,-1110000.0,18099000.0,18099000.0,18099000.0,0.0,0.0,0.045,100385000.0,27729000.0,214197000.0,0.207,7.675,35.608,35.768,104695000.0,0.0,11.875,1.527,1.533,305200000.0,285070000.0,404496000.0,404496000.0,0.0,,,,,3797000.0,74490000.0,1.0,203542524.0,204276540,218393924.0,1.98,589123000.0,7090000.0,10899000.0,18530000.0,2.884,180280000.0
85,EXPD,MRQ,2000-03-31,2000-03-31,2000-03-31,2021-08-05,-6291000.0,545382000.0,,411769000.0,133613000.0,,1.468,-4978000.0,114811000.0,114811000.0,233572000.0,13356000.0,1.663,0.832,1752000.0,1752000.0,0.0,1752000.0,0.0,5575000.0,0.0,0.002,0.0,21531000.0,27106000.0,0.078,27106000.0,21531000.0,21425000.0,0.065,0.062,0.065,297710000.0,,297710000.0,1963800002.0,19.0,15.893,62984000.0,0.311,1.0,115472000.0,0.331,0.0,106000.0,184651000.0,,0.0,1008000.0,1008000.0,0.0,247672000.0,247672000.0,0.0,2015541002.0,43628000.0,0.0,193000.0,-17655000.0,0.0,-17462000.0,-6148000.0,189000.0,67962000.0,-724000.0,13356000.0,13356000.0,13356000.0,0.0,0.0,0.038,94562000.0,20910000.0,193677000.0,0.0,6.77,31.988,32.056,104652000.0,0.0,9.938,1.335,1.335,279364000.0,270554000.0,349044000.0,349044000.0,0.0,,,,,3018000.0,70569000.0,1.0,202821736.0,202839088,217923752.0,1.721,545382000.0,6411000.0,8069000.0,16861000.0,2.689,164097000.0
86,EXPD,MRQ,1999-12-31,1999-12-31,1999-12-31,2021-08-05,-5049000.0,535461000.0,,402709000.0,132752000.0,,1.398,-7954000.0,71183000.0,71183000.0,298619000.0,18586000.0,1.591,0.896,19442000.0,19442000.0,0.0,19442000.0,0.0,5587000.0,0.0,0.002,0.013,30040000.0,35627000.0,0.084,35627000.0,30040000.0,29703000.0,0.092,0.088,0.092,282385000.0,,282385000.0,2166637793.0,23.0,18.592,14366000.0,0.071,1.0,124124000.0,0.294,0.0,337000.0,230644000.0,,0.0,1171000.0,1171000.0,0.0,253076000.0,253076000.0,0.0,2210040793.0,10577000.0,0.0,-4570000.0,2785000.0,-2524000.0,-4309000.0,-7209000.0,-4000.0,22320000.0,-225000.0,18586000.0,18586000.0,18586000.0,0.0,0.0,0.044,94613000.0,29511000.0,182510000.0,0.141,7.826,37.348,37.127,105905000.0,0.0,10.953,1.53,1.521,314789000.0,257198000.0,422743000.0,422743000.0,0.0,,,,,3584000.0,69367000.0,1.0,201784140.0,202014736,216102416.0,2.093,535461000.0,5584000.0,11117000.0,14313000.0,2.651,149633000.0
87,EXPD,MRQ,1999-09-30,1999-09-30,1999-09-30,2021-08-05,-4960000.0,512594000.0,,382328000.0,130266000.0,,1.327,-5955000.0,60606000.0,60606000.0,286420000.0,17839000.0,1.559,0.917,17203000.0,17203000.0,0.0,17203000.0,0.0,5359000.0,0.0,0.002,0.0,28868000.0,34227000.0,0.084,34227000.0,28868000.0,28542000.0,0.087,0.083,0.087,267397000.0,,267397000.0,1575640088.0,18.0,14.531,7290000.0,0.036,1.0,119719000.0,0.295,0.0,326000.0,223994000.0,,0.0,1108000.0,1108000.0,0.0,245197000.0,245197000.0,0.0,1610316088.0,-6290000.0,0.0,4450000.0,-15545000.0,0.0,-11095000.0,-8758000.0,-963000.0,13245000.0,318000.0,17839000.0,17839000.0,17839000.0,0.0,0.0,0.044,91322000.0,28397000.0,187581000.0,0.0,6.022,29.53,29.494,105573000.0,0.0,8.023,1.21,1.215,301589000.0,241135000.0,406139000.0,406139000.0,0.0,,,,,1691000.0,68418000.0,1.0,200724972.0,201527800,216380100.0,2.015,512594000.0,6514000.0,10703000.0,10741000.0,2.544,137131000.0
88,EXPD,MRQ,1999-06-30,1999-06-30,1999-06-30,2021-08-05,-4981000.0,470777000.0,,342962000.0,127815000.0,,1.216,-7307000.0,66896000.0,66896000.0,227750000.0,13229000.0,1.508,0.934,32220000.0,32220000.0,0.0,32220000.0,0.0,5101000.0,0.0,0.002,0.006,21502000.0,26603000.0,0.08,26603000.0,21502000.0,21284000.0,0.065,0.062,0.065,243398000.0,,243398000.0,1310849831.0,16.0,13.007,-12231000.0,-0.061,1.0,104230000.0,0.314,0.0,218000.0,208722000.0,,0.0,175000.0,175000.0,0.0,227379000.0,227379000.0,0.0,1362135831.0,-649000.0,0.0,-122000.0,16000000.0,-2503000.0,13375000.0,-8874000.0,34000.0,-4924000.0,-226000.0,13229000.0,13229000.0,13229000.0,0.0,0.0,0.04,83534000.0,20696000.0,154949000.0,0.092,5.596,26.756,26.405,104444000.0,0.0,6.812,1.122,1.123,252601000.0,223297000.0,331980000.0,331980000.0,0.0,,,,,2572000.0,61692000.0,1.0,199946544.0,200190528,215185616.0,1.658,470777000.0,5731000.0,8055000.0,10125000.0,2.352,115583000.0
89,EXPD,MRQ,1999-03-31,1999-03-31,1999-03-31,2021-08-05,-4489000.0,428186000.0,,303550000.0,124636000.0,,1.162,-5366000.0,67545000.0,67545000.0,189299000.0,9521000.0,1.536,0.857,16259000.0,16259000.0,0.0,16259000.0,0.0,4771000.0,0.0,0.003,0.0,15304000.0,20075000.0,0.071,20075000.0,15304000.0,15116000.0,0.048,0.045,0.048,230592000.0,,230592000.0,1308289558.0,17.0,13.714,17304000.0,0.087,1.0,94413000.0,0.333,0.0,188000.0,179306000.0,,0.0,205000.0,205000.0,0.0,197594000.0,197594000.0,0.0,1345473558.0,18116000.0,0.0,-23000.0,4088000.0,0.0,4065000.0,-6872000.0,183000.0,22670000.0,-1747000.0,9521000.0,9521000.0,9521000.0,0.0,0.0,0.034,79694000.0,14719000.0,146167000.0,0.0,5.835,27.593,27.0,103180000.0,0.0,6.75,1.197,1.192,220935000.0,212570000.0,283712000.0,283712000.0,0.0,,,,,0.0,58160000.0,1.0,199329416.0,198425568,213316416.0,1.43,428186000.0,3928000.0,5595000.0,9649000.0,2.158,105956000.0
90,EXPD,MRQ,1998-12-31,1998-12-31,1998-12-31,2021-08-05,-3619000.0,406596000.0,,283999000.0,122597000.0,,1.113,-7782000.0,49429000.0,49429000.0,206291000.0,13943000.0,1.499,0.872,12245000.0,12245000.0,0.0,12245000.0,0.0,4680000.0,0.0,0.003,0.009,22848000.0,27528000.0,0.089,27528000.0,22848000.0,22361000.0,0.072,0.065,0.072,217198000.0,,217198000.0,1015786170.0,13.0,11.088,18186000.0,0.093,1.0,102422000.0,0.332,0.0,487000.0,180014000.0,,0.0,394000.0,394000.0,0.0,189398000.0,189398000.0,0.0,1035358170.0,3492000.0,0.0,230000.0,-14088000.0,-1727000.0,-15585000.0,-7542000.0,77000.0,25968000.0,651000.0,13943000.0,13943000.0,13943000.0,0.0,0.0,0.045,80341000.0,22081000.0,143523000.0,0.125,4.767,21.901,21.875,103030000.0,0.0,5.25,0.973,0.972,222598000.0,203050000.0,308713000.0,308713000.0,0.0,,,,,1747000.0,57048000.0,1.0,197211080.0,195095200,211753440.0,1.582,406596000.0,4610000.0,8418000.0,8304000.0,2.084,94601000.0
91,EXPD,MRQ,1998-09-30,1998-09-30,1998-09-30,2021-08-05,-4013000.0,420010000.0,,301220000.0,118790000.0,,1.022,-13740000.0,45937000.0,45937000.0,196785000.0,14217000.0,1.393,1.061,26365000.0,26365000.0,0.0,26365000.0,0.0,3993000.0,0.0,0.004,0.0,22584000.0,26577000.0,0.092,26577000.0,22584000.0,22584000.0,0.072,0.068,0.072,203813000.0,,203813000.0,644561222.0,9.0,7.261,-17708000.0,-0.089,1.0,92890000.0,0.321,0.0,0.0,184241000.0,,0.0,450000.0,450000.0,0.0,216197000.0,216197000.0,0.0,683122222.0,6286000.0,0.0,-70000.0,25153000.0,0.0,25083000.0,-15521000.0,-1000.0,-3968000.0,692000.0,14217000.0,14217000.0,14217000.0,0.0,0.0,0.049,70617000.0,22273000.0,153363000.0,0.0,3.352,14.788,14.575,99844000.0,0.0,3.469,0.666,0.675,241682000.0,190834000.0,289675000.0,289675000.0,0.0,,,,,0.0,53720000.0,1.0,196936136.0,199397104,211771456.0,1.453,420010000.0,4619000.0,8367000.0,8706000.0,2.106,85023000.0
92,EXPD,MRQ,1998-06-30,1998-06-30,1998-06-30,2021-08-05,-5519000.0,357516000.0,,250381000.0,107135000.0,,0.955,-16725000.0,39651000.0,39651000.0,159596000.0,11080000.0,1.476,0.903,1090000.0,1090000.0,0.0,1090000.0,0.0,3610000.0,0.0,0.003,0.009,17608000.0,21218000.0,0.088,21218000.0,17608000.0,17608000.0,0.058,0.052,0.058,187852000.0,,187852000.0,1026806176.0,14.0,12.206,-14806000.0,-0.075,1.0,82374000.0,0.34,0.0,0.0,149291000.0,,0.0,433000.0,433000.0,0.0,169664000.0,169664000.0,0.0,1081652176.0,-16286000.0,0.0,81000.0,7000.0,-1722000.0,-1634000.0,-15502000.0,-109000.0,1919000.0,-1069000.0,11080000.0,11080000.0,11080000.0,0.0,0.0,0.046,66055000.0,16319000.0,136814000.0,0.155,5.758,24.722,24.444,89872000.0,0.0,5.5,1.084,1.084,195937000.0,176617000.0,241970000.0,241970000.0,0.0,,,,,0.0,48901000.0,1.0,196664032.0,196737800,212949904.0,1.23,357516000.0,5704000.0,6528000.0,7336000.0,1.817,80717000.0
93,EXPD,MRQ,1998-03-31,1998-03-31,1998-03-31,2021-08-05,-3687000.0,340044000.0,,244496000.0,95548000.0,,0.915,-14208000.0,55937000.0,55937000.0,147585000.0,8034000.0,1.526,0.891,1091000.0,1091000.0,0.0,1091000.0,0.0,3264000.0,0.0,0.002,0.0,13024000.0,16288000.0,0.073,16288000.0,13024000.0,13024000.0,0.041,0.037,0.041,179791000.0,,179791000.0,1013762423.0,15.0,12.84,15111000.0,0.077,1.0,75764000.0,0.339,0.0,0.0,124945000.0,,0.0,341000.0,341000.0,0.0,160253000.0,160253000.0,0.0,1053711423.0,13843000.0,0.0,0.0,-1005000.0,0.0,-1005000.0,-14104000.0,-88000.0,29319000.0,-367000.0,8034000.0,8034000.0,8034000.0,0.0,0.0,0.036,63065000.0,12699000.0,127814000.0,0.0,5.861,25.797,25.524,77150000.0,0.0,5.36,1.074,1.073,177861000.0,167259000.0,223349000.0,223349000.0,0.0,,,,,0.0,46121000.0,1.0,196587952.0,196488952,212459344.0,1.137,340044000.0,7063000.0,4990000.0,9280000.0,1.731,84243000.0
94,EXPD,MRQ,1997-12-31,1997-12-31,1997-12-31,2021-08-05,-3150000.0,344106000.0,,259504000.0,84602000.0,,0.873,-9352000.0,42094000.0,42094000.0,185692000.0,12862000.0,1.507,1.002,2145000.0,2145000.0,0.0,2145000.0,0.0,3237000.0,0.0,0.003,0.006,21451000.0,24688000.0,0.091,24688000.0,21451000.0,21093000.0,0.066,0.061,0.066,171854000.0,,171854000.0,,,,27433000.0,0.139,1.0,84457000.0,0.313,0.0,358000.0,131905000.0,,0.0,214000.0,214000.0,0.0,172252000.0,172252000.0,0.0,946079519.0,-5322000.0,0.0,-25000.0,-27092000.0,-1227000.0,-28344000.0,-10604000.0,74000.0,36785000.0,-3159000.0,12862000.0,12862000.0,12862000.0,0.0,0.0,0.048,64897000.0,19560000.0,143980000.0,0.091,5.505,24.63,24.306,66550000.0,0.0,4.812,0.992,0.986,206501000.0,159225000.0,270149000.0,270149000.0,0.0,,,,,0.0,46049000.0,1.0,196587952.0,196811672,212507456.0,1.373,344106000.0,6226000.0,8231000.0,7181000.0,1.748,87252000.0
95,EXPD,MRQ,1997-09-30,1997-09-30,1997-09-30,2021-08-05,,,,,,,,-13800000.0,,,182129000.0,11777000.0,,,,,,,,2878000.0,,0.002,0.0,19053000.0,21931000.0,0.084,21931000.0,19053000.0,19053000.0,0.06,0.055,0.06,,,,,,,-10881000.0,-0.056,1.0,80180000.0,0.306,,0.0,,,,,,,,,,,2830000.0,0.0,-168000.0,13548000.0,0.0,13380000.0,-11606000.0,1985000.0,2919000.0,-1863000.0,11777000.0,11777000.0,11777000.0,0.0,0.0,0.045,61222000.0,18958000.0,,0.0,,,,,0.0,5.235,,,,,262309000.0,262309000.0,0.0,,,,,0.0,45239000.0,1.0,,195503592,212441240.0,1.342,,,7276000.0,,,
96,EXPD,MRQ,1997-06-30,1997-06-30,1997-06-30,2021-08-05,,,,,,,,-1299000.0,,,157406000.0,8174000.0,,,,,,,,2662000.0,,0.003,0.006,13384000.0,16046000.0,0.071,16046000.0,13384000.0,13384000.0,0.043,0.039,0.043,,,,,,,393000.0,0.002,1.0,68169000.0,0.302,,0.0,,,,,,,,,,,909000.0,-7076000.0,229000.0,11206000.0,-1217000.0,10218000.0,-10705000.0,-2077000.0,1692000.0,-296000.0,8174000.0,8174000.0,8174000.0,0.0,0.0,0.036,55353000.0,12816000.0,,0.14,,,,,0.0,3.547,,,,,225575000.0,225575000.0,0.0,,,,,0.0,40167000.0,1.0,,194557784,209433048.0,1.159,,,5210000.0,,,
97,EXPD,MRQ,1997-03-31,1997-03-31,1997-03-31,2021-08-05,,,,,,,,-11556000.0,,,138251000.0,5598000.0,,,,,,,,2382000.0,,0.003,0.0,9042000.0,11424000.0,0.058,11424000.0,9042000.0,9042000.0,0.029,0.028,0.029,,,,,,,6852000.0,0.035,1.0,57718000.0,0.295,,0.0,,,,,,,,,,,6711000.0,0.0,501000.0,-549000.0,0.0,-48000.0,-11006000.0,5000.0,18408000.0,-643000.0,5598000.0,5598000.0,5598000.0,0.0,0.0,0.029,49137000.0,8581000.0,,0.0,,,,,0.0,3.0,,,,,195969000.0,195969000.0,0.0,,,,,0.0,35610000.0,1.0,,194025544,207970976.0,1.01,,,3444000.0,,,
98,EXPD,MRQ,1996-12-31,1996-12-31,1996-12-31,2021-08-05,3332000.0,271986000.0,,215443000.0,56543000.0,,0.724,,36966000.0,36966000.0,,,1.632,0.943,3452000.0,3452000.0,0.0,3452000.0,0.0,,0.0,0.003,0.005,,,,,,,,,,140011000.0,,140011000.0,,,,,,1.0,,,0.0,,106497000.0,,0.0,357000.0,357000.0,0.0,131975000.0,131975000.0,0.0,,,,,,,,,,,,,,,,,,,,101670000.0,,,,23.0,46246000.0,,2.875,,0.761,168763000.0,123258000.0,,,,,,,,,,1.0,,193290904,,,271986000.0,4854000.0,,5659000.0,1.407,83468000.0
0,EXPD,MRT,2021-06-30,2021-06-30,2021-06-30,2021-08-05,-106066000.0,5953171000.0,5173556250.0,4985262000.0,967909000.0,2.436,18.199,-34232000.0,1674121000.0,1674121000.0,9075658000.0,996168000.0,2.006,0.932,450543000.0,80210000.0,370333000.0,450543000.0,619140000.0,55852000.0,0.0,0.009,1.1,1341630000.0,1397482000.0,0.111,1397482000.0,1341630000.0,1341630000.0,5.89,5.78,5.89,3079454000.0,2778978500.0,3079454000.0,20032964799.0,15.0,14.335,655274000.0,3.873,1.0,3524960000.0,0.28,7927000.0,0.0,2236440000.0,1973494250.0,0.0,0.0,0.0,0.0,2869520000.0,2485226000.0,384294000.0,21380943799.0,493666000.0,0.0,9596000.0,0.0,-186501000.0,-192073000.0,-32401000.0,0.0,689506000.0,28634000.0,993519000.0,993519000.0,993519000.0,0.0,2649000.0,0.079,2195044000.0,1329916000.0,1408572000.0,0.187,6.943,21.52,21.494,942990000.0,0.0,126.6,1.697,1.7,2647516000.0,3104471000.0,12600618000.0,12600618000.0,0.0,0.192,0.358,0.68,0.106,71798000.0,1747570000.0,1.0,168885812.0,169210000,171677000.0,74.467,5945244000.0,0.0,348111000.0,71569000.0,35.135,2500036000.0
1,EXPD,MRT,2021-03-31,2021-03-31,2021-03-31,2021-08-05,-115486000.0,5454997000.0,4637807750.0,4494195000.0,960802000.0,2.459,16.989,-49807000.0,1793393000.0,1793393000.0,8138512000.0,863382000.0,2.047,0.896,445414000.0,76128000.0,369286000.0,445414000.0,447779000.0,57286000.0,0.0,0.01,1.04,1177413000.0,1234699000.0,0.108,1234699000.0,1177413000.0,1177413000.0,5.12,5.03,5.12,2874794000.0,2548894500.0,2874794000.0,17149948283.0,15.0,13.89,795949000.0,4.704,1.0,3264091000.0,0.286,7927000.0,0.0,1904069000.0,1855378250.0,0.0,0.0,0.0,0.0,2576347000.0,2195022000.0,381325000.0,18239550283.0,681420000.0,0.0,47559000.0,0.0,-174929000.0,-137815000.0,-48182000.0,0.0,845756000.0,21661000.0,861016000.0,861016000.0,861016000.0,0.0,2366000.0,0.076,2097194000.0,1166897000.0,1295178000.0,0.203,6.345,21.184,21.033,936043000.0,0.0,107.69,1.6,1.598,2227039000.0,2887323000.0,11402603000.0,11402603000.0,0.0,0.186,0.338,0.635,0.103,62527000.0,1661432000.0,1.0,169370882.0,169214000,171551000.0,67.386,5447070000.0,0.0,316397000.0,76209000.0,32.19,2299173000.0
2,EXPD,MRT,2020-12-31,2020-12-31,2020-12-31,2021-08-05,-99753000.0,4927503000.0,4151550250.0,3963544000.0,963959000.0,2.437,15.8,-47543000.0,1527791000.0,1527791000.0,7188790000.0,698214000.0,2.094,0.851,438189000.0,74004000.0,364185000.0,438189000.0,379722000.0,56959000.0,0.0,0.011,1.04,954490000.0,1011449000.0,0.1,1011449000.0,954490000.0,954490000.0,4.14,4.07,4.14,2659637000.0,2338897500.0,2659637000.0,15061477966.0,16.0,14.891,607469000.0,3.609,1.0,2927691000.0,0.289,7927000.0,0.0,1936931000.0,1781431250.0,0.0,0.0,0.0,0.0,2264276000.0,1893043000.0,371233000.0,16098859966.0,297300000.0,0.0,-146042000.0,0.0,-174929000.0,-331537000.0,-46027000.0,0.0,655012000.0,19852000.0,696140000.0,696140000.0,696140000.0,0.0,2074000.0,0.069,1987254000.0,940437000.0,1136859000.0,0.251,6.053,23.126,22.973,939148000.0,0.0,95.11,1.591,1.583,1998055000.0,2600201000.0,10116481000.0,10116481000.0,0.0,0.168,0.298,0.536,0.094,62498000.0,1556540000.0,1.0,169265692.0,168333000,170896000.0,60.098,4919576000.0,0.0,258350000.0,52485000.0,29.225,2070501000.0
3,EXPD,MRT,2020-09-30,2020-09-30,2020-09-30,2021-08-05,-135281000.0,4358554000.0,3842645500.0,3409902000.0,948652000.0,2.296,14.866,-46498000.0,1465510000.0,1465510000.0,6077271000.0,636437000.0,2.278,0.741,428128000.0,70755000.0,357373000.0,428128000.0,267266000.0,55114000.0,0.0,0.011,1.02,856563000.0,911677000.0,0.103,911677000.0,856563000.0,856563000.0,3.77,3.71,3.77,2502029000.0,2222745250.0,2502029000.0,14426306146.0,17.0,15.824,632068000.0,3.755,1.0,2745409000.0,0.311,7927000.0,0.0,1816537000.0,1716414000.0,0.0,0.0,0.0,0.0,1854081000.0,1496708000.0,357373000.0,15176511146.0,249540000.0,0.0,-204292000.0,0.0,-172184000.0,-387042000.0,-46053000.0,0.0,678566000.0,4069000.0,634846000.0,634846000.0,634846000.0,0.0,1591000.0,0.072,1906443000.0,838966000.0,888761000.0,0.271,6.066,23.906,24.011,921191000.0,0.0,90.52,1.72,1.727,1582424000.0,2489694000.0,8822680000.0,8822680000.0,0.0,0.165,0.286,0.499,0.097,57273000.0,1488934000.0,1.0,167659204.0,168310000,170735000.0,52.419,4350627000.0,3130000.0,221717000.0,33100000.0,25.849,1913194000.0
4,EXPD,MRT,2020-06-30,2020-06-30,2020-06-30,2021-08-05,-153158000.0,3810177000.0,3679620250.0,2858271000.0,951906000.0,2.292,12.947,-52841000.0,1180455000.0,1180455000.0,5747352000.0,605345000.0,2.219,0.764,430250000.0,69740000.0,360510000.0,430250000.0,172148000.0,51649000.0,0.0,0.013,1.02,816086000.0,867735000.0,0.103,867735000.0,816086000.0,816086000.0,3.57,3.51,3.57,2159118000.0,2149084250.0,2159118000.0,11920466183.0,15.0,13.737,625625000.0,3.751,1.0,2685386000.0,0.318,7927000.0,0.0,1763976000.0,1680877750.0,0.0,0.0,0.0,0.0,1648579000.0,1288069000.0,360510000.0,12655047183.0,97805000.0,0.0,-327008000.0,0.0,-172184000.0,-509758000.0,-53338000.0,0.0,678466000.0,-17565000.0,603760000.0,603760000.0,603760000.0,0.0,1585000.0,0.072,1891815000.0,793571000.0,755971000.0,0.286,5.861,20.96,21.3,922278000.0,0.0,76.04,1.501,1.504,1460324000.0,2298387000.0,8432738000.0,8432738000.0,0.0,0.164,0.281,0.486,0.097,57131000.0,1478840000.0,1.0,166426186.0,166767000,169290000.0,50.566,3802250000.0,5300000.0,212326000.0,32287000.0,22.8,1570202000.0
5,EXPD,MRT,2020-03-31,2020-03-31,2020-03-31,2021-08-05,-169746000.0,3509967000.0,3638823500.0,2618817000.0,891150000.0,2.214,12.059,-43714000.0,1111973000.0,1111973000.0,5459749000.0,574687000.0,2.259,0.724,377392000.0,63748000.0,313644000.0,377392000.0,170866000.0,50217000.0,0.0,0.015,1.0,766021000.0,816238000.0,0.101,816238000.0,766021000.0,766021000.0,3.37,3.3,3.37,2034806000.0,2122048000.0,2034806000.0,10487894627.0,14.0,12.849,603738000.0,3.578,1.0,2597490000.0,0.322,7927000.0,0.0,1608281000.0,1653542750.0,0.0,0.0,0.0,0.0,1472822000.0,1159178000.0,313644000.0,11326671627.0,-77456000.0,0.0,-483512000.0,0.0,-170553000.0,-662135000.0,-43105000.0,0.0,647452000.0,-19668000.0,573040000.0,573040000.0,573040000.0,0.0,1647000.0,0.071,1859344000.0,738146000.0,700944000.0,0.297,5.566,19.766,19.798,857336000.0,0.0,66.72,1.406,1.397,1268798000.0,2202208000.0,8057239000.0,8057239000.0,0.0,0.157,0.27,0.463,0.095,59317000.0,1448614000.0,1.0,169764263.0,168735000,171450000.0,47.751,3502040000.0,9680000.0,192981000.0,21864000.0,20.755,1459639000.0
6,EXPD,MRT,2019-12-31,2019-12-31,2019-12-31,2021-08-05,-131187000.0,3691884000.0,3672059750.0,2769923000.0,921961000.0,2.226,12.844,-47022000.0,1230491000.0,1230491000.0,5538958000.0,592016000.0,2.371,0.681,391714000.0,65367000.0,326347000.0,391714000.0,154183000.0,50950000.0,0.0,0.013,1.0,794173000.0,845123000.0,0.103,845123000.0,794173000.0,794173000.0,3.45,3.39,3.45,2195028000.0,2144414000.0,2195028000.0,12446355135.0,16.0,14.727,724913000.0,4.242,1.0,2636468000.0,0.322,7927000.0,0.0,1676862000.0,1642926250.0,0.0,0.0,0.0,0.0,1494665000.0,1168318000.0,326347000.0,13286903135.0,306756000.0,0.0,-240815000.0,0.0,-170553000.0,-418042000.0,-46015000.0,0.0,771935000.0,-1122000.0,590395000.0,590395000.0,590395000.0,0.0,1621000.0,0.072,1869776000.0,766692000.0,735695000.0,0.29,6.053,22.505,22.614,889379000.0,0.0,78.02,1.625,1.631,1315091000.0,2321316000.0,8175426000.0,8175426000.0,0.0,0.161,0.275,0.483,0.097,61543000.0,1466317000.0,1.0,170301245.0,170899000,174209000.0,47.838,3683957000.0,8034000.0,203778000.0,23627000.0,21.556,1601605000.0
7,EXPD,MRT,2019-09-30,2019-09-30,2019-09-30,2021-08-05,-118774000.0,3706453000.0,3577728500.0,2769213000.0,937240000.0,2.338,12.953,-47775000.0,1215970000.0,1215970000.0,5695242000.0,633845000.0,2.34,0.678,375422000.0,61842000.0,313580000.0,375422000.0,152717000.0,51642000.0,0.0,0.013,0.95,830976000.0,882618000.0,0.105,882618000.0,830976000.0,830976000.0,3.69,3.62,3.69,2207385000.0,2092366500.0,2207385000.0,11977192126.0,14.0,13.57,660964000.0,3.879,1.0,2670840000.0,0.319,7927000.0,0.0,1674392000.0,1487725250.0,0.0,0.0,0.0,0.0,1497166000.0,1183586000.0,313580000.0,12682799126.0,225358000.0,0.0,-255704000.0,0.0,-162844000.0,-426493000.0,-46289000.0,0.0,708739000.0,-10599000.0,632279000.0,632279000.0,632279000.0,0.0,1566000.0,0.076,1867481000.0,803359000.0,744002000.0,0.257,5.746,20.059,20.133,868384000.0,0.0,74.29,1.516,1.513,1319032000.0,2301156000.0,8366082000.0,8366082000.0,0.0,0.177,0.302,0.559,0.099,62337000.0,1466244000.0,1.0,170720139.0,170415000,173483000.0,49.092,3698526000.0,44351000.0,198697000.0,17273000.0,21.703,1585627000.0
8,EXPD,MRT,2019-06-30,2019-06-30,2019-06-30,2021-08-05,-104096000.0,3646990000.0,3484815250.0,2711460000.0,935530000.0,2.405,11.994,-43987000.0,1082650000.0,1082650000.0,5724376000.0,636285000.0,2.12,0.777,377043000.0,61267000.0,315776000.0,377043000.0,169055000.0,52591000.0,0.0,0.013,0.95,825485000.0,878076000.0,0.105,878076000.0,825485000.0,825485000.0,3.69,3.62,3.69,2050973000.0,2029482500.0,2050973000.0,12206366126.0,15.0,13.901,589974000.0,3.45,1.0,2657798000.0,0.317,7927000.0,0.0,1654636000.0,1308825500.0,0.0,0.0,0.0,0.0,1594596000.0,1278820000.0,315776000.0,13047609126.0,61796000.0,0.0,-354440000.0,0.0,-162844000.0,-526475000.0,-41624000.0,0.0,633961000.0,-4066000.0,634750000.0,634750000.0,634750000.0,0.0,1535000.0,0.076,1857835000.0,799963000.0,811144000.0,0.257,6.362,20.556,20.558,876656000.0,0.0,75.86,1.557,1.548,1382070000.0,2140935000.0,8382174000.0,8382174000.0,0.0,0.182,0.313,0.631,0.098,64084000.0,1461989000.0,1.0,171995902.0,171003000,174466000.0,49.018,3639063000.0,33617000.0,190735000.0,19891000.0,21.281,1432640000.0
9,EXPD,MRT,2019-03-31,2019-03-31,2019-03-31,2021-08-05,-103986000.0,3642912000.0,3356275750.0,2728994000.0,913918000.0,2.474,12.363,-43113000.0,1189429000.0,1189429000.0,5665505000.0,623701000.0,2.222,0.714,348186000.0,58635000.0,289551000.0,348186000.0,157040000.0,53490000.0,0.0,0.012,0.9,814450000.0,867940000.0,0.105,867940000.0,814450000.0,814450000.0,3.59,3.53,3.59,2124270000.0,1989177250.0,2124270000.0,12105984452.0,15.0,13.948,583697000.0,3.397,1.0,2638649000.0,0.318,7927000.0,0.0,1565815000.0,1111111000.0,0.0,0.0,0.0,0.0,1517478000.0,1227927000.0,289551000.0,13029719452.0,56528000.0,0.0,-336347000.0,0.0,-156840000.0,-498919000.0,-43352000.0,0.0,626810000.0,-28011000.0,622206000.0,622206000.0,622206000.0,0.0,1495000.0,0.075,1847303000.0,791346000.0,768665000.0,0.251,6.134,20.941,21.142,849993000.0,0.0,75.9,1.569,1.57,1353725000.0,2222562000.0,8304154000.0,8304154000.0,0.0,0.185,0.313,0.733,0.098,58262000.0,1455731000.0,1.0,171669558.0,171818000,175388000.0,48.331,3634985000.0,37781000.0,192244000.0,23502000.0,21.156,1501067000.0
10,EXPD,MRT,2018-12-31,2018-12-31,2018-12-31,2021-08-05,-105481000.0,3314559000.0,3248668000.0,2734816000.0,579743000.0,2.505,11.41,-47474000.0,923735000.0,923735000.0,5517992000.0,619790000.0,2.061,0.668,0.0,0.0,0.0,0.0,190343000.0,54019000.0,0.0,0.013,0.9,816738000.0,870757000.0,0.107,870757000.0,816738000.0,816738000.0,3.55,3.48,3.55,1986838000.0,1952977000.0,1986838000.0,10761046275.0,13.0,12.358,525330000.0,3.017,1.0,2620373000.0,0.322,7927000.0,0.0,1056058000.0,937850250.0,0.0,0.0,0.0,0.0,1326839000.0,1326839000.0,0.0,11751658275.0,-127364000.0,0.0,-465166000.0,0.0,-156840000.0,-627738000.0,-48399000.0,0.0,572804000.0,-24031000.0,618199000.0,618199000.0,618199000.0,0.0,1591000.0,0.076,1823810000.0,796563000.0,902259000.0,0.254,5.915,19.01,19.18,504105000.0,0.0,68.09,1.444,1.457,1581530000.0,2088707000.0,8138365000.0,8138365000.0,0.0,0.19,0.317,0.871,0.1,56147000.0,1438605000.0,1.0,172590076.0,174133000,177833000.0,46.736,3306632000.0,40465000.0,198539000.0,18424000.0,18.989,1407977000.0
11,EXPD,MRT,2018-09-30,2018-09-30,2018-09-30,2021-08-05,-101098000.0,3334800000.0,3199280250.0,2746473000.0,588327000.0,2.439,11.28,19350000.0,990612000.0,990612000.0,5235632000.0,607668000.0,1.994,0.704,0.0,0.0,0.0,0.0,195035000.0,53902000.0,0.0,0.012,0.87,799569000.0,853471000.0,0.109,853471000.0,799569000.0,799569000.0,3.45,3.39,3.45,1955849000.0,1954232000.0,1955849000.0,11798035389.0,15.0,13.824,616490000.0,3.555,1.0,2568507000.0,0.329,7927000.0,0.0,958793000.0,915051500.0,0.0,0.0,0.0,0.0,1377468000.0,1377468000.0,0.0,12818889389.0,-42832000.0,0.0,-481405000.0,0.0,-153949000.0,-640719000.0,18282000.0,0.0,597140000.0,-17535000.0,605956000.0,605956000.0,605956000.0,0.0,1712000.0,0.078,1789940000.0,778567000.0,934509000.0,0.252,6.554,21.155,21.313,510328000.0,0.0,73.53,1.643,1.634,1528524000.0,2053389000.0,7804139000.0,7804139000.0,0.0,0.189,0.31,0.874,0.102,55043000.0,1423580000.0,1.0,174335501.0,173394000,177173000.0,45.008,3326873000.0,43293000.0,193613000.0,19139000.0,19.187,1369005000.0
12,EXPD,MRT,2018-06-30,2018-06-30,2018-06-30,2021-08-05,-90712000.0,3132832000.0,3132800500.0,2564141000.0,568691000.0,2.399,10.814,-3379000.0,1020854000.0,1020854000.0,5009023000.0,565207000.0,2.067,0.656,0.0,0.0,0.0,0.0,161870000.0,52839000.0,0.0,0.012,0.87,781612000.0,834451000.0,0.111,834451000.0,781612000.0,781612000.0,3.18,3.13,3.18,1889752000.0,1959770500.0,1889752000.0,11636214383.0,15.0,13.945,592400000.0,3.39,1.0,2506335000.0,0.333,7927000.0,0.0,863778000.0,913217250.0,0.0,0.0,0.0,0.0,1240273000.0,1240273000.0,0.0,12769115383.0,-94056000.0,0.0,-518244000.0,0.0,-153949000.0,-676312000.0,-5817000.0,0.0,595779000.0,-7706000.0,563527000.0,563527000.0,563527000.0,0.0,1680000.0,0.075,1744027000.0,762308000.0,832011000.0,0.274,6.757,22.659,22.987,515547000.0,0.0,73.1,1.699,1.7,1337716000.0,1977121000.0,7515358000.0,7515358000.0,0.0,0.18,0.288,0.856,0.104,52351000.0,1391029000.0,1.0,174680101.0,174754000,178603000.0,43.005,3124905000.0,16779000.0,218085000.0,19244000.0,17.882,1323868000.0
13,EXPD,MRT,2018-03-31,2018-03-31,2018-03-31,2021-08-05,-64992000.0,3212481000.0,3105281500.0,2638091000.0,574390000.0,2.328,11.253,-11646000.0,1132901000.0,1132901000.0,4802656000.0,533016000.0,2.2,0.621,0.0,0.0,0.0,0.0,147236000.0,51305000.0,0.0,0.013,0.84,765955000.0,817260000.0,0.113,817260000.0,765955000.0,765955000.0,2.98,2.94,2.98,1979469000.0,1981293500.0,1979469000.0,10123981938.0,13.0,12.388,516791000.0,2.938,1.0,2427422000.0,0.336,7927000.0,0.0,872772000.0,920341000.0,0.0,0.0,0.0,0.0,1230215000.0,1198881000.0,31334000.0,11175080938.0,-23142000.0,0.0,-410586000.0,0.0,-150495000.0,-561985000.0,-12480000.0,0.0,528437000.0,22886000.0,531773000.0,531773000.0,531773000.0,0.0,1243000.0,0.074,1680458000.0,746964000.0,812200000.0,0.282,5.645,21.015,21.242,531068000.0,0.0,63.3,1.546,1.54,1326168000.0,2041520000.0,7230078000.0,7230078000.0,0.0,0.171,0.268,0.832,0.106,51552000.0,1358775000.0,1.0,176541563.0,175900000,179416000.0,41.103,3204554000.0,7402000.0,234182000.0,48567000.0,18.218,1439210000.0
14,EXPD,MRT,2017-12-31,2017-12-31,2017-12-31,2021-08-05,-73964000.0,3117008000.0,3027841000.0,2541452000.0,575556000.0,2.286,11.112,-10611000.0,1051099000.0,1051099000.0,4601759000.0,490383000.0,2.325,0.564,0.0,0.0,0.0,0.0,0.0,49310000.0,0.0,0.013,0.84,717557000.0,766867000.0,0.111,766867000.0,717557000.0,717557000.0,2.73,2.69,2.73,1991858000.0,1973650250.0,1991858000.0,10462153366.0,15.0,13.643,478028000.0,2.667,1.0,2319189000.0,0.335,7927000.0,0.0,964863000.0,905134250.0,0.0,0.0,0.0,0.0,1122635000.0,1093119000.0,29516000.0,11495597366.0,76664000.0,0.0,-273166000.0,0.0,-150495000.0,-424565000.0,-11685000.0,0.0,488639000.0,24275000.0,489345000.0,489345000.0,489345000.0,0.0,1038000.0,0.071,1618929000.0,700260000.0,866305000.0,0.308,5.771,23.492,23.696,525203000.0,0.0,64.69,1.661,1.675,1414741000.0,2063512000.0,6920948000.0,6920948000.0,0.0,0.162,0.248,0.793,0.104,50908000.0,1311410000.0,1.0,177702850.0,179247000,181666000.0,38.611,3109081000.0,13207000.0,228212000.0,50010000.0,17.345,1448333000.0
15,EXPD,MRT,2017-09-30,2017-09-30,2017-09-30,2021-08-05,-78960000.0,3068881000.0,2946306750.0,2518921000.0,549960000.0,2.261,11.025,-86717000.0,1033444000.0,1033444000.0,4422613000.0,434026000.0,2.341,0.55,0.0,0.0,0.0,0.0,0.0,48184000.0,0.0,0.014,0.82,689243000.0,737427000.0,0.111,737427000.0,689243000.0,689243000.0,2.41,2.38,2.41,1978003000.0,1936845250.0,1978003000.0,9704069434.0,14.0,13.159,348091000.0,1.94,1.0,2238971000.0,0.336,7927000.0,0.0,951456000.0,883563000.0,0.0,0.0,0.0,0.0,1087800000.0,1076054000.0,11746000.0,10818979434.0,-9256000.0,0.0,-209848000.0,0.0,-147849000.0,-359032000.0,-87190000.0,-37000.0,434808000.0,2158000.0,432968000.0,432968000.0,432968000.0,0.0,1058000.0,0.065,1565512000.0,673459000.0,836055000.0,0.34,5.47,24.988,24.838,513070000.0,0.0,59.86,1.624,1.612,1349854000.0,2053723000.0,6661584000.0,6661584000.0,0.0,0.147,0.224,0.78,0.103,49989000.0,1264125000.0,1.0,180738046.0,179416000,181788000.0,37.129,3060954000.0,0.0,256275000.0,35599000.0,17.061,1442867000.0
16,EXPD,MRT,2017-06-30,2017-06-30,2017-06-30,2021-08-05,-86507000.0,3022756000.0,2882535750.0,2494316000.0,528440000.0,2.228,10.976,-64914000.0,1114910000.0,1114910000.0,4236724000.0,421369000.0,2.475,0.528,0.0,0.0,0.0,0.0,0.0,47794000.0,0.0,0.015,0.82,669895000.0,717689000.0,0.112,717689000.0,669895000.0,669895000.0,2.33,2.31,2.33,1975844000.0,1904865250.0,1975844000.0,9019659764.0,13.0,12.568,400327000.0,2.224,1.0,2185088000.0,0.34,7927000.0,0.0,892273000.0,854590500.0,0.0,0.0,0.0,0.0,1044119000.0,1007646000.0,36473000.0,10175702764.0,134646000.0,0.0,-117155000.0,0.0,-147849000.0,-266339000.0,-63509000.0,-37000.0,465241000.0,-747000.0,420286000.0,420286000.0,420286000.0,0.0,1083000.0,0.065,1531261000.0,653827000.0,774941000.0,0.352,5.15,24.211,24.24,490776000.0,0.0,56.48,1.585,1.583,1215278000.0,2049403000.0,6421812000.0,6421812000.0,0.0,0.146,0.221,0.784,0.104,49255000.0,1235805000.0,1.0,180164709.0,180012000,182033000.0,35.674,3014829000.0,0.0,249609000.0,57802000.0,16.748,1486670000.0
17,EXPD,MRT,2017-03-31,2017-03-31,2017-03-31,2021-08-05,-95678000.0,2902719000.0,2803631250.0,2401796000.0,500923000.0,2.22,10.823,-57813000.0,1156043000.0,1156043000.0,4050125000.0,429053000.0,2.591,0.488,0.0,0.0,0.0,0.0,0.0,47394000.0,0.0,0.014,0.8,678959000.0,726353000.0,0.117,726353000.0,678959000.0,678959000.0,2.37,2.34,2.37,1948896000.0,1854883000.0,1948896000.0,9200585094.0,14.0,12.667,431398000.0,2.396,1.0,2174572000.0,0.349,7927000.0,0.0,811945000.0,837752500.0,0.0,0.0,0.0,0.0,950999000.0,926804000.0,24195000.0,10175020094.0,142126000.0,0.0,-132231000.0,0.0,-145123000.0,-278689000.0,-52034000.0,-37000.0,489211000.0,-16362000.0,427487000.0,427487000.0,427487000.0,0.0,1566000.0,0.069,1510121000.0,664451000.0,701122000.0,0.338,5.221,23.802,23.835,463604000.0,0.0,56.49,1.635,1.634,1126488000.0,2038053000.0,6224697000.0,6224697000.0,0.0,0.152,0.23,0.81,0.109,45009000.0,1210106000.0,1.0,180120731.0,180062000,182094000.0,34.57,2894792000.0,0.0,251472000.0,44622000.0,16.077,1474992000.0
18,EXPD,MRT,2016-12-31,2016-12-31,2016-12-31,2021-08-05,-104592000.0,2790871000.0,2747887250.0,2218579000.0,572292000.0,2.219,10.176,-59087000.0,974435000.0,974435000.0,3934001000.0,432533000.0,2.386,0.512,0.0,0.0,0.0,0.0,0.0,46796000.0,0.0,0.015,0.8,685130000.0,731926000.0,0.12,731926000.0,685130000.0,685130000.0,2.38,2.36,2.38,1844638000.0,1812471750.0,1844638000.0,8509941411.0,12.0,11.627,470398000.0,2.595,1.0,2164036000.0,0.355,7927000.0,0.0,878578000.0,835637250.0,0.0,0.0,0.0,0.0,943658000.0,929931000.0,13727000.0,9552641411.0,166639000.0,0.0,-152345000.0,0.0,-145123000.0,-298803000.0,-53196000.0,-37000.0,529485000.0,-10847000.0,430807000.0,430807000.0,430807000.0,0.0,1726000.0,0.071,1493873000.0,670163000.0,726571000.0,0.336,5.179,22.174,22.252,536572000.0,0.0,52.96,1.567,1.574,1190130000.0,1944789000.0,6098037000.0,6098037000.0,0.0,0.157,0.238,0.82,0.112,45217000.0,1199398000.0,1.0,180374649.0,181282000,182704000.0,33.638,2782944000.0,0.0,254323000.0,31585000.0,15.351,1288648000.0
19,EXPD,MRT,2016-09-30,2016-09-30,2016-09-30,2021-08-05,-81644000.0,2813797000.0,2691563750.0,2235686000.0,578111000.0,2.249,10.211,-52195000.0,1042700000.0,1042700000.0,3900637000.0,436535000.0,2.41,0.519,0.0,0.0,0.0,0.0,0.0,46441000.0,0.0,0.015,0.76,692494000.0,738935000.0,0.122,738935000.0,692494000.0,692494000.0,2.38,2.36,2.38,1850083000.0,1774310500.0,1850083000.0,8347537874.0,12.0,11.297,522499000.0,2.884,1.0,2151614000.0,0.356,7927000.0,0.0,835566000.0,838113000.0,0.0,0.0,0.0,0.0,959864000.0,927604000.0,32260000.0,9327801874.0,74017000.0,0.0,-318705000.0,0.0,-139892000.0,-461708000.0,-39618000.0,8218000.0,574694000.0,649000.0,434666000.0,434666000.0,434666000.0,0.0,1869000.0,0.072,1475669000.0,675945000.0,698620000.0,0.319,5.042,21.46,21.647,539984000.0,0.0,51.52,1.541,1.542,1108516000.0,1929449000.0,6052251000.0,6052251000.0,0.0,0.161,0.245,0.826,0.114,47036000.0,1191754000.0,1.0,181052055.0,181177000,182692000.0,33.405,2805870000.0,19573000.0,257828000.0,53697000.0,15.487,1308082000.0
20,EXPD,MRT,2016-06-30,2016-06-30,2016-06-30,2021-08-05,-82012000.0,2707138000.0,2694869000.0,2126845000.0,580293000.0,2.279,9.771,-49082000.0,980264000.0,980264000.0,3964853000.0,447322000.0,2.379,0.522,0.0,0.0,0.0,0.0,0.0,46034000.0,0.0,0.015,0.76,712798000.0,758832000.0,0.124,758832000.0,712798000.0,712798000.0,2.42,2.39,2.42,1775915000.0,1771551000.0,1775915000.0,7914257880.0,11.0,10.43,542495000.0,2.985,1.0,2176336000.0,0.354,7927000.0,0.0,824921000.0,853023000.0,0.0,0.0,0.0,0.0,927633000.0,894026000.0,33607000.0,8928174880.0,-5463000.0,0.0,-429901000.0,0.0,-139892000.0,-572904000.0,-2000000.0,47006000.0,591577000.0,-22136000.0,445395000.0,445395000.0,445395000.0,0.0,1927000.0,0.073,1475761000.0,700575000.0,642056000.0,0.314,5.027,20.046,20.264,540737000.0,0.0,49.04,1.454,1.451,1051373000.0,1855935000.0,6141189000.0,6141189000.0,0.0,0.165,0.251,0.836,0.116,47479000.0,1196352000.0,1.0,182059031.0,181753000,183132000.0,33.789,2699211000.0,19683000.0,267403000.0,59756000.0,14.851,1232819000.0
21,EXPD,MRT,2016-03-31,2016-03-31,2016-03-31,2021-08-05,-71772000.0,2679743000.0,2751178250.0,2087480000.0,592263000.0,2.311,9.776,-48715000.0,1013917000.0,1013917000.0,4182218000.0,449212000.0,2.443,0.504,0.0,0.0,0.0,0.0,0.0,45812000.0,0.0,0.015,0.72,718415000.0,764227000.0,0.12,764227000.0,718415000.0,718415000.0,2.4,2.37,2.4,1779251000.0,1799227500.0,1779251000.0,8080601253.0,11.0,10.574,619406000.0,3.403,1.0,2175360000.0,0.342,7927000.0,0.0,803484000.0,883052750.0,0.0,0.0,0.0,0.0,897232000.0,854415000.0,42817000.0,8888397253.0,-19227000.0,0.0,-485364000.0,0.0,-135673000.0,-623782000.0,-53047000.0,20000.0,668121000.0,-10519000.0,447103000.0,447103000.0,447103000.0,0.0,2109000.0,0.07,1470933000.0,704427000.0,623699000.0,0.3,4.996,19.88,20.337,526941000.0,0.0,48.81,1.398,1.397,1010667000.0,1845356000.0,6357578000.0,6357578000.0,0.0,0.163,0.248,0.814,0.113,45819000.0,1190163000.0,1.0,182101972.0,182010000,183018000.0,34.93,2671816000.0,18203000.0,271312000.0,71249000.0,14.68,1233065000.0
22,EXPD,MRT,2015-12-31,2015-12-31,2015-12-31,2021-08-05,-81238000.0,2565577000.0,2817187000.0,1976509000.0,589068000.0,2.349,8.955,-44125000.0,807796000.0,807796000.0,4428855000.0,459497000.0,2.295,0.515,0.0,0.0,0.0,0.0,0.0,46012000.0,0.0,0.016,0.72,734415000.0,780427000.0,0.118,780427000.0,734415000.0,734415000.0,2.42,2.4,2.42,1691993000.0,1835637500.0,1691993000.0,7438559085.0,10.0,9.531,522437000.0,2.765,1.0,2187777000.0,0.331,7927000.0,0.0,888481000.0,913053750.0,0.0,0.0,0.0,0.0,870901000.0,861373000.0,9528000.0,8407242085.0,-119311000.0,0.0,-499027000.0,0.0,-135673000.0,-636822000.0,-7426000.0,40294000.0,566562000.0,-41625000.0,457223000.0,457223000.0,457223000.0,0.0,2274000.0,0.069,1466293000.0,721484000.0,645304000.0,0.298,4.969,18.388,18.636,524724000.0,0.0,45.1,1.271,1.288,1112260000.0,1771379000.0,6616632000.0,6616632000.0,0.0,0.162,0.249,0.804,0.111,43415000.0,1185501000.0,1.0,186413350.0,188941000,190223000.0,35.02,2557650000.0,0.0,277192000.0,39026000.0,13.537,1115136000.0
23,EXPD,MRT,2015-09-30,2015-09-30,2015-09-30,2021-08-05,-74079000.0,2827018000.0,2898519000.0,2235460000.0,591558000.0,2.342,9.76,-42725000.0,968683000.0,968683000.0,4618762000.0,445137000.0,2.34,0.536,0.0,0.0,0.0,0.0,0.0,46176000.0,0.0,0.014,0.68,709910000.0,756086000.0,0.111,756086000.0,709910000.0,709910000.0,2.32,2.3,2.32,1839045000.0,1879741250.0,1839045000.0,7914249824.0,11.0,10.467,495605000.0,2.63,1.0,2170479000.0,0.32,7927000.0,0.0,895206000.0,933955500.0,0.0,8260000.0,8260000.0,0.0,984826000.0,955202000.0,29624000.0,8899976824.0,-21797000.0,0.0,-365595000.0,0.0,-130608000.0,-495548000.0,-13993000.0,32056000.0,538330000.0,-50586000.0,442155000.0,442155000.0,442155000.0,0.0,2982000.0,0.065,1469116000.0,701363000.0,718555000.0,0.293,4.839,20.129,20.28,527893000.0,0.0,47.05,1.311,1.306,1166300000.0,1910388000.0,6789241000.0,6789241000.0,0.0,0.153,0.235,0.76,0.105,40872000.0,1179148000.0,1.0,189159975.0,188424000,189642000.0,36.032,2819091000.0,20862000.0,267755000.0,57500000.0,14.961,1280258000.0
24,EXPD,MRT,2015-06-30,2015-06-30,2015-06-30,2021-08-05,-52778000.0,2932375000.0,2923277750.0,2334755000.0,597620000.0,2.341,9.894,-41434000.0,985727000.0,985727000.0,4729260000.0,429198000.0,2.35,0.553,0.0,0.0,0.0,0.0,0.0,47442000.0,0.0,0.015,0.68,682706000.0,730148000.0,0.107,730148000.0,682706000.0,682706000.0,2.22,2.21,2.22,1886621000.0,1895323250.0,1886621000.0,7785553222.0,11.0,10.663,450911000.0,2.365,1.0,2113754000.0,0.309,7927000.0,0.0,945040000.0,951366000.0,0.0,47047000.0,47047000.0,0.0,1042642000.0,993681000.0,48961000.0,8818697222.0,15166000.0,0.0,-298823000.0,0.0,-130608000.0,-428729000.0,-2622000.0,39100000.0,492345000.0,-45828000.0,426226000.0,426226000.0,426226000.0,0.0,2972000.0,0.062,1445153000.0,668601000.0,738323000.0,0.306,4.674,20.69,20.768,536121000.0,0.0,46.105,1.289,1.285,1194180000.0,1935159000.0,6843014000.0,6843014000.0,0.0,0.146,0.225,0.718,0.1,39955000.0,1155000000.0,1.0,191274205.0,190679000,191918000.0,35.888,2924448000.0,20930000.0,256480000.0,75782000.0,15.337,1341074000.0
25,EXPD,MRT,2015-03-31,2015-03-31,2015-03-31,2021-08-05,-57091000.0,2943778000.0,2922669000.0,2352160000.0,591618000.0,2.31,10.045,-65258000.0,1033144000.0,1033144000.0,4704275000.0,402597000.0,2.402,0.528,0.0,0.0,0.0,0.0,0.0,48439000.0,0.0,0.013,0.64,642090000.0,690529000.0,0.102,690529000.0,642090000.0,642090000.0,2.06,2.06,2.06,1924891000.0,1897371500.0,1924891000.0,8311505661.0,13.0,12.036,290245000.0,1.515,1.0,2046327000.0,0.303,7927000.0,0.0,923488000.0,962411250.0,0.0,61000.0,61000.0,0.0,1016247000.0,979219000.0,37028000.0,9238612661.0,-97902000.0,0.0,-304999000.0,0.0,-124634000.0,-428802000.0,19360000.0,86428000.0,355503000.0,-43963000.0,399768000.0,399768000.0,399768000.0,0.0,2829000.0,0.059,1417999000.0,628328000.0,749246000.0,0.311,4.8,23.11,23.388,528988000.0,0.0,48.18,1.369,1.368,1253639000.0,1974830000.0,6750602000.0,6750602000.0,0.0,0.137,0.211,0.667,0.095,40040000.0,1127464000.0,1.0,191752027.0,191628000,192707000.0,35.228,2935851000.0,20402000.0,242322000.0,63191000.0,15.321,1372941000.0
26,EXPD,MRT,2014-12-31,2014-12-31,2014-12-31,2021-08-05,-37817000.0,2890905000.0,2918100500.0,2289250000.0,601655000.0,2.25,9.526,-64573000.0,927107000.0,927107000.0,4583294000.0,379460000.0,2.327,0.546,0.0,0.0,0.0,0.0,0.0,49292000.0,0.0,0.014,0.64,608317000.0,657609000.0,0.1,657609000.0,608317000.0,608317000.0,1.92,1.92,1.92,1868408000.0,1905681500.0,1868408000.0,7620615512.0,13.0,11.588,330393000.0,1.684,1.0,1981427000.0,0.302,7927000.0,0.0,972088000.0,952798750.0,0.0,40336000.0,40336000.0,0.0,1019297000.0,983783000.0,35514000.0,8611095512.0,-320545000.0,0.0,-481512000.0,0.0,-124634000.0,-605534000.0,-78911000.0,-14000000.0,394966000.0,-31066000.0,376888000.0,376888000.0,376888000.0,0.0,2572000.0,0.057,1386779000.0,594648000.0,770238000.0,0.333,4.609,22.848,23.234,538415000.0,0.0,44.61,1.312,1.333,1236042000.0,1903196000.0,6564721000.0,6564721000.0,0.0,0.129,0.198,0.638,0.093,41418000.0,1103454000.0,1.0,193030610.0,196147000,196768000.0,33.468,2882978000.0,20279000.0,231429000.0,56591000.0,14.698,1305467000.0
27,EXPD,MRT,2014-09-30,2014-09-30,2014-09-30,2021-08-05,-21778000.0,2926053000.0,2949077250.0,2317972000.0,608081000.0,2.178,9.78,-64471000.0,990480000.0,990480000.0,4481122000.0,362729000.0,2.408,0.538,0.0,0.0,0.0,0.0,0.0,50030000.0,0.0,0.015,0.62,586388000.0,636418000.0,0.099,636418000.0,586388000.0,586388000.0,1.82,1.81,1.82,1901373000.0,1959775250.0,1901373000.0,6946922979.0,12.0,10.916,302916000.0,1.558,1.0,1940628000.0,0.302,7927000.0,0.0,964848000.0,932035000.0,0.0,40317000.0,40317000.0,0.0,1022123000.0,962798000.0,59325000.0,7917483979.0,-319850000.0,0.0,-545761000.0,0.0,-124200000.0,-668359000.0,-2778000.0,59509000.0,367387000.0,-16100000.0,361003000.0,361003000.0,361003000.0,0.0,1726000.0,0.056,1370188000.0,570440000.0,746193000.0,0.341,4.164,21.932,22.297,545366000.0,0.0,40.58,1.233,1.229,1183167000.0,1920166000.0,6421750000.0,6421750000.0,0.0,0.122,0.184,0.629,0.091,41286000.0,1092315000.0,1.0,195108033.0,194419071,195001267.0,33.03,2918126000.0,20782000.0,225385000.0,81384000.0,15.009,1355174000.0
28,EXPD,MRT,2014-06-30,2014-06-30,2014-06-30,2021-08-05,-3609000.0,2929940000.0,2992204750.0,2310470000.0,619470000.0,2.09,9.645,-71698000.0,970561000.0,970561000.0,4342337000.0,352661000.0,2.401,0.545,0.0,0.0,0.0,0.0,0.0,49918000.0,0.0,0.014,0.62,572707000.0,622625000.0,0.1,622625000.0,572707000.0,572707000.0,1.74,1.73,1.74,1894814000.0,2029326750.0,1894814000.0,7585006974.0,13.0,12.182,305291000.0,1.554,1.0,1912274000.0,0.306,7927000.0,0.0,989221000.0,919904750.0,0.0,86149000.0,86149000.0,0.0,1032803000.0,962231000.0,70572000.0,8716052974.0,-315548000.0,0.0,-509479000.0,0.0,-124200000.0,-633285000.0,-65826000.0,3752000.0,376989000.0,6574000.0,351022000.0,351022000.0,351022000.0,0.0,1639000.0,0.056,1354652000.0,557622000.0,717141000.0,0.356,4.6,24.831,25.379,556228000.0,0.0,44.16,1.394,1.387,1150531000.0,1893771000.0,6254611000.0,6254611000.0,0.0,0.117,0.173,0.623,0.092,42299000.0,1080446000.0,1.0,197374388.0,196451912,197126243.0,31.838,2922013000.0,19148000.0,221685000.0,94909000.0,14.874,1348239000.0
29,EXPD,MRT,2014-03-31,2014-03-31,2014-03-31,2021-08-05,-8691000.0,2925504000.0,3025636000.0,2334993000.0,590511000.0,2.036,9.736,-52103000.0,1131046000.0,1131046000.0,4259262000.0,353596000.0,2.59,0.493,0.0,0.0,0.0,0.0,0.0,49175000.0,0.0,0.015,0.6,575362000.0,624537000.0,0.101,624537000.0,575362000.0,575362000.0,1.73,1.72,1.73,1958131000.0,2085583500.0,1958131000.0,6783328068.0,12.0,10.861,364026000.0,1.81,1.0,1899432000.0,0.308,7927000.0,0.0,885038000.0,899953500.0,0.0,86491000.0,86491000.0,0.0,965490000.0,901493000.0,63997000.0,8030980068.0,-263641000.0,0.0,-414265000.0,0.0,-123292000.0,-537074000.0,-133576000.0,-86393000.0,416129000.0,-9120000.0,352035000.0,352035000.0,352035000.0,0.0,1561000.0,0.057,1340674000.0,558758000.0,677582000.0,0.347,4.101,22.813,22.908,556071000.0,0.0,39.63,1.304,1.294,1062924000.0,1964122000.0,6158694000.0,6158694000.0,0.0,0.116,0.169,0.639,0.093,41373000.0,1074285000.0,1.0,202649005.0,201118390,201843858.0,30.622,2917577000.0,18248000.0,223327000.0,91751000.0,14.507,1433500000.0
30,EXPD,MRT,2013-12-31,2013-12-31,2013-12-31,2021-08-05,-6265000.0,3014812000.0,3048709750.0,2415269000.0,599543000.0,1.994,10.121,-53411000.0,1247652000.0,1247652000.0,4197404000.0,350011000.0,2.776,0.445,0.0,0.0,0.0,0.0,0.0,48071000.0,0.0,0.014,0.6,571111000.0,619182000.0,0.102,619182000.0,571111000.0,571111000.0,1.69,1.68,1.69,2084783000.0,2121724500.0,2084783000.0,7786599824.0,14.0,12.576,354125000.0,1.719,1.0,1882853000.0,0.31,7927000.0,0.0,889033000.0,874570250.0,0.0,26337000.0,26337000.0,0.0,928481000.0,870200000.0,58281000.0,9096929824.0,-13190000.0,0.0,-202184000.0,0.0,-123292000.0,-332028000.0,-76806000.0,-26201000.0,407536000.0,-11892000.0,348526000.0,348526000.0,348526000.0,0.0,1485000.0,0.057,1330780000.0,552073000.0,648156000.0,0.355,4.363,26.101,26.183,563064000.0,0.0,44.25,1.496,1.499,1073500000.0,2087376000.0,6080257000.0,6080257000.0,0.0,0.114,0.164,0.653,0.094,41474000.0,1065844000.0,1.0,205580335.0,205995000,206895000.0,29.517,3006885000.0,18396000.0,222585000.0,80024000.0,14.597,1545069000.0
31,EXPD,MRT,2013-09-30,2013-09-30,2013-09-30,2021-08-05,-6236000.0,3098563000.0,3033538000.0,2498211000.0,600352000.0,1.977,10.554,-53245000.0,1310330000.0,1310330000.0,4123836000.0,349501000.0,2.892,0.421,0.0,0.0,0.0,0.0,0.0,46276000.0,0.0,0.013,0.58,567887000.0,614163000.0,0.102,614163000.0,567887000.0,567887000.0,1.69,1.69,1.69,2179579000.0,2107453500.0,2179579000.0,7807963340.0,14.0,12.713,353087000.0,1.71,1.0,1874791000.0,0.313,7927000.0,0.0,916327000.0,863011500.0,0.0,99828000.0,99828000.0,0.0,917833000.0,863979000.0,53854000.0,9094072340.0,-57312000.0,0.0,-174525000.0,0.0,-119804000.0,-300532000.0,-151663000.0,-99559000.0,406332000.0,-11449000.0,349238000.0,349238000.0,349238000.0,0.0,263000.0,0.058,1328356000.0,546435000.0,656674000.0,0.343,4.172,26.04,26.071,562125000.0,0.0,44.06,1.516,1.517,1027572000.0,2181317000.0,5998627000.0,5998627000.0,0.0,0.115,0.166,0.658,0.095,41479000.0,1044400000.0,1.0,206402005.0,206516194,207368792.0,29.047,3090636000.0,12670000.0,218649000.0,78029000.0,14.966,1634232000.0
32,EXPD,MRT,2013-06-30,2013-06-30,2013-06-30,2021-08-05,-15105000.0,3063665000.0,3016944000.0,2475778000.0,587887000.0,1.986,10.268,-47933000.0,1286109000.0,1286109000.0,4137298000.0,345499000.0,2.878,0.444,0.0,0.0,0.0,0.0,0.0,43677000.0,0.0,0.015,0.58,566467000.0,610144000.0,0.102,610144000.0,566467000.0,566467000.0,1.66,1.66,1.66,2119841000.0,2085063000.0,2119841000.0,6464742412.0,11.0,10.595,331272000.0,1.605,1.0,1855027000.0,0.31,7927000.0,0.0,909416000.0,831072500.0,0.0,89902000.0,89902000.0,0.0,941723000.0,860213000.0,81510000.0,7859429412.0,-78138000.0,0.0,-184843000.0,0.0,-119804000.0,-310807000.0,-136723000.0,-89521000.0,379205000.0,-9813000.0,345328000.0,345328000.0,345328000.0,0.0,171000.0,0.058,1309806000.0,545221000.0,645196000.0,0.349,3.708,22.759,22.916,549583000.0,0.0,38.04,1.312,1.311,1018337000.0,2129349000.0,5992325000.0,5992325000.0,0.0,0.114,0.166,0.682,0.095,41725000.0,1035227000.0,1.0,206609606.0,206444464,207192534.0,29.026,3055738000.0,11999000.0,221139000.0,99738000.0,14.802,1615565000.0
33,EXPD,MRT,2013-03-31,2013-03-31,2013-03-31,2021-08-05,-4265000.0,3017799000.0,2999120750.0,2430826000.0,586973000.0,1.999,10.184,-40606000.0,1394687000.0,1394687000.0,4157247000.0,336857000.0,2.923,0.434,0.0,0.0,0.0,0.0,0.0,41673000.0,0.0,0.016,0.56,554688000.0,596361000.0,0.099,596361000.0,554688000.0,554688000.0,1.61,1.6,1.61,2102695000.0,2065966500.0,2102695000.0,6117313389.0,11.0,10.258,347387000.0,1.682,1.0,1836806000.0,0.306,7927000.0,0.0,783505000.0,787524500.0,0.0,0.0,0.0,0.0,913178000.0,831680000.0,81498000.0,7378155389.0,-18228000.0,0.0,-247710000.0,0.0,-117263000.0,-370911000.0,-25070000.0,16160000.0,387993000.0,-10240000.0,336968000.0,336968000.0,336968000.0,0.0,-111000.0,0.056,1302761000.0,534045000.0,629190000.0,0.348,3.509,21.896,22.193,546698000.0,0.0,35.73,1.231,1.231,982119000.0,2098933000.0,5994053000.0,5994053000.0,0.0,0.112,0.163,0.704,0.093,41389000.0,1030115000.0,1.0,206497492.0,206475095,207613863.0,29.03,3009872000.0,11867000.0,217720000.0,108776000.0,14.577,1599146000.0
34,EXPD,MRT,2012-12-31,2012-12-31,2012-12-31,2021-08-05,5734000.0,2954125000.0,2994976750.0,2357599000.0,596526000.0,2.001,9.636,-47626000.0,1260842000.0,1260842000.0,4156845000.0,332969000.0,2.798,0.454,0.0,0.0,0.0,0.0,0.0,39940000.0,0.0,0.014,0.56,550784000.0,590724000.0,0.099,590724000.0,550784000.0,550784000.0,1.58,1.57,1.58,2027699000.0,2064156250.0,2027699000.0,6897586608.0,13.0,11.676,322500000.0,1.533,1.0,1835370000.0,0.306,7927000.0,0.0,842798000.0,779107250.0,0.0,139000.0,139000.0,0.0,921555000.0,842558000.0,78997000.0,8265228608.0,-33514000.0,0.0,-249903000.0,0.0,-117263000.0,-363047000.0,-46994000.0,342000.0,370126000.0,6401000.0,333360000.0,333360000.0,333360000.0,0.0,-391000.0,0.056,1304572000.0,530798000.0,641593000.0,0.354,4.076,24.794,25.032,556204000.0,0.0,39.55,1.379,1.389,1031376000.0,2018618000.0,5992215000.0,5992215000.0,0.0,0.111,0.161,0.707,0.092,38657000.0,1029236000.0,1.0,208981760.0,210422945,211935171.0,28.477,2946198000.0,12102000.0,217424000.0,100967000.0,14.001,1515041000.0
35,EXPD,MRT,2012-09-30,2012-09-30,2012-09-30,2021-08-05,5267000.0,3032187000.0,2973152250.0,2439995000.0,592192000.0,2.005,9.946,-56442000.0,1367642000.0,1367642000.0,4108385000.0,342610000.0,2.817,0.448,0.0,0.0,0.0,0.0,0.0,38391000.0,0.0,0.015,0.53,570865000.0,609256000.0,0.102,609256000.0,570865000.0,571587000.0,1.62,1.6,1.62,2090017000.0,2058141000.0,2090017000.0,6288973929.0,11.0,10.322,360871000.0,1.717,1.0,1852554000.0,0.311,9774000.0,-722000.0,788571000.0,760507500.0,0.0,0.0,0.0,0.0,936488000.0,866200000.0,70288000.0,7653220929.0,106828000.0,0.0,-149936000.0,0.0,-112355000.0,-259078000.0,-55504000.0,240000.0,417313000.0,4097000.0,341995000.0,341995000.0,341995000.0,0.0,615000.0,0.057,1294717000.0,557837000.0,667395000.0,0.327,3.662,22.378,22.438,551610000.0,0.0,36.35,1.284,1.281,1015350000.0,2082542000.0,5960939000.0,5960939000.0,0.0,0.115,0.166,0.751,0.096,39155000.0,1032690000.0,1.0,210542529.0,210135763,211397602.0,28.367,3022413000.0,10955000.0,229592000.0,94231000.0,14.383,1573795000.0
36,EXPD,MRT,2012-06-30,2012-06-30,2012-06-30,2021-08-05,-4345000.0,2992372000.0,2935897750.0,2405397000.0,586975000.0,2.056,9.652,-66867000.0,1364247000.0,1364247000.0,4154381000.0,360759000.0,2.724,0.461,0.0,0.0,0.0,0.0,0.0,37560000.0,0.0,0.014,0.53,599288000.0,636848000.0,0.106,636848000.0,599288000.0,599731000.0,1.7,1.68,1.7,2043455000.0,2024566500.0,2043455000.0,6817796265.0,11.0,10.706,374585000.0,1.769,1.0,1881262000.0,0.312,10003000.0,-443000.0,735224000.0,749867500.0,0.0,376000.0,376000.0,0.0,942315000.0,882898000.0,59417000.0,8230711265.0,138417000.0,0.0,-99640000.0,0.0,-112355000.0,-207949000.0,-66570000.0,127000.0,441452000.0,-28516000.0,360109000.0,360109000.0,360109000.0,0.0,650000.0,0.06,1304766000.0,576496000.0,672836000.0,0.312,4.028,22.856,22.794,546754000.0,0.0,38.75,1.364,1.359,983131000.0,2044682000.0,6035643000.0,6035643000.0,0.0,0.123,0.178,0.799,0.099,40095000.0,1039798000.0,1.0,212405452.0,211724082,213212912.0,28.507,2982369000.0,10234000.0,239622000.0,85365000.0,14.086,1522499000.0
37,EXPD,MRT,2012-03-31,2012-03-31,2012-03-31,2021-08-05,7064000.0,3001223000.0,2907305750.0,2410198000.0,591025000.0,2.102,9.88,-74121000.0,1412915000.0,1412915000.0,4211887000.0,371758000.0,2.91,0.429,0.0,0.0,0.0,0.0,0.0,37147000.0,0.0,0.011,0.5,615865000.0,653012000.0,0.107,653012000.0,615865000.0,616079000.0,1.75,1.73,1.75,2095454000.0,1981714750.0,2095454000.0,8569389734.0,14.0,13.123,352574000.0,1.662,1.0,1900172000.0,0.311,10215000.0,-214000.0,749836000.0,745952250.0,0.0,16277000.0,16277000.0,0.0,899189000.0,828257000.0,70932000.0,9863745734.0,174444000.0,0.0,-52590000.0,0.0,-106011000.0,-153076000.0,-90124000.0,-16200000.0,426695000.0,-9051000.0,371154000.0,371154000.0,371154000.0,0.0,604000.0,0.061,1303804000.0,596368000.0,629503000.0,0.286,4.707,26.576,26.577,550323000.0,0.0,46.51,1.614,1.614,934866000.0,2067929000.0,6112059000.0,6112059000.0,0.0,0.128,0.187,0.826,0.101,37926000.0,1040149000.0,1.0,212077956.0,212097662,214199510.0,28.817,2991008000.0,9754000.0,244925000.0,99151000.0,14.102,1581941000.0
38,EXPD,MRT,2011-12-31,2011-12-31,2011-12-31,2021-08-05,-2964000.0,2866827000.0,2866183000.0,2286883000.0,579944000.0,2.15,9.446,-78115000.0,1294356000.0,1294356000.0,4254021000.0,386243000.0,2.872,0.428,0.0,0.0,0.0,0.0,0.0,36776000.0,0.0,0.012,0.5,637464000.0,674240000.0,0.109,674240000.0,637464000.0,637464000.0,1.82,1.79,1.82,2003638000.0,1918328500.0,2003638000.0,7423918948.0,12.0,11.011,379016000.0,1.787,1.0,1907516000.0,0.31,7927000.0,0.0,768399000.0,726480000.0,0.0,0.0,0.0,0.0,856758000.0,796145000.0,60613000.0,8684732948.0,209891000.0,0.0,-55425000.0,0.0,-106011000.0,-157091000.0,-80339000.0,29000.0,457131000.0,-9810000.0,385679000.0,385679000.0,385679000.0,0.0,564000.0,0.063,1289189000.0,618327000.0,606628000.0,0.275,4.334,22.518,22.505,538806000.0,0.0,40.96,1.41,1.41,934752000.0,1991222000.0,6161537000.0,6161537000.0,0.0,0.135,0.201,0.877,0.103,38978000.0,1032332000.0,1.0,212029613.0,212117511,215033580.0,29.048,2858900000.0,10415000.0,251785000.0,80685000.0,13.478,1490738000.0
39,EXPD,MRT,2011-09-30,2011-09-30,2011-09-30,2021-08-05,-1417000.0,2883169000.0,2819271000.0,2312613000.0,570556000.0,2.21,9.214,-74768000.0,1260814000.0,1260814000.0,4357035000.0,389551000.0,2.672,0.471,0.0,0.0,0.0,0.0,0.0,36940000.0,0.0,0.011,0.45,635153000.0,672093000.0,0.108,672093000.0,635153000.0,634233000.0,1.83,1.81,1.83,1955719000.0,1852645500.0,1955719000.0,7374243635.0,12.0,10.972,409258000.0,1.928,1.0,1873684000.0,0.301,10843000.0,920000.0,746011000.0,714653500.0,0.0,483000.0,483000.0,0.0,921111000.0,865501000.0,55610000.0,8600073635.0,203588000.0,0.0,-122017000.0,0.0,-95489000.0,-201074000.0,-77635000.0,-645000.0,484026000.0,-1729000.0,389338000.0,389338000.0,389338000.0,0.0,213000.0,0.062,1261849000.0,611835000.0,655092000.0,0.246,4.397,22.089,22.158,528852000.0,0.0,40.55,1.38,1.381,997705000.0,1951375000.0,6230719000.0,6230719000.0,0.0,0.138,0.21,0.889,0.102,26800000.0,1021383000.0,1.0,212085663.0,212256119,214717451.0,29.355,2872326000.0,10161000.0,244895000.0,87844000.0,13.532,1447112000.0
40,EXPD,MRT,2011-06-30,2011-06-30,2011-06-30,2021-08-05,22459000.0,2878004000.0,2777524500.0,2313042000.0,564962000.0,2.265,8.825,-65028000.0,1225830000.0,1225830000.0,4453329000.0,378713000.0,2.51,0.534,0.0,0.0,0.0,0.0,0.0,36826000.0,0.0,0.009,0.45,617688000.0,654514000.0,0.104,654514000.0,617688000.0,616907000.0,1.78,1.75,1.78,1872048000.0,1795871250.0,1872048000.0,9632761023.0,16.0,14.717,438711000.0,2.068,1.0,1838581000.0,0.292,11086000.0,781000.0,719563000.0,709600750.0,0.0,1071000.0,1071000.0,0.0,998854000.0,921525000.0,77329000.0,10871232023.0,265530000.0,0.0,-139749000.0,0.0,-95489000.0,-216014000.0,-65918000.0,-508000.0,503739000.0,43723000.0,378839000.0,378839000.0,378839000.0,0.0,-126000.0,0.06,1230883000.0,607698000.0,688854000.0,0.253,5.807,28.696,28.758,523400000.0,0.0,51.19,1.728,1.726,1028015000.0,1844771000.0,6291910000.0,6291910000.0,0.0,0.136,0.211,0.87,0.098,21975000.0,996763000.0,1.0,212370229.0,212136164,215659043.0,29.66,2866918000.0,9469000.0,238068000.0,113187000.0,13.515,1391517000.0
41,EXPD,MRT,2011-03-31,2011-03-31,2011-03-31,2021-08-05,16958000.0,2836732000.0,2694659000.0,2280825000.0,555907000.0,2.311,8.685,-55967000.0,1238471000.0,1238471000.0,4442434000.0,374102000.0,2.493,0.536,0.0,0.0,0.0,0.0,0.0,36679000.0,0.0,0.008,0.4,612441000.0,649120000.0,0.104,649120000.0,612441000.0,611738000.0,1.76,1.73,1.76,1841909000.0,1734464250.0,1841909000.0,9557253416.0,16.0,14.723,390261000.0,1.84,1.0,1784878000.0,0.287,11329000.0,703000.0,671947000.0,707100250.0,0.0,612000.0,612000.0,0.0,987612000.0,914985000.0,72627000.0,10641718416.0,196823000.0,0.0,-152509000.0,0.0,-84872000.0,-216335000.0,-57045000.0,-53000.0,446228000.0,23975000.0,374157000.0,374157000.0,374157000.0,0.0,-55000.0,0.06,1190959000.0,593919000.0,687988000.0,0.227,5.778,28.442,28.494,514429000.0,0.0,50.15,1.709,1.708,1006980000.0,1808481000.0,6227312000.0,6227312000.0,0.0,0.139,0.216,0.866,0.098,20920000.0,966282000.0,1.0,212197775.0,212088860,215863386.0,29.362,2825403000.0,9382000.0,237581000.0,117233000.0,13.322,1365840000.0
42,EXPD,MRT,2010-12-31,2010-12-31,2010-12-31,2021-08-05,8125000.0,2679179000.0,2590995750.0,2140355000.0,538824000.0,2.303,8.201,-42408000.0,1084465000.0,1084465000.0,4274787000.0,344205000.0,2.483,0.535,0.0,0.0,0.0,0.0,0.0,36900000.0,0.0,0.007,0.4,564611000.0,601511000.0,0.101,601511000.0,564611000.0,564035000.0,1.62,1.59,1.62,1740906000.0,1679123750.0,1740906000.0,10537431802.0,19.0,17.518,353110000.0,1.663,1.0,1692786000.0,0.284,11643000.0,576000.0,721093000.0,693995000.0,0.0,524000.0,524000.0,0.0,931025000.0,861978000.0,69047000.0,11594657802.0,158536000.0,0.0,-146528000.0,0.0,-84872000.0,-208588000.0,-42179000.0,0.0,395518000.0,13785000.0,344172000.0,344172000.0,344172000.0,0.0,33000.0,0.058,1145556000.0,547230000.0,652161000.0,0.247,6.66,33.689,33.704,498648000.0,0.0,54.6,1.943,1.942,1003884000.0,1717249000.0,5967573000.0,5967573000.0,0.0,0.133,0.205,0.814,0.095,19880000.0,926187000.0,1.0,212356370.0,212283966,216446656.0,28.111,2667536000.0,8706000.0,219863000.0,100995000.0,12.566,1278377000.0
43,EXPD,MRT,2010-09-30,2010-09-30,2010-09-30,2021-08-05,4802000.0,2716183000.0,2502131500.0,2183645000.0,532538000.0,2.251,8.139,-35598000.0,1057226000.0,1057226000.0,4023213000.0,317407000.0,2.37,0.567,0.0,0.0,0.0,0.0,0.0,37500000.0,0.0,0.008,0.39,524870000.0,562370000.0,0.1,562370000.0,524870000.0,524397000.0,1.49,1.46,1.49,1728622000.0,1632149000.0,1728622000.0,8848600872.0,17.0,15.734,256059000.0,1.206,1.0,1609136000.0,0.286,11892000.0,473000.0,725800000.0,682857250.0,0.0,601000.0,601000.0,0.0,980065000.0,921265000.0,58800000.0,9808900872.0,109957000.0,0.0,-81512000.0,0.0,-82676000.0,-155021000.0,-31755000.0,85000.0,291657000.0,5076000.0,316805000.0,316805000.0,316805000.0,0.0,602000.0,0.056,1100124000.0,509012000.0,700585000.0,0.262,5.674,30.962,31.027,493046000.0,0.0,46.23,1.742,1.743,1082733000.0,1715876000.0,5632349000.0,5632349000.0,0.0,0.127,0.194,0.769,0.093,31183000.0,889454000.0,1.0,212176095.0,212392286,216342380.0,26.519,2704291000.0,8325000.0,207592000.0,90561000.0,12.733,1262380000.0
44,EXPD,MRT,2010-06-30,2010-06-30,2010-06-30,2021-08-05,-17043000.0,2546542000.0,2377307500.0,2022407000.0,524135000.0,2.104,7.66,-34209000.0,960300000.0,960300000.0,3505212000.0,278933000.0,2.339,0.561,0.0,0.0,0.0,0.0,0.0,38338000.0,0.0,0.011,0.39,465009000.0,503347000.0,0.101,503347000.0,465009000.0,464351000.0,1.31,1.29,1.31,1626420000.0,1578005000.0,1626420000.0,6305134929.0,14.0,12.526,186892000.0,0.88,1.0,1496905000.0,0.299,12145000.0,658000.0,709561000.0,651701000.0,0.0,705000.0,705000.0,0.0,911734000.0,864536000.0,47198000.0,7346782929.0,44318000.0,0.0,-60444000.0,0.0,-82676000.0,-137223000.0,-33154000.0,-35000.0,221101000.0,-6406000.0,278452000.0,278452000.0,278452000.0,0.0,481000.0,0.056,1051268000.0,445637000.0,659237000.0,0.298,4.517,26.384,26.344,483827000.0,0.0,34.51,1.469,1.465,1016575000.0,1634771000.0,5002117000.0,5002117000.0,0.0,0.117,0.176,0.714,0.093,34355000.0,847504000.0,1.0,212888523.0,212332375,216460977.0,23.558,2534397000.0,8141000.0,185899000.0,75554000.0,11.936,1157871000.0
45,EXPD,MRT,2010-03-31,2010-03-31,2010-03-31,2021-08-05,-2515000.0,2422079000.0,2259158000.0,1892949000.0,529130000.0,1.939,7.637,-33335000.0,1041648000.0,1041648000.0,2972613000.0,242338000.0,2.529,0.489,0.0,0.0,0.0,0.0,0.0,39472000.0,0.0,0.01,0.38,406529000.0,446001000.0,0.102,446001000.0,406529000.0,405958000.0,1.13,1.12,1.13,1620547000.0,1532792000.0,1620547000.0,6905613689.0,17.0,15.483,252306000.0,1.189,1.0,1408094000.0,0.321,12468000.0,571000.0,619526000.0,616985750.0,0.0,713000.0,713000.0,0.0,793143000.0,748437000.0,44706000.0,7831542689.0,157969000.0,0.0,-32707000.0,0.0,-80555000.0,-109399000.0,-39045000.0,-54000.0,285641000.0,20772000.0,242204000.0,242204000.0,242204000.0,0.0,134000.0,0.055,1014026000.0,394068000.0,567885000.0,0.336,4.833,32.334,32.673,488983000.0,0.0,36.92,1.788,1.788,817936000.0,1593265000.0,4380707000.0,4380707000.0,0.0,0.107,0.158,0.659,0.093,36757000.0,813961000.0,1.0,212121958.0,212192710,216630436.0,20.645,2409611000.0,8494000.0,163754000.0,63125000.0,11.356,1144512000.0
46,EXPD,MRT,2009-12-31,2009-12-31,2009-12-31,2021-08-05,604000.0,2323722000.0,2167343750.0,1787830000.0,535892000.0,1.888,7.322,-34424000.0,925929000.0,925929000.0,2709497000.0,240397000.0,2.524,0.491,0.0,0.0,0.0,0.0,0.0,40035000.0,0.0,0.011,0.38,403191000.0,443226000.0,0.108,443226000.0,403191000.0,402692000.0,1.13,1.11,1.13,1553007000.0,1480952000.0,1553007000.0,6425701016.0,16.0,14.498,296376000.0,1.397,1.0,1382786000.0,0.338,12865000.0,499000.0,676542000.0,605274500.0,0.0,655000.0,655000.0,0.0,762375000.0,708386000.0,53989000.0,7372970016.0,184901000.0,0.0,-37584000.0,0.0,-80555000.0,-117348000.0,-41348000.0,26000.0,330800000.0,12797000.0,240217000.0,240217000.0,240217000.0,0.0,180000.0,0.059,997785000.0,385001000.0,546675000.0,0.336,4.748,30.693,30.77,495701000.0,0.0,34.77,1.802,1.802,810369000.0,1532018000.0,4092283000.0,4092283000.0,0.0,0.111,0.162,0.666,0.099,33409000.0,800509000.0,1.0,212049756.0,212112744,216533240.0,19.293,2310857000.0,8338000.0,162475000.0,70155000.0,10.894,1079444000.0
47,EXPD,MRT,2009-09-30,2009-09-30,2009-09-30,2021-08-05,13000.0,2216887000.0,2111623000.0,1676520000.0,540367000.0,1.967,7.124,-35698000.0,947269000.0,947269000.0,2737206000.0,249453000.0,2.559,0.461,0.0,0.0,0.0,0.0,0.0,40078000.0,0.0,0.01,0.35,417686000.0,457764000.0,0.11,457764000.0,417686000.0,417268000.0,1.16,1.14,1.16,1512046000.0,1434304750.0,1512046000.0,6540449399.0,16.0,14.288,366712000.0,1.728,1.0,1415555000.0,0.341,13307000.0,418000.0,601175000.0,604897000.0,0.0,629000.0,629000.0,0.0,696932000.0,655136000.0,41796000.0,7456431399.0,250920000.0,0.0,-39250000.0,0.0,-74218000.0,-110144000.0,-46813000.0,-234000.0,402410000.0,5467000.0,248810000.0,248810000.0,248810000.0,0.0,643000.0,0.06,1021703000.0,393852000.0,486663000.0,0.302,4.931,29.968,30.302,496203000.0,0.0,35.15,1.796,1.796,684248000.0,1503162000.0,4152761000.0,4152761000.0,0.0,0.118,0.173,0.691,0.101,33373000.0,817163000.0,1.0,212131761.0,212241480,216684079.0,19.566,2203580000.0,7806000.0,168458000.0,59389000.0,10.382,1021384000.0
48,EXPD,MRT,2009-06-30,2009-06-30,2009-06-30,2021-08-05,-6668000.0,2073944000.0,2124985500.0,1534908000.0,539036000.0,2.203,6.815,-50757000.0,915982000.0,915982000.0,3182177000.0,278035000.0,2.675,0.428,0.0,0.0,0.0,0.0,0.0,40377000.0,0.0,0.01,0.35,459891000.0,500268000.0,0.107,500268000.0,459891000.0,459775000.0,1.29,1.26,1.29,1445568000.0,1391264250.0,1445568000.0,6195919303.0,13.0,12.385,400869000.0,1.89,1.0,1498170000.0,0.32,13534000.0,116000.0,570700000.0,631370500.0,0.0,636000.0,636000.0,0.0,619261000.0,573728000.0,45533000.0,7079598303.0,212494000.0,0.0,-78849000.0,0.0,-74216000.0,-149265000.0,-59800000.0,-257000.0,451626000.0,-30067000.0,276623000.0,276623000.0,276623000.0,0.0,1412000.0,0.059,1065168000.0,433002000.0,397735000.0,0.271,4.897,25.593,25.845,496362000.0,0.0,33.34,1.513,1.511,577302000.0,1445409000.0,4680347000.0,4680347000.0,0.0,0.13,0.199,0.728,0.098,33853000.0,849569000.0,1.0,212345480.0,212116679,216653968.0,22.065,2060410000.0,8506000.0,183152000.0,64769000.0,9.714,961180000.0
49,EXPD,MRT,2009-03-31,2009-03-31,2009-03-31,2021-08-05,-26704000.0,2054822000.0,2178925500.0,1531272000.0,523550000.0,2.405,6.663,-57801000.0,883679000.0,883679000.0,3673794000.0,295827000.0,2.619,0.447,0.0,0.0,0.0,0.0,0.0,40189000.0,0.0,0.011,0.32,485561000.0,525750000.0,0.1,525750000.0,485561000.0,485434000.0,1.37,1.33,1.37,1413187000.0,1360510250.0,1413187000.0,5259676579.0,11.0,10.004,344742000.0,1.625,1.0,1565448000.0,0.299,13831000.0,127000.0,572681000.0,663419000.0,0.0,598000.0,598000.0,0.0,632288000.0,584631000.0,47657000.0,6000704579.0,142713000.0,0.0,-99390000.0,-810000.0,-68103000.0,-158687000.0,-59517000.0,-75000.0,402543000.0,-41626000.0,293802000.0,293802000.0,293802000.0,0.0,2025000.0,0.056,1106402000.0,459046000.0,407021000.0,0.234,4.246,20.424,20.65,488804000.0,0.0,28.29,1.145,1.145,613283000.0,1431616000.0,5239242000.0,5239242000.0,0.0,0.135,0.216,0.732,0.093,27989000.0,879736000.0,1.0,212113983.0,212100504,216319959.0,24.702,2040991000.0,8924000.0,191632000.0,77122000.0,9.623,946641000.0
50,EXPD,MRT,2008-12-31,2008-12-31,2008-12-31,2021-08-05,-15208000.0,2100839000.0,2211145750.0,1573359000.0,527480000.0,2.548,6.422,-59357000.0,741028000.0,741028000.0,4030617000.0,302979000.0,2.347,0.525,0.0,0.0,0.0,0.0,0.0,40003000.0,0.0,0.01,0.32,497790000.0,537793000.0,0.095,537793000.0,497790000.0,497607000.0,1.41,1.37,1.41,1366418000.0,1332166500.0,1366418000.0,6358606035.0,13.0,11.824,349609000.0,1.643,1.0,1603261000.0,0.285,14430000.0,183000.0,675032000.0,677471250.0,0.0,658000.0,658000.0,0.0,716923000.0,670349000.0,46574000.0,7054955035.0,166429000.0,0.0,-102718000.0,0.0,-68103000.0,-160746000.0,-59225000.0,-72000.0,408966000.0,-22566000.0,301014000.0,301014000.0,301014000.0,0.0,1965000.0,0.053,1130125000.0,473136000.0,491823000.0,0.227,5.163,23.437,23.596,493129000.0,0.0,33.27,1.252,1.256,788176000.0,1372356000.0,5633878000.0,5633878000.0,0.0,0.136,0.226,0.735,0.088,33925000.0,901624000.0,1.0,212051549.0,212755946,219170003.0,26.48,2086409000.0,7986000.0,196593000.0,74613000.0,9.807,903010000.0
51,EXPD,MRT,2008-09-30,2008-09-30,2008-09-30,2021-08-05,9193000.0,2270337000.0,2203202250.0,1734339000.0,535998000.0,2.62,6.298,-60733000.0,696349000.0,696349000.0,4192850000.0,295034000.0,2.035,0.694,0.0,0.0,0.0,0.0,0.0,39813000.0,0.0,0.009,0.3,484849000.0,524662000.0,0.091,524662000.0,484849000.0,484643000.0,1.37,1.32,1.37,1339884000.0,1297204750.0,1339884000.0,6719348130.0,14.0,12.807,318713000.0,1.498,1.0,1580221000.0,0.274,14652000.0,206000.0,707069000.0,685951750.0,0.0,406000.0,406000.0,0.0,930453000.0,852267000.0,78186000.0,7422836130.0,139167000.0,0.0,-113970000.0,0.0,-64007000.0,-166643000.0,-60508000.0,12000.0,379446000.0,-13128000.0,293343000.0,293343000.0,293343000.0,0.0,1691000.0,0.051,1118674000.0,461547000.0,667104000.0,0.219,5.54,25.304,25.431,501664000.0,0.0,34.84,1.286,1.284,995107000.0,1328572000.0,5773071000.0,5773071000.0,0.0,0.133,0.226,0.707,0.084,32111000.0,891975000.0,1.0,213054998.0,212747871,218729790.0,27.136,2255685000.0,8098000.0,191300000.0,92044000.0,10.603,882072000.0
52,EXPD,MRT,2008-06-30,2008-06-30,2008-06-30,2021-08-05,40832000.0,2289704000.0,2161920250.0,1747964000.0,541740000.0,2.599,6.201,-75727000.0,703488000.0,703488000.0,4083279000.0,283208000.0,2.004,0.731,0.0,0.0,0.0,0.0,0.0,39281000.0,0.0,0.007,0.3,468896000.0,508177000.0,0.09,508177000.0,468896000.0,468691000.0,1.32,1.27,1.32,1322552000.0,1259067000.0,1322552000.0,8431437674.0,18.0,16.592,248555000.0,1.165,1.0,1535904000.0,0.273,15143000.0,205000.0,698894000.0,681919250.0,0.0,410000.0,410000.0,0.0,967152000.0,872179000.0,94973000.0,9171655674.0,128446000.0,0.0,-90909000.0,-203000.0,-64009000.0,-139351000.0,-76931000.0,44000.0,324282000.0,20446000.0,282098000.0,282098000.0,282098000.0,0.0,1110000.0,0.05,1090232000.0,445672000.0,682409000.0,0.227,6.935,32.512,32.576,505263000.0,0.0,43.0,1.632,1.632,982725000.0,1247023000.0,5619183000.0,5619183000.0,0.0,0.13,0.224,0.688,0.083,28140000.0,872381000.0,1.0,213294318.0,213275229,220515987.0,26.347,2274561000.0,7885000.0,186593000.0,108266000.0,10.665,875785000.0
53,EXPD,MRT,2008-03-31,2008-03-31,2008-03-31,2021-08-05,38957000.0,2183703000.0,2073809500.0,1646065000.0,537638000.0,2.615,6.101,-79391000.0,740966000.0,740966000.0,3930393000.0,277091000.0,2.06,0.68,748000.0,748000.0,0.0,748000.0,0.0,39500000.0,0.0,0.006,0.28,460451000.0,499951000.0,0.092,499951000.0,460451000.0,460203000.0,1.3,1.25,1.3,1299812000.0,1207187250.0,1299812000.0,9055388153.0,20.0,18.113,295820000.0,1.388,1.0,1493153000.0,0.275,15637000.0,248000.0,628890000.0,653291750.0,0.0,606000.0,606000.0,0.0,883891000.0,798958000.0,84933000.0,9629987153.0,164150000.0,0.0,-99471000.0,590000.0,-59748000.0,-145773000.0,-84416000.0,-49000.0,375211000.0,19128000.0,276338000.0,276338000.0,276338000.0,0.0,753000.0,0.051,1058714000.0,434439000.0,615800000.0,0.215,7.409,34.849,34.754,500845000.0,0.0,45.18,1.776,1.775,878191000.0,1209937000.0,5423546000.0,5423546000.0,0.0,0.133,0.229,0.705,0.085,31458000.0,854076000.0,1.0,213147126.0,213062231,220437979.0,25.455,2168066000.0,7185000.0,183865000.0,104378000.0,10.176,847107000.0
54,EXPD,MRT,2007-12-31,2007-12-31,2007-12-31,2021-08-05,30971000.0,2069065000.0,1987083500.0,1534697000.0,534368000.0,2.635,5.75,-82282000.0,574599000.0,574599000.0,3782210000.0,269858000.0,1.994,0.687,0.0,0.0,0.0,0.0,0.0,39303000.0,0.0,0.006,0.28,448924000.0,488227000.0,0.093,488227000.0,448924000.0,448969000.0,1.26,1.21,1.26,1226571000.0,1157616000.0,1226571000.0,8964564892.0,20.0,18.361,230303000.0,1.08,1.0,1452961000.0,0.278,15759000.0,-45000.0,708954000.0,635905250.0,0.0,674000.0,674000.0,0.0,842494000.0,769753000.0,72741000.0,9521746892.0,63241000.0,0.0,-142599000.0,0.0,-59748000.0,-174558000.0,-87971000.0,-10000.0,312585000.0,13185000.0,269154000.0,269154000.0,269154000.0,0.0,704000.0,0.051,1029561000.0,423400000.0,613108000.0,0.222,7.763,35.377,35.46,497892000.0,0.0,44.68,1.819,1.821,933519000.0,1143464000.0,5235171000.0,5235171000.0,0.0,0.135,0.233,0.706,0.086,16812000.0,830614000.0,1.0,213109823.0,213314761,221799868.0,24.542,2053306000.0,8278000.0,179815000.0,82509000.0,9.626,764944000.0
55,EXPD,MRT,2007-09-30,2007-09-30,2007-09-30,2021-08-05,28548000.0,2105209000.0,1925401750.0,1571329000.0,533880000.0,2.614,5.562,-80063000.0,557182000.0,557182000.0,3623562000.0,261707000.0,1.868,0.773,0.0,0.0,0.0,0.0,0.0,38968000.0,0.0,0.005,0.25,439298000.0,478266000.0,0.095,478266000.0,439298000.0,438905000.0,1.23,1.19,1.23,1187333000.0,1118496000.0,1187333000.0,9505862317.0,22.0,19.876,214360000.0,1.004,1.0,1409376000.0,0.28,16068000.0,393000.0,690939000.0,605247750.0,0.0,441000.0,441000.0,0.0,917876000.0,841020000.0,76856000.0,10080691317.0,57653000.0,0.0,-140736000.0,0.0,-53346000.0,-173393000.0,-84990000.0,22000.0,294423000.0,21613000.0,261707000.0,261707000.0,261707000.0,0.0,0.0,0.052,993937000.0,415439000.0,660460000.0,0.203,8.49,38.519,38.455,497768000.0,0.0,47.3,2.003,2.006,984092000.0,1103253000.0,5032938000.0,5032938000.0,0.0,0.136,0.234,0.726,0.087,19843000.0,806981000.0,1.0,213122438.0,213485465,221649693.0,23.575,2089141000.0,7760000.0,177198000.0,93899000.0,9.786,730309000.0
56,EXPD,MRT,2007-06-30,2007-06-30,2007-06-30,2021-08-05,20389000.0,1937261000.0,1852015500.0,1437761000.0,499500000.0,2.621,5.229,-50160000.0,575042000.0,575042000.0,3487732000.0,251190000.0,1.884,0.737,213000.0,213000.0,0.0,213000.0,0.0,38619000.0,0.0,0.006,0.25,424138000.0,462757000.0,0.095,462757000.0,424138000.0,423771000.0,1.18,1.14,1.18,1115033000.0,1077065750.0,1115033000.0,8226036558.0,19.0,17.776,292427000.0,1.371,1.0,1365841000.0,0.281,14780000.0,367000.0,584384000.0,573043000.0,0.0,466000.0,466000.0,0.0,822228000.0,763268000.0,58960000.0,8802628558.0,120348000.0,0.0,-139988000.0,203000.0,-53346000.0,-179450000.0,-56256000.0,26000.0,342587000.0,13467000.0,251190000.0,251190000.0,251190000.0,0.0,0.0,0.052,968666000.0,397175000.0,583632000.0,0.212,7.895,35.044,35.0,455639000.0,0.0,41.3,1.814,1.815,829202000.0,1028933000.0,4853573000.0,4853573000.0,0.0,0.136,0.233,0.74,0.087,23405000.0,785364000.0,1.0,213138706.0,213251710,221716414.0,22.76,1922481000.0,7613000.0,172581000.0,73284000.0,9.015,674493000.0
57,EXPD,MRT,2007-03-31,2007-03-31,2007-03-31,2021-08-05,15809000.0,1836799000.0,1796587750.0,1351393000.0,485406000.0,2.631,5.161,-132566000.0,576816000.0,576816000.0,3399442000.0,242030000.0,1.971,0.668,224000.0,224000.0,0.0,224000.0,0.0,36970000.0,0.0,0.005,0.22,407038000.0,444008000.0,0.094,444008000.0,407038000.0,406799000.0,1.13,1.09,1.13,1101527000.0,1040707750.0,1101527000.0,8334310169.0,20.0,18.771,178667000.0,0.837,1.0,1326954000.0,0.281,15181000.0,239000.0,559344000.0,566428750.0,0.0,530000.0,530000.0,0.0,735272000.0,685682000.0,49590000.0,8845668169.0,9128000.0,0.0,-162149000.0,220000.0,-47019000.0,-185269000.0,-134285000.0,-325000.0,311233000.0,17449000.0,242030000.0,242030000.0,242030000.0,0.0,0.0,0.051,942714000.0,384240000.0,513598000.0,0.195,8.03,36.548,36.566,455835000.0,0.0,41.32,1.872,1.866,750938000.0,993346000.0,4726396000.0,4726396000.0,0.0,0.135,0.233,0.719,0.086,11098000.0,759800000.0,1.0,214077158.0,213428221,222842546.0,22.145,1821618000.0,7386000.0,164769000.0,66402000.0,8.535,665711000.0
58,EXPD,MRT,2006-12-31,2006-12-31,2006-12-31,2021-08-05,14320000.0,1822338000.0,1751440500.0,1341837000.0,480501000.0,2.646,5.013,-139067000.0,511358000.0,511358000.0,3343027000.0,235094000.0,1.892,0.703,0.0,0.0,0.0,0.0,0.0,35448000.0,0.0,0.005,0.22,395953000.0,431401000.0,0.093,431401000.0,395953000.0,395755000.0,1.1,1.06,1.1,1070091000.0,1008904500.0,1070091000.0,8133871106.0,21.0,18.855,194220000.0,0.91,1.0,1290960000.0,0.279,15511000.0,198000.0,586324000.0,533217750.0,0.0,578000.0,578000.0,0.0,752247000.0,709145000.0,43102000.0,8633400106.0,47464000.0,0.0,-126469000.0,0.0,-47020000.0,-160107000.0,-142507000.0,-419000.0,333287000.0,16791000.0,235094000.0,235094000.0,235094000.0,0.0,0.0,0.051,915844000.0,375116000.0,544028000.0,0.2,8.068,36.723,36.818,449247000.0,0.0,40.5,1.863,1.866,811486000.0,934058000.0,4633987000.0,4633987000.0,0.0,0.134,0.233,0.743,0.085,18333000.0,736874000.0,1.0,213170373.0,213454579,222223312.0,21.709,1806827000.0,7490000.0,160661000.0,69863000.0,8.465,632692000.0
59,EXPD,MRT,2006-09-30,2006-09-30,2006-09-30,2021-08-05,4245000.0,1811664000.0,1687367000.0,1335017000.0,476647000.0,2.663,4.785,-155709000.0,499529000.0,499529000.0,3240369000.0,246772000.0,1.818,0.773,0.0,0.0,0.0,0.0,0.0,34126000.0,0.0,0.004,0.185,378799000.0,412925000.0,0.092,412925000.0,378799000.0,378735000.0,1.16,1.11,1.16,1021612000.0,972977250.0,1021612000.0,9053593205.0,24.0,21.926,202290000.0,0.947,1.0,1253458000.0,0.279,15731000.0,64000.0,562120000.0,504856250.0,0.0,386000.0,386000.0,0.0,790052000.0,734284000.0,55768000.0,9508287205.0,38086000.0,0.0,-150099000.0,36000.0,-39575000.0,-166666000.0,-157640000.0,-278000.0,357999000.0,4393000.0,246772000.0,246772000.0,246772000.0,0.0,0.0,0.055,893558000.0,359900000.0,562592000.0,0.159,9.307,38.531,38.431,445964000.0,0.0,44.58,2.116,2.118,812224000.0,894893000.0,4493827000.0,4493827000.0,0.0,0.146,0.254,0.75,0.084,10710000.0,713826000.0,1.0,213285940.0,213524680,221417053.0,21.046,1795933000.0,8717000.0,131963000.0,70655000.0,8.411,600733000.0
60,EXPD,MRT,2006-06-30,2006-06-30,2006-06-30,2021-08-05,4258000.0,1715550000.0,1619919250.0,1241908000.0,473642000.0,2.66,4.537,-167978000.0,454694000.0,454694000.0,3114501000.0,231373000.0,1.808,0.769,0.0,0.0,0.0,0.0,0.0,32625000.0,0.0,0.003,0.185,347629000.0,380254000.0,0.088,380254000.0,347629000.0,347547000.0,1.09,1.04,1.09,969601000.0,938009250.0,969601000.0,11382799843.0,33.0,29.935,156335000.0,0.731,1.0,1194108000.0,0.277,16141000.0,82000.0,557927000.0,476319000.0,0.0,415000.0,415000.0,0.0,745949000.0,686788000.0,59161000.0,11950487843.0,15821000.0,0.0,-134313000.0,73000.0,-39575000.0,-146065000.0,-167838000.0,-283000.0,324313000.0,5411000.0,231373000.0,231373000.0,231373000.0,0.0,0.0,0.054,858029000.0,336079000.0,529518000.0,0.17,12.325,51.65,51.385,444285000.0,0.0,56.01,2.774,2.778,751929000.0,831090000.0,4308609000.0,4308609000.0,0.0,0.143,0.247,0.73,0.081,6536000.0,683856000.0,1.0,213363468.0,213725395,224374720.0,20.16,1699409000.0,6679000.0,116174000.0,57773000.0,7.951,555120000.0
61,EXPD,MRT,2006-03-31,2006-03-31,2006-03-31,2021-08-05,-531000.0,1656210000.0,1545344000.0,1277776000.0,378434000.0,2.656,4.565,-81799000.0,567688000.0,567688000.0,2976086000.0,211742000.0,1.979,0.7,0.0,0.0,0.0,0.0,0.0,31602000.0,0.0,0.003,0.15,316807000.0,348409000.0,0.085,348409000.0,316807000.0,316496000.0,1.0,0.96,1.0,974314000.0,903632250.0,974314000.0,8765194623.0,28.0,25.158,229142000.0,1.074,1.0,1129081000.0,0.275,16424000.0,311000.0,426500000.0,439638500.0,0.0,135000.0,135000.0,0.0,681896000.0,645598000.0,36298000.0,9229088623.0,110298000.0,0.0,-94943000.0,116000.0,-32055000.0,-109358000.0,-82118000.0,623000.0,310941000.0,-9167000.0,211742000.0,211742000.0,211742000.0,0.0,0.0,0.052,823076000.0,306005000.0,494859000.0,0.15,9.472,43.586,43.195,348200000.0,0.0,43.195,2.248,2.246,689693000.0,798335000.0,4105167000.0,4105167000.0,0.0,0.137,0.234,0.721,0.077,16920000.0,655190000.0,1.0,213661040.0,213422478,222560098.0,19.235,1639786000.0,6765000.0,104754000.0,52077000.0,7.683,632178000.0
62,EXPD,MRT,2005-12-31,2005-12-31,2005-12-31,2021-08-05,-2639000.0,1566044000.0,1477638500.0,1201961000.0,364083000.0,2.642,4.338,-89353000.0,463894000.0,463894000.0,2842172000.0,190436000.0,1.962,0.69,0.0,0.0,0.0,0.0,0.0,30888000.0,0.0,0.004,0.15,280114000.0,311002000.0,0.08,311002000.0,280114000.0,279801000.0,0.89,0.86,0.89,926382000.0,868039500.0,926382000.0,6737196367.0,24.0,21.663,177723000.0,0.832,1.0,1061622000.0,0.272,16771000.0,313000.0,472878000.0,430778500.0,0.0,123000.0,123000.0,0.0,639662000.0,612501000.0,27161000.0,7198639367.0,54911000.0,0.0,-85642000.0,-2057000.0,-32055000.0,-106823000.0,-90767000.0,-12000.0,267076000.0,-14575000.0,190436000.0,190436000.0,190436000.0,0.0,0.0,0.049,790569000.0,271053000.0,479546000.0,0.169,7.771,37.801,37.927,333787000.0,0.0,33.755,1.844,1.847,709331000.0,745984000.0,3903794000.0,3903794000.0,0.0,0.129,0.219,0.65,0.072,20090000.0,626696000.0,1.0,213261424.0,213555102,220230176.0,18.28,1549273000.0,7208000.0,89365000.0,42559000.0,7.255,589460000.0
63,EXPD,MRT,2005-09-30,2005-09-30,2005-09-30,2021-08-05,50000.0,1541873000.0,1427140750.0,1191091000.0,350782000.0,2.617,4.125,-81422000.0,461443000.0,461443000.0,2729972000.0,133358000.0,1.936,0.749,0.0,0.0,0.0,0.0,0.0,29927000.0,0.0,0.005,0.13,231645000.0,261572000.0,0.07,261572000.0,231645000.0,231375000.0,0.62,0.61,0.62,881740000.0,838295000.0,881740000.0,5614835036.0,24.0,21.466,144010000.0,0.674,1.0,1004428000.0,0.269,17207000.0,270000.0,447971000.0,416156750.0,0.0,96000.0,96000.0,0.0,660133000.0,615252000.0,44881000.0,6053708036.0,83822000.0,0.0,-47867000.0,-20000.0,-27781000.0,-54714000.0,-82207000.0,-18000.0,225432000.0,-4689000.0,133358000.0,133358000.0,133358000.0,0.0,0.0,0.036,780864000.0,223564000.0,479298000.0,0.21,6.866,45.394,45.79,319362000.0,0.0,28.39,1.621,1.625,714112000.0,868502000.0,3734400000.0,3734400000.0,0.0,0.093,0.159,0.557,0.062,21730000.0,623647000.0,1.0,213233816.0,213737374,221334628.0,17.472,1524666000.0,0.0,98017000.0,63068000.0,7.133,575839000.0
64,EXPD,MRT,2005-06-30,2005-06-30,2005-06-30,2021-08-05,24000.0,1417249000.0,1368513000.0,1079060000.0,338189000.0,2.62,3.896,-88616000.0,438873000.0,438873000.0,2622285000.0,128061000.0,1.963,0.703,0.0,0.0,0.0,0.0,0.0,28893000.0,0.0,0.005,0.13,219684000.0,248577000.0,0.069,248577000.0,219684000.0,219422000.0,0.595,0.585,0.595,832093000.0,808277500.0,832093000.0,4854585097.0,22.0,19.53,119160000.0,0.558,1.0,962861000.0,0.269,17599000.0,262000.0,411205000.0,404586500.0,0.0,119000.0,119000.0,0.0,585156000.0,549572000.0,35584000.0,5311975097.0,66414000.0,0.0,-38902000.0,-54000.0,-27781000.0,-47702000.0,-89497000.0,-36000.0,207776000.0,-4163000.0,128061000.0,128061000.0,128061000.0,0.0,0.0,0.036,749313000.0,213548000.0,422939000.0,0.218,6.384,41.48,41.857,306177000.0,0.0,24.905,1.482,1.483,615637000.0,816307000.0,3585146000.0,3585146000.0,0.0,0.094,0.158,0.543,0.061,19882000.0,592651000.0,1.0,213289504.0,213552092,220901114.0,16.788,1399650000.0,0.0,91361000.0,52155000.0,6.554,529488000.0
65,EXPD,MRT,2005-03-31,2005-03-31,2005-03-31,2021-08-05,7697000.0,1385388000.0,1315846250.0,1047082000.0,338306000.0,2.626,3.897,-85968000.0,457390000.0,457390000.0,2521389000.0,128975000.0,2.018,0.665,0.0,0.0,0.0,0.0,0.0,27783000.0,0.0,0.004,0.11,217691000.0,245474000.0,0.071,245474000.0,217691000.0,217625000.0,0.605,0.585,0.605,831943000.0,778416000.0,831943000.0,5312398807.0,24.0,21.641,112790000.0,0.528,1.0,934424000.0,0.27,18093000.0,66000.0,391060000.0,387933500.0,0.0,749000.0,749000.0,0.0,553445000.0,518845000.0,34600000.0,5719131807.0,93064000.0,0.0,-12299000.0,-95000.0,-23368000.0,-21474000.0,-85928000.0,-697000.0,198758000.0,1708000.0,128975000.0,128975000.0,128975000.0,0.0,0.0,0.037,721359000.0,213065000.0,402210000.0,0.182,6.874,44.343,44.256,306003000.0,0.0,26.775,1.655,1.654,568468000.0,787718000.0,3455813000.0,3455813000.0,0.0,0.098,0.166,0.561,0.063,23171000.0,564947000.0,1.0,213599694.0,213456836,222715998.0,16.19,1367295000.0,0.0,88650000.0,54034000.0,6.405,528237000.0
66,EXPD,MRT,2004-12-31,2004-12-31,2004-12-31,2021-08-05,11686000.0,1364053000.0,1250012250.0,1045860000.0,318193000.0,2.654,3.795,-65679000.0,408983000.0,408983000.0,2411262000.0,129949000.0,1.995,0.689,2250000.0,2250000.0,0.0,2250000.0,0.0,26703000.0,0.0,0.004,0.11,214962000.0,241665000.0,0.073,241665000.0,214962000.0,214920000.0,0.61,0.59,0.61,807404000.0,740788000.0,807404000.0,5577240085.0,26.0,23.078,114919000.0,0.54,1.0,906237000.0,0.273,18613000.0,42000.0,414391000.0,369278000.0,0.0,109000.0,109000.0,0.0,556649000.0,524316000.0,32333000.0,5954861085.0,113151000.0,0.0,-257000.0,1863000.0,-23368000.0,-9049000.0,-64980000.0,-23000.0,180598000.0,6582000.0,129949000.0,129949000.0,129949000.0,0.0,0.0,0.039,694813000.0,211424000.0,410251000.0,0.18,7.375,45.825,45.803,287379000.0,0.0,27.94,1.795,1.792,614044000.0,749974000.0,3317499000.0,3317499000.0,0.0,0.104,0.175,0.582,0.065,16624000.0,542062000.0,1.0,213130318.0,212768302,220116684.0,15.592,1345440000.0,0.0,84971000.0,51898000.0,6.323,521544000.0
67,EXPD,MRT,2004-09-30,2004-09-30,2004-09-30,2021-08-05,2680000.0,1307362000.0,1170018500.0,1006798000.0,300564000.0,2.662,3.584,-56510000.0,377621000.0,377621000.0,2243666000.0,148928000.0,1.973,0.716,0.0,0.0,0.0,0.0,0.0,26158000.0,0.0,0.004,0.095,236228000.0,262386000.0,0.084,262386000.0,236228000.0,236149000.0,0.705,0.675,0.705,761670000.0,700312250.0,761670000.0,5104475680.0,22.0,19.454,104534000.0,0.492,1.0,870451000.0,0.28,17750000.0,79000.0,401690000.0,351465500.0,0.0,73000.0,73000.0,0.0,545692000.0,510301000.0,35391000.0,5476934680.0,84626000.0,0.0,-121000.0,-57000.0,-20046000.0,-20224000.0,-61415000.0,46000.0,161044000.0,5221000.0,148928000.0,148928000.0,148928000.0,0.0,0.0,0.048,637429000.0,233022000.0,406606000.0,0.135,7.191,36.776,36.667,270528000.0,0.0,25.85,1.759,1.764,596771000.0,718138000.0,3114117000.0,3114117000.0,0.0,0.127,0.213,0.672,0.076,13446000.0,484824000.0,1.0,211873682.0,212510586,222412336.0,14.654,1289612000.0,5512000.0,87221000.0,46458000.0,6.068,496497000.0
68,EXPD,MRT,2004-06-30,2004-06-30,2004-06-30,2021-08-05,1327000.0,1206582000.0,1103379750.0,927789000.0,278793000.0,2.654,3.374,-31581000.0,372459000.0,372459000.0,2101456000.0,138379000.0,1.968,0.693,0.0,0.0,0.0,0.0,0.0,25442000.0,0.0,0.004,0.095,219312000.0,244754000.0,0.084,244754000.0,219312000.0,219223000.0,0.655,0.63,0.655,712647000.0,663241250.0,712647000.0,4835879058.0,22.0,19.758,107906000.0,0.511,1.0,826942000.0,0.282,18104000.0,89000.0,344593000.0,329722000.0,0.0,81000.0,81000.0,0.0,493935000.0,471426000.0,22509000.0,5200205058.0,88044000.0,0.0,-4000.0,-500000.0,-20046000.0,-20550000.0,-36918000.0,-7000.0,139487000.0,6025000.0,138379000.0,138379000.0,138379000.0,0.0,0.0,0.047,611960000.0,214982000.0,370111000.0,0.145,7.297,37.579,37.718,248346000.0,0.0,24.705,1.776,1.782,526418000.0,675030000.0,2928398000.0,2928398000.0,0.0,0.125,0.209,0.665,0.075,10675000.0,462369000.0,1.0,210492008.0,211194826,221312386.0,13.866,1188478000.0,2504000.0,80844000.0,30269000.0,5.627,456363000.0
69,EXPD,MRT,2004-03-31,2004-03-31,2004-03-31,2021-08-05,4017000.0,1122052000.0,1041486250.0,843578000.0,278474000.0,2.646,3.241,-24377000.0,364326000.0,364326000.0,1972465000.0,128677000.0,1.996,0.647,0.0,0.0,0.0,0.0,0.0,24872000.0,0.0,0.004,0.08,203990000.0,228862000.0,0.083,228862000.0,203990000.0,203847000.0,0.61,0.59,0.61,681431000.0,629354750.0,681431000.0,3845867422.0,19.0,16.804,101955000.0,0.485,1.0,782980000.0,0.284,18548000.0,143000.0,316438000.0,315438000.0,0.0,52000.0,52000.0,0.0,440621000.0,422740000.0,17881000.0,4141482422.0,92081000.0,0.0,-9000.0,-537000.0,-16772000.0,-17318000.0,-30841000.0,-8000.0,126332000.0,13908000.0,128677000.0,128677000.0,128677000.0,0.0,0.0,0.047,584939000.0,198041000.0,330033000.0,0.131,6.078,32.185,32.262,245522000.0,0.0,19.68,1.503,1.502,459769000.0,649060000.0,2755445000.0,2755445000.0,0.0,0.124,0.204,0.647,0.074,3645000.0,440675000.0,1.0,210441180.0,210262228,219226088.0,13.105,1103504000.0,2258000.0,75170000.0,28037000.0,5.248,420838000.0
70,EXPD,MRT,2003-12-31,2003-12-31,2003-12-31,2021-08-05,1743000.0,1044078000.0,989140250.0,769999000.0,274079000.0,2.654,3.082,-20330000.0,295832000.0,295832000.0,1874431000.0,121952000.0,1.993,0.617,217000.0,217000.0,0.0,217000.0,0.0,24392000.0,0.0,0.004,0.08,193280000.0,217672000.0,0.083,217672000.0,193280000.0,193094000.0,0.58,0.56,0.58,645501000.0,597072500.0,645501000.0,3660758541.0,19.0,16.818,94005000.0,0.449,1.0,750510000.0,0.286,18937000.0,186000.0,343141000.0,305042750.0,0.0,82000.0,82000.0,0.0,398577000.0,386385000.0,12192000.0,3953703541.0,83973000.0,0.0,-81000.0,-1171000.0,-16772000.0,-18024000.0,-25897000.0,-5000.0,114335000.0,13559000.0,121952000.0,121952000.0,121952000.0,0.0,0.0,0.046,563748000.0,186762000.0,301122000.0,0.138,6.125,32.42,32.466,241702000.0,0.0,18.83,1.506,1.503,452551000.0,617216000.0,2624941000.0,2624941000.0,0.0,0.123,0.204,0.634,0.074,3880000.0,421971000.0,1.0,209968324.0,209466884,218003086.0,12.532,1025141000.0,3593000.0,71142000.0,19109000.0,4.894,383614000.0
71,EXPD,MRT,2003-09-30,2003-09-30,2003-09-30,2021-08-05,-3397000.0,1040807000.0,948107750.0,770753000.0,270054000.0,2.726,2.92,-76779000.0,292995000.0,292995000.0,1838003000.0,121583000.0,1.803,0.697,50000.0,50000.0,0.0,50000.0,0.0,23450000.0,0.0,0.004,0.07,190273000.0,213723000.0,0.083,213723000.0,190273000.0,190096000.0,0.58,0.56,0.58,613386000.0,566650250.0,613386000.0,3316651703.0,17.0,15.518,45691000.0,0.217,1.0,746738000.0,0.289,5725000.0,177000.0,314716000.0,294213250.0,0.0,125000.0,125000.0,0.0,427421000.0,427421000.0,0.0,3600570703.0,5663000.0,0.0,-841000.0,-1828000.0,-14618000.0,-17287000.0,-109171000.0,-354000.0,122470000.0,9651000.0,121583000.0,121583000.0,121583000.0,0.0,0.0,0.047,563567000.0,183171000.0,314711000.0,0.121,5.87,29.614,29.655,234789000.0,0.0,17.2,1.393,1.398,449323000.0,589256000.0,2584741000.0,2584741000.0,0.0,0.128,0.215,0.647,0.074,5733000.0,420054000.0,1.0,209335506.0,210084420,218381860.0,12.303,1035082000.0,7451000.0,68513000.0,28967000.0,4.927,343332000.0
72,EXPD,MRT,2003-06-30,2003-06-30,2003-06-30,2021-08-05,-5215000.0,959008000.0,895709750.0,687676000.0,271332000.0,2.784,2.76,-79723000.0,284415000.0,284415000.0,1766016000.0,119644000.0,1.801,0.662,496000.0,496000.0,0.0,496000.0,0.0,23015000.0,0.0,0.004,0.07,188099000.0,211114000.0,0.085,211114000.0,188099000.0,187928000.0,0.57,0.55,0.57,577101000.0,536466750.0,577101000.0,3328070810.0,18.0,15.764,53867000.0,0.258,1.0,727650000.0,0.292,5725000.0,171000.0,287457000.0,267322500.0,0.0,78000.0,78000.0,0.0,381907000.0,381907000.0,0.0,3599790810.0,11189000.0,0.0,-488000.0,108000.0,-14618000.0,-14998000.0,-112716000.0,-1682000.0,133590000.0,5313000.0,119644000.0,119644000.0,119644000.0,0.0,0.0,0.048,546538000.0,181112000.0,268754000.0,0.123,6.238,30.088,30.228,236363000.0,0.0,17.23,1.444,1.445,384332000.0,556697000.0,2493666000.0,2493666000.0,0.0,0.134,0.223,0.704,0.075,4220000.0,407935000.0,1.0,208925758.0,209081788,217956362.0,11.927,953283000.0,8257000.0,68284000.0,24208000.0,4.559,305769000.0
73,EXPD,MRT,2003-03-31,2003-03-31,2003-03-31,2021-08-05,-9571000.0,912668000.0,856378250.0,641423000.0,271245000.0,2.807,2.647,-80508000.0,272245000.0,272245000.0,1698176000.0,115418000.0,1.78,0.652,525000.0,525000.0,0.0,525000.0,0.0,22843000.0,0.0,0.003,0.06,182120000.0,204963000.0,0.085,204963000.0,182120000.0,181960000.0,0.55,0.53,0.55,552302000.0,507833000.0,552302000.0,3543153690.0,19.0,17.287,56313000.0,0.27,1.0,705533000.0,0.294,5725000.0,160000.0,274857000.0,242864750.0,0.0,46000.0,46000.0,0.0,360366000.0,360366000.0,0.0,3753693690.0,9344000.0,0.0,-2062000.0,-1583000.0,-12485000.0,-16130000.0,-115894000.0,-3941000.0,136821000.0,4547000.0,115418000.0,115418000.0,115418000.0,0.0,0.0,0.048,529641000.0,175892000.0,257964000.0,0.109,6.796,32.523,32.682,233742000.0,0.0,17.975,1.562,1.56,358645000.0,537155000.0,2403709000.0,2403709000.0,0.0,0.135,0.227,0.75,0.076,5107000.0,393145000.0,1.0,208828578.0,208636656,217448978.0,11.521,906943000.0,10504000.0,66542000.0,25045000.0,4.347,281057000.0
74,EXPD,MRT,2002-12-31,2002-12-31,2002-12-31,2021-08-05,-10967000.0,879948000.0,811855500.0,605486000.0,274462000.0,2.829,2.521,-77276000.0,211859000.0,211859000.0,1614690000.0,112529000.0,1.708,0.68,1319000.0,1319000.0,0.0,1319000.0,0.0,22725000.0,0.0,0.004,0.06,178168000.0,200893000.0,0.087,200893000.0,178168000.0,177990000.0,0.54,0.515,0.54,523812000.0,480240500.0,523812000.0,3112556672.0,17.0,15.494,39217000.0,0.189,1.0,682213000.0,0.297,15019000.0,178000.0,299823000.0,219423750.0,0.0,87000.0,87000.0,0.0,356136000.0,354566000.0,1570000.0,3398055672.0,-6818000.0,0.0,165000.0,-395000.0,-12485000.0,-12715000.0,-113152000.0,-4293000.0,116493000.0,2556000.0,112529000.0,112529000.0,112529000.0,0.0,0.0,0.049,511204000.0,171009000.0,248302000.0,0.111,6.487,30.197,30.231,204966000.0,0.0,16.325,1.479,1.477,385864000.0,512036000.0,2296903000.0,2296903000.0,0.0,0.139,0.234,0.812,0.078,5958000.0,379565000.0,1.0,208150424.0,207785654,217762738.0,11.054,864929000.0,11008000.0,65461000.0,26668000.0,4.163,250920000.0
75,EXPD,MRT,2002-09-30,2002-09-30,2002-09-30,2021-08-05,-12272000.0,831215000.0,763977750.0,651277000.0,179938000.0,2.744,2.363,-22769000.0,287332000.0,287332000.0,1460473000.0,103650000.0,1.924,0.687,1833000.0,1833000.0,0.0,1833000.0,0.0,22868000.0,0.0,0.004,0.055,163778000.0,186646000.0,0.089,186646000.0,163778000.0,163523000.0,0.5,0.48,0.5,492652000.0,452943250.0,492652000.0,2632124657.0,16.0,14.102,96936000.0,0.465,1.0,635875000.0,0.303,0.0,255000.0,207153000.0,192556250.0,0.0,79000.0,79000.0,0.0,338563000.0,338563000.0,0.0,2905064657.0,31149000.0,0.0,-34912000.0,-51000.0,-11395000.0,-46358000.0,-42209000.0,-14198000.0,119705000.0,11000.0,103650000.0,103650000.0,103650000.0,0.0,0.0,0.049,479153000.0,156722000.0,246415000.0,0.11,5.897,28.028,27.94,123635000.0,0.0,13.97,1.386,1.389,351639000.0,482290000.0,2096348000.0,2096348000.0,0.0,0.136,0.229,0.851,0.078,6409000.0,358805000.0,1.0,207950226.0,208466368,217131650.0,10.056,831215000.0,11792000.0,59873000.0,25355000.0,3.987,312714000.0
76,EXPD,MRT,2002-06-30,2002-06-30,2002-06-30,2021-08-05,-10990000.0,801682000.0,741884250.0,623968000.0,177714000.0,2.649,2.228,-23752000.0,273226000.0,273226000.0,1349300000.0,100400000.0,1.84,0.733,286000.0,286000.0,0.0,286000.0,0.0,23043000.0,0.0,0.003,0.055,159037000.0,182080000.0,0.093,182080000.0,159037000.0,158685000.0,0.485,0.465,0.485,462566000.0,436748000.0,462566000.0,3175700054.0,20.0,17.441,92888000.0,0.447,1.0,615933000.0,0.313,0.0,352000.0,189626000.0,184152000.0,0.0,53000.0,53000.0,0.0,339116000.0,339116000.0,0.0,3436539054.0,21083000.0,0.0,-44598000.0,-2710000.0,-11397000.0,-58705000.0,-39738000.0,-12680000.0,116640000.0,2886000.0,100400000.0,100400000.0,100400000.0,0.0,0.0,0.051,464398000.0,151535000.0,248645000.0,0.113,7.429,34.228,34.186,122960000.0,0.0,16.58,1.749,1.752,336733000.0,451670000.0,1965233000.0,1965233000.0,0.0,0.135,0.23,0.864,0.081,6080000.0,349161000.0,1.0,207270148.0,207610606,217968518.0,9.466,801682000.0,10921000.0,58285000.0,22472000.0,3.861,284852000.0
77,EXPD,MRT,2002-03-31,2002-03-31,2002-03-31,2021-08-05,-13963000.0,734577000.0,719515750.0,560757000.0,173820000.0,2.606,2.137,-29528000.0,262901000.0,262901000.0,1267434000.0,98315000.0,1.916,0.662,2062000.0,2062000.0,0.0,2062000.0,0.0,23257000.0,0.0,0.003,0.05,156058000.0,179315000.0,0.096,179315000.0,156058000.0,155616000.0,0.475,0.455,0.475,441932000.0,423603750.0,441932000.0,2892871794.0,19.0,16.133,119028000.0,0.576,1.0,607556000.0,0.324,0.0,442000.0,181093000.0,176978000.0,0.0,51000.0,51000.0,0.0,292645000.0,292645000.0,0.0,3147206794.0,41981000.0,0.0,-44898000.0,-1333000.0,-10409000.0,-56640000.0,-47042000.0,-10406000.0,148556000.0,-2893000.0,98315000.0,98315000.0,98315000.0,0.0,0.0,0.052,459893000.0,147663000.0,210673000.0,0.105,7.121,32.011,32.105,120525000.0,0.0,15.25,1.679,1.682,287687000.0,434222000.0,1874990000.0,1874990000.0,0.0,0.137,0.232,0.882,0.083,7475000.0,346093000.0,1.0,206374216.0,206762224,217681716.0,9.068,734577000.0,12223000.0,57301000.0,21602000.0,3.553,268112000.0
78,EXPD,MRT,2001-12-31,2001-12-31,2001-12-31,2021-08-05,-13989000.0,688437000.0,707839750.0,511257000.0,177180000.0,2.66,1.99,-36593000.0,218677000.0,218677000.0,1276534000.0,97243000.0,1.867,0.66,1706000.0,1706000.0,0.0,1706000.0,0.0,23544000.0,0.0,0.004,0.05,154815000.0,178359000.0,0.095,178359000.0,154815000.0,154294000.0,0.465,0.445,0.465,414623000.0,411355250.0,414623000.0,2683917900.0,17.0,15.048,131021000.0,0.629,1.0,606536000.0,0.322,5299000.0,521000.0,192353000.0,175566250.0,0.0,57000.0,57000.0,0.0,273814000.0,273814000.0,0.0,2938252900.0,49672000.0,0.0,-45035000.0,-2632000.0,-10409000.0,-58076000.0,-52857000.0,-8510000.0,167614000.0,-7009000.0,97243000.0,97243000.0,97243000.0,0.0,0.0,0.052,460519000.0,146017000.0,195826000.0,0.108,7.087,30.216,30.618,123845000.0,0.0,14.238,1.56,1.575,283414000.0,411992000.0,1883070000.0,1883070000.0,0.0,0.137,0.236,0.882,0.082,15863000.0,345708000.0,1.0,206374216.0,208319008,219482680.0,9.039,683138000.0,12156000.0,57051000.0,16439000.0,3.279,237443000.0
79,EXPD,MRT,2001-09-30,2001-09-30,2001-09-30,2021-08-05,-13301000.0,742841000.0,701165500.0,590523000.0,152318000.0,2.953,2.033,-35011000.0,256183000.0,256183000.0,1465519000.0,96064000.0,1.875,0.736,1848000.0,1848000.0,0.0,1848000.0,0.0,23466000.0,0.0,0.004,0.043,154616000.0,178082000.0,0.086,178082000.0,154616000.0,154052000.0,0.462,0.438,0.462,427871000.0,398145500.0,427871000.0,2239042397.0,14.0,12.573,145017000.0,0.689,1.0,604716000.0,0.292,0.0,564000.0,173536000.0,176840500.0,0.0,55000.0,55000.0,0.0,314970000.0,314970000.0,0.0,2488101397.0,113185000.0,0.0,-11125000.0,-2235000.0,-8850000.0,-22210000.0,-39616000.0,-47000.0,180028000.0,-5017000.0,96064000.0,96064000.0,96064000.0,0.0,0.0,0.046,460151000.0,144565000.0,225717000.0,0.093,5.815,25.9,25.622,114576000.0,0.0,11.838,1.202,1.204,314690000.0,397927000.0,2070235000.0,2070235000.0,0.0,0.137,0.241,0.874,0.075,15936000.0,340961000.0,1.0,210188080.0,210513436,220850980.0,9.834,742841000.0,11693000.0,57988000.0,32226000.0,3.529,275553000.0
80,EXPD,MRT,2001-06-30,2001-06-30,2001-06-30,2021-08-05,-13083000.0,712208000.0,680663750.0,562954000.0,149254000.0,3.021,1.96,-32690000.0,252143000.0,252143000.0,1458097000.0,94337000.0,1.863,0.737,3084000.0,3084000.0,0.0,3084000.0,0.0,23256000.0,0.0,0.003,0.043,152076000.0,175332000.0,0.085,175332000.0,152076000.0,151455000.0,0.458,0.43,0.458,409989000.0,376144750.0,409989000.0,2905514840.0,19.0,16.572,148111000.0,0.708,1.0,598222000.0,0.291,0.0,621000.0,160930000.0,183805000.0,0.0,206000.0,206000.0,0.0,302219000.0,302219000.0,0.0,3123006840.0,123540000.0,0.0,-1519000.0,942000.0,-8848000.0,-9425000.0,-39732000.0,-189000.0,180801000.0,-8104000.0,94337000.0,94337000.0,94337000.0,0.0,0.0,0.046,456124000.0,142098000.0,214229000.0,0.094,7.617,33.105,32.751,111812000.0,0.0,15.0,1.519,1.526,288467000.0,370559000.0,2056319000.0,2056319000.0,0.0,0.139,0.251,0.827,0.074,16877000.0,336123000.0,1.0,208200456.0,209224644,221146024.0,9.828,712208000.0,11360000.0,57118000.0,28278000.0,3.404,260735000.0
81,EXPD,MRT,2001-03-31,2001-03-31,2001-03-31,2021-08-05,-12473000.0,687873000.0,649892500.0,546332000.0,141541000.0,3.101,1.898,-28274000.0,220920000.0,220920000.0,1436733000.0,90837000.0,1.852,0.751,3428000.0,3428000.0,0.0,3428000.0,0.0,22854000.0,0.0,0.003,0.035,146353000.0,169207000.0,0.084,169207000.0,146353000.0,145882000.0,0.44,0.412,0.44,392938000.0,352380750.0,392938000.0,2454436771.0,17.0,14.506,120930000.0,0.584,1.0,578569000.0,0.287,0.0,471000.0,175446000.0,190805750.0,0.0,215000.0,215000.0,0.0,294935000.0,294935000.0,0.0,2592910771.0,106109000.0,0.0,454000.0,2194000.0,-7184000.0,-4536000.0,-30698000.0,571000.0,149204000.0,-7861000.0,90837000.0,90837000.0,90837000.0,0.0,0.0,0.045,440955000.0,137614000.0,213266000.0,0.08,6.599,28.545,28.659,107561000.0,0.0,12.61,1.287,1.295,308443000.0,354207000.0,2015302000.0,2015302000.0,0.0,0.14,0.258,0.767,0.073,17304000.0,325125000.0,1.0,205623376.0,206978364,220585976.0,9.737,687873000.0,10804000.0,55045000.0,28877000.0,3.323,251397000.0
82,EXPD,MRT,2000-12-31,2000-12-31,2000-12-31,2021-08-05,-9166000.0,661740000.0,614269750.0,522785000.0,138955000.0,3.104,1.768,-24880000.0,169005000.0,169005000.0,1358371000.0,83035000.0,1.743,0.829,4671000.0,4671000.0,0.0,4671000.0,0.0,22481000.0,0.0,0.003,0.035,133780000.0,156261000.0,0.082,156261000.0,133780000.0,133348000.0,0.405,0.38,0.405,361784000.0,328573750.0,361784000.0,2621505764.0,20.0,16.776,129578000.0,0.633,1.0,548355000.0,0.288,0.0,432000.0,197450000.0,193107000.0,0.0,1884000.0,1884000.0,0.0,299956000.0,299956000.0,0.0,2759979764.0,97822000.0,0.0,-1261000.0,-14501000.0,-7184000.0,-22946000.0,-29481000.0,-818000.0,154458000.0,-4209000.0,83035000.0,83035000.0,83035000.0,0.0,0.0,0.044,420831000.0,127524000.0,229534000.0,0.086,7.629,33.239,33.142,106647000.0,0.0,13.422,1.447,1.44,347114000.0,333049000.0,1906726000.0,1906726000.0,0.0,0.135,0.253,0.693,0.07,8926000.0,310812000.0,1.0,205623376.0,204610480,218716072.0,9.319,661740000.0,8830000.0,50313000.0,22950000.0,3.234,222829000.0
83,EXPD,MRT,2000-09-30,2000-09-30,2000-09-30,2021-08-05,-9279000.0,660834000.0,582700000.0,525542000.0,135292000.0,2.834,1.653,-25049000.0,142998000.0,142998000.0,1132611000.0,75683000.0,1.637,0.944,4524000.0,4524000.0,0.0,4524000.0,0.0,22345000.0,0.0,0.003,0.03,122005000.0,144350000.0,0.087,144350000.0,122005000.0,121392000.0,0.37,0.35,0.37,339868000.0,308724000.0,339868000.0,2184071329.0,18.0,15.13,109423000.0,0.532,1.0,519035000.0,0.314,0.0,613000.0,201394000.0,201405500.0,0.0,230000.0,230000.0,0.0,320966000.0,320966000.0,0.0,2310071329.0,82392000.0,0.0,-4111000.0,-11953000.0,-6107000.0,-22171000.0,-25035000.0,931000.0,134472000.0,-4874000.0,75683000.0,75683000.0,75683000.0,0.0,0.0,0.046,401218000.0,117817000.0,249384000.0,0.081,6.797,30.523,30.446,103941000.0,0.0,11.265,1.399,1.402,364879000.0,310712000.0,1651646000.0,1651646000.0,0.0,0.13,0.245,0.606,0.074,11324000.0,296883000.0,1.0,205066252.0,205587888,219379592.0,8.034,660834000.0,8614000.0,45709000.0,25550000.0,3.214,204576000.0
84,EXPD,MRT,2000-06-30,2000-06-30,2000-06-30,2021-08-05,-7292000.0,589123000.0,545640000.0,454470000.0,134653000.0,2.9,1.542,-25248000.0,128603000.0,128603000.0,1094993000.0,67880000.0,1.658,0.871,2603000.0,2603000.0,0.0,2603000.0,0.0,22084000.0,0.0,0.003,0.03,109443000.0,131527000.0,0.083,131527000.0,109443000.0,108668000.0,0.332,0.315,0.332,314933000.0,290606250.0,314933000.0,2304008472.0,21.0,17.517,101862000.0,0.499,1.0,487429000.0,0.308,0.0,775000.0,188933000.0,207055500.0,0.0,243000.0,243000.0,0.0,274190000.0,274190000.0,0.0,2417067472.0,61707000.0,0.0,-16000.0,-29512000.0,-6107000.0,-35635000.0,-28027000.0,-34000.0,127110000.0,-1741000.0,67880000.0,67880000.0,67880000.0,0.0,0.0,0.043,380882000.0,106547000.0,214197000.0,0.09,7.675,35.608,35.768,104695000.0,0.0,11.875,1.527,1.533,305200000.0,285070000.0,1582422000.0,1582422000.0,0.0,0.124,0.234,0.529,0.069,12090000.0,282844000.0,1.0,203542524.0,204276540,218393924.0,7.746,589123000.0,7090000.0,40788000.0,18530000.0,2.884,180280000.0
85,EXPD,MRT,2000-03-31,2000-03-31,2000-03-31,2021-08-05,-6291000.0,545382000.0,516053500.0,411769000.0,133613000.0,2.926,1.468,-26194000.0,114811000.0,114811000.0,1046361000.0,63010000.0,1.663,0.832,1752000.0,1752000.0,0.0,1752000.0,0.0,21622000.0,0.0,0.002,0.019,101941000.0,123563000.0,0.082,123563000.0,101941000.0,100954000.0,0.31,0.295,0.31,297710000.0,272722500.0,297710000.0,1963800002.0,19.0,15.893,72409000.0,0.357,1.0,463545000.0,0.307,0.0,987000.0,184651000.0,212002750.0,0.0,1008000.0,1008000.0,0.0,247672000.0,247672000.0,0.0,2015541002.0,47266000.0,0.0,-49000.0,-14415000.0,-5027000.0,-19491000.0,-30989000.0,-744000.0,98603000.0,-857000.0,63010000.0,63010000.0,63010000.0,0.0,0.0,0.042,364031000.0,99514000.0,193677000.0,0.061,6.77,31.988,32.056,104652000.0,0.0,9.938,1.335,1.335,279364000.0,270554000.0,1509906000.0,1509906000.0,0.0,0.122,0.231,0.481,0.068,10865000.0,270046000.0,1.0,202821736.0,202839088,217923752.0,7.444,545382000.0,6411000.0,37944000.0,16861000.0,2.689,164097000.0
86,EXPD,MRT,1999-12-31,1999-12-31,1999-12-31,2021-08-05,-5049000.0,535461000.0,486754500.0,402709000.0,132752000.0,2.968,1.408,-26582000.0,71183000.0,71183000.0,1002089000.0,59175000.0,1.591,0.896,19442000.0,19442000.0,0.0,19442000.0,0.0,20819000.0,0.0,0.002,0.019,95715000.0,116534000.0,0.081,116534000.0,95715000.0,94645000.0,0.295,0.275,0.295,282385000.0,255943000.0,282385000.0,2166637793.0,23.0,18.592,26729000.0,0.133,1.0,442486000.0,0.306,0.0,1070000.0,230644000.0,210666500.0,0.0,1171000.0,1171000.0,0.0,253076000.0,253076000.0,0.0,2210040793.0,21754000.0,0.0,-265000.0,7328000.0,-5027000.0,2036000.0,-31713000.0,-750000.0,53311000.0,-1880000.0,59175000.0,59175000.0,59175000.0,0.0,0.0,0.041,349163000.0,93323000.0,182510000.0,0.064,7.826,37.348,37.127,105905000.0,0.0,10.953,1.53,1.521,314789000.0,257198000.0,1444575000.0,1444575000.0,0.0,0.122,0.231,0.454,0.066,12734000.0,257636000.0,1.0,201784140.0,200548180,215311268.0,7.203,535461000.0,5584000.0,35470000.0,14313000.0,2.67,149633000.0
87,EXPD,MRT,1999-09-30,1999-09-30,1999-09-30,2021-08-05,-4960000.0,512594000.0,454538250.0,382328000.0,130266000.0,2.927,1.327,-26410000.0,60606000.0,60606000.0,909760000.0,54532000.0,1.559,0.917,17203000.0,17203000.0,0.0,17203000.0,0.0,19911000.0,0.0,0.002,0.015,88522000.0,108433000.0,0.081,108433000.0,88522000.0,87303000.0,0.272,0.255,0.272,267397000.0,239646250.0,267397000.0,1575640088.0,18.0,14.531,30549000.0,0.152,1.0,420784000.0,0.316,0.0,1219000.0,223994000.0,198009000.0,0.0,1108000.0,1108000.0,0.0,245197000.0,245197000.0,0.0,1610316088.0,14669000.0,0.0,4535000.0,-9545000.0,-4230000.0,-9240000.0,-32046000.0,-669000.0,56959000.0,-1004000.0,54532000.0,54532000.0,54532000.0,0.0,0.0,0.041,334891000.0,85893000.0,187581000.0,0.055,6.022,29.53,29.494,105573000.0,0.0,8.023,1.21,1.215,301589000.0,241135000.0,1330544000.0,1330544000.0,0.0,0.12,0.228,0.447,0.067,6010000.0,245318000.0,1.0,200724972.0,201527800,216380100.0,6.602,512594000.0,6514000.0,32771000.0,10741000.0,2.544,137131000.0
88,EXPD,MRT,1999-06-30,1999-06-30,1999-06-30,2021-08-05,-4981000.0,470777000.0,431392250.0,342962000.0,127815000.0,2.814,1.216,-34195000.0,66896000.0,66896000.0,820125000.0,50910000.0,1.508,0.934,32220000.0,32220000.0,0.0,32220000.0,0.0,18545000.0,0.0,0.002,0.015,82238000.0,100783000.0,0.083,100783000.0,82238000.0,81345000.0,0.258,0.24,0.258,243398000.0,223750250.0,243398000.0,1310849831.0,16.0,13.007,5551000.0,0.028,1.0,393955000.0,0.324,0.0,893000.0,208722000.0,188070750.0,0.0,175000.0,175000.0,0.0,227379000.0,227379000.0,0.0,1362135831.0,27245000.0,0.0,15000.0,31153000.0,-4230000.0,26938000.0,-38809000.0,293000.0,39746000.0,-630000.0,50910000.0,50910000.0,50910000.0,0.0,0.0,0.042,314186000.0,79769000.0,154949000.0,0.058,5.596,26.756,26.405,104444000.0,0.0,6.812,1.122,1.123,252601000.0,223297000.0,1214080000.0,1214080000.0,0.0,0.118,0.228,0.437,0.068,4319000.0,230620000.0,1.0,199946544.0,200190528,215185616.0,6.065,470777000.0,5731000.0,30435000.0,10125000.0,2.352,115583000.0
89,EXPD,MRT,1999-03-31,1999-03-31,1999-03-31,2021-08-05,-4489000.0,428186000.0,403077000.0,303550000.0,124636000.0,2.789,1.162,-43613000.0,67545000.0,67545000.0,751971000.0,48761000.0,1.536,0.857,16259000.0,16259000.0,0.0,16259000.0,0.0,17054000.0,0.0,0.003,0.018,78344000.0,95398000.0,0.085,95398000.0,78344000.0,77669000.0,0.25,0.23,0.25,230592000.0,209863750.0,230592000.0,1308289558.0,17.0,13.714,2976000.0,0.015,1.0,372099000.0,0.331,0.0,675000.0,179306000.0,173213000.0,0.0,205000.0,205000.0,0.0,197594000.0,197594000.0,0.0,1345473558.0,11608000.0,0.0,218000.0,15160000.0,-3449000.0,11929000.0,-45437000.0,150000.0,46589000.0,-1473000.0,48761000.0,48761000.0,48761000.0,0.0,0.0,0.043,296707000.0,75392000.0,146167000.0,0.072,5.835,27.593,27.0,103180000.0,0.0,6.75,1.197,1.192,220935000.0,212570000.0,1124070000.0,1124070000.0,0.0,0.121,0.232,0.452,0.07,1747000.0,217829000.0,1.0,199329416.0,198425568,213316416.0,5.665,428186000.0,3928000.0,28908000.0,9649000.0,2.158,105956000.0
90,EXPD,MRT,1998-12-31,1998-12-31,1998-12-31,2021-08-05,-3619000.0,406596000.0,381041500.0,283999000.0,122597000.0,2.792,1.103,-52455000.0,49429000.0,49429000.0,710257000.0,47274000.0,1.499,0.872,12245000.0,12245000.0,0.0,12245000.0,0.0,15547000.0,0.0,0.003,0.018,76064000.0,91611000.0,0.086,91611000.0,76064000.0,75577000.0,0.24,0.223,0.24,217198000.0,197163500.0,217198000.0,1015786170.0,13.0,11.088,783000.0,0.004,1.0,353450000.0,0.332,0.0,487000.0,180014000.0,159622750.0,0.0,394000.0,394000.0,0.0,189398000.0,189398000.0,0.0,1035358170.0,7335000.0,0.0,241000.0,10067000.0,-3449000.0,6859000.0,-52669000.0,-121000.0,53238000.0,-93000.0,47274000.0,47274000.0,47274000.0,0.0,0.0,0.044,280078000.0,73372000.0,143523000.0,0.075,4.767,21.901,21.875,103030000.0,0.0,5.25,0.973,0.972,222598000.0,203050000.0,1063707000.0,1063707000.0,0.0,0.124,0.24,0.477,0.072,1747000.0,205306000.0,1.0,197211080.0,196937752,212233536.0,5.401,406596000.0,4610000.0,28303000.0,8304000.0,2.065,94601000.0
91,EXPD,MRT,1998-09-30,1998-09-30,1998-09-30,2021-08-05,-4013000.0,420010000.0,365419000.0,301220000.0,118790000.0,2.805,1.022,-54025000.0,45937000.0,45937000.0,689658000.0,46193000.0,1.393,1.061,26365000.0,26365000.0,0.0,26365000.0,0.0,14104000.0,0.0,0.004,0.015,74667000.0,88771000.0,0.087,88771000.0,74667000.0,74309000.0,0.238,0.219,0.238,203813000.0,185827500.0,203813000.0,644561222.0,9.0,7.261,10030000.0,0.05,1.0,335485000.0,0.327,0.0,358000.0,184241000.0,147595500.0,0.0,450000.0,450000.0,0.0,216197000.0,216197000.0,0.0,683122222.0,-1479000.0,0.0,-14000.0,-2937000.0,-2949000.0,-5900000.0,-55731000.0,-124000.0,64055000.0,-3903000.0,46193000.0,46193000.0,46193000.0,0.0,0.0,0.045,264634000.0,70851000.0,153363000.0,0.063,3.352,14.788,14.575,99844000.0,0.0,3.469,0.666,0.675,241682000.0,190834000.0,1025143000.0,1025143000.0,0.0,0.126,0.249,0.506,0.073,0.0,194791000.0,1.0,196936136.0,199397104,211771456.0,5.141,420010000.0,4619000.0,28116000.0,8706000.0,2.106,85023000.0
92,EXPD,MRT,1998-06-30,1998-06-30,1998-06-30,2021-08-05,-5519000.0,357516000.0,,250381000.0,107135000.0,,0.955,-54085000.0,39651000.0,39651000.0,675002000.0,43753000.0,1.476,0.903,1090000.0,1090000.0,0.0,1090000.0,0.0,12989000.0,0.0,0.003,0.015,71136000.0,84125000.0,0.084,84125000.0,71136000.0,70778000.0,0.225,0.206,0.225,187852000.0,,187852000.0,1026806176.0,14.0,12.206,16857000.0,0.086,1.0,322775000.0,0.323,0.0,358000.0,149291000.0,,0.0,433000.0,433000.0,0.0,169664000.0,169664000.0,0.0,1081652176.0,-4935000.0,0.0,-112000.0,-14542000.0,-2949000.0,-17603000.0,-51816000.0,1862000.0,70942000.0,-6458000.0,43753000.0,43753000.0,43753000.0,0.0,0.0,0.044,255239000.0,67536000.0,136814000.0,0.067,5.758,24.722,24.444,89872000.0,0.0,5.5,1.084,1.084,195937000.0,176617000.0,997777000.0,997777000.0,0.0,,,,0.071,0.0,186310000.0,1.0,196664032.0,196737800,212949904.0,5.072,357516000.0,5704000.0,27025000.0,7336000.0,1.817,80717000.0
93,EXPD,MRT,1998-03-31,1998-03-31,1998-03-31,2021-08-05,-3687000.0,340044000.0,,244496000.0,95548000.0,,0.915,-38659000.0,55937000.0,55937000.0,672812000.0,40847000.0,1.526,0.891,1091000.0,1091000.0,0.0,1091000.0,0.0,12041000.0,0.0,0.002,0.013,66912000.0,78953000.0,0.08,78953000.0,66912000.0,66554000.0,0.21,0.193,0.21,179791000.0,,179791000.0,1013762423.0,15.0,12.84,32056000.0,0.163,1.0,308570000.0,0.314,0.0,358000.0,124945000.0,,0.0,341000.0,341000.0,0.0,160253000.0,160253000.0,0.0,1053711423.0,12260000.0,-7076000.0,36000.0,-3343000.0,-2444000.0,-5751000.0,-47019000.0,-106000.0,70715000.0,-5685000.0,40847000.0,40847000.0,40847000.0,0.0,0.0,0.042,244537000.0,64033000.0,127814000.0,0.062,5.861,25.797,25.524,77150000.0,0.0,5.36,1.074,1.073,177861000.0,167259000.0,981382000.0,981382000.0,0.0,,,,0.068,0.0,177576000.0,1.0,196587952.0,196488952,212459344.0,4.995,340044000.0,7063000.0,25707000.0,9280000.0,1.731,84243000.0
94,EXPD,MRT,1997-12-31,1997-12-31,1997-12-31,2021-08-05,-3150000.0,344106000.0,308046000.0,259504000.0,84602000.0,3.097,0.879,-36007000.0,42094000.0,42094000.0,663478000.0,38411000.0,1.507,1.002,2145000.0,2145000.0,0.0,2145000.0,0.0,11159000.0,0.0,0.003,0.013,62930000.0,74089000.0,0.078,74089000.0,62930000.0,62572000.0,0.198,0.182,0.198,171854000.0,155932500.0,171854000.0,,,,23797000.0,0.122,1.0,290524000.0,0.305,0.0,358000.0,131905000.0,119201000.0,0.0,214000.0,214000.0,0.0,172252000.0,172252000.0,0.0,946079519.0,5128000.0,-7076000.0,537000.0,-2887000.0,-2444000.0,-4794000.0,-43921000.0,-13000.0,59804000.0,-5961000.0,38411000.0,38411000.0,38411000.0,0.0,0.0,0.04,230609000.0,59915000.0,143980000.0,0.066,5.505,24.63,24.306,66550000.0,0.0,4.812,0.992,0.986,206501000.0,159225000.0,954002000.0,954002000.0,0.0,0.125,0.246,0.528,0.066,0.0,166665000.0,1.0,196587952.0,195431432,210588176.0,4.882,344106000.0,6226000.0,24161000.0,7181000.0,1.761,87252000.0
95,EXPD,MRT,1997-09-30,1997-09-30,1997-09-30,2021-08-05,,,,,,,,,,,,,,,,,,,,,,0.002,0.011,,,,,,,,,,,,,,,,,,1.0,,,,,,,,,,,,,,,,,,,,,,,,,,,,,,,,,,,,,,,,5.235,,,,,,,,,,,,,,1.0,,195503592,,,,,,,,
96,EXPD,MRT,1997-06-30,1997-06-30,1997-06-30,2021-08-05,,,,,,,,,,,,,,,,,,,,,,0.003,0.011,,,,,,,,,,,,,,,,,,1.0,,,,,,,,,,,,,,,,,,,,,,,,,,,,,,,,,,,,,,,,3.547,,,,,,,,,,,,,,1.0,,194557784,,,,,,,,
97,EXPD,MRT,1997-03-31,1997-03-31,1997-03-31,2021-08-05,,,,,,,,,,,,,,,,,,,,,,0.003,0.01,,,,,,,,,,,,,,,,,,1.0,,,,,,,,,,,,,,,,,,,,,,,,,,,,,,,,,,,,,,,,3.0,,,,,,,,,,,,,,1.0,,194025544,,,,,,,,
98,EXPD,MRT,1996-12-31,1996-12-31,1996-12-31,2021-08-05,3332000.0,271986000.0,,215443000.0,56543000.0,,0.724,-20824000.0,36966000.0,36966000.0,527753000.0,24263000.0,1.632,0.943,3452000.0,3452000.0,0.0,3452000.0,0.0,8147000.0,0.0,0.003,0.01,39747000.0,47894000.0,0.066,47894000.0,39747000.0,39584000.0,0.125,0.119,0.125,140011000.0,,140011000.0,,,,3343000.0,0.017,1.0,202335000.0,0.277,0.0,163000.0,106497000.0,,0.0,357000.0,357000.0,0.0,131975000.0,131975000.0,0.0,,824000.0,0.0,-588000.0,3164000.0,-1933000.0,643000.0,-23795000.0,87000.0,24167000.0,-191000.0,24263000.0,24263000.0,24263000.0,0.0,0.0,0.033,164910000.0,37425000.0,101670000.0,0.08,,,23.0,46246000.0,0.0,2.875,,0.761,168763000.0,123258000.0,730088000.0,730088000.0,0.0,,,,0.054,0.0,119206000.0,1.0,,193290904,205154368.0,3.777,271986000.0,4854000.0,15321000.0,5659000.0,1.407,83468000.0
99,EXPD,MRT,1995-12-31,1995-12-31,1995-12-31,2021-08-05,,,,,,,,-9302000.0,,,430618000.0,17395000.0,,,,,,,,6629000.0,,0.004,0.007,28711000.0,35340000.0,0.06,35340000.0,28711000.0,28399000.0,0.091,0.086,0.091,,,,,,,14242000.0,0.074,1.0,154073000.0,0.264,,312000.0,,,,,,,,,,,14715000.0,0.0,71000.0,44000.0,-1438000.0,-1323000.0,-7926000.0,2353000.0,23544000.0,420000.0,17395000.0,17395000.0,17395000.0,0.0,0.0,0.03,127222000.0,26851000.0,,0.077,,,17.94,,0.0,1.633,,0.535,,,584691000.0,584691000.0,0.0,,,,0.049,0.0,91817000.0,1.0,,191773936,201329248.0,3.049,,,11004000.0,,,
