None,ticker,dimension,calendardate,datekey,reportperiod,lastupdated,accoci,assets,assetsavg,assetsc,assetsnc,assetturnover,bvps,capex,cashneq,cashnequsd,cor,consolinc,currentratio,de,debt,debtc,debtnc,debtusd,deferredrev,depamor,deposits,divyield,dps,ebit,ebitda,ebitdamargin,ebitdausd,ebitusd,ebt,eps,epsdil,epsusd,equity,equityavg,equityusd,ev,evebit,evebitda,fcf,fcfps,fxusd,gp,grossmargin,intangibles,intexp,invcap,invcapavg,inventory,investments,investmentsc,investmentsnc,liabilities,liabilitiesc,liabilitiesnc,marketcap,ncf,ncfbus,ncfcommon,ncfdebt,ncfdiv,ncff,ncfi,ncfinv,ncfo,ncfx,netinc,netinccmn,netinccmnusd,netincdis,netincnci,netmargin,opex,opinc,payables,payoutratio,pb,pe,pe1,ppnenet,prefdivis,price,ps,ps1,receivables,retearn,revenue,revenueusd,rnd,roa,roe,roic,ros,sbcomp,sgna,sharefactor,sharesbas,shareswa,shareswadil,sps,tangibles,taxassets,taxexp,taxliabilities,tbvps,workingcapital
0,NSC,MRY,2020-12-31,2020-12-31,2020-12-31,2021-07-28,-594000000.0,37962000000.0,37885250000.0,2318000000.0,35644000000.0,0.258,58.236,-1161000000.0,1115000000.0,1115000000.0,2875000000.0,2013000000.0,1.073,1.567,12681000000.0,579000000.0,12102000000.0,12681000000.0,0.0,1154000000.0,0.0,0.016,3.76,3155000000.0,4309000000.0,0.44,4309000000.0,3155000000.0,2530000000.0,7.88,7.84,7.88,14791000000.0,14869250000.0,14791000000.0,71713456162.0,23.0,16.643,2476000000.0,9.749,1.0,6914000000.0,0.706,0.0,625000000.0,47368000000.0,47322000000.0,221000000.0,3590000000.0,0.0,3590000000.0,23171000000.0,2160000000.0,21011000000.0,60349456162.0,535000000.0,0.0,-1370000000.0,403000000.0,-960000000.0,-1927000000.0,-1175000000.0,-14000000.0,3637000000.0,0.0,2013000000.0,2013000000.0,2013000000.0,0.0,0.0,0.206,3912000000.0,3002000000.0,1016000000.0,0.477,4.08,29.98,30.154,31345000000.0,0.0,237.61,6.165,6.165,848000000.0,12883000000.0,9789000000.0,9789000000.0,0.0,0.053,0.135,0.067,0.322,0.0,2373000000.0,1.0,253985338.0,253985338.0,,38.542,37962000000.0,0.0,517000000.0,7185000000.0,149.465,158000000.0
1,NSC,MRY,2019-12-31,2019-12-31,2019-12-31,2021-07-28,-491000000.0,37923000000.0,37414250000.0,2081000000.0,35842000000.0,0.302,58.233,-1642000000.0,580000000.0,580000000.0,3418000000.0,2722000000.0,0.905,1.498,12196000000.0,316000000.0,11880000000.0,12196000000.0,0.0,1139000000.0,0.0,0.019,3.6,4095000000.0,5234000000.0,0.463,5234000000.0,4095000000.0,3491000000.0,10.32,10.25,10.32,15184000000.0,15266000000.0,15184000000.0,62002749688.0,15.0,11.846,2250000000.0,8.629,1.0,7878000000.0,0.697,0.0,604000000.0,47239000000.0,46114000000.0,244000000.0,3428000000.0,0.0,3428000000.0,22739000000.0,2300000000.0,20439000000.0,50618749688.0,134000000.0,0.0,-2072000000.0,1004000000.0,-949000000.0,-1994000000.0,-1764000000.0,-122000000.0,3892000000.0,0.0,2722000000.0,2722000000.0,2722000000.0,0.0,0.0,0.241,3889000000.0,3989000000.0,1428000000.0,0.349,3.334,18.596,18.811,31614000000.0,0.0,194.13,4.481,4.481,920000000.0,13207000000.0,11296000000.0,11296000000.0,0.0,0.073,0.178,0.089,0.363,0.0,2751000000.0,1.0,260746663.0,260746663.0,,43.322,37923000000.0,0.0,769000000.0,7044000000.0,145.44,-219000000.0
2,NSC,MRY,2018-12-31,2018-12-31,2018-12-31,2021-07-28,-563000000.0,36239000000.0,36127750000.0,1862000000.0,34377000000.0,0.317,56.406,-1747000000.0,358000000.0,358000000.0,3472000000.0,2666000000.0,0.719,1.359,11145000000.0,585000000.0,10560000000.0,11145000000.0,0.0,1104000000.0,0.0,0.02,3.04,4026000000.0,5130000000.0,0.448,5130000000.0,4026000000.0,3469000000.0,9.58,9.51,9.58,15362000000.0,15954750000.0,15362000000.0,51132761408.0,13.0,9.967,1979000000.0,7.266,1.0,7986000000.0,0.697,0.0,557000000.0,44435000000.0,43590750000.0,207000000.0,3109000000.0,0.0,3109000000.0,20877000000.0,2591000000.0,18286000000.0,40726761408.0,-244000000.0,0.0,-2741000000.0,1273000000.0,-844000000.0,-2312000000.0,-1658000000.0,89000000.0,3726000000.0,0.0,2666000000.0,2666000000.0,2666000000.0,0.0,0.0,0.233,4027000000.0,3959000000.0,1505000000.0,0.317,2.651,15.276,15.61,31091000000.0,0.0,149.54,3.554,3.554,1009000000.0,13440000000.0,11458000000.0,11458000000.0,0.0,0.074,0.167,0.092,0.351,0.0,2925000000.0,1.0,272346940.0,272346940.0,,42.071,36239000000.0,0.0,803000000.0,6715000000.0,133.062,-729000000.0
3,NSC,MRY,2017-12-31,2017-12-31,2017-12-31,2021-07-28,-356000000.0,35711000000.0,35232750000.0,2149000000.0,33562000000.0,0.299,57.17,-1521000000.0,690000000.0,690000000.0,2995000000.0,5404000000.0,0.844,1.183,9836000000.0,700000000.0,9136000000.0,9836000000.0,0.0,1059000000.0,0.0,0.017,2.44,3678000000.0,4737000000.0,0.449,4737000000.0,3678000000.0,3128000000.0,18.76,18.61,18.76,16359000000.0,13568750000.0,16359000000.0,50618956193.0,14.0,10.686,1732000000.0,6.053,1.0,7556000000.0,0.716,0.0,550000000.0,42312000000.0,41971000000.0,222000000.0,2981000000.0,0.0,2981000000.0,19352000000.0,2545000000.0,16807000000.0,41462956193.0,-266000000.0,0.0,-923000000.0,-412000000.0,-703000000.0,-2038000000.0,-1481000000.0,40000000.0,3253000000.0,0.0,5404000000.0,5404000000.0,5404000000.0,0.0,0.0,0.512,4034000000.0,3522000000.0,1401000000.0,0.13,2.535,7.673,7.724,30330000000.0,0.0,144.9,3.93,3.93,955000000.0,14176000000.0,10551000000.0,10551000000.0,0.0,0.153,0.398,0.088,0.349,0.0,2979000000.0,1.0,286148766.0,286148766.0,,36.872,35711000000.0,0.0,-2276000000.0,6535000000.0,124.799,-396000000.0
4,NSC,MRY,2016-12-31,2016-12-31,2016-12-31,2021-07-28,-487000000.0,34892000000.0,34410750000.0,2291000000.0,32601000000.0,0.287,42.505,-1757000000.0,956000000.0,956000000.0,3045000000.0,1668000000.0,0.979,1.812,10212000000.0,650000000.0,9562000000.0,10212000000.0,0.0,1030000000.0,0.0,0.022,2.36,3145000000.0,4175000000.0,0.422,4175000000.0,3145000000.0,2582000000.0,5.66,5.62,5.66,12409000000.0,12325250000.0,12409000000.0,40671197336.0,13.0,9.742,1277000000.0,4.374,1.0,6843000000.0,0.692,0.0,563000000.0,41809000000.0,41413250000.0,257000000.0,2777000000.0,0.0,2777000000.0,22483000000.0,2339000000.0,20144000000.0,31550197336.0,-145000000.0,0.0,-746000000.0,94000000.0,-695000000.0,-1347000000.0,-1832000000.0,-75000000.0,3034000000.0,0.0,1668000000.0,1668000000.0,1668000000.0,0.0,0.0,0.169,3834000000.0,3009000000.0,1215000000.0,0.417,2.543,18.915,19.094,29751000000.0,0.0,108.07,3.191,3.191,945000000.0,10425000000.0,9888000000.0,9888000000.0,0.0,0.048,0.135,0.076,0.318,0.0,2808000000.0,1.0,291942235.0,291942235.0,,33.87,34892000000.0,0.0,914000000.0,9385000000.0,119.517,-48000000.0
5,NSC,MRY,2015-12-31,2015-12-31,2015-12-31,2021-07-28,-445000000.0,34139000000.0,33437750000.0,2512000000.0,31627000000.0,0.314,40.821,-2322000000.0,1101000000.0,1101000000.0,3662000000.0,1556000000.0,1.126,1.801,10093000000.0,700000000.0,9393000000.0,10093000000.0,0.0,1059000000.0,0.0,0.028,2.36,2987000000.0,4046000000.0,0.385,4046000000.0,2987000000.0,2442000000.0,5.13,5.1,5.13,12188000000.0,12138000000.0,12188000000.0,34319016421.0,11.0,8.482,586000000.0,1.963,1.0,6849000000.0,0.652,0.0,545000000.0,40900000000.0,39952250000.0,271000000.0,2572000000.0,0.0,2572000000.0,21951000000.0,2231000000.0,19720000000.0,25256016421.0,128000000.0,0.0,-1063000000.0,1083000000.0,-713000000.0,-693000000.0,-2087000000.0,235000000.0,2908000000.0,0.0,1556000000.0,1556000000.0,1556000000.0,0.0,0.0,0.148,3965000000.0,2884000000.0,1091000000.0,0.46,2.072,16.231,16.489,28992000000.0,0.0,84.59,2.403,2.403,946000000.0,10191000000.0,10511000000.0,10511000000.0,0.0,0.047,0.128,0.075,0.284,0.0,2911000000.0,1.0,298569765.0,298569765.0,,35.205,34139000000.0,0.0,886000000.0,9145000000.0,114.342,281000000.0
6,NSC,MRY,2014-12-31,2014-12-31,2014-12-31,2021-07-28,-398000000.0,33200000000.0,33036500000.0,2778000000.0,30422000000.0,0.352,40.098,-2004000000.0,973000000.0,973000000.0,4201000000.0,2000000000.0,1.561,1.676,8985000000.0,102000000.0,8883000000.0,8985000000.0,0.0,956000000.0,0.0,0.02,2.22,3679000000.0,4635000000.0,0.399,4635000000.0,3679000000.0,3134000000.0,6.44,6.39,6.44,12408000000.0,12154250000.0,12408000000.0,41406923042.0,11.0,8.934,911000000.0,2.944,1.0,7423000000.0,0.639,0.0,545000000.0,39432000000.0,38627000000.0,236000000.0,2679000000.0,0.0,2679000000.0,20792000000.0,1780000000.0,19012000000.0,33917923042.0,-470000000.0,0.0,-251000000.0,-445000000.0,-687000000.0,-1383000000.0,-2002000000.0,2000000.0,2915000000.0,0.0,2000000000.0,2000000000.0,2000000000.0,0.0,0.0,0.172,3848000000.0,3575000000.0,1233000000.0,0.345,2.734,16.959,17.02,27694000000.0,0.0,109.61,2.918,2.918,1055000000.0,10348000000.0,11624000000.0,11624000000.0,0.0,0.061,0.165,0.095,0.317,0.0,2897000000.0,1.0,309441867.0,309441867.0,,37.564,33200000000.0,167000000.0,1134000000.0,9034000000.0,107.29,998000000.0
7,NSC,MRY,2013-12-31,2013-12-31,2013-12-31,2021-07-28,-381000000.0,32483000000.0,31263000000.0,3075000000.0,29408000000.0,0.36,36.545,-1827000000.0,1443000000.0,1443000000.0,4070000000.0,1910000000.0,1.334,1.877,9448000000.0,545000000.0,8903000000.0,9448000000.0,0.0,922000000.0,0.0,0.022,2.04,3490000000.0,4412000000.0,0.392,4412000000.0,3490000000.0,2965000000.0,6.1,6.04,6.1,11289000000.0,10470250000.0,11289000000.0,36638145748.0,10.0,8.304,1251000000.0,4.05,1.0,7175000000.0,0.638,0.0,525000000.0,38183000000.0,37091500000.0,223000000.0,2557000000.0,118000000.0,2439000000.0,21194000000.0,2305000000.0,18889000000.0,28676145748.0,790000000.0,0.0,-496000000.0,739000000.0,-637000000.0,-394000000.0,-1894000000.0,-67000000.0,3078000000.0,0.0,1910000000.0,1910000000.0,1910000000.0,0.0,0.0,0.17,3918000000.0,3257000000.0,1265000000.0,0.334,2.54,15.014,15.218,26645000000.0,0.0,92.83,2.55,2.55,1024000000.0,9339000000.0,11245000000.0,11245000000.0,0.0,0.061,0.182,0.094,0.31,0.0,3002000000.0,1.0,308910328.0,308910328.0,,36.402,32483000000.0,180000000.0,1055000000.0,8767000000.0,105.153,770000000.0
8,NSC,MRY,2012-12-31,2012-12-31,2012-12-31,2021-07-28,-1109000000.0,30342000000.0,29687000000.0,2242000000.0,28100000000.0,0.372,30.882,-2049000000.0,653000000.0,653000000.0,4040000000.0,1749000000.0,1.077,2.109,8682000000.0,250000000.0,8432000000.0,8682000000.0,0.0,922000000.0,0.0,0.031,1.94,3253000000.0,4175000000.0,0.378,4175000000.0,3253000000.0,2758000000.0,5.42,5.37,5.42,9760000000.0,9780000000.0,9760000000.0,27331110560.0,8.0,6.546,1016000000.0,3.215,1.0,7000000000.0,0.634,0.0,495000000.0,36290000000.0,35446000000.0,216000000.0,2315000000.0,15000000.0,2300000000.0,20582000000.0,2081000000.0,18501000000.0,19544110560.0,377000000.0,0.0,-1199000000.0,1129000000.0,-624000000.0,-694000000.0,-1994000000.0,55000000.0,3065000000.0,0.0,1749000000.0,1749000000.0,1749000000.0,0.0,0.0,0.158,3876000000.0,3124000000.0,1362000000.0,0.358,2.002,11.174,11.41,25736000000.0,0.0,61.84,1.77,1.77,1109000000.0,8643000000.0,11040000000.0,11040000000.0,0.0,0.059,0.179,0.092,0.295,0.0,2960000000.0,1.0,316043185.0,316043185.0,,34.932,30342000000.0,167000000.0,1009000000.0,8038000000.0,96.006,161000000.0
9,NSC,MRY,2011-12-31,2011-12-31,2011-12-31,2021-07-28,-1026000000.0,28538000000.0,28263750000.0,1751000000.0,26787000000.0,0.395,29.488,-2076000000.0,276000000.0,276000000.0,4123000000.0,1916000000.0,1.029,1.879,7540000000.0,150000000.0,7390000000.0,7540000000.0,0.0,869000000.0,0.0,0.023,1.66,3373000000.0,4242000000.0,0.38,4242000000.0,3373000000.0,2918000000.0,5.52,5.45,5.52,9911000000.0,10348500000.0,9911000000.0,31083698971.0,9.0,7.328,1151000000.0,3.425,1.0,7049000000.0,0.631,0.0,455000000.0,34101000000.0,33161500000.0,209000000.0,2259000000.0,25000000.0,2234000000.0,18627000000.0,1701000000.0,16926000000.0,24488698971.0,-551000000.0,0.0,-1931000000.0,501000000.0,-576000000.0,-2006000000.0,-1772000000.0,304000000.0,3227000000.0,0.0,1916000000.0,1916000000.0,1916000000.0,0.0,0.0,0.172,3836000000.0,3213000000.0,1092000000.0,0.301,2.471,12.781,13.199,24469000000.0,0.0,72.86,2.192,2.192,1022000000.0,8693000000.0,11172000000.0,11172000000.0,0.0,0.068,0.185,0.102,0.302,0.0,2974000000.0,1.0,336106217.0,336106217.0,,33.239,28538000000.0,143000000.0,1002000000.0,7693000000.0,84.908,50000000.0
10,NSC,MRY,2010-12-31,2010-12-31,2010-12-31,2021-07-28,-805000000.0,28199000000.0,27906000000.0,2471000000.0,25728000000.0,0.341,29.361,-1373000000.0,827000000.0,827000000.0,3313000000.0,1496000000.0,1.187,1.643,7025000000.0,458000000.0,6567000000.0,7025000000.0,0.0,826000000.0,0.0,0.022,1.4,2829000000.0,3655000000.0,0.384,3655000000.0,2829000000.0,2367000000.0,4.06,4.0,4.06,10669000000.0,10695750000.0,10669000000.0,28633036578.0,10.0,7.834,1341000000.0,3.69,1.0,6203000000.0,0.652,0.0,462000000.0,32315000000.0,31790250000.0,169000000.0,2476000000.0,283000000.0,2193000000.0,17530000000.0,2082000000.0,15448000000.0,22827036578.0,-169000000.0,0.0,-774000000.0,-139000000.0,-514000000.0,-1427000000.0,-1456000000.0,-83000000.0,2714000000.0,0.0,1496000000.0,1496000000.0,1496000000.0,0.0,0.0,0.157,3527000000.0,2676000000.0,1181000000.0,0.345,2.14,15.259,15.473,23231000000.0,0.0,62.82,2.399,2.399,807000000.0,9224000000.0,9516000000.0,9516000000.0,0.0,0.054,0.14,0.089,0.297,0.0,2708000000.0,1.0,363372120.0,363372120.0,,26.188,28199000000.0,145000000.0,871000000.0,7287000000.0,77.604,389000000.0
11,NSC,MRY,2009-12-31,2009-12-31,2009-12-31,2021-07-28,-853000000.0,27369000000.0,26905750000.0,2246000000.0,25123000000.0,0.296,28.141,-1215000000.0,996000000.0,996000000.0,2769000000.0,1034000000.0,1.255,1.644,7153000000.0,474000000.0,6679000000.0,7153000000.0,0.0,845000000.0,0.0,0.026,1.36,2089000000.0,2934000000.0,0.368,2934000000.0,2089000000.0,1622000000.0,2.79,2.76,2.79,10353000000.0,9997000000.0,10353000000.0,25350999024.0,12.0,8.64,645000000.0,1.753,1.0,5200000000.0,0.653,0.0,467000000.0,31737000000.0,31211500000.0,164000000.0,2254000000.0,90000000.0,2164000000.0,17016000000.0,1789000000.0,15227000000.0,19284999024.0,378000000.0,0.0,66000000.0,403000000.0,-500000000.0,-31000000.0,-1451000000.0,-236000000.0,1860000000.0,0.0,1034000000.0,1034000000.0,1034000000.0,0.0,0.0,0.13,3238000000.0,1962000000.0,974000000.0,0.487,1.863,18.651,18.789,22643000000.0,0.0,52.42,2.42,2.42,766000000.0,9027000000.0,7969000000.0,7969000000.0,0.0,0.038,0.103,0.067,0.262,0.0,2401000000.0,1.0,367893915.0,367893915.0,,21.661,27369000000.0,142000000.0,588000000.0,6856000000.0,74.394,457000000.0
12,NSC,MRY,2008-12-31,2008-12-31,2008-12-31,2021-07-28,-942000000.0,26297000000.0,26473250000.0,1999000000.0,24298000000.0,0.403,25.945,-1449000000.0,618000000.0,618000000.0,4089000000.0,1716000000.0,0.95,1.737,6667000000.0,484000000.0,6183000000.0,6667000000.0,0.0,815000000.0,0.0,0.026,1.22,3194000000.0,4009000000.0,0.376,4009000000.0,3194000000.0,2750000000.0,4.58,4.52,4.58,9607000000.0,9848250000.0,9607000000.0,23335640642.0,7.0,5.821,1266000000.0,3.419,1.0,6572000000.0,0.616,0.0,444000000.0,30241000000.0,30314250000.0,194000000.0,1779000000.0,0.0,1779000000.0,16690000000.0,2105000000.0,14585000000.0,17421640642.0,412000000.0,0.0,-899000000.0,280000000.0,-456000000.0,-1075000000.0,-1228000000.0,221000000.0,2715000000.0,0.0,1716000000.0,1716000000.0,1716000000.0,0.0,0.0,0.161,3488000000.0,3084000000.0,1140000000.0,0.266,1.813,10.152,10.273,22247000000.0,0.0,47.05,1.634,1.634,870000000.0,8501000000.0,10661000000.0,10661000000.0,0.0,0.065,0.174,0.105,0.3,0.0,2684000000.0,1.0,370279291.0,370279291.0,,28.792,26297000000.0,149000000.0,1034000000.0,6633000000.0,71.019,-106000000.0
13,NSC,MRY,2007-12-31,2007-12-31,2007-12-31,2021-07-28,-399000000.0,26144000000.0,26016250000.0,1675000000.0,24469000000.0,0.363,25.119,-1217000000.0,206000000.0,206000000.0,3520000000.0,1464000000.0,0.86,1.688,6368000000.0,369000000.0,5999000000.0,6368000000.0,0.0,786000000.0,0.0,0.019,0.96,2678000000.0,3464000000.0,0.367,3464000000.0,2678000000.0,2237000000.0,3.73,3.68,3.73,9727000000.0,9786500000.0,9727000000.0,25274410517.0,9.0,7.296,1116000000.0,2.882,1.0,5912000000.0,0.627,0.0,441000000.0,30358000000.0,29925250000.0,176000000.0,1974000000.0,0.0,1974000000.0,16417000000.0,1948000000.0,14469000000.0,19532410517.0,-321000000.0,0.0,-1013000000.0,-239000000.0,-377000000.0,-1629000000.0,-1025000000.0,192000000.0,2333000000.0,0.0,1464000000.0,1464000000.0,1464000000.0,0.0,0.0,0.155,3327000000.0,2585000000.0,1139000000.0,0.257,2.008,13.342,13.523,21583000000.0,0.0,50.44,2.071,2.071,942000000.0,8280000000.0,9432000000.0,9432000000.0,0.0,0.056,0.15,0.089,0.284,0.0,2552000000.0,1.0,387240494.0,387240494.0,,24.357,26144000000.0,190000000.0,773000000.0,6634000000.0,67.514,-273000000.0
14,NSC,MRY,2006-12-31,2006-12-31,2006-12-31,2021-07-28,-369000000.0,26028000000.0,26201500000.0,2400000000.0,23628000000.0,0.359,24.226,-1059000000.0,527000000.0,527000000.0,3475000000.0,1481000000.0,1.147,1.707,6600000000.0,491000000.0,6109000000.0,6600000000.0,0.0,750000000.0,0.0,0.014,0.68,2706000000.0,3456000000.0,0.367,3456000000.0,2706000000.0,2230000000.0,3.63,3.57,3.63,9615000000.0,9713500000.0,9615000000.0,26314692243.0,10.0,7.614,1147000000.0,2.89,1.0,5932000000.0,0.631,0.0,476000000.0,30008000000.0,30407000000.0,151000000.0,2146000000.0,391000000.0,1755000000.0,16413000000.0,2093000000.0,14320000000.0,19959692243.0,238000000.0,0.0,-667000000.0,-339000000.0,-278000000.0,-1284000000.0,-684000000.0,375000000.0,2206000000.0,0.0,1481000000.0,1481000000.0,1481000000.0,0.0,0.0,0.157,3375000000.0,2557000000.0,1181000000.0,0.187,2.076,13.477,13.854,21098000000.0,0.0,50.29,2.122,2.122,992000000.0,8283000000.0,9407000000.0,9407000000.0,0.0,0.057,0.152,0.089,0.288,0.0,2637000000.0,1.0,396891872.0,396891872.0,,23.702,26028000000.0,186000000.0,749000000.0,6649000000.0,65.58,307000000.0
15,NSC,MRY,2005-12-31,2005-12-31,2005-12-31,2021-07-28,-77000000.0,25859000000.0,25421500000.0,2650000000.0,23209000000.0,0.335,22.824,-915000000.0,289000000.0,289000000.0,3143000000.0,1281000000.0,1.379,1.788,6930000000.0,314000000.0,6616000000.0,6930000000.0,0.0,787000000.0,0.0,0.011,0.48,2191000000.0,2978000000.0,0.349,2978000000.0,2191000000.0,1697000000.0,3.17,3.11,3.17,9276000000.0,8766750000.0,9276000000.0,24868818014.0,11.0,8.351,1190000000.0,2.928,1.0,5384000000.0,0.631,0.0,494000000.0,30579000000.0,30163750000.0,132000000.0,2526000000.0,968000000.0,1558000000.0,16583000000.0,1921000000.0,14662000000.0,18219818014.0,-178000000.0,0.0,194000000.0,-456000000.0,-194000000.0,-456000000.0,-1827000000.0,-912000000.0,2105000000.0,0.0,1281000000.0,1281000000.0,1281000000.0,0.0,0.0,0.15,3267000000.0,2117000000.0,1163000000.0,0.151,1.964,14.223,14.142,20735000000.0,0.0,44.83,2.137,2.137,931000000.0,7967000000.0,8527000000.0,8527000000.0,0.0,0.05,0.146,0.073,0.257,0.0,2493000000.0,1.0,406420210.0,406420210.0,,20.981,25859000000.0,167000000.0,416000000.0,6862000000.0,63.626,729000000.0
16,NSC,MRY,2004-12-31,2004-12-31,2004-12-31,2021-07-28,-24000000.0,24750000000.0,22650000000.0,1967000000.0,22783000000.0,0.323,20.176,-966000000.0,467000000.0,467000000.0,2369000000.0,910000000.0,0.894,2.098,7525000000.0,662000000.0,6863000000.0,7525000000.0,0.0,609000000.0,0.0,0.01,0.36,1778000000.0,2387000000.0,0.326,2387000000.0,1778000000.0,1289000000.0,2.31,2.28,2.31,7990000000.0,7538750000.0,7990000000.0,21404482509.0,12.0,8.967,695000000.0,1.755,1.0,4943000000.0,0.676,0.0,489000000.0,29607000000.0,27549500000.0,104000000.0,1701000000.0,202000000.0,1499000000.0,16760000000.0,2201000000.0,14559000000.0,14331482509.0,183000000.0,0.0,162000000.0,-253000000.0,-142000000.0,-233000000.0,-1245000000.0,-279000000.0,1661000000.0,0.0,910000000.0,910000000.0,910000000.0,0.0,0.0,0.124,3241000000.0,1702000000.0,1090000000.0,0.156,1.794,15.749,15.667,20526000000.0,0.0,36.19,1.96,1.96,767000000.0,6893000000.0,7312000000.0,7312000000.0,0.0,0.04,0.121,0.065,0.243,0.0,2272000000.0,1.0,396006701.0,396006701.0,,18.464,24750000000.0,187000000.0,379000000.0,6760000000.0,62.499,-234000000.0
17,NSC,MRY,2003-12-31,2003-12-31,2003-12-31,2021-07-28,-44000000.0,20596000000.0,20531750000.0,1425000000.0,19171000000.0,0.315,17.868,-642000000.0,284000000.0,284000000.0,2226000000.0,535000000.0,0.791,1.952,7160000000.0,360000000.0,6800000000.0,7160000000.0,0.0,528000000.0,0.0,0.013,0.3,1207000000.0,1735000000.0,0.268,1735000000.0,1207000000.0,710000000.0,1.37,1.37,1.37,6976000000.0,6846750000.0,6976000000.0,16261413418.0,13.0,9.373,412000000.0,1.055,1.0,4242000000.0,0.656,0.0,497000000.0,25671000000.0,25712000000.0,92000000.0,6261000000.0,2000000.0,6259000000.0,13620000000.0,1801000000.0,11819000000.0,9233413418.0,100000000.0,0.0,13000000.0,-167000000.0,-117000000.0,-314000000.0,-640000000.0,2000000.0,1054000000.0,0.0,535000000.0,535000000.0,535000000.0,-10000000.0,0.0,0.083,3178000000.0,1064000000.0,1745000000.0,0.219,1.324,17.259,17.263,11779000000.0,0.0,23.65,1.428,1.428,695000000.0,6112000000.0,6468000000.0,6468000000.0,0.0,0.026,0.078,0.047,0.187,0.0,2275000000.0,1.0,390419172.0,390419172.0,,16.567,20596000000.0,189000000.0,175000000.0,3422000000.0,52.754,-376000000.0
18,NSC,MRY,2002-12-31,2002-12-31,2002-12-31,2021-07-28,-65000000.0,19956000000.0,19728750000.0,1299000000.0,18657000000.0,0.318,16.725,-658000000.0,184000000.0,184000000.0,2211000000.0,460000000.0,0.701,2.07,7364000000.0,358000000.0,7006000000.0,7364000000.0,0.0,529000000.0,0.0,0.013,0.26,1224000000.0,1753000000.0,0.28,1753000000.0,1224000000.0,706000000.0,1.18,1.18,1.18,6500000000.0,6362000000.0,6500000000.0,15020043855.0,12.0,8.568,145000000.0,0.373,1.0,4059000000.0,0.647,0.0,518000000.0,25283000000.0,25274750000.0,97000000.0,6178000000.0,0.0,6178000000.0,13456000000.0,1853000000.0,11603000000.0,7769043855.0,-20000000.0,0.0,42000000.0,-91000000.0,-101000000.0,-150000000.0,-673000000.0,-15000000.0,803000000.0,0.0,460000000.0,460000000.0,460000000.0,0.0,0.0,0.073,2901000000.0,1158000000.0,1507000000.0,0.22,1.195,16.889,16.941,11370000000.0,0.0,19.99,1.239,1.239,683000000.0,5694000000.0,6270000000.0,6270000000.0,0.0,0.023,0.072,0.048,0.195,0.0,2022000000.0,1.0,388646516.0,388646516.0,,16.133,19956000000.0,187000000.0,246000000.0,3279000000.0,51.347,-554000000.0
19,NSC,MRY,2001-12-31,2001-12-31,2001-12-31,2021-07-28,-55000000.0,19418000000.0,19320500000.0,1047000000.0,18371000000.0,0.319,15.797,-590000000.0,204000000.0,204000000.0,2277000000.0,375000000.0,0.439,2.189,7632000000.0,605000000.0,7027000000.0,7632000000.0,0.0,527000000.0,0.0,0.013,0.24,1119000000.0,1646000000.0,0.267,1646000000.0,1119000000.0,566000000.0,0.97,0.97,0.97,6090000000.0,5995500000.0,6090000000.0,14951733189.0,13.0,9.084,64000000.0,0.166,1.0,3893000000.0,0.631,0.0,553000000.0,24460000000.0,24878500000.0,90000000.0,6161000000.0,0.0,6161000000.0,13328000000.0,2386000000.0,10942000000.0,7066733189.0,204000000.0,0.0,14000000.0,230000000.0,-93000000.0,151000000.0,-601000000.0,-11000000.0,654000000.0,0.0,375000000.0,375000000.0,375000000.0,-13000000.0,0.0,0.061,2886000000.0,1007000000.0,1221000000.0,0.247,1.16,18.845,18.897,11208000000.0,0.0,18.33,1.145,1.145,483000000.0,5335000000.0,6170000000.0,6170000000.0,0.0,0.019,0.063,0.045,0.181,0.0,2014000000.0,1.0,385528270.0,385528270.0,,16.004,19418000000.0,162000000.0,191000000.0,3093000000.0,50.367,-1339000000.0
20,NSC,MRY,2000-12-31,2000-12-31,2000-12-31,2021-07-28,-6000000.0,18976000000.0,19038750000.0,849000000.0,18127000000.0,0.323,15.182,-594000000.0,0.0,0.0,2401000000.0,172000000.0,0.45,2.258,7791000000.0,452000000.0,7339000000.0,7791000000.0,0.0,517000000.0,0.0,0.06,0.8,801000000.0,1318000000.0,0.214,1318000000.0,801000000.0,250000000.0,0.45,0.45,0.45,5824000000.0,5847000000.0,5824000000.0,12751032166.0,16.0,9.675,748000000.0,1.95,1.0,3758000000.0,0.61,0.0,551000000.0,24880000000.0,24992500000.0,91000000.0,6156000000.0,2000000.0,6154000000.0,13152000000.0,1887000000.0,11265000000.0,5106032166.0,-37000000.0,0.0,2000000.0,-494000000.0,-306000000.0,-798000000.0,-581000000.0,13000000.0,1342000000.0,0.0,172000000.0,172000000.0,172000000.0,0.0,0.0,0.028,3125000000.0,633000000.0,925000000.0,1.778,0.877,29.686,29.578,11105000000.0,0.0,13.31,0.829,0.829,442000000.0,5053000000.0,6159000000.0,6159000000.0,0.0,0.009,0.029,0.032,0.13,0.0,2234000000.0,1.0,383623754.0,383623754.0,,16.055,18976000000.0,182000000.0,78000000.0,2996000000.0,49.465,-1038000000.0
21,NSC,MRY,1999-12-31,1999-12-31,1999-12-31,2021-07-28,-11000000.0,19250000000.0,18930250000.0,1371000000.0,17879000000.0,0.277,15.585,-808000000.0,37000000.0,37000000.0,1840000000.0,239000000.0,0.713,2.245,8243000000.0,687000000.0,7556000000.0,8243000000.0,0.0,489000000.0,0.0,0.039,0.8,882000000.0,1371000000.0,0.262,1371000000.0,882000000.0,351000000.0,0.63,0.63,0.63,5932000000.0,5951250000.0,5932000000.0,15745869470.0,18.0,11.485,-275000000.0,-0.722,1.0,3402000000.0,0.649,0.0,531000000.0,25532000000.0,25115250000.0,100000000.0,6146000000.0,14000000.0,6132000000.0,13318000000.0,1924000000.0,11394000000.0,7802869470.0,32000000.0,0.0,14000000.0,380000000.0,-304000000.0,90000000.0,-591000000.0,217000000.0,533000000.0,0.0,239000000.0,239000000.0,239000000.0,0.0,0.0,0.046,2684000000.0,718000000.0,818000000.0,1.27,1.315,32.648,32.54,10956000000.0,0.0,20.5,1.489,1.489,934000000.0,5187000000.0,5242000000.0,5242000000.0,0.0,0.013,0.04,0.035,0.168,0.0,1855000000.0,1.0,380627779.0,380627779.0,,13.772,19250000000.0,134000000.0,112000000.0,2850000000.0,50.574,-553000000.0
22,NSC,MRY,1998-12-31,1998-12-31,1998-12-31,2021-07-28,-8000000.0,18180000000.0,17897250000.0,913000000.0,17267000000.0,0.238,15.614,-873000000.0,5000000.0,5000000.0,1013000000.0,734000000.0,0.817,2.07,7624000000.0,141000000.0,7483000000.0,7624000000.0,0.0,450000000.0,0.0,0.025,0.8,1465000000.0,1915000000.0,0.45,1915000000.0,1465000000.0,949000000.0,1.94,1.65,1.94,5921000000.0,5789000000.0,5921000000.0,19485183819.0,13.0,10.175,17000000.0,0.045,1.0,3241000000.0,0.762,0.0,516000000.0,24682000000.0,24276750000.0,59000000.0,6268000000.0,58000000.0,6210000000.0,12259000000.0,1117000000.0,11142000000.0,12017183819.0,-29000000.0,207000000.0,34000000.0,17000000.0,-303000000.0,-252000000.0,-667000000.0,-1000000.0,890000000.0,0.0,734000000.0,734000000.0,734000000.0,-104000000.0,0.0,0.173,2189000000.0,1052000000.0,600000000.0,0.412,2.03,16.372,16.335,10477000000.0,0.0,31.69,2.825,2.825,519000000.0,5252000000.0,4254000000.0,4254000000.0,0.0,0.041,0.127,0.06,0.344,0.0,1492000000.0,1.0,379210597.0,379210597.0,,11.218,18180000000.0,141000000.0,215000000.0,2696000000.0,47.942,-204000000.0
23,NSC,MRY,1997-12-31,1997-12-31,1997-12-31,2021-07-28,5000000.0,17350000000.0,14292000000.0,1103000000.0,16247000000.0,0.295,14.403,-801000000.0,34000000.0,34000000.0,912000000.0,721000000.0,1.009,2.186,7486000000.0,88000000.0,7398000000.0,7486000000.0,0.0,432000000.0,0.0,0.026,0.8,1405000000.0,1837000000.0,0.435,1837000000.0,1405000000.0,1020000000.0,1.91,1.84,1.91,5445000000.0,5211000000.0,5445000000.0,,,,349000000.0,0.923,1.0,3311000000.0,0.784,0.0,385000000.0,23709000000.0,17787500000.0,58000000.0,6013000000.0,125000000.0,5888000000.0,11905000000.0,1093000000.0,10812000000.0,11530196027.0,-173000000.0,-5741000000.0,24000000.0,5536000000.0,-301000000.0,5187000000.0,-6510000000.0,32000000.0,1150000000.0,0.0,721000000.0,721000000.0,721000000.0,-22000000.0,0.0,0.171,2098000000.0,1213000000.0,624000000.0,0.419,2.118,15.992,15.969,9904000000.0,0.0,30.5,2.73,2.73,552000000.0,4821000000.0,4223000000.0,4223000000.0,0.0,0.05,0.138,0.079,0.333,0.0,1405000000.0,1.0,378039214.0,378039214.0,,11.171,17350000000.0,114000000.0,299000000.0,2649000000.0,45.895,10000000.0
24,NSC,MRY,1996-12-31,1996-12-31,1996-12-31,2021-07-28,0.0,11234000000.0,,1356000000.0,9878000000.0,,,-550000000.0,207000000.0,207000000.0,857000000.0,770000000.0,1.279,1.257,1899000000.0,99000000.0,1800000000.0,1899000000.0,0.0,419000000.0,0.0,0.025,0.747,1299000000.0,1718000000.0,0.419,1718000000.0,1299000000.0,1183000000.0,2.03,1.96,2.03,4977000000.0,,4977000000.0,,,,648000000.0,,1.0,3244000000.0,0.791,0.0,116000000.0,11866000000.0,,61000000.0,469000000.0,194000000.0,275000000.0,6257000000.0,1060000000.0,5197000000.0,,141000000.0,-10000000.0,-360000000.0,116000000.0,-284000000.0,-533000000.0,-524000000.0,36000000.0,1198000000.0,0.0,770000000.0,770000000.0,770000000.0,-17000000.0,0.0,0.188,2079000000.0,1165000000.0,594000000.0,0.368,,,14.45,9472000000.0,0.0,29.333,,,558000000.0,4404000000.0,4101000000.0,4101000000.0,0.0,,,,0.317,0.0,1400000000.0,1.0,,,,,11234000000.0,132000000.0,413000000.0,2586000000.0,,296000000.0
25,NSC,MRY,1995-12-31,1995-12-31,1995-12-31,2021-07-28,,,,,,,,-524000000.0,,,809000000.0,713000000.0,,,,,,,,399000000.0,,0.026,0.693,1217000000.0,1616000000.0,0.403,1616000000.0,1217000000.0,1104000000.0,1.81,1.77,1.81,,,,,,,710000000.0,,1.0,3203000000.0,0.798,,113000000.0,,,,,,,,,,,15000000.0,0.0,-319000000.0,-66000000.0,-274000000.0,-659000000.0,-560000000.0,-36000000.0,1234000000.0,0.0,713000000.0,713000000.0,713000000.0,-15000000.0,0.0,0.178,2141000000.0,1062000000.0,,0.383,,,14.619,,0.0,26.46,,,,,4012000000.0,4012000000.0,0.0,,,,0.303,0.0,1480000000.0,1.0,,,,,,,391000000.0,,,
0,NSC,MRQ,2021-06-30,2021-06-30,2021-06-30,2021-07-28,-578000000.0,38754000000.0,,3012000000.0,35742000000.0,,57.213,-333000000.0,1670000000.0,1670000000.0,714000000.0,819000000.0,1.077,1.707,13717000000.0,1048000000.0,12669000000.0,13717000000.0,0.0,294000000.0,0.0,0.015,0.99,1202000000.0,1496000000.0,0.534,1496000000.0,1202000000.0,1041000000.0,3.29,3.28,3.29,14317000000.0,,14317000000.0,78035466199.0,19.0,14.735,749000000.0,2.993,1.0,2085000000.0,0.745,0.0,161000000.0,48005000000.0,,246000000.0,3658000000.0,0.0,3658000000.0,24437000000.0,2796000000.0,21641000000.0,66416466199.0,672000000.0,0.0,-922000000.0,1086000000.0,-247000000.0,-83000000.0,-327000000.0,6000000.0,1082000000.0,0.0,819000000.0,819000000.0,819000000.0,0.0,0.0,0.293,918000000.0,1167000000.0,1116000000.0,0.301,4.639,24.311,24.507,31355000000.0,0.0,265.41,6.315,6.315,941000000.0,12407000000.0,2799000000.0,2799000000.0,0.0,,,,,0.0,624000000.0,1.0,250241009.0,250241009.0,,11.185,38754000000.0,0.0,222000000.0,7337000000.0,154.867,216000000.0
1,NSC,MRQ,2021-03-31,2021-03-31,2021-03-31,2021-07-28,-586000000.0,37937000000.0,,2303000000.0,35634000000.0,,58.128,-228000000.0,998000000.0,998000000.0,721000000.0,673000000.0,1.024,1.591,12617000000.0,501000000.0,12116000000.0,12617000000.0,0.0,292000000.0,0.0,0.014,0.99,1022000000.0,1314000000.0,0.498,1314000000.0,1022000000.0,866000000.0,2.67,2.66,2.67,14643000000.0,,14643000000.0,79209311962.0,22.0,16.707,787000000.0,3.124,1.0,1918000000.0,0.727,0.0,156000000.0,47307000000.0,,241000000.0,3604000000.0,0.0,3604000000.0,23294000000.0,2249000000.0,21045000000.0,67643311962.0,-117000000.0,0.0,-597000000.0,-84000000.0,-249000000.0,-930000000.0,-202000000.0,26000000.0,1015000000.0,0.0,673000000.0,673000000.0,673000000.0,0.0,0.0,0.255,903000000.0,1015000000.0,1043000000.0,0.371,4.619,29.346,29.605,31312000000.0,0.0,268.52,6.9,6.9,944000000.0,12737000000.0,2639000000.0,2639000000.0,0.0,,,,,0.0,611000000.0,1.0,251911634.0,251911634.0,,10.476,37937000000.0,0.0,193000000.0,7338000000.0,150.596,54000000.0
2,NSC,MRQ,2020-12-31,2020-12-31,2020-12-31,2021-07-28,-594000000.0,37962000000.0,,2318000000.0,35644000000.0,,58.236,-399000000.0,1115000000.0,1115000000.0,715000000.0,671000000.0,1.073,1.567,12681000000.0,579000000.0,12102000000.0,12681000000.0,0.0,287000000.0,0.0,0.016,0.94,1027000000.0,1314000000.0,0.511,1314000000.0,1027000000.0,867000000.0,2.64,2.63,2.64,14791000000.0,,14791000000.0,71713456162.0,23.0,16.643,471000000.0,1.854,1.0,1858000000.0,0.722,0.0,160000000.0,47368000000.0,,221000000.0,3590000000.0,0.0,3590000000.0,23171000000.0,2160000000.0,21011000000.0,60349456162.0,-244000000.0,0.0,-463000000.0,-56000000.0,-238000000.0,-757000000.0,-357000000.0,42000000.0,870000000.0,0.0,671000000.0,671000000.0,671000000.0,0.0,0.0,0.261,874000000.0,984000000.0,1016000000.0,0.356,4.08,29.98,30.154,31345000000.0,0.0,237.61,6.165,6.165,848000000.0,12883000000.0,2573000000.0,2573000000.0,0.0,,,,,0.0,587000000.0,1.0,253985338.0,253985338.0,,10.131,37962000000.0,0.0,196000000.0,7185000000.0,149.465,158000000.0
3,NSC,MRQ,2020-09-30,2020-09-30,2020-09-30,2021-07-28,-471000000.0,38179000000.0,,2579000000.0,35600000000.0,,58.567,-285000000.0,1359000000.0,1359000000.0,795000000.0,569000000.0,1.286,1.555,12723000000.0,89000000.0,12634000000.0,12723000000.0,0.0,293000000.0,0.0,0.018,0.94,879000000.0,1172000000.0,0.468,1172000000.0,879000000.0,724000000.0,2.23,2.22,2.23,14941000000.0,,14941000000.0,66144827766.0,21.0,15.527,724000000.0,2.838,1.0,1711000000.0,0.683,0.0,155000000.0,47538000000.0,,247000000.0,3566000000.0,0.0,3566000000.0,23238000000.0,2005000000.0,21233000000.0,54590827766.0,216000000.0,0.0,-264000000.0,-11000000.0,-240000000.0,-515000000.0,-278000000.0,7000000.0,1009000000.0,0.0,569000000.0,569000000.0,569000000.0,0.0,0.0,0.227,871000000.0,840000000.0,1273000000.0,0.422,3.654,27.187,27.435,31239000000.0,0.0,213.99,5.511,5.511,883000000.0,12911000000.0,2506000000.0,2506000000.0,0.0,,,,,0.0,578000000.0,1.0,255109247.0,255109247.0,,9.823,38179000000.0,0.0,155000000.0,7155000000.0,149.657,574000000.0
4,NSC,MRQ,2020-06-30,2020-06-30,2020-06-30,2021-07-28,-475000000.0,37962000000.0,,2350000000.0,35612000000.0,,58.01,-269000000.0,1143000000.0,1143000000.0,607000000.0,392000000.0,1.214,1.554,12697000000.0,85000000.0,12612000000.0,12697000000.0,0.0,282000000.0,0.0,0.021,0.94,659000000.0,941000000.0,0.451,941000000.0,659000000.0,503000000.0,1.53,1.53,1.53,14861000000.0,,14861000000.0,56576369854.0,17.0,12.879,534000000.0,2.084,1.0,1478000000.0,0.709,0.0,156000000.0,47581000000.0,,257000000.0,3590000000.0,0.0,3590000000.0,23101000000.0,1935000000.0,21166000000.0,44977369854.0,535000000.0,0.0,-191000000.0,470000000.0,-240000000.0,39000000.0,-307000000.0,-38000000.0,803000000.0,0.0,392000000.0,392000000.0,392000000.0,0.0,0.0,0.188,868000000.0,610000000.0,1268000000.0,0.614,3.027,21.459,21.756,31217000000.0,0.0,175.57,4.392,4.392,822000000.0,12863000000.0,2085000000.0,2085000000.0,0.0,,,,,0.0,586000000.0,1.0,256179130.0,256179130.0,,8.139,37962000000.0,0.0,111000000.0,7113000000.0,148.185,415000000.0
5,NSC,MRQ,2020-03-31,2020-03-31,2020-03-31,2021-07-28,-481000000.0,37438000000.0,,2002000000.0,35436000000.0,,57.725,-208000000.0,608000000.0,608000000.0,758000000.0,381000000.0,0.895,1.515,12207000000.0,400000000.0,11807000000.0,12207000000.0,0.0,292000000.0,0.0,0.025,0.94,590000000.0,882000000.0,0.336,882000000.0,590000000.0,436000000.0,1.48,1.47,1.48,14884000000.0,,14884000000.0,49261250280.0,13.0,10.214,747000000.0,2.897,1.0,1867000000.0,0.711,0.0,154000000.0,46801000000.0,,265000000.0,3470000000.0,0.0,3470000000.0,22554000000.0,2236000000.0,20318000000.0,37645250280.0,28000000.0,0.0,-452000000.0,0.0,-242000000.0,-694000000.0,-233000000.0,-25000000.0,955000000.0,0.0,381000000.0,381000000.0,381000000.0,0.0,0.0,0.145,1299000000.0,568000000.0,1284000000.0,0.635,2.529,15.517,15.767,31179000000.0,0.0,146.0,3.397,3.397,889000000.0,12902000000.0,2625000000.0,2625000000.0,0.0,,,,,0.0,622000000.0,1.0,257844180.0,257844180.0,,10.181,37438000000.0,0.0,55000000.0,7028000000.0,145.196,-234000000.0
6,NSC,MRQ,2019-12-31,2019-12-31,2019-12-31,2021-07-28,-491000000.0,37923000000.0,,2081000000.0,35842000000.0,,58.233,-430000000.0,580000000.0,580000000.0,813000000.0,666000000.0,0.905,1.498,12196000000.0,316000000.0,11880000000.0,12196000000.0,0.0,285000000.0,0.0,0.019,0.94,980000000.0,1265000000.0,0.47,1265000000.0,980000000.0,828000000.0,2.56,2.55,2.56,15184000000.0,,15184000000.0,62002749688.0,15.0,11.846,465000000.0,1.783,1.0,1877000000.0,0.698,0.0,152000000.0,47239000000.0,,244000000.0,3428000000.0,0.0,3428000000.0,22739000000.0,2300000000.0,20439000000.0,50618749688.0,40000000.0,0.0,-543000000.0,350000000.0,-244000000.0,-414000000.0,-441000000.0,-11000000.0,895000000.0,0.0,666000000.0,666000000.0,666000000.0,0.0,0.0,0.248,915000000.0,962000000.0,1428000000.0,0.367,3.334,18.596,18.811,31614000000.0,0.0,194.13,4.481,4.481,920000000.0,13207000000.0,2690000000.0,2690000000.0,0.0,,,,,0.0,630000000.0,1.0,260746663.0,260746663.0,,10.317,37923000000.0,0.0,162000000.0,7044000000.0,145.44,-219000000.0
7,NSC,MRQ,2019-09-30,2019-09-30,2019-09-30,2021-07-28,-553000000.0,37500000000.0,,2016000000.0,35484000000.0,,57.85,-447000000.0,452000000.0,452000000.0,877000000.0,657000000.0,0.73,1.461,11836000000.0,751000000.0,11085000000.0,11836000000.0,0.0,287000000.0,0.0,0.019,0.94,1018000000.0,1305000000.0,0.459,1305000000.0,1018000000.0,868000000.0,2.5,2.49,2.5,15238000000.0,,15238000000.0,58526660837.0,14.0,10.983,598000000.0,2.27,1.0,1964000000.0,0.691,0.0,150000000.0,46123000000.0,,266000000.0,3376000000.0,0.0,3376000000.0,22262000000.0,2761000000.0,19501000000.0,47323660837.0,180000000.0,0.0,-497000000.0,350000000.0,-247000000.0,-394000000.0,-471000000.0,-24000000.0,1045000000.0,0.0,657000000.0,657000000.0,657000000.0,0.0,0.0,0.231,968000000.0,996000000.0,1407000000.0,0.376,3.106,17.159,17.392,31394000000.0,0.0,179.66,4.114,4.114,973000000.0,13310000000.0,2841000000.0,2841000000.0,0.0,,,,,0.0,682000000.0,1.0,263406773.0,263406773.0,,10.786,37500000000.0,0.0,211000000.0,6891000000.0,142.365,-745000000.0
8,NSC,MRQ,2019-06-30,2019-06-30,2019-06-30,2021-07-28,-557000000.0,37172000000.0,,1914000000.0,35258000000.0,,57.567,-450000000.0,274000000.0,274000000.0,864000000.0,722000000.0,0.781,1.428,11477000000.0,401000000.0,11076000000.0,11477000000.0,0.0,284000000.0,0.0,0.017,0.86,1087000000.0,1371000000.0,0.469,1371000000.0,1087000000.0,934000000.0,2.72,2.7,2.72,15311000000.0,,15311000000.0,64008209884.0,15.0,11.964,621000000.0,2.335,1.0,2061000000.0,0.705,0.0,153000000.0,45924000000.0,,256000000.0,3301000000.0,0.0,3301000000.0,21861000000.0,2451000000.0,19410000000.0,53015209884.0,-139000000.0,0.0,-534000000.0,54000000.0,-228000000.0,-708000000.0,-502000000.0,-52000000.0,1071000000.0,0.0,722000000.0,722000000.0,722000000.0,0.0,0.0,0.247,996000000.0,1065000000.0,1407000000.0,0.316,3.463,18.914,19.222,31201000000.0,0.0,199.33,4.567,4.567,1039000000.0,13377000000.0,2925000000.0,2925000000.0,0.0,,,,,0.0,712000000.0,1.0,265967039.0,265967039.0,,10.998,37172000000.0,0.0,212000000.0,6866000000.0,139.762,-537000000.0
9,NSC,MRQ,2019-03-31,2019-03-31,2019-03-31,2021-07-28,-560000000.0,37062000000.0,,1922000000.0,35140000000.0,,57.322,-315000000.0,411000000.0,411000000.0,864000000.0,677000000.0,0.666,1.417,11404000000.0,835000000.0,10569000000.0,11404000000.0,0.0,283000000.0,0.0,0.017,0.86,1010000000.0,1293000000.0,0.455,1293000000.0,1010000000.0,861000000.0,2.53,2.51,2.53,15331000000.0,,15331000000.0,60771725876.0,14.0,11.449,566000000.0,2.116,1.0,1976000000.0,0.696,0.0,149000000.0,45170000000.0,,228000000.0,3198000000.0,0.0,3198000000.0,21731000000.0,2885000000.0,18846000000.0,49984725876.0,53000000.0,0.0,-498000000.0,250000000.0,-230000000.0,-478000000.0,-350000000.0,-35000000.0,881000000.0,0.0,677000000.0,677000000.0,677000000.0,0.0,0.0,0.238,1010000000.0,966000000.0,1334000000.0,0.34,3.26,17.909,18.377,31158000000.0,0.0,186.89,4.316,4.316,1048000000.0,13411000000.0,2840000000.0,2840000000.0,0.0,,,,,0.0,727000000.0,1.0,267455326.0,267455326.0,,10.619,37062000000.0,0.0,184000000.0,6856000000.0,138.573,-963000000.0
10,NSC,MRQ,2018-12-31,2018-12-31,2018-12-31,2021-07-28,-563000000.0,36239000000.0,,1862000000.0,34377000000.0,,56.406,-514000000.0,358000000.0,358000000.0,780000000.0,702000000.0,0.719,1.359,11145000000.0,585000000.0,10560000000.0,11145000000.0,0.0,282000000.0,0.0,0.02,0.8,1078000000.0,1360000000.0,0.47,1360000000.0,1078000000.0,930000000.0,2.58,2.56,2.58,15362000000.0,,15362000000.0,51132761408.0,13.0,9.967,328000000.0,1.204,1.0,2116000000.0,0.731,0.0,148000000.0,44435000000.0,,207000000.0,3109000000.0,0.0,3109000000.0,20877000000.0,2591000000.0,18286000000.0,40726761408.0,-371000000.0,0.0,-479000000.0,0.0,-217000000.0,-696000000.0,-517000000.0,-3000000.0,842000000.0,0.0,702000000.0,702000000.0,702000000.0,0.0,0.0,0.242,1038000000.0,1078000000.0,1505000000.0,0.31,2.651,15.276,15.61,31091000000.0,0.0,149.54,3.554,3.554,1009000000.0,13440000000.0,2896000000.0,2896000000.0,0.0,,,,,0.0,757000000.0,1.0,272346940.0,272346940.0,,10.633,36239000000.0,0.0,228000000.0,6715000000.0,133.062,-729000000.0
11,NSC,MRQ,2018-09-30,2018-09-30,2018-09-30,2021-07-28,-435000000.0,36322000000.0,,2109000000.0,34213000000.0,,55.28,-445000000.0,729000000.0,729000000.0,926000000.0,702000000.0,0.864,1.346,11135000000.0,500000000.0,10635000000.0,11135000000.0,0.0,276000000.0,0.0,0.016,0.8,1050000000.0,1326000000.0,0.45,1326000000.0,1050000000.0,908000000.0,2.54,2.52,2.54,15480000000.0,,15480000000.0,59761372402.0,15.0,11.799,613000000.0,2.189,1.0,2021000000.0,0.686,0.0,142000000.0,44287000000.0,,267000000.0,3109000000.0,0.0,3109000000.0,20842000000.0,2441000000.0,18401000000.0,50545372402.0,387000000.0,0.0,-1577000000.0,1480000000.0,-219000000.0,-316000000.0,-355000000.0,90000000.0,1058000000.0,0.0,702000000.0,702000000.0,702000000.0,0.0,0.0,0.238,1001000000.0,1020000000.0,1394000000.0,0.315,3.265,8.521,8.678,30712000000.0,0.0,180.5,4.501,4.501,1043000000.0,13645000000.0,2947000000.0,2947000000.0,0.0,,,,,0.0,725000000.0,1.0,280029764.0,280029764.0,,10.524,36322000000.0,0.0,206000000.0,6694000000.0,129.708,-332000000.0
12,NSC,MRQ,2018-06-30,2018-06-30,2018-06-30,2021-07-28,-441000000.0,35788000000.0,,1904000000.0,33884000000.0,,58.607,-418000000.0,430000000.0,430000000.0,893000000.0,710000000.0,0.81,1.161,9646000000.0,500000000.0,9146000000.0,9646000000.0,0.0,274000000.0,0.0,0.018,0.72,1055000000.0,1329000000.0,0.459,1329000000.0,1055000000.0,924000000.0,2.52,2.5,2.52,16559000000.0,,16559000000.0,51842094341.0,13.0,10.496,592000000.0,2.095,1.0,2005000000.0,0.692,0.0,131000000.0,42652000000.0,,260000000.0,3058000000.0,0.0,3058000000.0,19229000000.0,2352000000.0,16877000000.0,42627094341.0,-642000000.0,0.0,-384000000.0,-650000000.0,-203000000.0,-1237000000.0,-415000000.0,3000000.0,1010000000.0,0.0,710000000.0,710000000.0,710000000.0,0.0,0.0,0.245,979000000.0,1026000000.0,1323000000.0,0.286,2.574,7.432,7.536,30540000000.0,0.0,150.87,3.891,3.891,1035000000.0,14456000000.0,2898000000.0,2898000000.0,0.0,,,,,0.0,706000000.0,1.0,282541886.0,282541886.0,,10.257,35788000000.0,0.0,214000000.0,6683000000.0,126.664,-448000000.0
13,NSC,MRQ,2018-03-31,2018-03-31,2018-03-31,2021-07-28,-448000000.0,36162000000.0,,2479000000.0,33683000000.0,,57.81,-370000000.0,1072000000.0,1072000000.0,873000000.0,552000000.0,1.038,1.203,10287000000.0,650000000.0,9637000000.0,10287000000.0,0.0,272000000.0,0.0,0.019,0.72,843000000.0,1115000000.0,0.41,1115000000.0,843000000.0,707000000.0,1.94,1.93,1.94,16418000000.0,,16418000000.0,47707145519.0,13.0,9.949,446000000.0,1.57,1.0,1844000000.0,0.679,0.0,136000000.0,42989000000.0,,245000000.0,3020000000.0,0.0,3020000000.0,19744000000.0,2388000000.0,17356000000.0,38561145519.0,382000000.0,0.0,-301000000.0,443000000.0,-205000000.0,-63000000.0,-371000000.0,-1000000.0,816000000.0,0.0,552000000.0,552000000.0,552000000.0,0.0,0.0,0.203,1009000000.0,835000000.0,1217000000.0,0.371,2.349,6.982,7.065,30396000000.0,0.0,135.78,3.606,3.606,973000000.0,14327000000.0,2717000000.0,2717000000.0,0.0,,,,,0.0,737000000.0,1.0,283997242.0,283997242.0,,9.567,36162000000.0,0.0,155000000.0,6584000000.0,127.332,91000000.0
14,NSC,MRQ,2017-12-31,2017-12-31,2017-12-31,2021-07-28,-356000000.0,35711000000.0,,2149000000.0,33562000000.0,,57.17,-343000000.0,690000000.0,690000000.0,674000000.0,3968000000.0,0.844,1.183,9836000000.0,700000000.0,9136000000.0,9836000000.0,0.0,268000000.0,0.0,0.017,0.61,1027000000.0,1295000000.0,0.485,1295000000.0,1027000000.0,893000000.0,13.8,13.68,13.8,16359000000.0,,16359000000.0,50618956193.0,14.0,10.686,445000000.0,1.555,1.0,1995000000.0,0.747,0.0,134000000.0,42312000000.0,,222000000.0,2981000000.0,0.0,2981000000.0,19352000000.0,2545000000.0,16807000000.0,41462956193.0,-34000000.0,0.0,-286000000.0,-55000000.0,-174000000.0,-515000000.0,-307000000.0,36000000.0,788000000.0,0.0,3968000000.0,3968000000.0,3968000000.0,0.0,0.0,1.487,997000000.0,998000000.0,1401000000.0,0.044,2.535,7.673,7.724,30330000000.0,0.0,144.9,3.93,3.93,955000000.0,14176000000.0,2669000000.0,2669000000.0,0.0,,,,,0.0,730000000.0,1.0,286148766.0,286148766.0,,9.327,35711000000.0,0.0,-3075000000.0,6535000000.0,124.799,-396000000.0
15,NSC,MRQ,2017-09-30,2017-09-30,2017-09-30,2021-07-28,-475000000.0,35153000000.0,,1999000000.0,33154000000.0,,44.163,-355000000.0,724000000.0,724000000.0,739000000.0,506000000.0,0.828,1.762,9880000000.0,600000000.0,9280000000.0,9880000000.0,0.0,266000000.0,0.0,0.018,0.61,934000000.0,1200000000.0,0.449,1200000000.0,934000000.0,800000000.0,1.76,1.75,1.76,12727000000.0,,12727000000.0,47340168108.0,14.0,10.555,534000000.0,1.853,1.0,1931000000.0,0.723,0.0,134000000.0,41896000000.0,,245000000.0,2888000000.0,0.0,2888000000.0,22426000000.0,2413000000.0,20013000000.0,38109168108.0,82000000.0,0.0,-277000000.0,-5000000.0,-175000000.0,-457000000.0,-350000000.0,5000000.0,889000000.0,0.0,506000000.0,506000000.0,506000000.0,0.0,0.0,0.19,1036000000.0,895000000.0,1287000000.0,0.347,2.994,20.577,20.663,30163000000.0,0.0,132.24,3.674,3.674,973000000.0,10665000000.0,2670000000.0,2670000000.0,0.0,,,,,0.0,771000000.0,1.0,288181852.0,288181852.0,,9.265,35153000000.0,0.0,294000000.0,9573000000.0,121.982,-414000000.0
16,NSC,MRQ,2017-06-30,2017-06-30,2017-06-30,2021-07-28,-480000000.0,34922000000.0,,1936000000.0,32986000000.0,,43.695,-420000000.0,642000000.0,642000000.0,782000000.0,497000000.0,0.826,1.758,9873000000.0,600000000.0,9273000000.0,9873000000.0,0.0,265000000.0,0.0,0.02,0.61,920000000.0,1185000000.0,0.449,1185000000.0,920000000.0,780000000.0,1.72,1.71,1.72,12662000000.0,,12662000000.0,44430549722.0,13.0,10.114,310000000.0,1.07,1.0,1855000000.0,0.703,0.0,140000000.0,41810000000.0,,289000000.0,2848000000.0,0.0,2848000000.0,22260000000.0,2343000000.0,19917000000.0,35266549722.0,-313000000.0,0.0,-194000000.0,-252000000.0,-177000000.0,-623000000.0,-420000000.0,0.0,730000000.0,0.0,497000000.0,497000000.0,497000000.0,0.0,0.0,0.188,983000000.0,872000000.0,1223000000.0,0.355,2.785,19.527,19.629,30033000000.0,0.0,121.7,3.449,3.449,926000000.0,10624000000.0,2637000000.0,2637000000.0,0.0,,,,,0.0,719000000.0,1.0,289782660.0,289782660.0,,9.1,34922000000.0,0.0,283000000.0,9527000000.0,120.511,-407000000.0
17,NSC,MRQ,2017-03-31,2017-03-31,2017-03-31,2021-07-28,-485000000.0,35145000000.0,,2327000000.0,32818000000.0,,43.114,-403000000.0,955000000.0,955000000.0,800000000.0,433000000.0,0.953,1.806,10119000000.0,550000000.0,9569000000.0,10119000000.0,0.0,260000000.0,0.0,0.021,0.61,797000000.0,1057000000.0,0.41,1057000000.0,797000000.0,655000000.0,1.49,1.48,1.49,12527000000.0,,12527000000.0,41789299245.0,13.0,9.856,443000000.0,1.525,1.0,1775000000.0,0.689,0.0,142000000.0,41866000000.0,,281000000.0,2809000000.0,0.0,2809000000.0,22618000000.0,2443000000.0,20175000000.0,32533299245.0,-1000000.0,0.0,-166000000.0,-100000000.0,-177000000.0,-443000000.0,-404000000.0,-1000000.0,846000000.0,0.0,433000000.0,433000000.0,433000000.0,0.0,0.0,0.168,1018000000.0,757000000.0,1211000000.0,0.409,2.597,18.981,19.14,29927000000.0,0.0,111.97,3.239,3.239,998000000.0,10493000000.0,2575000000.0,2575000000.0,0.0,,,,,0.0,759000000.0,1.0,290553713.0,290553713.0,,8.862,35145000000.0,0.0,222000000.0,9578000000.0,120.959,-116000000.0
18,NSC,MRQ,2016-12-31,2016-12-31,2016-12-31,2021-07-28,-487000000.0,34892000000.0,,2291000000.0,32601000000.0,,42.505,-540000000.0,956000000.0,956000000.0,808000000.0,416000000.0,0.979,1.812,10212000000.0,650000000.0,9562000000.0,10212000000.0,0.0,260000000.0,0.0,0.022,0.59,783000000.0,1043000000.0,0.419,1043000000.0,783000000.0,641000000.0,1.43,1.41,1.43,12409000000.0,,12409000000.0,40671197336.0,13.0,9.742,182000000.0,0.623,1.0,1682000000.0,0.676,0.0,142000000.0,41809000000.0,,257000000.0,2777000000.0,0.0,2777000000.0,22483000000.0,2339000000.0,20144000000.0,31550197336.0,-28000000.0,0.0,-176000000.0,100000000.0,-172000000.0,-248000000.0,-502000000.0,38000000.0,722000000.0,0.0,416000000.0,416000000.0,416000000.0,0.0,0.0,0.167,986000000.0,696000000.0,1215000000.0,0.413,2.543,18.915,19.094,29751000000.0,0.0,108.07,3.191,3.191,945000000.0,10425000000.0,2490000000.0,2490000000.0,0.0,,,,,0.0,727000000.0,1.0,291942235.0,291942235.0,,8.529,34892000000.0,0.0,225000000.0,9385000000.0,119.517,-48000000.0
19,NSC,MRQ,2016-09-30,2016-09-30,2016-09-30,2021-07-28,-433000000.0,34632000000.0,,2317000000.0,32315000000.0,,42.228,-325000000.0,984000000.0,984000000.0,755000000.0,460000000.0,1.038,1.794,10105000000.0,550000000.0,9555000000.0,10105000000.0,0.0,259000000.0,0.0,0.024,0.59,849000000.0,1108000000.0,0.439,1108000000.0,849000000.0,705000000.0,1.56,1.55,1.56,12396000000.0,,12396000000.0,37724940385.0,12.0,9.23,555000000.0,1.891,1.0,1769000000.0,0.701,0.0,144000000.0,41521000000.0,,301000000.0,2779000000.0,0.0,2779000000.0,22236000000.0,2232000000.0,20004000000.0,28491940385.0,118000000.0,0.0,-171000000.0,0.0,-173000000.0,-344000000.0,-418000000.0,-93000000.0,880000000.0,0.0,460000000.0,460000000.0,460000000.0,0.0,0.0,0.182,949000000.0,820000000.0,1131000000.0,0.378,2.298,17.664,17.875,29467000000.0,0.0,97.06,2.873,2.873,960000000.0,10367000000.0,2524000000.0,2524000000.0,0.0,,,,,0.0,691000000.0,1.0,293549767.0,293549767.0,,8.598,34632000000.0,0.0,245000000.0,9345000000.0,117.977,85000000.0
20,NSC,MRQ,2016-06-30,2016-06-30,2016-06-30,2021-07-28,-437000000.0,34334000000.0,,2239000000.0,32095000000.0,,41.5,-506000000.0,866000000.0,866000000.0,760000000.0,405000000.0,1.063,1.798,10099000000.0,550000000.0,9549000000.0,10099000000.0,0.0,258000000.0,0.0,0.028,0.59,774000000.0,1032000000.0,0.421,1032000000.0,774000000.0,636000000.0,1.37,1.36,1.37,12273000000.0,,12273000000.0,34085160702.0,11.0,8.281,47000000.0,0.159,1.0,1694000000.0,0.69,0.0,138000000.0,41460000000.0,,306000000.0,2639000000.0,0.0,2639000000.0,22061000000.0,2107000000.0,19954000000.0,25176160702.0,277000000.0,0.0,-192000000.0,594000000.0,-174000000.0,228000000.0,-504000000.0,2000000.0,553000000.0,0.0,405000000.0,405000000.0,405000000.0,0.0,0.0,0.165,924000000.0,770000000.0,1085000000.0,0.431,2.051,15.686,15.853,29387000000.0,0.0,85.13,2.491,2.491,985000000.0,10269000000.0,2454000000.0,2454000000.0,0.0,,,,,0.0,667000000.0,1.0,295737821.0,295737821.0,,8.298,34334000000.0,0.0,231000000.0,9252000000.0,116.096,132000000.0
21,NSC,MRQ,2016-03-31,2016-03-31,2016-03-31,2021-07-28,-442000000.0,33785000000.0,,1966000000.0,31819000000.0,,40.989,-386000000.0,589000000.0,589000000.0,722000000.0,387000000.0,1.074,1.764,9498000000.0,100000000.0,9398000000.0,9498000000.0,0.0,253000000.0,0.0,0.028,0.59,739000000.0,992000000.0,0.41,992000000.0,739000000.0,600000000.0,1.3,1.29,1.3,12223000000.0,,12223000000.0,33817037696.0,11.0,8.119,493000000.0,1.653,1.0,1698000000.0,0.702,0.0,139000000.0,40863000000.0,,315000000.0,2617000000.0,0.0,2617000000.0,21562000000.0,1831000000.0,19731000000.0,24825037696.0,-512000000.0,0.0,-207000000.0,-600000000.0,-176000000.0,-983000000.0,-408000000.0,-22000000.0,879000000.0,0.0,387000000.0,387000000.0,387000000.0,0.0,0.0,0.16,975000000.0,723000000.0,1119000000.0,0.454,2.031,15.202,15.331,29135000000.0,0.0,83.25,2.395,2.395,961000000.0,10221000000.0,2420000000.0,2420000000.0,0.0,,,,,0.0,723000000.0,1.0,298198651.0,298198651.0,,8.115,33785000000.0,0.0,213000000.0,9288000000.0,113.297,135000000.0
22,NSC,MRQ,2015-12-31,2015-12-31,2015-12-31,2021-07-28,-445000000.0,34139000000.0,,2512000000.0,31627000000.0,,40.821,-588000000.0,1101000000.0,1101000000.0,887000000.0,361000000.0,1.126,1.801,10093000000.0,700000000.0,9393000000.0,10093000000.0,0.0,289000000.0,0.0,0.028,0.59,666000000.0,955000000.0,0.379,955000000.0,666000000.0,524000000.0,1.2,1.2,1.2,12188000000.0,,12188000000.0,34319016421.0,11.0,8.482,112000000.0,0.375,1.0,1631000000.0,0.648,0.0,142000000.0,40900000000.0,,271000000.0,2572000000.0,0.0,2572000000.0,21951000000.0,2231000000.0,19720000000.0,25256016421.0,668000000.0,0.0,-67000000.0,591000000.0,-176000000.0,348000000.0,-380000000.0,208000000.0,700000000.0,0.0,361000000.0,361000000.0,361000000.0,0.0,0.0,0.143,989000000.0,642000000.0,1091000000.0,0.492,2.072,16.231,16.489,28992000000.0,0.0,84.59,2.403,2.403,946000000.0,10191000000.0,2518000000.0,2518000000.0,0.0,,,,,0.0,702000000.0,1.0,298569765.0,298569765.0,,8.434,34139000000.0,0.0,163000000.0,9145000000.0,114.342,281000000.0
23,NSC,MRQ,2015-09-30,2015-09-30,2015-09-30,2021-07-28,-382000000.0,33527000000.0,,2002000000.0,31525000000.0,,40.244,-880000000.0,433000000.0,433000000.0,914000000.0,452000000.0,0.846,1.764,9496000000.0,600000000.0,8896000000.0,9496000000.0,0.0,276000000.0,0.0,0.031,0.59,861000000.0,1137000000.0,0.419,1137000000.0,861000000.0,724000000.0,1.5,1.49,1.5,12129000000.0,,12129000000.0,31526955264.0,10.0,7.416,-173000000.0,-0.574,1.0,1799000000.0,0.663,0.0,137000000.0,40223000000.0,,288000000.0,2740000000.0,0.0,2740000000.0,21398000000.0,2367000000.0,19031000000.0,23025955264.0,-456000000.0,0.0,-231000000.0,100000000.0,-177000000.0,-308000000.0,-855000000.0,25000000.0,707000000.0,0.0,452000000.0,452000000.0,452000000.0,0.0,0.0,0.167,977000000.0,822000000.0,1160000000.0,0.393,1.898,13.497,13.692,28682000000.0,0.0,76.4,2.12,2.12,1103000000.0,10079000000.0,2713000000.0,2713000000.0,0.0,,,,,0.0,702000000.0,1.0,301386849.0,301386849.0,,9.002,33527000000.0,123000000.0,272000000.0,9113000000.0,111.242,-365000000.0
24,NSC,MRQ,2015-06-30,2015-06-30,2015-06-30,2021-07-28,-389000000.0,33310000000.0,,2413000000.0,30897000000.0,,39.616,-478000000.0,889000000.0,889000000.0,928000000.0,433000000.0,1.095,1.758,9390000000.0,500000000.0,8890000000.0,9390000000.0,0.0,248000000.0,0.0,0.027,0.59,833000000.0,1081000000.0,0.398,1081000000.0,833000000.0,699000000.0,1.43,1.41,1.43,12077000000.0,,12077000000.0,35037648301.0,10.0,7.998,392000000.0,1.286,1.0,1785000000.0,0.658,0.0,134000000.0,39608000000.0,,277000000.0,2724000000.0,0.0,2724000000.0,21233000000.0,2203000000.0,19030000000.0,26631648301.0,365000000.0,0.0,-345000000.0,493000000.0,-179000000.0,-31000000.0,-474000000.0,4000000.0,870000000.0,0.0,433000000.0,433000000.0,433000000.0,0.0,0.0,0.16,971000000.0,814000000.0,1144000000.0,0.413,2.205,14.689,14.857,28075000000.0,0.0,87.36,2.384,2.384,1055000000.0,10017000000.0,2713000000.0,2713000000.0,0.0,,,,,0.0,724000000.0,1.0,304849454.0,304849454.0,,8.899,33310000000.0,125000000.0,266000000.0,9113000000.0,109.267,210000000.0
25,NSC,MRQ,2015-03-31,2015-03-31,2015-03-31,2021-07-28,-395000000.0,32775000000.0,,2115000000.0,30660000000.0,,39.55,-376000000.0,524000000.0,524000000.0,933000000.0,310000000.0,1.006,1.696,8930000000.0,501000000.0,8429000000.0,8930000000.0,0.0,246000000.0,0.0,0.022,0.59,627000000.0,873000000.0,0.34,873000000.0,627000000.0,495000000.0,1.01,1.0,1.01,12158000000.0,,12158000000.0,39691839438.0,11.0,8.672,255000000.0,0.83,1.0,1634000000.0,0.637,0.0,132000000.0,39078000000.0,,268000000.0,2701000000.0,0.0,2701000000.0,20617000000.0,2103000000.0,18514000000.0,31638839438.0,-449000000.0,0.0,-420000000.0,-101000000.0,-181000000.0,-702000000.0,-378000000.0,-2000000.0,631000000.0,0.0,310000000.0,310000000.0,310000000.0,0.0,0.0,0.121,1028000000.0,606000000.0,1094000000.0,0.584,2.602,16.292,16.441,27829000000.0,0.0,102.92,2.751,2.751,1032000000.0,10087000000.0,2567000000.0,2567000000.0,0.0,,,,,0.0,783000000.0,1.0,307411965.0,307411965.0,,8.35,32775000000.0,118000000.0,185000000.0,8993000000.0,106.616,12000000.0
26,NSC,MRQ,2014-12-31,2014-12-31,2014-12-31,2021-07-28,-398000000.0,33200000000.0,,2778000000.0,30422000000.0,,40.098,-694000000.0,973000000.0,973000000.0,1025000000.0,511000000.0,1.561,1.676,8985000000.0,102000000.0,8883000000.0,8985000000.0,0.0,241000000.0,0.0,0.02,0.57,919000000.0,1160000000.0,0.404,1160000000.0,919000000.0,790000000.0,1.64,1.64,1.64,12408000000.0,,12408000000.0,41406923042.0,11.0,8.934,-125000000.0,-0.404,1.0,1845000000.0,0.643,0.0,129000000.0,39432000000.0,,236000000.0,2679000000.0,0.0,2679000000.0,20792000000.0,1780000000.0,19012000000.0,33917923042.0,-459000000.0,0.0,-204000000.0,100000000.0,-176000000.0,-280000000.0,-748000000.0,-54000000.0,569000000.0,0.0,511000000.0,511000000.0,511000000.0,0.0,0.0,0.178,954000000.0,891000000.0,1233000000.0,0.348,2.734,16.959,17.02,27694000000.0,0.0,109.61,2.918,2.918,1055000000.0,10348000000.0,2870000000.0,2870000000.0,0.0,,,,,0.0,714000000.0,1.0,309441867.0,309441867.0,,9.275,33200000000.0,167000000.0,279000000.0,9034000000.0,107.29,998000000.0
27,NSC,MRQ,2014-09-30,2014-09-30,2014-09-30,2021-07-28,-178000000.0,33206000000.0,,3012000000.0,30194000000.0,,40.189,-545000000.0,1432000000.0,1432000000.0,1061000000.0,559000000.0,1.447,1.67,8921000000.0,2000000.0,8919000000.0,8921000000.0,0.0,237000000.0,0.0,0.019,0.57,1030000000.0,1267000000.0,0.419,1267000000.0,1030000000.0,892000000.0,1.8,1.79,1.8,12439000000.0,,12439000000.0,42121897213.0,11.0,9.098,364000000.0,1.176,1.0,1962000000.0,0.649,0.0,138000000.0,38613000000.0,,249000000.0,2610000000.0,0.0,2610000000.0,20767000000.0,2082000000.0,18685000000.0,34541897213.0,-235000000.0,0.0,-29000000.0,-332000000.0,-176000000.0,-537000000.0,-607000000.0,-62000000.0,909000000.0,0.0,559000000.0,559000000.0,559000000.0,0.0,0.0,0.185,964000000.0,998000000.0,1387000000.0,0.317,2.777,17.254,17.329,27230000000.0,0.0,111.6,2.969,2.969,1103000000.0,10156000000.0,3023000000.0,3023000000.0,0.0,,,,,0.0,728000000.0,1.0,309515208.0,309515208.0,,9.767,33206000000.0,178000000.0,333000000.0,8983000000.0,107.284,930000000.0
28,NSC,MRQ,2014-06-30,2014-06-30,2014-06-30,2021-07-28,-183000000.0,33040000000.0,,3266000000.0,29774000000.0,,39.003,-406000000.0,1667000000.0,1667000000.0,1070000000.0,562000000.0,1.379,1.736,9247000000.0,433000000.0,8814000000.0,9247000000.0,0.0,240000000.0,0.0,0.021,0.54,1037000000.0,1277000000.0,0.42,1277000000.0,1037000000.0,898000000.0,1.81,1.79,1.81,12077000000.0,,12077000000.0,39734836241.0,11.0,8.883,443000000.0,1.431,1.0,1972000000.0,0.648,0.0,139000000.0,38252000000.0,,251000000.0,2505000000.0,0.0,2505000000.0,20963000000.0,2368000000.0,18595000000.0,31902836241.0,145000000.0,0.0,-30000000.0,-113000000.0,-168000000.0,-311000000.0,-393000000.0,13000000.0,849000000.0,0.0,562000000.0,562000000.0,562000000.0,0.0,0.0,0.185,953000000.0,1019000000.0,1245000000.0,0.298,2.642,16.573,16.645,26927000000.0,0.0,103.03,2.79,2.79,1122000000.0,9836000000.0,3042000000.0,3042000000.0,0.0,,,,,0.0,715000000.0,1.0,309646086.0,309646086.0,,9.824,33040000000.0,161000000.0,336000000.0,9018000000.0,106.702,898000000.0
29,NSC,MRQ,2014-03-31,2014-03-31,2014-03-31,2021-07-28,-193000000.0,32700000000.0,,3130000000.0,29570000000.0,,37.754,-359000000.0,1522000000.0,1522000000.0,1045000000.0,368000000.0,1.349,1.797,9354000000.0,445000000.0,8909000000.0,9354000000.0,0.0,238000000.0,0.0,0.021,0.54,693000000.0,931000000.0,0.346,931000000.0,693000000.0,554000000.0,1.18,1.17,1.18,11693000000.0,,11693000000.0,38100021028.0,11.0,8.883,229000000.0,0.739,1.0,1644000000.0,0.611,0.0,139000000.0,38211000000.0,,240000000.0,2476000000.0,10000000.0,2466000000.0,21007000000.0,2321000000.0,18686000000.0,30095021028.0,79000000.0,0.0,12000000.0,-100000000.0,-167000000.0,-255000000.0,-254000000.0,105000000.0,588000000.0,0.0,368000000.0,368000000.0,368000000.0,0.0,0.0,0.137,977000000.0,667000000.0,1194000000.0,0.458,2.574,16.463,16.61,26768000000.0,0.0,97.17,2.688,2.688,1109000000.0,9490000000.0,2689000000.0,2689000000.0,0.0,,,,,0.0,740000000.0,1.0,309715149.0,309715149.0,,8.682,32700000000.0,179000000.0,186000000.0,8970000000.0,105.581,809000000.0
30,NSC,MRQ,2013-12-31,2013-12-31,2013-12-31,2021-07-28,-381000000.0,32483000000.0,,3075000000.0,29408000000.0,,36.545,-466000000.0,1443000000.0,1443000000.0,1006000000.0,513000000.0,1.334,1.877,9448000000.0,545000000.0,8903000000.0,9448000000.0,0.0,235000000.0,0.0,0.022,0.52,920000000.0,1155000000.0,0.401,1155000000.0,920000000.0,783000000.0,1.65,1.64,1.65,11289000000.0,,11289000000.0,36638145748.0,10.0,8.304,208000000.0,0.673,1.0,1875000000.0,0.651,0.0,137000000.0,38183000000.0,,223000000.0,2557000000.0,118000000.0,2439000000.0,21194000000.0,2305000000.0,18889000000.0,28676145748.0,459000000.0,0.0,-24000000.0,495000000.0,-161000000.0,310000000.0,-525000000.0,-59000000.0,674000000.0,0.0,513000000.0,513000000.0,513000000.0,0.0,0.0,0.178,994000000.0,881000000.0,1265000000.0,0.315,2.54,15.014,15.218,26645000000.0,0.0,92.83,2.55,2.55,1024000000.0,9339000000.0,2881000000.0,2881000000.0,0.0,,,,,0.0,761000000.0,1.0,308910328.0,308910328.0,,9.326,32483000000.0,180000000.0,270000000.0,8767000000.0,105.153,770000000.0
31,NSC,MRQ,2013-09-30,2013-09-30,2013-09-30,2021-07-28,-1040000000.0,31365000000.0,,2494000000.0,28871000000.0,,32.999,-545000000.0,984000000.0,984000000.0,1010000000.0,482000000.0,1.069,2.047,8946000000.0,447000000.0,8499000000.0,8946000000.0,0.0,231000000.0,0.0,0.026,0.52,879000000.0,1110000000.0,0.393,1110000000.0,879000000.0,748000000.0,1.55,1.53,1.55,10294000000.0,,10294000000.0,32019547533.0,10.0,7.55,353000000.0,1.132,1.0,1814000000.0,0.642,0.0,131000000.0,36995000000.0,,224000000.0,2415000000.0,20000000.0,2395000000.0,21071000000.0,2332000000.0,18739000000.0,24129547533.0,397000000.0,0.0,-238000000.0,460000000.0,-161000000.0,61000000.0,-562000000.0,-17000000.0,898000000.0,0.0,482000000.0,482000000.0,482000000.0,0.0,0.0,0.171,965000000.0,849000000.0,1267000000.0,0.335,2.344,13.331,13.452,26413000000.0,0.0,77.35,2.184,2.184,1083000000.0,9045000000.0,2824000000.0,2824000000.0,0.0,,,,,0.0,735000000.0,1.0,311952780.0,311952780.0,,9.053,31365000000.0,149000000.0,266000000.0,8315000000.0,100.544,162000000.0
32,NSC,MRQ,2013-06-30,2013-06-30,2013-06-30,2021-07-28,-1063000000.0,30605000000.0,,2078000000.0,28527000000.0,,32.334,-456000000.0,587000000.0,587000000.0,1014000000.0,465000000.0,1.145,2.004,8477000000.0,47000000.0,8430000000.0,8477000000.0,0.0,228000000.0,0.0,0.028,0.5,865000000.0,1093000000.0,0.39,1093000000.0,865000000.0,737000000.0,1.47,1.46,1.47,10188000000.0,,10188000000.0,30704170734.0,10.0,7.44,327000000.0,1.038,1.0,1788000000.0,0.638,0.0,128000000.0,36680000000.0,,228000000.0,2366000000.0,0.0,2366000000.0,20417000000.0,1815000000.0,18602000000.0,22891170734.0,-85000000.0,0.0,-256000000.0,-13000000.0,-158000000.0,-427000000.0,-441000000.0,15000000.0,783000000.0,0.0,465000000.0,465000000.0,465000000.0,0.0,0.0,0.166,952000000.0,836000000.0,1180000000.0,0.34,2.247,13.232,13.306,26098000000.0,0.0,72.65,2.097,2.097,1072000000.0,8954000000.0,2802000000.0,2802000000.0,0.0,,,,,0.0,726000000.0,1.0,315088379.0,315088379.0,,8.893,30605000000.0,137000000.0,272000000.0,8258000000.0,97.131,263000000.0
33,NSC,MRQ,2013-03-31,2013-03-31,2013-03-31,2021-07-28,-1086000000.0,30599000000.0,,2323000000.0,28276000000.0,,32.145,-360000000.0,672000000.0,672000000.0,1040000000.0,450000000.0,1.22,2.027,8485000000.0,47000000.0,8438000000.0,8485000000.0,0.0,228000000.0,0.0,0.026,0.5,826000000.0,1054000000.0,0.385,1054000000.0,826000000.0,697000000.0,1.43,1.41,1.43,10110000000.0,,10110000000.0,32271922108.0,10.0,7.631,363000000.0,1.154,1.0,1698000000.0,0.62,0.0,129000000.0,36508000000.0,,246000000.0,2356000000.0,15000000.0,2341000000.0,20489000000.0,1904000000.0,18585000000.0,24242922108.0,19000000.0,0.0,22000000.0,-203000000.0,-157000000.0,-338000000.0,-366000000.0,-6000000.0,723000000.0,0.0,450000000.0,450000000.0,450000000.0,0.0,0.0,0.164,1007000000.0,691000000.0,1188000000.0,0.35,2.398,13.551,13.74,25870000000.0,0.0,77.08,2.206,2.206,1158000000.0,8904000000.0,2738000000.0,2738000000.0,0.0,,,,,0.0,780000000.0,1.0,314516374.0,314516374.0,,8.705,30599000000.0,167000000.0,247000000.0,8240000000.0,97.289,419000000.0
34,NSC,MRQ,2012-12-31,2012-12-31,2012-12-31,2021-07-28,-1109000000.0,30342000000.0,,2242000000.0,28100000000.0,,30.882,-574000000.0,653000000.0,653000000.0,1011000000.0,413000000.0,1.077,2.109,8682000000.0,250000000.0,8432000000.0,8682000000.0,0.0,234000000.0,0.0,0.031,0.5,750000000.0,984000000.0,0.367,984000000.0,750000000.0,621000000.0,1.3,1.3,1.3,9760000000.0,,9760000000.0,27331110560.0,8.0,6.546,15000000.0,0.047,1.0,1673000000.0,0.623,0.0,129000000.0,36290000000.0,,216000000.0,2315000000.0,15000000.0,2300000000.0,20582000000.0,2081000000.0,18501000000.0,19544110560.0,-40000000.0,0.0,-126000000.0,196000000.0,-157000000.0,-87000000.0,-542000000.0,32000000.0,589000000.0,0.0,413000000.0,413000000.0,413000000.0,0.0,0.0,0.154,959000000.0,714000000.0,1362000000.0,0.385,2.002,11.174,11.41,25736000000.0,0.0,61.84,1.77,1.77,1109000000.0,8643000000.0,2684000000.0,2684000000.0,0.0,,,,,0.0,726000000.0,1.0,316043185.0,316043185.0,,8.493,30342000000.0,167000000.0,208000000.0,8038000000.0,96.006,161000000.0
35,NSC,MRQ,2012-09-30,2012-09-30,2012-09-30,2021-07-28,-971000000.0,29840000000.0,,2199000000.0,27641000000.0,,30.568,-522000000.0,693000000.0,693000000.0,1008000000.0,402000000.0,1.206,2.055,8480000000.0,52000000.0,8428000000.0,8480000000.0,0.0,232000000.0,0.0,0.029,0.5,764000000.0,996000000.0,0.37,996000000.0,764000000.0,640000000.0,1.26,1.24,1.26,9767000000.0,,9767000000.0,27973848575.0,8.0,6.577,291000000.0,0.911,1.0,1685000000.0,0.626,0.0,124000000.0,35803000000.0,,236000000.0,2330000000.0,15000000.0,2315000000.0,20073000000.0,1824000000.0,18249000000.0,20330848575.0,337000000.0,0.0,-270000000.0,473000000.0,-159000000.0,44000000.0,-520000000.0,2000000.0,813000000.0,0.0,402000000.0,402000000.0,402000000.0,0.0,0.0,0.149,954000000.0,731000000.0,1260000000.0,0.397,2.082,11.195,11.465,25260000000.0,0.0,63.63,1.823,1.823,1078000000.0,8512000000.0,2693000000.0,2693000000.0,0.0,,,,,0.0,724000000.0,1.0,319516715.0,319516715.0,,8.428,29840000000.0,144000000.0,238000000.0,7953000000.0,93.391,375000000.0
36,NSC,MRQ,2012-06-30,2012-06-30,2012-06-30,2021-07-28,-991000000.0,29191000000.0,,1884000000.0,27307000000.0,,30.016,-494000000.0,356000000.0,356000000.0,987000000.0,524000000.0,1.062,1.985,7999000000.0,27000000.0,7972000000.0,7999000000.0,0.0,230000000.0,0.0,0.025,0.47,965000000.0,1195000000.0,0.416,1195000000.0,965000000.0,843000000.0,1.62,1.6,1.62,9778000000.0,,9778000000.0,30568022280.0,9.0,6.834,134000000.0,0.411,1.0,1887000000.0,0.657,0.0,122000000.0,35060000000.0,,242000000.0,2293000000.0,15000000.0,2278000000.0,19413000000.0,1774000000.0,17639000000.0,23380022280.0,-473000000.0,0.0,-434000000.0,-18000000.0,-153000000.0,-605000000.0,-496000000.0,-2000000.0,628000000.0,0.0,524000000.0,524000000.0,524000000.0,0.0,0.0,0.182,953000000.0,934000000.0,1126000000.0,0.29,2.391,11.88,12.164,24968000000.0,0.0,71.77,2.06,2.06,1086000000.0,8544000000.0,2874000000.0,2874000000.0,0.0,,,,,0.0,724000000.0,1.0,325763164.0,325763164.0,,8.822,29191000000.0,133000000.0,319000000.0,7961000000.0,89.608,110000000.0
37,NSC,MRQ,2012-03-31,2012-03-31,2012-03-31,2021-07-28,-1010000000.0,29375000000.0,,2332000000.0,27043000000.0,,29.73,-459000000.0,829000000.0,829000000.0,1034000000.0,410000000.0,1.207,1.993,8017000000.0,32000000.0,7985000000.0,8017000000.0,0.0,226000000.0,0.0,0.026,0.47,774000000.0,1000000000.0,0.359,1000000000.0,774000000.0,654000000.0,1.24,1.23,1.24,9815000000.0,,9815000000.0,28997202174.0,8.0,6.587,576000000.0,1.745,1.0,1755000000.0,0.629,0.0,120000000.0,34631000000.0,,228000000.0,2265000000.0,2000000.0,2263000000.0,19560000000.0,1932000000.0,17628000000.0,21733202174.0,553000000.0,0.0,-369000000.0,478000000.0,-155000000.0,-46000000.0,-436000000.0,23000000.0,1035000000.0,0.0,410000000.0,410000000.0,410000000.0,0.0,0.0,0.147,1010000000.0,745000000.0,1243000000.0,0.379,2.214,10.861,11.234,24703000000.0,0.0,65.83,1.916,1.916,1056000000.0,8581000000.0,2789000000.0,2789000000.0,0.0,,,,,0.0,786000000.0,1.0,330141306.0,330141306.0,,8.448,29375000000.0,146000000.0,244000000.0,7910000000.0,88.977,400000000.0
38,NSC,MRQ,2011-12-31,2011-12-31,2011-12-31,2021-07-28,-1026000000.0,28538000000.0,,1751000000.0,26787000000.0,,29.488,-713000000.0,276000000.0,276000000.0,1042000000.0,480000000.0,1.029,1.879,7540000000.0,150000000.0,7390000000.0,7540000000.0,0.0,223000000.0,0.0,0.023,0.43,839000000.0,1062000000.0,0.38,1062000000.0,839000000.0,723000000.0,1.43,1.42,1.43,9911000000.0,,9911000000.0,31083698971.0,9.0,7.328,-250000000.0,-0.744,1.0,1755000000.0,0.627,0.0,116000000.0,34101000000.0,,209000000.0,2259000000.0,25000000.0,2234000000.0,18627000000.0,1701000000.0,16926000000.0,24488698971.0,34000000.0,0.0,-415000000.0,697000000.0,-144000000.0,138000000.0,-567000000.0,146000000.0,463000000.0,0.0,480000000.0,480000000.0,480000000.0,0.0,0.0,0.172,955000000.0,800000000.0,1092000000.0,0.301,2.471,12.781,13.199,24469000000.0,0.0,72.86,2.192,2.192,1022000000.0,8693000000.0,2797000000.0,2797000000.0,0.0,,,,,0.0,734000000.0,1.0,336106217.0,336106217.0,,8.322,28538000000.0,143000000.0,243000000.0,7693000000.0,84.908,50000000.0
39,NSC,MRQ,2011-09-30,2011-09-30,2011-09-30,2021-07-28,-753000000.0,28311000000.0,,1825000000.0,26486000000.0,,29.488,-495000000.0,242000000.0,242000000.0,998000000.0,554000000.0,0.943,1.761,6837000000.0,55000000.0,6782000000.0,6837000000.0,0.0,218000000.0,0.0,0.026,0.43,998000000.0,1216000000.0,0.421,1216000000.0,998000000.0,884000000.0,1.61,1.59,1.61,10255000000.0,,10255000000.0,27529143852.0,9.0,6.771,569000000.0,1.636,1.0,1891000000.0,0.655,0.0,114000000.0,32970000000.0,,212000000.0,2392000000.0,152000000.0,2240000000.0,18056000000.0,1936000000.0,16120000000.0,21221143852.0,-436000000.0,0.0,-793000000.0,-154000000.0,-149000000.0,-1096000000.0,-404000000.0,91000000.0,1064000000.0,0.0,554000000.0,554000000.0,554000000.0,0.0,0.0,0.192,953000000.0,938000000.0,1329000000.0,0.267,2.069,11.546,11.712,23978000000.0,0.0,61.02,1.971,1.971,1029000000.0,8759000000.0,2889000000.0,2889000000.0,0.0,,,,,0.0,736000000.0,1.0,347773580.0,347773580.0,,8.307,28311000000.0,160000000.0,330000000.0,7771000000.0,81.406,-111000000.0
40,NSC,MRQ,2011-06-30,2011-06-30,2011-06-30,2021-07-28,-770000000.0,28478000000.0,,2315000000.0,26163000000.0,,30.086,-435000000.0,678000000.0,678000000.0,1039000000.0,557000000.0,1.321,1.68,6986000000.0,55000000.0,6931000000.0,6986000000.0,0.0,215000000.0,0.0,0.02,0.4,909000000.0,1124000000.0,0.392,1124000000.0,909000000.0,796000000.0,1.58,1.56,1.58,10627000000.0,,10627000000.0,32847524409.0,11.0,8.459,613000000.0,1.735,1.0,1827000000.0,0.637,0.0,113000000.0,33033000000.0,,201000000.0,2463000000.0,228000000.0,2235000000.0,17851000000.0,1753000000.0,16098000000.0,26466524409.0,442000000.0,0.0,-412000000.0,366000000.0,-141000000.0,-187000000.0,-419000000.0,16000000.0,1048000000.0,0.0,557000000.0,557000000.0,557000000.0,0.0,0.0,0.194,952000000.0,875000000.0,1254000000.0,0.253,2.49,15.307,15.578,23671000000.0,0.0,74.93,2.561,2.561,991000000.0,9097000000.0,2866000000.0,2866000000.0,0.0,,,,,0.0,739000000.0,1.0,353216661.0,353216661.0,,8.114,28478000000.0,163000000.0,239000000.0,7532000000.0,80.625,562000000.0
41,NSC,MRQ,2011-03-31,2011-03-31,2011-03-31,2021-07-28,-786000000.0,27728000000.0,,1832000000.0,25896000000.0,,29.769,-433000000.0,236000000.0,236000000.0,1044000000.0,325000000.0,1.169,1.616,6617000000.0,63000000.0,6554000000.0,6617000000.0,0.0,213000000.0,0.0,0.021,0.4,627000000.0,840000000.0,0.321,840000000.0,627000000.0,515000000.0,0.91,0.9,0.91,10601000000.0,,10601000000.0,30865694744.0,11.0,8.311,219000000.0,0.615,1.0,1576000000.0,0.602,0.0,112000000.0,32542000000.0,,190000000.0,2451000000.0,252000000.0,2199000000.0,17127000000.0,1567000000.0,15560000000.0,24667694744.0,-591000000.0,0.0,-311000000.0,-408000000.0,-142000000.0,-861000000.0,-382000000.0,51000000.0,652000000.0,0.0,325000000.0,325000000.0,325000000.0,0.0,0.0,0.124,976000000.0,600000000.0,1093000000.0,0.44,2.327,15.772,16.147,23451000000.0,0.0,69.27,2.492,2.492,934000000.0,9094000000.0,2620000000.0,2620000000.0,0.0,,,,,0.0,765000000.0,1.0,356109351.0,356109351.0,,7.357,27728000000.0,148000000.0,190000000.0,7314000000.0,77.864,265000000.0
42,NSC,MRQ,2010-12-31,2010-12-31,2010-12-31,2021-07-28,-805000000.0,28199000000.0,,2471000000.0,25728000000.0,,29.361,-547000000.0,827000000.0,827000000.0,884000000.0,402000000.0,1.187,1.643,7025000000.0,458000000.0,6567000000.0,7025000000.0,0.0,209000000.0,0.0,0.022,0.36,677000000.0,886000000.0,0.37,886000000.0,677000000.0,562000000.0,1.11,1.09,1.11,10669000000.0,,10669000000.0,28633036578.0,10.0,7.834,39000000.0,0.107,1.0,1508000000.0,0.63,0.0,115000000.0,32315000000.0,,169000000.0,2476000000.0,283000000.0,2193000000.0,17530000000.0,2082000000.0,15448000000.0,22827036578.0,-302000000.0,0.0,-396000000.0,88000000.0,-130000000.0,-438000000.0,-450000000.0,97000000.0,586000000.0,0.0,402000000.0,402000000.0,402000000.0,0.0,0.0,0.168,866000000.0,642000000.0,1181000000.0,0.324,2.14,15.259,15.473,23231000000.0,0.0,62.82,2.399,2.399,807000000.0,9224000000.0,2392000000.0,2392000000.0,0.0,,,,,0.0,659000000.0,1.0,363372120.0,363372120.0,,6.583,28199000000.0,145000000.0,160000000.0,7287000000.0,77.604,389000000.0
43,NSC,MRQ,2010-09-30,2010-09-30,2010-09-30,2021-07-28,-804000000.0,28062000000.0,,2633000000.0,25429000000.0,,29.269,-278000000.0,1129000000.0,1129000000.0,826000000.0,445000000.0,1.347,1.601,6935000000.0,361000000.0,6574000000.0,6935000000.0,0.0,206000000.0,0.0,0.023,0.36,827000000.0,1033000000.0,0.421,1033000000.0,827000000.0,714000000.0,1.21,1.19,1.21,10789000000.0,,10789000000.0,27770308167.0,10.0,7.779,468000000.0,1.27,1.0,1630000000.0,0.664,0.0,113000000.0,31913000000.0,,179000000.0,2536000000.0,229000000.0,2307000000.0,17273000000.0,1955000000.0,15318000000.0,21936308167.0,274000000.0,0.0,-306000000.0,241000000.0,-132000000.0,-197000000.0,-275000000.0,3000000.0,746000000.0,0.0,445000000.0,445000000.0,445000000.0,0.0,0.0,0.181,884000000.0,746000000.0,1131000000.0,0.298,2.033,15.658,15.743,22893000000.0,0.0,59.51,2.377,2.377,908000000.0,9339000000.0,2456000000.0,2456000000.0,0.0,,,,,0.0,680000000.0,1.0,368615496.0,368615496.0,,6.663,28062000000.0,153000000.0,269000000.0,7076000000.0,76.128,678000000.0
44,NSC,MRQ,2010-06-30,2010-06-30,2010-06-30,2021-07-28,-820000000.0,27633000000.0,,2328000000.0,25305000000.0,,29.079,-292000000.0,855000000.0,855000000.0,823000000.0,392000000.0,1.202,1.568,6689000000.0,363000000.0,6326000000.0,6689000000.0,0.0,205000000.0,0.0,0.026,0.34,750000000.0,955000000.0,0.393,955000000.0,750000000.0,635000000.0,1.06,1.04,1.06,10761000000.0,,10761000000.0,25497469315.0,10.0,7.616,332000000.0,0.897,1.0,1607000000.0,0.661,0.0,115000000.0,31530000000.0,,179000000.0,2498000000.0,205000000.0,2293000000.0,16872000000.0,1937000000.0,14935000000.0,19631469315.0,-306000000.0,0.0,-93000000.0,-340000000.0,-126000000.0,-559000000.0,-371000000.0,-79000000.0,624000000.0,0.0,392000000.0,392000000.0,392000000.0,0.0,0.0,0.161,874000000.0,733000000.0,1064000000.0,0.321,1.824,15.593,15.649,22786000000.0,0.0,53.05,2.222,2.222,892000000.0,9317000000.0,2430000000.0,2430000000.0,0.0,,,,,0.0,670000000.0,1.0,370055972.0,370055972.0,,6.567,27633000000.0,148000000.0,243000000.0,7044000000.0,74.672,391000000.0
45,NSC,MRQ,2010-03-31,2010-03-31,2010-03-31,2021-07-28,-834000000.0,27730000000.0,,2646000000.0,25084000000.0,,28.578,-256000000.0,1161000000.0,1161000000.0,780000000.0,257000000.0,1.207,1.625,7027000000.0,648000000.0,6379000000.0,7027000000.0,0.0,206000000.0,0.0,0.024,0.34,575000000.0,781000000.0,0.349,781000000.0,575000000.0,456000000.0,0.69,0.68,0.69,10564000000.0,,10564000000.0,26817025160.0,12.0,8.634,502000000.0,1.358,1.0,1458000000.0,0.651,0.0,119000000.0,31403000000.0,,180000000.0,2391000000.0,225000000.0,2166000000.0,17166000000.0,2193000000.0,14973000000.0,20660025160.0,165000000.0,0.0,21000000.0,-128000000.0,-126000000.0,-233000000.0,-360000000.0,-104000000.0,758000000.0,0.0,257000000.0,257000000.0,257000000.0,0.0,0.0,0.115,903000000.0,555000000.0,987000000.0,0.493,1.956,18.546,18.63,22697000000.0,0.0,55.89,2.5,2.5,867000000.0,9156000000.0,2238000000.0,2238000000.0,0.0,,,,,0.0,699000000.0,1.0,369655129.0,369655129.0,,6.054,27730000000.0,145000000.0,199000000.0,7052000000.0,75.016,453000000.0
46,NSC,MRQ,2009-12-31,2009-12-31,2009-12-31,2021-07-28,-853000000.0,27369000000.0,,2246000000.0,25123000000.0,,28.141,-357000000.0,996000000.0,996000000.0,731000000.0,307000000.0,1.255,1.644,7153000000.0,474000000.0,6679000000.0,7153000000.0,0.0,215000000.0,0.0,0.026,0.34,586000000.0,801000000.0,0.38,801000000.0,586000000.0,467000000.0,0.82,0.82,0.82,10353000000.0,,10353000000.0,25350999024.0,12.0,8.64,128000000.0,0.348,1.0,1375000000.0,0.653,0.0,119000000.0,31737000000.0,,164000000.0,2254000000.0,90000000.0,2164000000.0,17016000000.0,1789000000.0,15227000000.0,19284999024.0,-3000000.0,0.0,34000000.0,88000000.0,-126000000.0,-4000000.0,-484000000.0,-127000000.0,485000000.0,0.0,307000000.0,307000000.0,307000000.0,0.0,0.0,0.146,826000000.0,549000000.0,974000000.0,0.415,1.863,18.651,18.789,22643000000.0,0.0,52.42,2.42,2.42,766000000.0,9027000000.0,2106000000.0,2106000000.0,0.0,,,,,0.0,613000000.0,1.0,367893915.0,367893915.0,,5.724,27369000000.0,142000000.0,160000000.0,6856000000.0,74.394,457000000.0
47,NSC,MRQ,2009-09-30,2009-09-30,2009-09-30,2021-07-28,-912000000.0,27075000000.0,,2233000000.0,24842000000.0,,27.38,-319000000.0,999000000.0,999000000.0,693000000.0,303000000.0,1.197,1.69,7065000000.0,380000000.0,6685000000.0,7065000000.0,0.0,212000000.0,0.0,0.031,0.34,599000000.0,811000000.0,0.393,811000000.0,599000000.0,481000000.0,0.82,0.81,0.82,10066000000.0,,10066000000.0,22208815550.0,10.0,6.999,413000000.0,1.123,1.0,1370000000.0,0.664,0.0,118000000.0,31275000000.0,,172000000.0,2067000000.0,0.0,2067000000.0,17009000000.0,1866000000.0,15143000000.0,15848815550.0,277000000.0,0.0,8000000.0,-21000000.0,-124000000.0,-137000000.0,-318000000.0,1000000.0,732000000.0,0.0,303000000.0,303000000.0,303000000.0,0.0,0.0,0.147,808000000.0,562000000.0,980000000.0,0.415,1.574,13.443,13.514,22490000000.0,0.0,43.11,1.895,1.895,855000000.0,8848000000.0,2063000000.0,2063000000.0,0.0,,,,,0.0,598000000.0,1.0,367636640.0,367636640.0,,5.612,27075000000.0,152000000.0,178000000.0,6785000000.0,73.646,367000000.0
48,NSC,MRQ,2009-06-30,2009-06-30,2009-06-30,2021-07-28,-922000000.0,26633000000.0,,1936000000.0,24697000000.0,,26.861,-297000000.0,722000000.0,722000000.0,631000000.0,247000000.0,1.114,1.701,7082000000.0,394000000.0,6688000000.0,7082000000.0,0.0,209000000.0,0.0,0.035,0.34,504000000.0,713000000.0,0.384,713000000.0,504000000.0,391000000.0,0.67,0.66,0.67,9859000000.0,,9859000000.0,19877315772.0,7.0,5.681,-8000000.0,-0.022,1.0,1226000000.0,0.66,0.0,113000000.0,31255000000.0,,188000000.0,2027000000.0,0.0,2027000000.0,16774000000.0,1738000000.0,15036000000.0,13826315772.0,-162000000.0,0.0,18000000.0,61000000.0,-125000000.0,-46000000.0,-405000000.0,-108000000.0,289000000.0,0.0,247000000.0,247000000.0,247000000.0,0.0,0.0,0.133,758000000.0,468000000.0,945000000.0,0.507,1.402,9.904,10.019,22375000000.0,0.0,37.67,1.504,1.504,800000000.0,8671000000.0,1857000000.0,1857000000.0,0.0,,,,,0.0,551000000.0,1.0,367037849.0,367037849.0,,5.059,26633000000.0,136000000.0,144000000.0,6605000000.0,72.562,198000000.0
49,NSC,MRQ,2009-03-31,2009-03-31,2009-03-31,2021-07-28,-933000000.0,26546000000.0,,2194000000.0,24352000000.0,,26.497,-242000000.0,884000000.0,884000000.0,714000000.0,177000000.0,1.087,1.734,6935000000.0,468000000.0,6467000000.0,6935000000.0,0.0,209000000.0,0.0,0.038,0.34,400000000.0,609000000.0,0.313,609000000.0,400000000.0,283000000.0,0.48,0.47,0.48,9710000000.0,,9710000000.0,18417051325.0,6.0,4.805,112000000.0,0.306,1.0,1229000000.0,0.633,0.0,117000000.0,30579000000.0,,191000000.0,1806000000.0,0.0,1806000000.0,16836000000.0,2018000000.0,14818000000.0,12368051325.0,266000000.0,0.0,6000000.0,275000000.0,-125000000.0,156000000.0,-244000000.0,-2000000.0,354000000.0,0.0,177000000.0,177000000.0,177000000.0,0.0,0.0,0.091,846000000.0,383000000.0,952000000.0,0.708,1.274,7.72,7.867,22292000000.0,0.0,33.75,1.224,1.224,831000000.0,8551000000.0,1943000000.0,1943000000.0,0.0,,,,,0.0,639000000.0,1.0,366460780.0,366460780.0,,5.302,26546000000.0,161000000.0,106000000.0,6717000000.0,72.439,176000000.0
50,NSC,MRQ,2008-12-31,2008-12-31,2008-12-31,2021-07-28,-942000000.0,26297000000.0,,1999000000.0,24298000000.0,,25.945,-419000000.0,618000000.0,618000000.0,874000000.0,452000000.0,0.95,1.737,6667000000.0,484000000.0,6183000000.0,6667000000.0,0.0,209000000.0,0.0,0.026,0.32,831000000.0,1040000000.0,0.416,1040000000.0,831000000.0,719000000.0,1.22,1.22,1.22,9607000000.0,,9607000000.0,23335640642.0,7.0,5.821,221000000.0,0.597,1.0,1628000000.0,0.651,0.0,112000000.0,30241000000.0,,194000000.0,1779000000.0,0.0,1779000000.0,16690000000.0,2105000000.0,14585000000.0,17421640642.0,61000000.0,0.0,-224000000.0,181000000.0,-118000000.0,-161000000.0,-418000000.0,1000000.0,640000000.0,0.0,452000000.0,452000000.0,452000000.0,0.0,0.0,0.181,815000000.0,813000000.0,1140000000.0,0.262,1.813,10.152,10.273,22247000000.0,0.0,47.05,1.634,1.634,870000000.0,8501000000.0,2502000000.0,2502000000.0,0.0,,,,,0.0,609000000.0,1.0,370279291.0,370279291.0,,6.757,26297000000.0,149000000.0,267000000.0,6633000000.0,71.019,-106000000.0
51,NSC,MRQ,2008-09-30,2008-09-30,2008-09-30,2021-07-28,-389000000.0,26717000000.0,,2082000000.0,24635000000.0,,26.775,-420000000.0,557000000.0,557000000.0,1091000000.0,520000000.0,0.904,1.659,6471000000.0,488000000.0,5983000000.0,6471000000.0,0.0,204000000.0,0.0,0.018,0.32,933000000.0,1137000000.0,0.393,1137000000.0,933000000.0,822000000.0,1.39,1.37,1.39,10046000000.0,,10046000000.0,30876939959.0,10.0,7.942,597000000.0,1.591,1.0,1803000000.0,0.623,0.0,111000000.0,30328000000.0,,210000000.0,1827000000.0,0.0,1827000000.0,16671000000.0,2303000000.0,14368000000.0,24841939959.0,103000000.0,0.0,-358000000.0,-19000000.0,-120000000.0,-497000000.0,-417000000.0,3000000.0,1017000000.0,0.0,520000000.0,520000000.0,520000000.0,0.0,0.0,0.18,909000000.0,894000000.0,1225000000.0,0.23,2.473,14.938,15.116,22032000000.0,0.0,66.21,2.341,2.341,1076000000.0,8375000000.0,2894000000.0,2894000000.0,0.0,,,,,0.0,708000000.0,1.0,375199214.0,375199214.0,,7.713,26717000000.0,172000000.0,302000000.0,6899000000.0,71.208,-221000000.0
52,NSC,MRQ,2008-06-30,2008-06-30,2008-06-30,2021-07-28,-392000000.0,26414000000.0,,2026000000.0,24388000000.0,,26.592,-309000000.0,454000000.0,454000000.0,1105000000.0,453000000.0,0.952,1.644,6489000000.0,486000000.0,6003000000.0,6489000000.0,0.0,202000000.0,0.0,0.018,0.29,845000000.0,1047000000.0,0.379,1047000000.0,845000000.0,733000000.0,1.2,1.18,1.2,9992000000.0,,9992000000.0,29677582332.0,10.0,8.109,145000000.0,0.386,1.0,1660000000.0,0.6,0.0,112000000.0,30321000000.0,,203000000.0,1804000000.0,0.0,1804000000.0,16422000000.0,2128000000.0,14294000000.0,23548582332.0,90000000.0,0.0,-112000000.0,3000000.0,-109000000.0,-218000000.0,-146000000.0,163000000.0,454000000.0,0.0,453000000.0,453000000.0,453000000.0,0.0,0.0,0.164,861000000.0,799000000.0,1114000000.0,0.242,2.357,15.401,15.746,21824000000.0,0.0,62.67,2.338,2.338,1084000000.0,8351000000.0,2765000000.0,2765000000.0,0.0,,,,,0.0,662000000.0,1.0,375755263.0,375755263.0,,7.359,26414000000.0,169000000.0,280000000.0,6761000000.0,70.296,-102000000.0
53,NSC,MRQ,2008-03-31,2008-03-31,2008-03-31,2021-07-28,-395000000.0,26465000000.0,,2036000000.0,24429000000.0,,25.903,-301000000.0,364000000.0,364000000.0,1019000000.0,291000000.0,0.914,1.715,6493000000.0,276000000.0,6217000000.0,6493000000.0,0.0,200000000.0,0.0,0.019,0.29,585000000.0,785000000.0,0.314,785000000.0,585000000.0,476000000.0,0.77,0.76,0.77,9748000000.0,,9748000000.0,26604390526.0,10.0,7.558,303000000.0,0.805,1.0,1481000000.0,0.592,0.0,109000000.0,30367000000.0,,194000000.0,1937000000.0,0.0,1937000000.0,16717000000.0,2227000000.0,14490000000.0,20442390526.0,158000000.0,0.0,-205000000.0,115000000.0,-109000000.0,-199000000.0,-247000000.0,54000000.0,604000000.0,0.0,291000000.0,291000000.0,291000000.0,0.0,0.0,0.116,903000000.0,578000000.0,1337000000.0,0.377,2.097,13.906,14.37,21697000000.0,0.0,54.32,2.111,2.111,1125000000.0,8210000000.0,2500000000.0,2500000000.0,0.0,,,,,0.0,705000000.0,1.0,376332668.0,376332668.0,,6.643,26465000000.0,230000000.0,185000000.0,6822000000.0,70.323,-191000000.0
54,NSC,MRQ,2007-12-31,2007-12-31,2007-12-31,2021-07-28,-399000000.0,26144000000.0,,1675000000.0,24469000000.0,,25.119,-427000000.0,206000000.0,206000000.0,948000000.0,399000000.0,0.86,1.688,6368000000.0,369000000.0,5999000000.0,6368000000.0,0.0,199000000.0,0.0,0.019,0.26,720000000.0,919000000.0,0.374,919000000.0,720000000.0,612000000.0,1.02,1.02,1.02,9727000000.0,,9727000000.0,25274410517.0,9.0,7.296,95000000.0,0.245,1.0,1506000000.0,0.614,0.0,108000000.0,30358000000.0,,176000000.0,1974000000.0,0.0,1974000000.0,16417000000.0,1948000000.0,14469000000.0,19532410517.0,-199000000.0,0.0,-410000000.0,215000000.0,-101000000.0,-296000000.0,-425000000.0,2000000.0,522000000.0,0.0,399000000.0,399000000.0,399000000.0,0.0,0.0,0.163,820000000.0,686000000.0,1139000000.0,0.255,2.008,13.342,13.523,21583000000.0,0.0,50.44,2.071,2.071,942000000.0,8280000000.0,2454000000.0,2454000000.0,0.0,,,,,0.0,623000000.0,1.0,387240494.0,387240494.0,,6.337,26144000000.0,190000000.0,213000000.0,6634000000.0,67.514,-273000000.0
55,NSC,MRQ,2007-09-30,2007-09-30,2007-09-30,2021-07-28,-353000000.0,25960000000.0,,1851000000.0,24109000000.0,,25.099,-284000000.0,405000000.0,405000000.0,859000000.0,386000000.0,0.915,1.628,6147000000.0,383000000.0,5764000000.0,6147000000.0,0.0,197000000.0,0.0,0.017,0.26,712000000.0,909000000.0,0.386,909000000.0,712000000.0,605000000.0,0.99,0.97,0.99,9879000000.0,,9879000000.0,26196865441.0,10.0,7.73,390000000.0,0.991,1.0,1494000000.0,0.635,0.0,107000000.0,29680000000.0,,173000000.0,1947000000.0,13000000.0,1934000000.0,16081000000.0,2022000000.0,14059000000.0,20431865441.0,6000000.0,0.0,-330000000.0,-21000000.0,-102000000.0,-453000000.0,-215000000.0,69000000.0,674000000.0,0.0,386000000.0,386000000.0,386000000.0,0.0,0.0,0.164,813000000.0,681000000.0,1127000000.0,0.263,2.068,14.091,14.183,21345000000.0,0.0,51.91,2.198,2.198,1013000000.0,8373000000.0,2353000000.0,2353000000.0,0.0,,,,,0.0,619000000.0,1.0,393601723.0,393601723.0,,5.978,25960000000.0,188000000.0,219000000.0,6610000000.0,65.955,-171000000.0
56,NSC,MRQ,2007-06-30,2007-06-30,2007-06-30,2021-07-28,-357000000.0,25931000000.0,,1949000000.0,23982000000.0,,25.207,-306000000.0,399000000.0,399000000.0,867000000.0,394000000.0,0.986,1.616,6164000000.0,388000000.0,5776000000.0,6164000000.0,0.0,196000000.0,0.0,0.015,0.22,711000000.0,907000000.0,0.381,907000000.0,711000000.0,600000000.0,1.0,0.98,1.0,9912000000.0,,9912000000.0,26734705984.0,10.0,7.808,245000000.0,0.623,1.0,1511000000.0,0.635,0.0,111000000.0,29719000000.0,,174000000.0,2010000000.0,93000000.0,1917000000.0,16019000000.0,1977000000.0,14042000000.0,20671705984.0,-71000000.0,0.0,-38000000.0,-369000000.0,-86000000.0,-493000000.0,-129000000.0,177000000.0,551000000.0,0.0,394000000.0,394000000.0,394000000.0,0.0,0.0,0.166,821000000.0,690000000.0,1158000000.0,0.22,2.086,13.967,14.17,21245000000.0,0.0,52.57,2.214,2.214,1001000000.0,8402000000.0,2378000000.0,2378000000.0,0.0,,,,,0.0,629000000.0,1.0,393222484.0,393222484.0,,6.047,25931000000.0,199000000.0,206000000.0,6536000000.0,65.945,-28000000.0
57,NSC,MRQ,2007-03-31,2007-03-31,2007-03-31,2021-07-28,-364000000.0,26030000000.0,,2287000000.0,23743000000.0,,24.253,-200000000.0,470000000.0,470000000.0,846000000.0,285000000.0,1.064,1.704,6533000000.0,533000000.0,6000000000.0,6533000000.0,0.0,194000000.0,0.0,0.015,0.22,535000000.0,729000000.0,0.324,729000000.0,535000000.0,420000000.0,0.72,0.71,0.72,9628000000.0,,9628000000.0,26160504908.0,10.0,7.663,386000000.0,0.972,1.0,1401000000.0,0.623,0.0,115000000.0,29944000000.0,,161000000.0,2201000000.0,374000000.0,1827000000.0,16402000000.0,2149000000.0,14253000000.0,20087504908.0,-57000000.0,0.0,-235000000.0,-64000000.0,-88000000.0,-387000000.0,-256000000.0,-56000000.0,586000000.0,0.0,285000000.0,285000000.0,285000000.0,0.0,0.0,0.127,873000000.0,528000000.0,1084000000.0,0.306,2.086,13.749,13.978,21128000000.0,0.0,50.6,2.148,2.148,991000000.0,8236000000.0,2247000000.0,2247000000.0,0.0,,,,,0.0,681000000.0,1.0,396986263.0,396986263.0,,5.66,26030000000.0,185000000.0,135000000.0,6577000000.0,65.569,138000000.0
58,NSC,MRQ,2006-12-31,2006-12-31,2006-12-31,2021-07-28,-369000000.0,26028000000.0,,2400000000.0,23628000000.0,,24.226,-283000000.0,527000000.0,527000000.0,1220000000.0,385000000.0,1.147,1.707,6600000000.0,491000000.0,6109000000.0,6600000000.0,0.0,190000000.0,0.0,0.014,0.18,654000000.0,844000000.0,0.364,844000000.0,654000000.0,539000000.0,0.95,0.95,0.95,9615000000.0,,9615000000.0,26314692243.0,10.0,7.614,206000000.0,0.519,1.0,1099000000.0,0.474,0.0,115000000.0,30008000000.0,,151000000.0,2146000000.0,391000000.0,1755000000.0,16413000000.0,2093000000.0,14320000000.0,19959692243.0,257000000.0,0.0,9000000.0,-27000000.0,-71000000.0,-89000000.0,-143000000.0,140000000.0,489000000.0,0.0,385000000.0,385000000.0,385000000.0,0.0,0.0,0.166,485000000.0,614000000.0,1181000000.0,0.189,2.076,13.477,13.854,21098000000.0,0.0,50.29,2.122,2.122,992000000.0,8283000000.0,2319000000.0,2319000000.0,0.0,,,,,0.0,655000000.0,1.0,396891872.0,396891872.0,,5.843,26028000000.0,186000000.0,154000000.0,6649000000.0,65.58,307000000.0
59,NSC,MRQ,2006-09-30,2006-09-30,2006-09-30,2021-07-28,-87000000.0,25978000000.0,,2216000000.0,23762000000.0,,23.148,-275000000.0,270000000.0,270000000.0,759000000.0,416000000.0,1.012,1.712,6625000000.0,484000000.0,6141000000.0,6625000000.0,0.0,188000000.0,0.0,0.014,0.18,756000000.0,944000000.0,0.394,944000000.0,756000000.0,636000000.0,1.04,1.02,1.04,9579000000.0,,9579000000.0,24836816504.0,9.0,7.235,344000000.0,0.831,1.0,1634000000.0,0.683,0.0,120000000.0,30144000000.0,,158000000.0,2312000000.0,533000000.0,1779000000.0,16399000000.0,2189000000.0,14210000000.0,18228816504.0,13000000.0,0.0,-724000000.0,-241000000.0,-74000000.0,-1039000000.0,433000000.0,708000000.0,619000000.0,0.0,416000000.0,416000000.0,416000000.0,0.0,0.0,0.174,919000000.0,715000000.0,1168000000.0,0.173,1.903,12.503,12.304,20970000000.0,0.0,44.05,1.951,1.951,1027000000.0,8028000000.0,2393000000.0,2393000000.0,0.0,,,,,0.0,624000000.0,1.0,413821033.0,413821033.0,,5.783,25978000000.0,176000000.0,220000000.0,6852000000.0,62.776,27000000.0
60,NSC,MRQ,2006-06-30,2006-06-30,2006-06-30,2021-07-28,-89000000.0,26559000000.0,,2910000000.0,23649000000.0,,23.996,-297000000.0,257000000.0,257000000.0,762000000.0,375000000.0,1.242,1.669,6865000000.0,690000000.0,6175000000.0,6865000000.0,0.0,187000000.0,0.0,0.011,0.16,710000000.0,897000000.0,0.375,897000000.0,710000000.0,589000000.0,0.91,0.89,0.91,9951000000.0,,9951000000.0,28441933573.0,11.0,8.759,291000000.0,0.702,1.0,1630000000.0,0.681,0.0,121000000.0,30824000000.0,,146000000.0,3022000000.0,1278000000.0,1744000000.0,16608000000.0,2343000000.0,14265000000.0,22069933573.0,-269000000.0,0.0,-68000000.0,-39000000.0,-67000000.0,-174000000.0,-683000000.0,-386000000.0,588000000.0,0.0,375000000.0,375000000.0,375000000.0,0.0,0.0,0.157,953000000.0,677000000.0,1115000000.0,0.176,2.218,16.433,16.226,20886000000.0,0.0,53.22,2.423,2.423,990000000.0,8350000000.0,2392000000.0,2392000000.0,0.0,,,,,0.0,637000000.0,1.0,414692476.0,414692476.0,,5.768,26559000000.0,175000000.0,214000000.0,6908000000.0,64.045,567000000.0
61,NSC,MRQ,2006-03-31,2006-03-31,2006-03-31,2021-07-28,-85000000.0,26241000000.0,,2944000000.0,23297000000.0,,23.889,-204000000.0,526000000.0,526000000.0,734000000.0,305000000.0,1.501,1.703,6898000000.0,348000000.0,6550000000.0,6898000000.0,0.0,185000000.0,0.0,0.01,0.16,586000000.0,771000000.0,0.335,771000000.0,586000000.0,466000000.0,0.74,0.72,0.74,9709000000.0,,9709000000.0,28616140755.0,12.0,9.093,306000000.0,0.753,1.0,1569000000.0,0.681,0.0,120000000.0,30652000000.0,,143000000.0,2639000000.0,1016000000.0,1623000000.0,16532000000.0,1961000000.0,14571000000.0,21975140755.0,237000000.0,0.0,116000000.0,-32000000.0,-66000000.0,18000000.0,-291000000.0,-87000000.0,510000000.0,0.0,305000000.0,305000000.0,305000000.0,0.0,0.0,0.132,1018000000.0,551000000.0,1036000000.0,0.216,2.263,15.787,15.81,20756000000.0,0.0,54.07,2.478,2.478,985000000.0,8158000000.0,2303000000.0,2303000000.0,0.0,,,,,0.0,721000000.0,1.0,406420210.0,406420210.0,,5.667,26241000000.0,167000000.0,161000000.0,6914000000.0,64.566,983000000.0
62,NSC,MRQ,2005-12-31,2005-12-31,2005-12-31,2021-07-28,-77000000.0,25859000000.0,,2650000000.0,23209000000.0,,22.824,-392000000.0,289000000.0,289000000.0,1201000000.0,362000000.0,1.379,1.788,6930000000.0,314000000.0,6616000000.0,6930000000.0,0.0,196000000.0,0.0,0.011,0.13,625000000.0,821000000.0,0.364,821000000.0,625000000.0,504000000.0,0.89,0.87,0.89,9276000000.0,,9276000000.0,24868818014.0,11.0,8.351,111000000.0,0.273,1.0,1056000000.0,0.468,0.0,121000000.0,30579000000.0,,132000000.0,2526000000.0,968000000.0,1558000000.0,16583000000.0,1921000000.0,14662000000.0,18219818014.0,-20000000.0,0.0,80000000.0,75000000.0,-53000000.0,102000000.0,-625000000.0,-233000000.0,503000000.0,0.0,362000000.0,362000000.0,362000000.0,0.0,0.0,0.16,462000000.0,594000000.0,1163000000.0,0.146,1.964,14.223,14.142,20735000000.0,0.0,44.83,2.137,2.137,931000000.0,7967000000.0,2257000000.0,2257000000.0,0.0,,,,,0.0,636000000.0,1.0,406420210.0,406420210.0,,5.553,25859000000.0,167000000.0,142000000.0,6862000000.0,63.626,729000000.0
63,NSC,MRQ,2005-09-30,2005-09-30,2005-09-30,2021-07-28,-33000000.0,25433000000.0,,2436000000.0,22997000000.0,,22.04,-201000000.0,309000000.0,309000000.0,682000000.0,301000000.0,1.229,1.853,6958000000.0,313000000.0,6645000000.0,6958000000.0,0.0,198000000.0,0.0,0.011,0.13,560000000.0,758000000.0,0.352,758000000.0,560000000.0,441000000.0,0.74,0.73,0.74,8916000000.0,,8916000000.0,22968941831.0,11.0,8.096,541000000.0,1.337,1.0,1473000000.0,0.684,0.0,119000000.0,30100000000.0,,137000000.0,2349000000.0,741000000.0,1608000000.0,16517000000.0,1982000000.0,14535000000.0,16407941831.0,-122000000.0,0.0,42000000.0,-36000000.0,-53000000.0,-47000000.0,-817000000.0,-616000000.0,742000000.0,0.0,301000000.0,301000000.0,301000000.0,0.0,0.0,0.14,945000000.0,528000000.0,1132000000.0,0.176,1.84,14.024,13.986,20481000000.0,0.0,40.56,1.996,1.996,950000000.0,7671000000.0,2155000000.0,2155000000.0,0.0,,,,,0.0,629000000.0,1.0,404535055.0,404535055.0,,5.327,25433000000.0,175000000.0,140000000.0,6829000000.0,62.87,454000000.0
64,NSC,MRQ,2005-06-30,2005-06-30,2005-06-30,2021-07-28,-25000000.0,24907000000.0,,1970000000.0,22937000000.0,,21.325,-182000000.0,431000000.0,431000000.0,639000000.0,424000000.0,1.216,1.889,6992000000.0,115000000.0,6877000000.0,6992000000.0,0.0,196000000.0,0.0,0.014,0.11,601000000.0,797000000.0,0.37,797000000.0,601000000.0,475000000.0,1.05,1.04,1.05,8621000000.0,,8621000000.0,19334333071.0,10.0,7.056,270000000.0,0.668,1.0,1515000000.0,0.703,0.0,126000000.0,29848000000.0,,125000000.0,1740000000.0,184000000.0,1556000000.0,16286000000.0,1620000000.0,14666000000.0,12516333071.0,-433000000.0,0.0,6000000.0,-689000000.0,-44000000.0,-727000000.0,-158000000.0,24000000.0,452000000.0,0.0,424000000.0,424000000.0,424000000.0,0.0,0.0,0.197,923000000.0,592000000.0,1065000000.0,0.105,1.452,10.818,10.713,20471000000.0,0.0,30.96,1.58,1.58,885000000.0,7423000000.0,2154000000.0,2154000000.0,0.0,,,,,0.0,624000000.0,1.0,404274324.0,404274324.0,,5.328,24907000000.0,176000000.0,51000000.0,6699000000.0,61.609,350000000.0
65,NSC,MRQ,2005-03-31,2005-03-31,2005-03-31,2021-07-28,-2000000.0,25487000000.0,,2595000000.0,22892000000.0,,20.621,-140000000.0,864000000.0,864000000.0,621000000.0,194000000.0,1.192,2.088,7682000000.0,557000000.0,7125000000.0,7682000000.0,0.0,197000000.0,0.0,0.011,0.11,405000000.0,602000000.0,0.307,602000000.0,405000000.0,277000000.0,0.48,0.47,0.48,8254000000.0,,8254000000.0,21776260590.0,12.0,8.707,268000000.0,0.67,1.0,1340000000.0,0.683,0.0,128000000.0,30128000000.0,,114000000.0,1780000000.0,255000000.0,1525000000.0,17233000000.0,2177000000.0,15056000000.0,14830260590.0,397000000.0,0.0,66000000.0,194000000.0,-44000000.0,216000000.0,-227000000.0,-87000000.0,408000000.0,0.0,194000000.0,194000000.0,194000000.0,0.0,0.0,0.099,937000000.0,403000000.0,1098000000.0,0.229,1.797,15.677,15.502,20474000000.0,0.0,37.05,1.956,1.956,890000000.0,7043000000.0,1961000000.0,1961000000.0,0.0,,,,,0.0,604000000.0,1.0,400276939.0,400276939.0,,4.899,25487000000.0,216000000.0,83000000.0,6845000000.0,63.673,418000000.0
66,NSC,MRQ,2004-12-31,2004-12-31,2004-12-31,2021-07-28,-24000000.0,24750000000.0,,1967000000.0,22783000000.0,,20.176,-342000000.0,467000000.0,467000000.0,611000000.0,251000000.0,0.894,2.098,7525000000.0,662000000.0,6863000000.0,7525000000.0,0.0,192000000.0,0.0,0.01,0.1,488000000.0,680000000.0,0.349,680000000.0,488000000.0,362000000.0,0.63,0.62,0.63,7990000000.0,,7990000000.0,21404482509.0,12.0,8.967,108000000.0,0.273,1.0,1338000000.0,0.687,0.0,126000000.0,29607000000.0,,104000000.0,1701000000.0,202000000.0,1499000000.0,16760000000.0,2201000000.0,14559000000.0,14331482509.0,99000000.0,0.0,91000000.0,-29000000.0,-40000000.0,22000000.0,-373000000.0,-31000000.0,450000000.0,0.0,251000000.0,251000000.0,251000000.0,0.0,0.0,0.129,876000000.0,462000000.0,1090000000.0,0.159,1.794,15.749,15.667,20526000000.0,0.0,36.19,1.96,1.96,767000000.0,6893000000.0,1949000000.0,1949000000.0,0.0,,,,,0.0,592000000.0,1.0,396006701.0,396006701.0,,4.922,24750000000.0,187000000.0,111000000.0,6760000000.0,62.499,-234000000.0
67,NSC,MRQ,2004-09-30,2004-09-30,2004-09-30,2021-07-28,11000000.0,24429000000.0,,1806000000.0,22623000000.0,,19.528,-228000000.0,475000000.0,475000000.0,588000000.0,288000000.0,0.851,2.178,7548000000.0,529000000.0,7019000000.0,7548000000.0,0.0,152000000.0,0.0,0.011,0.1,509000000.0,661000000.0,0.356,661000000.0,509000000.0,388000000.0,0.73,0.72,0.73,7688000000.0,,7688000000.0,18352254770.0,12.0,9.058,357000000.0,0.907,1.0,1269000000.0,0.683,0.0,121000000.0,29380000000.0,,102000000.0,848000000.0,55000000.0,793000000.0,16741000000.0,2122000000.0,14619000000.0,11708254770.0,165000000.0,0.0,42000000.0,6000000.0,-39000000.0,9000000.0,-429000000.0,-201000000.0,585000000.0,0.0,288000000.0,288000000.0,288000000.0,0.0,0.0,0.155,800000000.0,469000000.0,1072000000.0,0.137,1.523,16.467,16.431,20368000000.0,0.0,29.74,1.663,1.663,806000000.0,6669000000.0,1857000000.0,1857000000.0,0.0,,,,,0.0,570000000.0,1.0,393687114.0,393687114.0,,4.717,24429000000.0,191000000.0,100000000.0,6729000000.0,62.052,-316000000.0
68,NSC,MRQ,2004-06-30,2004-06-30,2004-06-30,2021-07-28,-21000000.0,20829000000.0,,1431000000.0,19398000000.0,,18.759,-225000000.0,203000000.0,203000000.0,596000000.0,213000000.0,0.737,1.832,6847000000.0,511000000.0,6336000000.0,6847000000.0,0.0,133000000.0,0.0,0.012,0.08,425000000.0,558000000.0,0.308,558000000.0,425000000.0,304000000.0,0.55,0.54,0.55,7355000000.0,,7355000000.0,17171667652.0,13.0,9.435,143000000.0,0.365,1.0,1217000000.0,0.671,0.0,121000000.0,25531000000.0,,100000000.0,6293000000.0,0.0,6293000000.0,13474000000.0,1942000000.0,11532000000.0,10397667652.0,96000000.0,0.0,24000000.0,-15000000.0,-31000000.0,-22000000.0,-250000000.0,-25000000.0,368000000.0,0.0,213000000.0,213000000.0,213000000.0,0.0,0.0,0.117,792000000.0,425000000.0,1808000000.0,0.145,1.414,18.567,18.545,11915000000.0,0.0,26.52,1.534,1.534,782000000.0,6421000000.0,1813000000.0,1813000000.0,0.0,,,,,0.0,565000000.0,1.0,392068916.0,392068916.0,,4.624,20829000000.0,191000000.0,91000000.0,3528000000.0,53.126,-511000000.0
69,NSC,MRQ,2004-03-31,2004-03-31,2004-03-31,2021-07-28,-37000000.0,20592000000.0,,1322000000.0,19270000000.0,,18.175,-171000000.0,107000000.0,107000000.0,574000000.0,158000000.0,0.784,1.891,6881000000.0,210000000.0,6671000000.0,6881000000.0,0.0,132000000.0,0.0,0.014,0.08,356000000.0,488000000.0,0.288,488000000.0,356000000.0,235000000.0,0.4,0.4,0.4,7122000000.0,,7122000000.0,15532027248.0,13.0,9.051,87000000.0,0.222,1.0,1119000000.0,0.661,0.0,121000000.0,25680000000.0,,97000000.0,6275000000.0,0.0,6275000000.0,13470000000.0,1686000000.0,11784000000.0,8656027248.0,-177000000.0,0.0,5000000.0,-215000000.0,-32000000.0,-242000000.0,-193000000.0,-22000000.0,258000000.0,0.0,158000000.0,158000000.0,158000000.0,0.0,0.0,0.093,773000000.0,346000000.0,1758000000.0,0.2,1.215,17.884,17.959,11819000000.0,0.0,22.09,1.312,1.312,765000000.0,6239000000.0,1693000000.0,1693000000.0,0.0,,,,,0.0,545000000.0,1.0,391852750.0,391852750.0,,4.321,20592000000.0,197000000.0,77000000.0,3496000000.0,52.55,-364000000.0
70,NSC,MRQ,2003-12-31,2003-12-31,2003-12-31,2021-07-28,-44000000.0,20596000000.0,,1425000000.0,19171000000.0,,17.868,-146000000.0,284000000.0,284000000.0,546000000.0,52000000.0,0.791,1.952,7160000000.0,360000000.0,6800000000.0,7160000000.0,0.0,133000000.0,0.0,0.013,0.08,186000000.0,319000000.0,0.19,319000000.0,186000000.0,62000000.0,0.13,0.13,0.13,6976000000.0,,6976000000.0,16261413418.0,13.0,9.373,108000000.0,0.277,1.0,1130000000.0,0.674,0.0,124000000.0,25671000000.0,,92000000.0,6261000000.0,2000000.0,6259000000.0,13620000000.0,1801000000.0,11819000000.0,9233413418.0,126000000.0,0.0,8000000.0,0.0,-31000000.0,-66000000.0,-62000000.0,84000000.0,254000000.0,0.0,52000000.0,52000000.0,52000000.0,0.0,0.0,0.031,906000000.0,224000000.0,1745000000.0,0.615,1.324,17.259,17.263,11779000000.0,0.0,23.65,1.428,1.428,695000000.0,6112000000.0,1676000000.0,1676000000.0,0.0,,,,,0.0,683000000.0,1.0,390419172.0,390419172.0,,4.293,20596000000.0,189000000.0,10000000.0,3422000000.0,52.754,-376000000.0
71,NSC,MRQ,2003-09-30,2003-09-30,2003-09-30,2021-07-28,-69000000.0,20559000000.0,,1284000000.0,19275000000.0,,17.721,-125000000.0,158000000.0,158000000.0,537000000.0,137000000.0,0.693,1.973,7186000000.0,363000000.0,6823000000.0,7186000000.0,0.0,132000000.0,0.0,0.016,0.08,323000000.0,455000000.0,0.285,455000000.0,323000000.0,200000000.0,0.35,0.35,0.35,6915000000.0,,6915000000.0,14569825578.0,11.0,7.816,309000000.0,0.792,1.0,1061000000.0,0.664,0.0,123000000.0,25733000000.0,,92000000.0,6232000000.0,3000000.0,6229000000.0,13644000000.0,1854000000.0,11790000000.0,7218825578.0,48000000.0,0.0,1000000.0,-210000000.0,-31000000.0,-240000000.0,-146000000.0,-21000000.0,434000000.0,0.0,137000000.0,137000000.0,137000000.0,0.0,0.0,0.086,750000000.0,311000000.0,1691000000.0,0.229,1.044,11.795,11.783,11821000000.0,0.0,18.5,1.133,1.133,785000000.0,6091000000.0,1598000000.0,1598000000.0,0.0,,,,,0.0,531000000.0,1.0,390206788.0,390206788.0,,4.095,20559000000.0,198000000.0,63000000.0,3421000000.0,52.687,-570000000.0
72,NSC,MRQ,2003-06-30,2003-06-30,2003-06-30,2021-07-28,-64000000.0,20538000000.0,,1306000000.0,19232000000.0,,17.468,-177000000.0,110000000.0,110000000.0,572000000.0,137000000.0,0.631,2.016,7461000000.0,613000000.0,6848000000.0,7461000000.0,0.0,132000000.0,0.0,0.015,0.07,322000000.0,454000000.0,0.278,454000000.0,322000000.0,199000000.0,0.35,0.35,0.35,6809000000.0,,6809000000.0,14845114861.0,11.0,7.994,56000000.0,0.144,1.0,1061000000.0,0.65,0.0,123000000.0,25820000000.0,,102000000.0,6215000000.0,0.0,6215000000.0,13729000000.0,2069000000.0,11660000000.0,7484114861.0,-18000000.0,0.0,3000000.0,-4000000.0,-28000000.0,-29000000.0,-222000000.0,-45000000.0,233000000.0,0.0,137000000.0,137000000.0,137000000.0,0.0,0.0,0.084,763000000.0,298000000.0,1619000000.0,0.2,1.099,12.453,12.468,11823000000.0,0.0,19.2,1.174,1.174,806000000.0,5985000000.0,1633000000.0,1633000000.0,0.0,,,,,0.0,535000000.0,1.0,389797649.0,389797649.0,,4.189,20538000000.0,202000000.0,62000000.0,3370000000.0,52.689,-763000000.0
73,NSC,MRQ,2003-03-31,2003-03-31,2003-03-31,2021-07-28,-68000000.0,20434000000.0,,1331000000.0,19103000000.0,,17.188,-194000000.0,128000000.0,128000000.0,571000000.0,209000000.0,0.613,2.056,7489000000.0,616000000.0,6873000000.0,7489000000.0,0.0,131000000.0,0.0,0.015,0.07,376000000.0,507000000.0,0.325,507000000.0,376000000.0,249000000.0,0.54,0.54,0.54,6687000000.0,,6687000000.0,14400901149.0,11.0,7.751,-61000000.0,-0.157,1.0,990000000.0,0.634,0.0,127000000.0,25624000000.0,,101000000.0,6199000000.0,0.0,6199000000.0,13747000000.0,2171000000.0,11576000000.0,7220901149.0,-56000000.0,0.0,1000000.0,47000000.0,-27000000.0,21000000.0,-210000000.0,-16000000.0,133000000.0,0.0,209000000.0,209000000.0,209000000.0,-10000000.0,0.0,0.134,759000000.0,231000000.0,1576000000.0,0.13,1.08,12.386,12.373,11772000000.0,0.0,18.56,1.14,1.14,792000000.0,5876000000.0,1561000000.0,1561000000.0,0.0,,,,,0.0,526000000.0,1.0,389057174.0,389057174.0,,4.012,20434000000.0,193000000.0,40000000.0,3350000000.0,52.522,-840000000.0
74,NSC,MRQ,2002-12-31,2002-12-31,2002-12-31,2021-07-28,-65000000.0,19956000000.0,,1299000000.0,18657000000.0,,16.725,-156000000.0,184000000.0,184000000.0,560000000.0,129000000.0,0.701,2.07,7364000000.0,358000000.0,7006000000.0,7364000000.0,0.0,134000000.0,0.0,0.013,0.07,314000000.0,448000000.0,0.283,448000000.0,314000000.0,186000000.0,0.33,0.33,0.33,6500000000.0,,6500000000.0,15020043855.0,12.0,8.568,25000000.0,0.064,1.0,1021000000.0,0.646,0.0,128000000.0,25283000000.0,,97000000.0,6178000000.0,0.0,6178000000.0,13456000000.0,1853000000.0,11603000000.0,7769043855.0,52000000.0,0.0,3000000.0,23000000.0,-27000000.0,-1000000.0,-128000000.0,28000000.0,181000000.0,0.0,129000000.0,129000000.0,129000000.0,0.0,0.0,0.082,733000000.0,288000000.0,1507000000.0,0.212,1.195,16.889,16.941,11370000000.0,0.0,19.99,1.239,1.239,683000000.0,5694000000.0,1581000000.0,1581000000.0,0.0,,,,,0.0,513000000.0,1.0,388646516.0,388646516.0,,4.068,19956000000.0,187000000.0,57000000.0,3279000000.0,51.347,-554000000.0
75,NSC,MRQ,2002-09-30,2002-09-30,2002-09-30,2021-07-28,-33000000.0,19794000000.0,,1144000000.0,18650000000.0,,16.54,-154000000.0,132000000.0,132000000.0,567000000.0,126000000.0,0.623,2.081,7383000000.0,356000000.0,7027000000.0,7383000000.0,0.0,133000000.0,0.0,0.012,0.07,315000000.0,448000000.0,0.28,448000000.0,315000000.0,189000000.0,0.32,0.32,0.32,6425000000.0,,6425000000.0,15192718400.0,12.0,8.711,83000000.0,0.214,1.0,1031000000.0,0.645,0.0,126000000.0,25210000000.0,,91000000.0,6190000000.0,0.0,6190000000.0,13369000000.0,1835000000.0,11534000000.0,7842718400.0,38000000.0,0.0,3000000.0,-8000000.0,-28000000.0,-33000000.0,-166000000.0,-12000000.0,237000000.0,0.0,126000000.0,126000000.0,126000000.0,0.0,0.0,0.079,720000000.0,311000000.0,1433000000.0,0.219,1.221,17.585,17.557,11332000000.0,0.0,20.19,1.261,1.261,689000000.0,5593000000.0,1598000000.0,1598000000.0,0.0,,,,,0.0,489000000.0,1.0,388445686.0,388445686.0,,4.114,19794000000.0,167000000.0,63000000.0,3192000000.0,50.957,-691000000.0
76,NSC,MRQ,2002-06-30,2002-06-30,2002-06-30,2021-07-28,-41000000.0,19524000000.0,,958000000.0,18566000000.0,,16.264,-152000000.0,94000000.0,94000000.0,551000000.0,119000000.0,0.631,2.093,7444000000.0,106000000.0,7338000000.0,7444000000.0,0.0,131000000.0,0.0,0.01,0.06,324000000.0,455000000.0,0.286,455000000.0,324000000.0,194000000.0,0.31,0.31,0.31,6312000000.0,,6312000000.0,16565502490.0,14.0,9.802,170000000.0,0.438,1.0,1042000000.0,0.654,0.0,130000000.0,25356000000.0,,100000000.0,6178000000.0,0.0,6178000000.0,13212000000.0,1518000000.0,11694000000.0,9073502490.0,-70000000.0,0.0,1000000.0,-197000000.0,-23000000.0,-219000000.0,-173000000.0,-21000000.0,322000000.0,0.0,119000000.0,119000000.0,119000000.0,0.0,0.0,0.075,720000000.0,322000000.0,1320000000.0,0.194,1.438,22.741,22.699,11305000000.0,0.0,23.38,1.48,1.48,528000000.0,5494000000.0,1593000000.0,1593000000.0,0.0,,,,,0.0,497000000.0,1.0,388088216.0,388088216.0,,4.105,19524000000.0,166000000.0,75000000.0,3143000000.0,50.308,-560000000.0
77,NSC,MRQ,2002-03-31,2002-03-31,2002-03-31,2021-07-28,-40000000.0,19641000000.0,,1142000000.0,18499000000.0,,16.068,-196000000.0,164000000.0,164000000.0,533000000.0,86000000.0,0.606,2.162,7656000000.0,410000000.0,7246000000.0,7656000000.0,0.0,131000000.0,0.0,0.01,0.06,271000000.0,402000000.0,0.268,402000000.0,271000000.0,137000000.0,0.22,0.22,0.22,6211000000.0,,6211000000.0,17054689627.0,15.0,10.194,-133000000.0,-0.344,1.0,965000000.0,0.644,0.0,134000000.0,25250000000.0,,94000000.0,6167000000.0,0.0,6167000000.0,13430000000.0,1883000000.0,11547000000.0,9253689627.0,-40000000.0,0.0,35000000.0,91000000.0,-23000000.0,103000000.0,-206000000.0,-10000000.0,63000000.0,0.0,86000000.0,86000000.0,86000000.0,0.0,0.0,0.057,728000000.0,237000000.0,1278000000.0,0.273,1.49,23.911,23.94,11280000000.0,0.0,23.94,1.51,1.51,620000000.0,5397000000.0,1498000000.0,1498000000.0,0.0,,,,,0.0,523000000.0,1.0,386536743.0,386536743.0,,3.875,19641000000.0,169000000.0,51000000.0,3099000000.0,50.813,-741000000.0
78,NSC,MRQ,2001-12-31,2001-12-31,2001-12-31,2021-07-28,-55000000.0,19418000000.0,,1047000000.0,18371000000.0,,15.797,-34000000.0,204000000.0,204000000.0,525000000.0,115000000.0,0.439,2.189,7632000000.0,605000000.0,7027000000.0,7632000000.0,0.0,132000000.0,0.0,0.013,0.06,307000000.0,439000000.0,0.287,439000000.0,307000000.0,171000000.0,0.3,0.3,0.3,6090000000.0,,6090000000.0,14951733189.0,13.0,9.084,43000000.0,0.112,1.0,1005000000.0,0.657,0.0,136000000.0,24460000000.0,,90000000.0,6161000000.0,0.0,6161000000.0,13328000000.0,2386000000.0,10942000000.0,7066733189.0,70000000.0,0.0,0.0,16000000.0,-24000000.0,-8000000.0,1000000.0,35000000.0,77000000.0,0.0,115000000.0,115000000.0,115000000.0,0.0,0.0,0.075,730000000.0,275000000.0,1221000000.0,0.2,1.16,18.845,18.897,11208000000.0,0.0,18.33,1.145,1.145,483000000.0,5335000000.0,1530000000.0,1530000000.0,0.0,,,,,0.0,515000000.0,1.0,385528270.0,385528270.0,,3.969,19418000000.0,162000000.0,56000000.0,3093000000.0,50.367,-1339000000.0
79,NSC,MRQ,2001-09-30,2001-09-30,2001-09-30,2021-07-28,-14000000.0,19385000000.0,,893000000.0,18492000000.0,,15.657,-156000000.0,134000000.0,134000000.0,569000000.0,79000000.0,0.375,2.213,8019000000.0,955000000.0,7064000000.0,8019000000.0,0.0,133000000.0,0.0,0.024,0.06,261000000.0,394000000.0,0.261,394000000.0,261000000.0,124000000.0,0.2,0.2,0.2,6033000000.0,,6033000000.0,14150449978.0,15.0,9.646,111000000.0,0.288,1.0,939000000.0,0.623,0.0,137000000.0,24887000000.0,,89000000.0,6188000000.0,0.0,6188000000.0,13352000000.0,2383000000.0,10969000000.0,6211449978.0,87000000.0,0.0,1000000.0,17000000.0,-23000000.0,-5000000.0,-175000000.0,-19000000.0,267000000.0,0.0,79000000.0,79000000.0,79000000.0,0.0,0.0,0.052,694000000.0,245000000.0,869000000.0,0.3,1.03,23.439,23.706,11276000000.0,0.0,16.12,1.008,1.008,462000000.0,5244000000.0,1508000000.0,1508000000.0,0.0,,,,,0.0,478000000.0,1.0,385325681.0,385325681.0,,3.914,19385000000.0,170000000.0,45000000.0,3040000000.0,50.308,-1490000000.0
80,NSC,MRQ,2001-06-30,2001-06-30,2001-06-30,2021-07-28,-10000000.0,19239000000.0,,811000000.0,18428000000.0,,15.538,-116000000.0,47000000.0,47000000.0,589000000.0,107000000.0,0.354,2.219,7986000000.0,914000000.0,7072000000.0,7986000000.0,0.0,132000000.0,0.0,0.025,0.06,306000000.0,438000000.0,0.275,438000000.0,306000000.0,167000000.0,0.28,0.28,0.28,5977000000.0,,5977000000.0,15988027602.0,16.0,10.701,76000000.0,0.198,1.0,1003000000.0,0.63,0.0,139000000.0,24887000000.0,,96000000.0,6180000000.0,0.0,6180000000.0,13262000000.0,2291000000.0,10971000000.0,7982027602.0,-7000000.0,0.0,9000000.0,-75000000.0,-23000000.0,-89000000.0,-110000000.0,6000000.0,192000000.0,0.0,107000000.0,107000000.0,107000000.0,0.0,0.0,0.067,721000000.0,282000000.0,861000000.0,0.214,1.335,28.007,28.041,11249000000.0,0.0,20.75,1.289,1.289,438000000.0,5188000000.0,1592000000.0,1592000000.0,0.0,,,,,0.0,502000000.0,1.0,384676029.0,384676029.0,,4.139,19239000000.0,175000000.0,60000000.0,3011000000.0,50.014,-1480000000.0
81,NSC,MRQ,2001-03-31,2001-03-31,2001-03-31,2021-07-28,-7000000.0,19240000000.0,,854000000.0,18386000000.0,,15.301,-284000000.0,54000000.0,54000000.0,594000000.0,74000000.0,0.434,2.271,8060000000.0,525000000.0,7535000000.0,8060000000.0,0.0,130000000.0,0.0,0.039,0.06,245000000.0,375000000.0,0.244,375000000.0,245000000.0,104000000.0,0.19,0.19,0.19,5882000000.0,,5882000000.0,14226319547.0,14.0,9.434,-166000000.0,-0.432,1.0,946000000.0,0.614,0.0,141000000.0,25280000000.0,,93000000.0,6167000000.0,1000000.0,6166000000.0,13358000000.0,1966000000.0,11392000000.0,6435319547.0,54000000.0,0.0,4000000.0,272000000.0,-23000000.0,253000000.0,-317000000.0,-33000000.0,118000000.0,0.0,74000000.0,74000000.0,74000000.0,-13000000.0,0.0,0.048,741000000.0,205000000.0,866000000.0,0.316,1.094,21.889,22.026,11268000000.0,0.0,16.74,1.039,1.039,460000000.0,5104000000.0,1540000000.0,1540000000.0,0.0,,,,,0.0,519000000.0,1.0,384427691.0,384427691.0,,4.006,19240000000.0,171000000.0,30000000.0,2949000000.0,50.048,-1112000000.0
82,NSC,MRQ,2000-12-31,2000-12-31,2000-12-31,2021-07-28,-6000000.0,18976000000.0,,849000000.0,18127000000.0,,15.182,-202000000.0,0.0,0.0,620000000.0,5000000.0,0.45,2.258,7791000000.0,452000000.0,7339000000.0,7791000000.0,0.0,130000000.0,0.0,0.06,0.2,130000000.0,260000000.0,0.171,260000000.0,130000000.0,-6000000.0,0.01,0.01,0.01,5824000000.0,,5824000000.0,12751032166.0,16.0,9.675,-83000000.0,-0.216,1.0,904000000.0,0.593,0.0,136000000.0,24880000000.0,,91000000.0,6156000000.0,2000000.0,6154000000.0,13152000000.0,1887000000.0,11265000000.0,5106032166.0,-151000000.0,0.0,1000000.0,-27000000.0,-76000000.0,-102000000.0,-168000000.0,34000000.0,119000000.0,0.0,5000000.0,5000000.0,5000000.0,0.0,0.0,0.003,788000000.0,116000000.0,925000000.0,20.0,0.877,29.686,29.578,11105000000.0,0.0,13.31,0.829,0.829,442000000.0,5053000000.0,1524000000.0,1524000000.0,0.0,,,,,0.0,556000000.0,1.0,383623754.0,383623754.0,,3.973,18976000000.0,182000000.0,-11000000.0,2996000000.0,49.465,-1038000000.0
83,NSC,MRQ,2000-09-30,2000-09-30,2000-09-30,2021-07-28,-6000000.0,19089000000.0,,1003000000.0,18086000000.0,,15.358,-123000000.0,151000000.0,151000000.0,597000000.0,99000000.0,0.504,2.242,7796000000.0,444000000.0,7352000000.0,7796000000.0,0.0,129000000.0,0.0,0.055,0.2,292000000.0,421000000.0,0.274,421000000.0,292000000.0,156000000.0,0.26,0.26,0.26,5888000000.0,,5888000000.0,13315974446.0,16.0,9.762,214000000.0,0.558,1.0,938000000.0,0.611,0.0,136000000.0,24745000000.0,,116000000.0,6147000000.0,1000000.0,6146000000.0,13201000000.0,1989000000.0,11212000000.0,5558974446.0,106000000.0,0.0,0.0,-15000000.0,-77000000.0,-92000000.0,-139000000.0,-16000000.0,337000000.0,0.0,99000000.0,99000000.0,99000000.0,0.0,0.0,0.064,727000000.0,211000000.0,962000000.0,0.769,0.944,28.076,27.885,11013000000.0,0.0,14.5,0.903,0.903,496000000.0,5124000000.0,1535000000.0,1535000000.0,0.0,,,,,0.0,507000000.0,1.0,383377548.0,383377548.0,,4.004,19089000000.0,169000000.0,57000000.0,2967000000.0,49.792,-986000000.0
84,NSC,MRQ,2000-06-30,2000-06-30,2000-06-30,2021-07-28,-9000000.0,18879000000.0,,908000000.0,17971000000.0,,15.296,-129000000.0,45000000.0,45000000.0,577000000.0,116000000.0,0.581,2.222,7802000000.0,206000000.0,7596000000.0,7802000000.0,0.0,129000000.0,0.0,0.054,0.2,323000000.0,452000000.0,0.284,452000000.0,323000000.0,184000000.0,0.3,0.3,0.3,5860000000.0,,5860000000.0,13852642978.0,19.0,11.199,465000000.0,1.214,1.0,1015000000.0,0.638,0.0,139000000.0,25074000000.0,,136000000.0,6148000000.0,5000000.0,6143000000.0,13019000000.0,1562000000.0,11457000000.0,5700642978.0,-15000000.0,0.0,1000000.0,-386000000.0,-76000000.0,-461000000.0,-148000000.0,-19000000.0,594000000.0,0.0,116000000.0,116000000.0,116000000.0,0.0,0.0,0.073,737000000.0,278000000.0,887000000.0,0.667,0.973,48.311,48.0,11011000000.0,0.0,14.88,0.932,0.932,444000000.0,5102000000.0,1592000000.0,1592000000.0,0.0,,,,,0.0,516000000.0,1.0,383107727.0,383107727.0,,4.155,18879000000.0,160000000.0,68000000.0,2904000000.0,49.279,-654000000.0
85,NSC,MRQ,2000-03-31,2000-03-31,2000-03-31,2021-07-28,-9000000.0,19211000000.0,,1348000000.0,17863000000.0,,15.194,-140000000.0,60000000.0,60000000.0,607000000.0,-48000000.0,0.644,2.303,8212000000.0,719000000.0,7493000000.0,8212000000.0,0.0,129000000.0,0.0,0.056,0.2,56000000.0,185000000.0,0.123,185000000.0,56000000.0,-84000000.0,-0.12,-0.12,-0.12,5816000000.0,,5816000000.0,13660619802.0,21.0,11.858,152000000.0,0.397,1.0,901000000.0,0.597,0.0,140000000.0,25271000000.0,,120000000.0,6155000000.0,12000000.0,6143000000.0,13395000000.0,2092000000.0,11303000000.0,5454619802.0,23000000.0,0.0,0.0,-66000000.0,-77000000.0,-143000000.0,-126000000.0,14000000.0,292000000.0,0.0,-48000000.0,-48000000.0,-48000000.0,0.0,0.0,-0.032,873000000.0,28000000.0,876000000.0,-1.667,0.938,69.046,67.857,10978000000.0,0.0,14.25,0.954,0.954,865000000.0,5063000000.0,1508000000.0,1508000000.0,0.0,,,,,0.0,655000000.0,1.0,382780337.0,382780337.0,,3.94,19211000000.0,151000000.0,-36000000.0,2831000000.0,50.188,-744000000.0
86,NSC,MRQ,1999-12-31,1999-12-31,1999-12-31,2021-07-28,-11000000.0,19250000000.0,,1371000000.0,17879000000.0,,15.585,-169000000.0,37000000.0,37000000.0,652000000.0,31000000.0,0.713,2.245,8243000000.0,687000000.0,7556000000.0,8243000000.0,0.0,126000000.0,0.0,0.039,0.2,180000000.0,306000000.0,0.202,306000000.0,180000000.0,42000000.0,0.08,0.08,0.08,5932000000.0,,5932000000.0,15745869470.0,18.0,11.485,-202000000.0,-0.531,1.0,866000000.0,0.57,0.0,138000000.0,25532000000.0,,100000000.0,6146000000.0,14000000.0,6132000000.0,13318000000.0,1924000000.0,11394000000.0,7802869470.0,-4000000.0,0.0,-4000000.0,136000000.0,-76000000.0,56000000.0,-27000000.0,142000000.0,-33000000.0,0.0,31000000.0,31000000.0,31000000.0,0.0,0.0,0.02,729000000.0,137000000.0,818000000.0,2.5,1.315,32.648,32.54,10956000000.0,0.0,20.5,1.489,1.489,934000000.0,5187000000.0,1518000000.0,1518000000.0,0.0,,,,,0.0,500000000.0,1.0,380627779.0,380627779.0,,3.988,19250000000.0,134000000.0,11000000.0,2850000000.0,50.574,-553000000.0
87,NSC,MRQ,1999-09-30,1999-09-30,1999-09-30,2021-07-28,-12000000.0,19117000000.0,,1316000000.0,17801000000.0,,15.573,-143000000.0,41000000.0,41000000.0,569000000.0,19000000.0,0.641,2.226,7984000000.0,655000000.0,7329000000.0,7984000000.0,0.0,124000000.0,0.0,0.033,0.2,170000000.0,294000000.0,0.196,294000000.0,170000000.0,36000000.0,0.05,0.05,0.05,5925000000.0,,5925000000.0,17180699485.0,17.0,11.37,-3000000.0,-0.008,1.0,931000000.0,0.621,0.0,134000000.0,25006000000.0,,77000000.0,6156000000.0,15000000.0,6141000000.0,13192000000.0,2054000000.0,11138000000.0,9321699485.0,-64000000.0,0.0,3000000.0,17000000.0,-76000000.0,-56000000.0,-148000000.0,-5000000.0,140000000.0,0.0,19000000.0,19000000.0,19000000.0,0.0,0.0,0.013,785000000.0,146000000.0,896000000.0,4.0,1.573,25.331,25.258,10903000000.0,0.0,24.5,1.948,1.948,906000000.0,5231000000.0,1500000000.0,1500000000.0,0.0,,,,,0.0,574000000.0,1.0,380477530.0,380477530.0,,3.942,19117000000.0,143000000.0,17000000.0,2831000000.0,50.245,-738000000.0
88,NSC,MRQ,1999-06-30,1999-06-30,1999-06-30,2021-07-28,-10000000.0,18874000000.0,,1187000000.0,17687000000.0,,15.742,-243000000.0,105000000.0,105000000.0,386000000.0,77000000.0,0.653,2.156,7964000000.0,571000000.0,7393000000.0,7964000000.0,0.0,121000000.0,0.0,0.027,0.2,246000000.0,367000000.0,0.307,367000000.0,246000000.0,115000000.0,0.2,0.2,0.2,5981000000.0,,5981000000.0,19168822453.0,16.0,11.485,-45000000.0,-0.118,1.0,808000000.0,0.677,0.0,131000000.0,24914000000.0,,54000000.0,6278000000.0,17000000.0,6261000000.0,12893000000.0,1819000000.0,11074000000.0,11447822453.0,19000000.0,0.0,11000000.0,46000000.0,-76000000.0,-19000000.0,-160000000.0,83000000.0,198000000.0,0.0,77000000.0,77000000.0,77000000.0,0.0,0.0,0.064,610000000.0,198000000.0,810000000.0,1.0,1.914,22.58,22.485,10869000000.0,0.0,30.13,2.642,2.642,716000000.0,5289000000.0,1194000000.0,1194000000.0,0.0,,,,,0.0,413000000.0,1.0,379947642.0,379947642.0,,3.143,18874000000.0,137000000.0,38000000.0,2753000000.0,49.675,-632000000.0
89,NSC,MRQ,1999-03-31,1999-03-31,1999-03-31,2021-07-28,-9000000.0,18480000000.0,,999000000.0,17481000000.0,,15.713,-253000000.0,86000000.0,86000000.0,233000000.0,112000000.0,0.838,2.097,7807000000.0,147000000.0,7660000000.0,7807000000.0,0.0,118000000.0,0.0,0.03,0.2,286000000.0,404000000.0,0.392,404000000.0,286000000.0,158000000.0,0.3,0.3,0.3,5967000000.0,,5967000000.0,17636515216.0,13.0,9.82,-25000000.0,-0.066,1.0,797000000.0,0.774,0.0,128000000.0,25009000000.0,,55000000.0,6254000000.0,17000000.0,6237000000.0,12513000000.0,1192000000.0,11321000000.0,10017515216.0,81000000.0,0.0,4000000.0,181000000.0,-76000000.0,109000000.0,-256000000.0,-3000000.0,228000000.0,0.0,112000000.0,112000000.0,112000000.0,0.0,0.0,0.109,560000000.0,237000000.0,577000000.0,0.667,1.679,16.236,16.184,10618000000.0,0.0,26.38,2.375,2.375,569000000.0,5288000000.0,1030000000.0,1030000000.0,0.0,,,,,0.0,368000000.0,1.0,379739015.0,379739015.0,,2.712,18480000000.0,140000000.0,46000000.0,2731000000.0,48.665,-193000000.0
90,NSC,MRQ,1998-12-31,1998-12-31,1998-12-31,2021-07-28,-8000000.0,18180000000.0,,913000000.0,17267000000.0,,15.614,-247000000.0,5000000.0,5000000.0,277000000.0,160000000.0,0.817,2.07,7624000000.0,141000000.0,7483000000.0,7624000000.0,0.0,113000000.0,0.0,0.025,0.2,333000000.0,446000000.0,0.42,446000000.0,333000000.0,201000000.0,0.42,0.14,0.42,5921000000.0,,5921000000.0,19485183819.0,13.0,10.175,-116000000.0,-0.306,1.0,784000000.0,0.739,0.0,132000000.0,24682000000.0,,59000000.0,6268000000.0,58000000.0,6210000000.0,12259000000.0,1117000000.0,11142000000.0,12017183819.0,-102000000.0,38000000.0,5000000.0,48000000.0,-76000000.0,-23000000.0,-210000000.0,-1000000.0,131000000.0,0.0,160000000.0,160000000.0,160000000.0,0.0,0.0,0.151,534000000.0,250000000.0,600000000.0,0.476,2.03,16.372,16.335,10477000000.0,0.0,31.69,2.825,2.825,519000000.0,5252000000.0,1061000000.0,1061000000.0,0.0,,,,,0.0,361000000.0,1.0,379210597.0,379210597.0,,2.798,18180000000.0,141000000.0,41000000.0,2696000000.0,47.942,-204000000.0
91,NSC,MRQ,1998-09-30,1998-09-30,1998-09-30,2021-07-28,0.0,18016000000.0,,1003000000.0,17013000000.0,,15.416,-185000000.0,107000000.0,107000000.0,247000000.0,158000000.0,0.883,2.084,7575000000.0,67000000.0,7508000000.0,7575000000.0,0.0,115000000.0,0.0,0.028,0.2,337000000.0,452000000.0,0.431,452000000.0,337000000.0,208000000.0,0.42,0.42,0.42,5842000000.0,,5842000000.0,18529307139.0,12.0,9.251,122000000.0,0.322,1.0,801000000.0,0.764,0.0,129000000.0,24348000000.0,,57000000.0,6613000000.0,84000000.0,6529000000.0,12174000000.0,1136000000.0,11038000000.0,11012307139.0,21000000.0,2000000.0,1000000.0,-29000000.0,-76000000.0,-104000000.0,-182000000.0,1000000.0,307000000.0,0.0,158000000.0,158000000.0,158000000.0,-7000000.0,0.0,0.151,543000000.0,258000000.0,613000000.0,0.476,1.885,13.8,13.773,10328000000.0,0.0,29.06,2.588,2.588,544000000.0,5173000000.0,1048000000.0,1048000000.0,0.0,,,,,0.0,370000000.0,1.0,378950693.0,378950693.0,,2.766,18016000000.0,124000000.0,50000000.0,2639000000.0,47.542,-133000000.0
92,NSC,MRQ,1998-06-30,1998-06-30,1998-06-30,2021-07-28,0.0,17746000000.0,,977000000.0,16769000000.0,,15.208,-236000000.0,86000000.0,86000000.0,251000000.0,187000000.0,0.963,2.081,7603000000.0,64000000.0,7539000000.0,7603000000.0,0.0,112000000.0,0.0,0.027,0.2,382000000.0,494000000.0,0.458,494000000.0,382000000.0,255000000.0,0.49,0.48,0.49,5760000000.0,,5760000000.0,18631272340.0,12.0,9.155,-54000000.0,-0.143,1.0,828000000.0,0.767,0.0,127000000.0,24248000000.0,,61000000.0,6458000000.0,99000000.0,6359000000.0,11986000000.0,1015000000.0,10971000000.0,11290272340.0,-90000000.0,-16000000.0,8000000.0,38000000.0,-75000000.0,-29000000.0,-243000000.0,9000000.0,182000000.0,0.0,187000000.0,187000000.0,187000000.0,0.0,0.0,0.173,535000000.0,293000000.0,602000000.0,0.408,1.96,13.785,13.801,10242000000.0,0.0,29.81,2.653,2.653,535000000.0,5092000000.0,1079000000.0,1079000000.0,0.0,,,,,0.0,365000000.0,1.0,378741105.0,378741105.0,,2.849,17746000000.0,98000000.0,68000000.0,2643000000.0,46.855,-38000000.0
93,NSC,MRQ,1998-03-31,1998-03-31,1998-03-31,2021-07-28,0.0,17647000000.0,,1140000000.0,16507000000.0,,14.901,-205000000.0,176000000.0,176000000.0,238000000.0,229000000.0,0.984,2.133,7517000000.0,91000000.0,7426000000.0,7517000000.0,0.0,110000000.0,0.0,0.021,0.2,413000000.0,523000000.0,0.491,523000000.0,413000000.0,285000000.0,0.61,0.61,0.61,5633000000.0,,5633000000.0,21583105819.0,14.0,10.695,65000000.0,0.172,1.0,828000000.0,0.777,0.0,128000000.0,23829000000.0,,64000000.0,6399000000.0,110000000.0,6289000000.0,12014000000.0,1159000000.0,10855000000.0,14131105819.0,142000000.0,183000000.0,20000000.0,-40000000.0,-76000000.0,-96000000.0,-32000000.0,-10000000.0,270000000.0,0.0,229000000.0,229000000.0,229000000.0,-97000000.0,0.0,0.215,577000000.0,251000000.0,624000000.0,0.328,2.509,17.191,17.147,10075000000.0,0.0,37.38,3.33,3.33,558000000.0,4980000000.0,1066000000.0,1066000000.0,0.0,,,,,0.0,396000000.0,1.0,378039214.0,378039214.0,,2.82,17647000000.0,115000000.0,56000000.0,2668000000.0,46.68,-19000000.0
94,NSC,MRQ,1997-12-31,1997-12-31,1997-12-31,2021-07-28,5000000.0,17350000000.0,,1103000000.0,16247000000.0,,14.403,-179000000.0,34000000.0,34000000.0,225000000.0,224000000.0,1.009,2.186,7486000000.0,88000000.0,7398000000.0,7486000000.0,0.0,110000000.0,0.0,0.026,0.2,424000000.0,534000000.0,0.503,534000000.0,424000000.0,295000000.0,0.59,0.53,0.59,5445000000.0,,5445000000.0,,,,54000000.0,0.143,1.0,837000000.0,0.788,0.0,129000000.0,23709000000.0,,58000000.0,6013000000.0,125000000.0,5888000000.0,11905000000.0,1093000000.0,10812000000.0,11530196027.0,5000000.0,-13000000.0,2000000.0,55000000.0,-75000000.0,-90000000.0,-138000000.0,54000000.0,233000000.0,0.0,224000000.0,224000000.0,224000000.0,-5000000.0,0.0,0.211,523000000.0,314000000.0,624000000.0,0.339,2.118,15.992,15.969,9904000000.0,0.0,30.5,2.73,2.73,552000000.0,4821000000.0,1062000000.0,1062000000.0,0.0,,,,,0.0,340000000.0,1.0,378039214.0,378039214.0,,2.809,17350000000.0,114000000.0,71000000.0,2649000000.0,45.895,10000000.0
95,NSC,MRQ,1997-09-30,1997-09-30,1997-09-30,2021-07-28,,,,,,,,-201000000.0,,,224000000.0,179000000.0,,,,,,,,110000000.0,,0.023,0.2,374000000.0,484000000.0,0.462,484000000.0,374000000.0,242000000.0,0.47,0.47,0.47,,,,,,,118000000.0,,1.0,824000000.0,0.786,,132000000.0,,,,,,,,,,,-65000000.0,-74000000.0,6000000.0,-35000000.0,-76000000.0,-105000000.0,-279000000.0,-4000000.0,319000000.0,0.0,179000000.0,179000000.0,179000000.0,-10000000.0,0.0,0.171,527000000.0,297000000.0,,0.426,,,,,0.0,34.433,,,,,1048000000.0,1048000000.0,0.0,,,,,0.0,351000000.0,1.0,,,,,,,63000000.0,,,
96,NSC,MRQ,1997-06-30,1997-06-30,1997-06-30,2021-07-28,,,,,,,,-210000000.0,,,231000000.0,190000000.0,,,,,,,,106000000.0,,0.023,0.2,371000000.0,477000000.0,0.447,477000000.0,371000000.0,285000000.0,0.51,0.5,0.51,,,,,,,121000000.0,,1.0,836000000.0,0.784,,86000000.0,,,,,,,,,,,-42000000.0,-4695000000.0,6000000.0,4603000000.0,-75000000.0,4534000000.0,-4907000000.0,-2000000.0,331000000.0,0.0,190000000.0,190000000.0,190000000.0,-4000000.0,0.0,0.178,515000000.0,321000000.0,,0.392,,,,,0.0,33.6,,,,,1067000000.0,1067000000.0,0.0,,,,,0.0,352000000.0,1.0,,,,,,,95000000.0,,,
97,NSC,MRQ,1997-03-31,1997-03-31,1997-03-31,2021-07-28,,,,,,,,-211000000.0,,,232000000.0,128000000.0,,,,,,,,106000000.0,,0.027,0.2,236000000.0,342000000.0,0.327,342000000.0,236000000.0,198000000.0,0.34,0.34,0.34,,,,,,,56000000.0,,1.0,814000000.0,0.778,,38000000.0,,,,,,,,,,,-71000000.0,-959000000.0,10000000.0,913000000.0,-75000000.0,848000000.0,-1186000000.0,-16000000.0,267000000.0,0.0,128000000.0,128000000.0,128000000.0,-3000000.0,0.0,0.122,533000000.0,281000000.0,,0.588,,,,,0.0,28.417,,,,,1046000000.0,1046000000.0,0.0,,,,,0.0,362000000.0,1.0,,,,,,,70000000.0,,,
98,NSC,MRQ,1996-12-31,1996-12-31,1996-12-31,2021-07-28,0.0,11234000000.0,,1356000000.0,9878000000.0,,,,207000000.0,207000000.0,,,1.279,1.257,1899000000.0,99000000.0,1800000000.0,1899000000.0,0.0,,0.0,0.025,0.187,,,,,,,,,,4977000000.0,,4977000000.0,,,,,,1.0,,,0.0,,11866000000.0,,61000000.0,469000000.0,194000000.0,275000000.0,6257000000.0,1060000000.0,5197000000.0,,,,,,,,,,,,,,,,,,,,594000000.0,,,,14.45,9472000000.0,,29.333,,,558000000.0,4404000000.0,,,,,,,,,,1.0,,,,,11234000000.0,132000000.0,,2586000000.0,,296000000.0
0,NSC,MRT,2021-06-30,2021-06-30,2021-06-30,2021-07-28,-578000000.0,38754000000.0,38208000000.0,3012000000.0,35742000000.0,0.275,57.213,-1245000000.0,1670000000.0,1670000000.0,2945000000.0,2732000000.0,1.077,1.707,13717000000.0,1048000000.0,12669000000.0,13717000000.0,0.0,1166000000.0,0.0,0.015,3.86,4130000000.0,5296000000.0,0.504,5296000000.0,4130000000.0,3498000000.0,10.83,10.79,10.83,14317000000.0,14673000000.0,14317000000.0,78035466199.0,19.0,14.735,2731000000.0,10.913,1.0,7572000000.0,0.72,0.0,632000000.0,48005000000.0,47554500000.0,246000000.0,3658000000.0,0.0,3658000000.0,24437000000.0,2796000000.0,21641000000.0,66416466199.0,527000000.0,0.0,-2246000000.0,935000000.0,-974000000.0,-2285000000.0,-1164000000.0,81000000.0,3976000000.0,0.0,2732000000.0,2732000000.0,2732000000.0,0.0,0.0,0.26,3566000000.0,4006000000.0,1116000000.0,0.356,4.639,24.311,24.507,31355000000.0,0.0,265.41,6.315,6.315,941000000.0,12407000000.0,10517000000.0,10517000000.0,0.0,0.072,0.186,0.087,0.393,0.0,2400000000.0,1.0,250241009.0,250241009.0,,42.027,38754000000.0,0.0,766000000.0,7337000000.0,154.867,216000000.0
1,NSC,MRT,2021-03-31,2021-03-31,2021-03-31,2021-07-28,-586000000.0,37937000000.0,38010000000.0,2303000000.0,35634000000.0,0.258,58.128,-1181000000.0,998000000.0,998000000.0,2838000000.0,2305000000.0,1.024,1.591,12617000000.0,501000000.0,12116000000.0,12617000000.0,0.0,1154000000.0,0.0,0.014,3.81,3587000000.0,4741000000.0,0.484,4741000000.0,3587000000.0,2960000000.0,9.07,9.04,9.07,14643000000.0,14809000000.0,14643000000.0,79209311962.0,22.0,16.707,2516000000.0,9.988,1.0,6965000000.0,0.71,0.0,627000000.0,47307000000.0,47448500000.0,241000000.0,3604000000.0,0.0,3604000000.0,23294000000.0,2249000000.0,21045000000.0,67643311962.0,390000000.0,0.0,-1515000000.0,319000000.0,-967000000.0,-2163000000.0,-1144000000.0,37000000.0,3697000000.0,0.0,2305000000.0,2305000000.0,2305000000.0,0.0,0.0,0.235,3516000000.0,3449000000.0,1043000000.0,0.42,4.619,29.346,29.605,31312000000.0,0.0,268.52,6.9,6.9,944000000.0,12737000000.0,9803000000.0,9803000000.0,0.0,0.061,0.156,0.076,0.366,0.0,2362000000.0,1.0,251911634.0,251911634.0,,38.914,37937000000.0,0.0,655000000.0,7338000000.0,150.596,54000000.0
2,NSC,MRT,2020-12-31,2020-12-31,2020-12-31,2021-07-28,-594000000.0,37962000000.0,37885250000.0,2318000000.0,35644000000.0,0.258,58.236,-1161000000.0,1115000000.0,1115000000.0,2875000000.0,2013000000.0,1.073,1.567,12681000000.0,579000000.0,12102000000.0,12681000000.0,0.0,1154000000.0,0.0,0.016,3.76,3155000000.0,4309000000.0,0.44,4309000000.0,3155000000.0,2530000000.0,7.88,7.84,7.88,14791000000.0,14869250000.0,14791000000.0,71713456162.0,23.0,16.643,2476000000.0,9.749,1.0,6914000000.0,0.706,0.0,625000000.0,47368000000.0,47322000000.0,221000000.0,3590000000.0,0.0,3590000000.0,23171000000.0,2160000000.0,21011000000.0,60349456162.0,535000000.0,0.0,-1370000000.0,403000000.0,-960000000.0,-1927000000.0,-1175000000.0,-14000000.0,3637000000.0,0.0,2013000000.0,2013000000.0,2013000000.0,0.0,0.0,0.206,3912000000.0,3002000000.0,1016000000.0,0.477,4.08,29.98,30.154,31345000000.0,0.0,237.61,6.165,6.165,848000000.0,12883000000.0,9789000000.0,9789000000.0,0.0,0.053,0.135,0.067,0.322,0.0,2373000000.0,1.0,253985338.0,253985338.0,,38.542,37962000000.0,0.0,517000000.0,7185000000.0,149.465,158000000.0
3,NSC,MRT,2020-09-30,2020-09-30,2020-09-30,2021-07-28,-471000000.0,38179000000.0,37875500000.0,2579000000.0,35600000000.0,0.262,58.567,-1192000000.0,1359000000.0,1359000000.0,2973000000.0,2008000000.0,1.286,1.555,12723000000.0,89000000.0,12634000000.0,12723000000.0,0.0,1152000000.0,0.0,0.018,3.76,3108000000.0,4260000000.0,0.43,4260000000.0,3108000000.0,2491000000.0,7.8,7.77,7.8,14941000000.0,14967500000.0,14941000000.0,66144827766.0,21.0,15.527,2470000000.0,9.682,1.0,6933000000.0,0.7,0.0,617000000.0,47538000000.0,47289750000.0,247000000.0,3566000000.0,0.0,3566000000.0,23238000000.0,2005000000.0,21233000000.0,54590827766.0,819000000.0,0.0,-1450000000.0,809000000.0,-966000000.0,-1584000000.0,-1259000000.0,-67000000.0,3662000000.0,0.0,2008000000.0,2008000000.0,2008000000.0,0.0,0.0,0.203,3953000000.0,2980000000.0,1273000000.0,0.482,3.654,27.187,27.435,31239000000.0,0.0,213.99,5.511,5.511,883000000.0,12911000000.0,9906000000.0,9906000000.0,0.0,0.053,0.134,0.066,0.314,0.0,2416000000.0,1.0,255109247.0,255109247.0,,38.83,38179000000.0,0.0,483000000.0,7155000000.0,149.657,574000000.0
4,NSC,MRT,2020-06-30,2020-06-30,2020-06-30,2021-07-28,-475000000.0,37962000000.0,37705750000.0,2350000000.0,35612000000.0,0.272,58.01,-1354000000.0,1143000000.0,1143000000.0,3055000000.0,2096000000.0,1.214,1.554,12697000000.0,85000000.0,12612000000.0,12697000000.0,0.0,1146000000.0,0.0,0.021,3.76,3247000000.0,4393000000.0,0.429,4393000000.0,3247000000.0,2635000000.0,8.07,8.04,8.07,14861000000.0,15041750000.0,14861000000.0,56576369854.0,17.0,12.879,2344000000.0,9.15,1.0,7186000000.0,0.702,0.0,612000000.0,47581000000.0,46936000000.0,257000000.0,3590000000.0,0.0,3590000000.0,23101000000.0,1935000000.0,21166000000.0,44977369854.0,783000000.0,0.0,-1683000000.0,1170000000.0,-973000000.0,-1463000000.0,-1452000000.0,-98000000.0,3698000000.0,0.0,2096000000.0,2096000000.0,2096000000.0,0.0,0.0,0.205,4050000000.0,3136000000.0,1268000000.0,0.466,3.027,21.459,21.756,31217000000.0,0.0,175.57,4.392,4.392,822000000.0,12863000000.0,10241000000.0,10241000000.0,0.0,0.056,0.139,0.069,0.317,0.0,2520000000.0,1.0,256179130.0,256179130.0,,39.976,37962000000.0,0.0,539000000.0,7113000000.0,148.185,415000000.0
5,NSC,MRT,2020-03-31,2020-03-31,2020-03-31,2021-07-28,-481000000.0,37438000000.0,37508250000.0,2002000000.0,35436000000.0,0.295,57.725,-1535000000.0,608000000.0,608000000.0,3312000000.0,2426000000.0,0.895,1.515,12207000000.0,400000000.0,11807000000.0,12207000000.0,0.0,1148000000.0,0.0,0.025,3.68,3675000000.0,4823000000.0,0.435,4823000000.0,3675000000.0,3066000000.0,9.26,9.21,9.26,14884000000.0,15154250000.0,14884000000.0,49261250280.0,13.0,10.214,2431000000.0,9.428,1.0,7769000000.0,0.701,0.0,609000000.0,46801000000.0,46521750000.0,265000000.0,3470000000.0,0.0,3470000000.0,22554000000.0,2236000000.0,20318000000.0,37645250280.0,109000000.0,0.0,-2026000000.0,754000000.0,-961000000.0,-2210000000.0,-1647000000.0,-112000000.0,3966000000.0,0.0,2426000000.0,2426000000.0,2426000000.0,0.0,0.0,0.219,4178000000.0,3591000000.0,1284000000.0,0.397,2.529,15.517,15.767,31179000000.0,0.0,146.0,3.397,3.397,889000000.0,12902000000.0,11081000000.0,11081000000.0,0.0,0.065,0.16,0.079,0.332,0.0,2646000000.0,1.0,257844180.0,257844180.0,,42.976,37438000000.0,0.0,640000000.0,7028000000.0,145.196,-234000000.0
6,NSC,MRT,2019-12-31,2019-12-31,2019-12-31,2021-07-28,-491000000.0,37923000000.0,37414250000.0,2081000000.0,35842000000.0,0.302,58.233,-1642000000.0,580000000.0,580000000.0,3418000000.0,2722000000.0,0.905,1.498,12196000000.0,316000000.0,11880000000.0,12196000000.0,0.0,1139000000.0,0.0,0.019,3.6,4095000000.0,5234000000.0,0.463,5234000000.0,4095000000.0,3491000000.0,10.32,10.25,10.32,15184000000.0,15266000000.0,15184000000.0,62002749688.0,15.0,11.846,2250000000.0,8.629,1.0,7878000000.0,0.697,0.0,604000000.0,47239000000.0,46114000000.0,244000000.0,3428000000.0,0.0,3428000000.0,22739000000.0,2300000000.0,20439000000.0,50618749688.0,134000000.0,0.0,-2072000000.0,1004000000.0,-949000000.0,-1994000000.0,-1764000000.0,-122000000.0,3892000000.0,0.0,2722000000.0,2722000000.0,2722000000.0,0.0,0.0,0.241,3889000000.0,3989000000.0,1428000000.0,0.349,3.334,18.596,18.811,31614000000.0,0.0,194.13,4.481,4.481,920000000.0,13207000000.0,11296000000.0,11296000000.0,0.0,0.073,0.178,0.089,0.363,0.0,2751000000.0,1.0,260746663.0,260746663.0,,43.322,37923000000.0,0.0,769000000.0,7044000000.0,145.44,-219000000.0
7,NSC,MRT,2019-09-30,2019-09-30,2019-09-30,2021-07-28,-553000000.0,37500000000.0,36993250000.0,2016000000.0,35484000000.0,0.311,57.85,-1726000000.0,452000000.0,452000000.0,3385000000.0,2758000000.0,0.73,1.461,11836000000.0,751000000.0,11085000000.0,11836000000.0,0.0,1136000000.0,0.0,0.019,3.46,4193000000.0,5329000000.0,0.463,5329000000.0,4193000000.0,3593000000.0,10.33,10.26,10.33,15238000000.0,15310500000.0,15238000000.0,58526660837.0,14.0,10.983,2113000000.0,8.022,1.0,8117000000.0,0.706,0.0,600000000.0,46123000000.0,45413000000.0,266000000.0,3376000000.0,0.0,3376000000.0,22262000000.0,2761000000.0,19501000000.0,47323660837.0,-277000000.0,0.0,-2008000000.0,654000000.0,-922000000.0,-2276000000.0,-1840000000.0,-114000000.0,3839000000.0,0.0,2758000000.0,2758000000.0,2758000000.0,0.0,0.0,0.24,4012000000.0,4105000000.0,1407000000.0,0.335,3.106,17.159,17.392,31394000000.0,0.0,179.66,4.114,4.114,973000000.0,13310000000.0,11502000000.0,11502000000.0,0.0,0.075,0.18,0.092,0.365,0.0,2878000000.0,1.0,263406773.0,263406773.0,,43.666,37500000000.0,0.0,835000000.0,6891000000.0,142.365,-745000000.0
8,NSC,MRT,2019-06-30,2019-06-30,2019-06-30,2021-07-28,-557000000.0,37172000000.0,36698750000.0,1914000000.0,35258000000.0,0.316,57.567,-1724000000.0,274000000.0,274000000.0,3434000000.0,2803000000.0,0.781,1.428,11477000000.0,401000000.0,11076000000.0,11477000000.0,0.0,1125000000.0,0.0,0.017,3.32,4225000000.0,5350000000.0,0.461,5350000000.0,4225000000.0,3633000000.0,10.37,10.29,10.37,15311000000.0,15371000000.0,15311000000.0,64008209884.0,15.0,11.964,2128000000.0,8.001,1.0,8174000000.0,0.704,0.0,592000000.0,45924000000.0,44954000000.0,256000000.0,3301000000.0,0.0,3301000000.0,21861000000.0,2451000000.0,19410000000.0,53015209884.0,-70000000.0,0.0,-3088000000.0,1784000000.0,-894000000.0,-2198000000.0,-1724000000.0,0.0,3852000000.0,0.0,2803000000.0,2803000000.0,2803000000.0,0.0,0.0,0.241,4045000000.0,4129000000.0,1407000000.0,0.32,3.463,18.914,19.222,31201000000.0,0.0,199.33,4.567,4.567,1039000000.0,13377000000.0,11608000000.0,11608000000.0,0.0,0.076,0.182,0.094,0.364,0.0,2921000000.0,1.0,265967039.0,265967039.0,,43.645,37172000000.0,0.0,830000000.0,6866000000.0,139.762,-537000000.0
9,NSC,MRT,2019-03-31,2019-03-31,2019-03-31,2021-07-28,-560000000.0,37062000000.0,36352750000.0,1922000000.0,35140000000.0,0.319,57.322,-1692000000.0,411000000.0,411000000.0,3463000000.0,2791000000.0,0.666,1.417,11404000000.0,835000000.0,10569000000.0,11404000000.0,0.0,1115000000.0,0.0,0.017,3.18,4193000000.0,5308000000.0,0.458,5308000000.0,4193000000.0,3623000000.0,10.17,10.09,10.17,15331000000.0,15683000000.0,15331000000.0,60771725876.0,14.0,11.449,2099000000.0,7.848,1.0,8118000000.0,0.701,0.0,570000000.0,45170000000.0,44136000000.0,228000000.0,3198000000.0,0.0,3198000000.0,21731000000.0,2885000000.0,18846000000.0,49984725876.0,-573000000.0,0.0,-2938000000.0,1080000000.0,-869000000.0,-2727000000.0,-1637000000.0,55000000.0,3791000000.0,0.0,2791000000.0,2791000000.0,2791000000.0,0.0,0.0,0.241,4028000000.0,4090000000.0,1334000000.0,0.313,3.26,17.909,18.377,31158000000.0,0.0,186.89,4.316,4.316,1048000000.0,13411000000.0,11581000000.0,11581000000.0,0.0,0.077,0.178,0.095,0.362,0.0,2915000000.0,1.0,267455326.0,267455326.0,,43.301,37062000000.0,0.0,832000000.0,6856000000.0,138.573,-963000000.0
10,NSC,MRT,2018-12-31,2018-12-31,2018-12-31,2021-07-28,-563000000.0,36239000000.0,36127750000.0,1862000000.0,34377000000.0,0.317,56.406,-1747000000.0,358000000.0,358000000.0,3472000000.0,2666000000.0,0.719,1.359,11145000000.0,585000000.0,10560000000.0,11145000000.0,0.0,1104000000.0,0.0,0.02,3.04,4026000000.0,5130000000.0,0.448,5130000000.0,4026000000.0,3469000000.0,9.58,9.51,9.58,15362000000.0,15954750000.0,15362000000.0,51132761408.0,13.0,9.967,1979000000.0,7.266,1.0,7986000000.0,0.697,0.0,557000000.0,44435000000.0,43590750000.0,207000000.0,3109000000.0,0.0,3109000000.0,20877000000.0,2591000000.0,18286000000.0,40726761408.0,-244000000.0,0.0,-2741000000.0,1273000000.0,-844000000.0,-2312000000.0,-1658000000.0,89000000.0,3726000000.0,0.0,2666000000.0,2666000000.0,2666000000.0,0.0,0.0,0.233,4027000000.0,3959000000.0,1505000000.0,0.317,2.651,15.276,15.61,31091000000.0,0.0,149.54,3.554,3.554,1009000000.0,13440000000.0,11458000000.0,11458000000.0,0.0,0.074,0.167,0.092,0.351,0.0,2925000000.0,1.0,272346940.0,272346940.0,,42.071,36239000000.0,0.0,803000000.0,6715000000.0,133.062,-729000000.0
11,NSC,MRT,2018-09-30,2018-09-30,2018-09-30,2021-07-28,-435000000.0,36322000000.0,35995750000.0,2109000000.0,34213000000.0,0.312,55.28,-1576000000.0,729000000.0,729000000.0,3366000000.0,5932000000.0,0.864,1.346,11135000000.0,500000000.0,10635000000.0,11135000000.0,0.0,1090000000.0,0.0,0.016,2.85,3975000000.0,5065000000.0,0.451,5065000000.0,3975000000.0,3432000000.0,20.8,20.63,20.8,15480000000.0,16204000000.0,15480000000.0,59761372402.0,15.0,11.799,2096000000.0,7.485,1.0,7865000000.0,0.7,0.0,543000000.0,44287000000.0,43060000000.0,267000000.0,3109000000.0,0.0,3109000000.0,20842000000.0,2441000000.0,18401000000.0,50545372402.0,93000000.0,0.0,-2548000000.0,1218000000.0,-801000000.0,-2131000000.0,-1448000000.0,128000000.0,3672000000.0,0.0,5932000000.0,5932000000.0,5932000000.0,0.0,0.0,0.528,3986000000.0,3879000000.0,1394000000.0,0.137,3.265,8.521,8.678,30712000000.0,0.0,180.5,4.501,4.501,1043000000.0,13645000000.0,11231000000.0,11231000000.0,0.0,0.165,0.366,0.092,0.354,0.0,2898000000.0,1.0,280029764.0,280029764.0,,40.106,36322000000.0,0.0,-2500000000.0,6694000000.0,129.708,-332000000.0
12,NSC,MRT,2018-06-30,2018-06-30,2018-06-30,2021-07-28,-441000000.0,35788000000.0,35703500000.0,1904000000.0,33884000000.0,0.307,58.607,-1486000000.0,430000000.0,430000000.0,3179000000.0,5736000000.0,0.81,1.161,9646000000.0,500000000.0,9146000000.0,9646000000.0,0.0,1080000000.0,0.0,0.018,2.66,3859000000.0,4939000000.0,0.451,4939000000.0,3859000000.0,3324000000.0,20.02,19.86,20.02,16559000000.0,15515750000.0,16559000000.0,51842094341.0,13.0,10.496,2017000000.0,7.139,1.0,7775000000.0,0.71,0.0,535000000.0,42652000000.0,42462250000.0,260000000.0,3058000000.0,0.0,3058000000.0,19229000000.0,2352000000.0,16877000000.0,42627094341.0,-212000000.0,0.0,-1248000000.0,-267000000.0,-757000000.0,-2272000000.0,-1443000000.0,43000000.0,3503000000.0,0.0,5736000000.0,5736000000.0,5736000000.0,0.0,0.0,0.524,4021000000.0,3754000000.0,1323000000.0,0.133,2.574,7.432,7.536,30540000000.0,0.0,150.87,3.891,3.891,1035000000.0,14456000000.0,10954000000.0,10954000000.0,0.0,0.161,0.37,0.091,0.352,0.0,2944000000.0,1.0,282541886.0,282541886.0,,38.769,35788000000.0,0.0,-2412000000.0,6683000000.0,126.664,-448000000.0
13,NSC,MRT,2018-03-31,2018-03-31,2018-03-31,2021-07-28,-448000000.0,36162000000.0,35487000000.0,2479000000.0,33683000000.0,0.301,57.81,-1488000000.0,1072000000.0,1072000000.0,3068000000.0,5523000000.0,1.038,1.203,10287000000.0,650000000.0,9637000000.0,10287000000.0,0.0,1071000000.0,0.0,0.019,2.55,3724000000.0,4795000000.0,0.448,4795000000.0,3724000000.0,3180000000.0,19.22,19.07,19.22,16418000000.0,14541500000.0,16418000000.0,47707145519.0,13.0,9.949,1735000000.0,6.109,1.0,7625000000.0,0.713,0.0,544000000.0,42989000000.0,42251750000.0,245000000.0,3020000000.0,0.0,3020000000.0,19744000000.0,2388000000.0,17356000000.0,38561145519.0,117000000.0,0.0,-1058000000.0,131000000.0,-731000000.0,-1658000000.0,-1448000000.0,40000000.0,3223000000.0,0.0,5523000000.0,5523000000.0,5523000000.0,0.0,0.0,0.517,4025000000.0,3600000000.0,1217000000.0,0.133,2.349,6.982,7.065,30396000000.0,0.0,135.78,3.606,3.606,973000000.0,14327000000.0,10693000000.0,10693000000.0,0.0,0.156,0.38,0.088,0.348,0.0,2957000000.0,1.0,283997242.0,283997242.0,,37.652,36162000000.0,0.0,-2343000000.0,6584000000.0,127.332,91000000.0
14,NSC,MRT,2017-12-31,2017-12-31,2017-12-31,2021-07-28,-356000000.0,35711000000.0,35232750000.0,2149000000.0,33562000000.0,0.299,57.17,-1521000000.0,690000000.0,690000000.0,2995000000.0,5404000000.0,0.844,1.183,9836000000.0,700000000.0,9136000000.0,9836000000.0,0.0,1059000000.0,0.0,0.017,2.44,3678000000.0,4737000000.0,0.449,4737000000.0,3678000000.0,3128000000.0,18.76,18.61,18.76,16359000000.0,13568750000.0,16359000000.0,50618956193.0,14.0,10.686,1732000000.0,6.053,1.0,7556000000.0,0.716,0.0,550000000.0,42312000000.0,41971000000.0,222000000.0,2981000000.0,0.0,2981000000.0,19352000000.0,2545000000.0,16807000000.0,41462956193.0,-266000000.0,0.0,-923000000.0,-412000000.0,-703000000.0,-2038000000.0,-1481000000.0,40000000.0,3253000000.0,0.0,5404000000.0,5404000000.0,5404000000.0,0.0,0.0,0.512,4034000000.0,3522000000.0,1401000000.0,0.13,2.535,7.673,7.724,30330000000.0,0.0,144.9,3.93,3.93,955000000.0,14176000000.0,10551000000.0,10551000000.0,0.0,0.153,0.398,0.088,0.349,0.0,2979000000.0,1.0,286148766.0,286148766.0,,36.872,35711000000.0,0.0,-2276000000.0,6535000000.0,124.799,-396000000.0
15,NSC,MRT,2017-09-30,2017-09-30,2017-09-30,2021-07-28,-475000000.0,35153000000.0,35028000000.0,1999000000.0,33154000000.0,0.296,44.163,-1718000000.0,724000000.0,724000000.0,3129000000.0,1852000000.0,0.828,1.762,9880000000.0,600000000.0,9280000000.0,9880000000.0,0.0,1051000000.0,0.0,0.018,2.42,3434000000.0,4485000000.0,0.432,4485000000.0,3434000000.0,2876000000.0,6.4,6.35,6.4,12727000000.0,12581250000.0,12727000000.0,47340168108.0,14.0,10.555,1469000000.0,5.097,1.0,7243000000.0,0.698,0.0,558000000.0,41896000000.0,41845250000.0,245000000.0,2888000000.0,0.0,2888000000.0,22426000000.0,2413000000.0,20013000000.0,38109168108.0,-260000000.0,0.0,-813000000.0,-257000000.0,-701000000.0,-1771000000.0,-1676000000.0,42000000.0,3187000000.0,0.0,1852000000.0,1852000000.0,1852000000.0,0.0,0.0,0.179,4023000000.0,3220000000.0,1287000000.0,0.378,2.994,20.577,20.663,30163000000.0,0.0,132.24,3.674,3.674,973000000.0,10665000000.0,10372000000.0,10372000000.0,0.0,0.053,0.147,0.082,0.331,0.0,2976000000.0,1.0,288181852.0,288181852.0,,35.991,35153000000.0,0.0,1024000000.0,9573000000.0,121.982,-414000000.0
16,NSC,MRT,2017-06-30,2017-06-30,2017-06-30,2021-07-28,-480000000.0,34922000000.0,34897750000.0,1936000000.0,32986000000.0,0.293,43.695,-1688000000.0,642000000.0,642000000.0,3145000000.0,1806000000.0,0.826,1.758,9873000000.0,600000000.0,9273000000.0,9873000000.0,0.0,1044000000.0,0.0,0.02,2.4,3349000000.0,4393000000.0,0.43,4393000000.0,3349000000.0,2781000000.0,6.2,6.15,6.2,12662000000.0,12498500000.0,12662000000.0,44430549722.0,13.0,10.114,1490000000.0,5.142,1.0,7081000000.0,0.692,0.0,568000000.0,41810000000.0,41751500000.0,289000000.0,2848000000.0,0.0,2848000000.0,22260000000.0,2343000000.0,19917000000.0,35266549722.0,-224000000.0,0.0,-707000000.0,-252000000.0,-699000000.0,-1658000000.0,-1744000000.0,-56000000.0,3178000000.0,0.0,1806000000.0,1806000000.0,1806000000.0,0.0,0.0,0.177,3936000000.0,3145000000.0,1223000000.0,0.387,2.785,19.527,19.629,30033000000.0,0.0,121.7,3.449,3.449,926000000.0,10624000000.0,10226000000.0,10226000000.0,0.0,0.052,0.144,0.08,0.327,0.0,2896000000.0,1.0,289782660.0,289782660.0,,35.289,34922000000.0,0.0,975000000.0,9527000000.0,120.511,-407000000.0
17,NSC,MRT,2017-03-31,2017-03-31,2017-03-31,2021-07-28,-485000000.0,35145000000.0,34750750000.0,2327000000.0,32818000000.0,0.289,43.114,-1774000000.0,955000000.0,955000000.0,3123000000.0,1714000000.0,0.953,1.806,10119000000.0,550000000.0,9569000000.0,10119000000.0,0.0,1037000000.0,0.0,0.021,2.38,3203000000.0,4240000000.0,0.422,4240000000.0,3203000000.0,2637000000.0,5.85,5.8,5.85,12527000000.0,12401250000.0,12527000000.0,41789299245.0,13.0,9.856,1227000000.0,4.223,1.0,6920000000.0,0.689,0.0,566000000.0,41866000000.0,41664000000.0,281000000.0,2809000000.0,0.0,2809000000.0,22618000000.0,2443000000.0,20175000000.0,32533299245.0,366000000.0,0.0,-705000000.0,594000000.0,-696000000.0,-807000000.0,-1828000000.0,-54000000.0,3001000000.0,0.0,1714000000.0,1714000000.0,1714000000.0,0.0,0.0,0.171,3877000000.0,3043000000.0,1211000000.0,0.407,2.597,18.981,19.14,29927000000.0,0.0,111.97,3.239,3.239,998000000.0,10493000000.0,10043000000.0,10043000000.0,0.0,0.049,0.138,0.077,0.319,0.0,2844000000.0,1.0,290553713.0,290553713.0,,34.565,35145000000.0,0.0,923000000.0,9578000000.0,120.959,-116000000.0
18,NSC,MRT,2016-12-31,2016-12-31,2016-12-31,2021-07-28,-487000000.0,34892000000.0,34410750000.0,2291000000.0,32601000000.0,0.287,42.505,-1757000000.0,956000000.0,956000000.0,3045000000.0,1668000000.0,0.979,1.812,10212000000.0,650000000.0,9562000000.0,10212000000.0,0.0,1030000000.0,0.0,0.022,2.36,3145000000.0,4175000000.0,0.422,4175000000.0,3145000000.0,2582000000.0,5.66,5.62,5.66,12409000000.0,12325250000.0,12409000000.0,40671197336.0,13.0,9.742,1277000000.0,4.374,1.0,6843000000.0,0.692,0.0,563000000.0,41809000000.0,41413250000.0,257000000.0,2777000000.0,0.0,2777000000.0,22483000000.0,2339000000.0,20144000000.0,31550197336.0,-145000000.0,0.0,-746000000.0,94000000.0,-695000000.0,-1347000000.0,-1832000000.0,-75000000.0,3034000000.0,0.0,1668000000.0,1668000000.0,1668000000.0,0.0,0.0,0.169,3834000000.0,3009000000.0,1215000000.0,0.417,2.543,18.915,19.094,29751000000.0,0.0,108.07,3.191,3.191,945000000.0,10425000000.0,9888000000.0,9888000000.0,0.0,0.048,0.135,0.076,0.318,0.0,2808000000.0,1.0,291942235.0,291942235.0,,33.87,34892000000.0,0.0,914000000.0,9385000000.0,119.517,-48000000.0
19,NSC,MRT,2016-09-30,2016-09-30,2016-09-30,2021-07-28,-433000000.0,34632000000.0,34222500000.0,2317000000.0,32315000000.0,0.29,42.228,-1805000000.0,984000000.0,984000000.0,3124000000.0,1613000000.0,1.038,1.794,10105000000.0,550000000.0,9555000000.0,10105000000.0,0.0,1059000000.0,0.0,0.024,2.36,3028000000.0,4087000000.0,0.412,4087000000.0,3028000000.0,2465000000.0,5.43,5.4,5.43,12396000000.0,12270000000.0,12396000000.0,37724940385.0,12.0,9.23,1207000000.0,4.112,1.0,6792000000.0,0.685,0.0,563000000.0,41521000000.0,41186000000.0,301000000.0,2779000000.0,0.0,2779000000.0,22236000000.0,2232000000.0,20004000000.0,28491940385.0,551000000.0,0.0,-637000000.0,585000000.0,-699000000.0,-751000000.0,-1710000000.0,95000000.0,3012000000.0,0.0,1613000000.0,1613000000.0,1613000000.0,0.0,0.0,0.163,3837000000.0,2955000000.0,1131000000.0,0.435,2.298,17.664,17.875,29467000000.0,0.0,97.06,2.873,2.873,960000000.0,10367000000.0,9916000000.0,9916000000.0,0.0,0.047,0.131,0.074,0.305,0.0,2783000000.0,1.0,293549767.0,293549767.0,,33.78,34632000000.0,0.0,852000000.0,9345000000.0,117.977,85000000.0
20,NSC,MRT,2016-06-30,2016-06-30,2016-06-30,2021-07-28,-437000000.0,34334000000.0,33946250000.0,2239000000.0,32095000000.0,0.298,41.5,-2360000000.0,866000000.0,866000000.0,3283000000.0,1605000000.0,1.063,1.798,10099000000.0,550000000.0,9549000000.0,10099000000.0,0.0,1076000000.0,0.0,0.028,2.36,3040000000.0,4116000000.0,0.407,4116000000.0,3040000000.0,2484000000.0,5.37,5.34,5.37,12273000000.0,12203250000.0,12273000000.0,34085160702.0,11.0,8.281,479000000.0,1.62,1.0,6822000000.0,0.675,0.0,556000000.0,41460000000.0,40861500000.0,306000000.0,2639000000.0,0.0,2639000000.0,22061000000.0,2107000000.0,19954000000.0,25176160702.0,-23000000.0,0.0,-697000000.0,685000000.0,-703000000.0,-715000000.0,-2147000000.0,213000000.0,2839000000.0,0.0,1605000000.0,1605000000.0,1605000000.0,0.0,0.0,0.159,3865000000.0,2957000000.0,1085000000.0,0.439,2.051,15.686,15.853,29387000000.0,0.0,85.13,2.491,2.491,985000000.0,10269000000.0,10105000000.0,10105000000.0,0.0,0.047,0.132,0.074,0.301,0.0,2794000000.0,1.0,295737821.0,295737821.0,,34.169,34334000000.0,0.0,879000000.0,9252000000.0,116.096,132000000.0
21,NSC,MRT,2016-03-31,2016-03-31,2016-03-31,2021-07-28,-442000000.0,33785000000.0,33690250000.0,1966000000.0,31819000000.0,0.308,40.989,-2332000000.0,589000000.0,589000000.0,3451000000.0,1633000000.0,1.074,1.764,9498000000.0,100000000.0,9398000000.0,9498000000.0,0.0,1066000000.0,0.0,0.028,2.36,3099000000.0,4165000000.0,0.402,4165000000.0,3099000000.0,2547000000.0,5.43,5.39,5.43,12223000000.0,12154250000.0,12223000000.0,33817037696.0,11.0,8.119,824000000.0,2.763,1.0,6913000000.0,0.667,0.0,552000000.0,40863000000.0,40398500000.0,315000000.0,2617000000.0,0.0,2617000000.0,21562000000.0,1831000000.0,19731000000.0,24825037696.0,65000000.0,0.0,-850000000.0,584000000.0,-708000000.0,-974000000.0,-2117000000.0,215000000.0,3156000000.0,0.0,1633000000.0,1633000000.0,1633000000.0,0.0,0.0,0.158,3912000000.0,3001000000.0,1119000000.0,0.435,2.031,15.202,15.331,29135000000.0,0.0,83.25,2.395,2.395,961000000.0,10221000000.0,10364000000.0,10364000000.0,0.0,0.048,0.134,0.077,0.299,0.0,2851000000.0,1.0,298198651.0,298198651.0,,34.755,33785000000.0,0.0,914000000.0,9288000000.0,113.297,135000000.0
22,NSC,MRT,2015-12-31,2015-12-31,2015-12-31,2021-07-28,-445000000.0,34139000000.0,33437750000.0,2512000000.0,31627000000.0,0.314,40.821,-2322000000.0,1101000000.0,1101000000.0,3662000000.0,1556000000.0,1.126,1.801,10093000000.0,700000000.0,9393000000.0,10093000000.0,0.0,1059000000.0,0.0,0.028,2.36,2987000000.0,4046000000.0,0.385,4046000000.0,2987000000.0,2442000000.0,5.13,5.1,5.13,12188000000.0,12138000000.0,12188000000.0,34319016421.0,11.0,8.482,586000000.0,1.963,1.0,6849000000.0,0.652,0.0,545000000.0,40900000000.0,39952250000.0,271000000.0,2572000000.0,0.0,2572000000.0,21951000000.0,2231000000.0,19720000000.0,25256016421.0,128000000.0,0.0,-1063000000.0,1083000000.0,-713000000.0,-693000000.0,-2087000000.0,235000000.0,2908000000.0,0.0,1556000000.0,1556000000.0,1556000000.0,0.0,0.0,0.148,3965000000.0,2884000000.0,1091000000.0,0.46,2.072,16.231,16.489,28992000000.0,0.0,84.59,2.403,2.403,946000000.0,10191000000.0,10511000000.0,10511000000.0,0.0,0.047,0.128,0.075,0.284,0.0,2911000000.0,1.0,298569765.0,298569765.0,,35.205,34139000000.0,0.0,886000000.0,9145000000.0,114.342,281000000.0
23,NSC,MRT,2015-09-30,2015-09-30,2015-09-30,2021-07-28,-382000000.0,33527000000.0,33203000000.0,2002000000.0,31525000000.0,0.327,40.244,-2428000000.0,433000000.0,433000000.0,3800000000.0,1706000000.0,0.846,1.764,9496000000.0,600000000.0,8896000000.0,9496000000.0,0.0,1011000000.0,0.0,0.031,2.34,3240000000.0,4251000000.0,0.391,4251000000.0,3240000000.0,2708000000.0,5.58,5.54,5.58,12129000000.0,12193000000.0,12129000000.0,31526955264.0,10.0,7.416,349000000.0,1.158,1.0,7063000000.0,0.65,0.0,532000000.0,40223000000.0,39585250000.0,288000000.0,2740000000.0,0.0,2740000000.0,21398000000.0,2367000000.0,19031000000.0,23025955264.0,-999000000.0,0.0,-1200000000.0,592000000.0,-713000000.0,-1321000000.0,-2455000000.0,-27000000.0,2777000000.0,0.0,1706000000.0,1706000000.0,1706000000.0,0.0,0.0,0.157,3930000000.0,3133000000.0,1160000000.0,0.419,1.898,13.497,13.692,28682000000.0,0.0,76.4,2.12,2.12,1103000000.0,10079000000.0,10863000000.0,10863000000.0,0.0,0.051,0.14,0.082,0.298,0.0,2923000000.0,1.0,301386849.0,301386849.0,,36.043,33527000000.0,123000000.0,1002000000.0,9113000000.0,111.242,-365000000.0
24,NSC,MRT,2015-06-30,2015-06-30,2015-06-30,2021-07-28,-389000000.0,33310000000.0,33122750000.0,2413000000.0,30897000000.0,0.337,39.616,-2093000000.0,889000000.0,889000000.0,3947000000.0,1813000000.0,1.095,1.758,9390000000.0,500000000.0,8890000000.0,9390000000.0,0.0,972000000.0,0.0,0.027,2.32,3409000000.0,4381000000.0,0.392,4381000000.0,3409000000.0,2876000000.0,5.88,5.84,5.88,12077000000.0,12270500000.0,12077000000.0,35037648301.0,10.0,7.998,886000000.0,2.906,1.0,7226000000.0,0.647,0.0,533000000.0,39608000000.0,39182750000.0,277000000.0,2724000000.0,0.0,2724000000.0,21233000000.0,2203000000.0,19030000000.0,26631648301.0,-778000000.0,0.0,-998000000.0,160000000.0,-712000000.0,-1550000000.0,-2207000000.0,-114000000.0,2979000000.0,0.0,1813000000.0,1813000000.0,1813000000.0,0.0,0.0,0.162,3917000000.0,3309000000.0,1144000000.0,0.395,2.205,14.689,14.857,28075000000.0,0.0,87.36,2.384,2.384,1055000000.0,10017000000.0,11173000000.0,11173000000.0,0.0,0.055,0.148,0.087,0.305,0.0,2949000000.0,1.0,304849454.0,304849454.0,,36.651,33310000000.0,125000000.0,1063000000.0,9113000000.0,109.267,210000000.0
25,NSC,MRT,2015-03-31,2015-03-31,2015-03-31,2021-07-28,-395000000.0,32775000000.0,33055250000.0,2115000000.0,30660000000.0,0.348,39.55,-2021000000.0,524000000.0,524000000.0,4089000000.0,1942000000.0,1.006,1.696,8930000000.0,501000000.0,8429000000.0,8930000000.0,0.0,964000000.0,0.0,0.022,2.27,3613000000.0,4577000000.0,0.398,4577000000.0,3613000000.0,3075000000.0,6.26,6.22,6.26,12158000000.0,12270500000.0,12158000000.0,39691839438.0,11.0,8.672,937000000.0,3.048,1.0,7413000000.0,0.644,0.0,538000000.0,39078000000.0,38843750000.0,268000000.0,2701000000.0,0.0,2701000000.0,20617000000.0,2103000000.0,18514000000.0,31638839438.0,-998000000.0,0.0,-683000000.0,-446000000.0,-701000000.0,-1830000000.0,-2126000000.0,-105000000.0,2958000000.0,0.0,1942000000.0,1942000000.0,1942000000.0,0.0,0.0,0.169,3899000000.0,3514000000.0,1094000000.0,0.363,2.602,16.292,16.441,27829000000.0,0.0,102.92,2.751,2.751,1032000000.0,10087000000.0,11502000000.0,11502000000.0,0.0,0.059,0.158,0.093,0.314,0.0,2940000000.0,1.0,307411965.0,307411965.0,,37.416,32775000000.0,118000000.0,1133000000.0,8993000000.0,106.616,12000000.0
26,NSC,MRT,2014-12-31,2014-12-31,2014-12-31,2021-07-28,-398000000.0,33200000000.0,33036500000.0,2778000000.0,30422000000.0,0.352,40.098,-2004000000.0,973000000.0,973000000.0,4201000000.0,2000000000.0,1.561,1.676,8985000000.0,102000000.0,8883000000.0,8985000000.0,0.0,956000000.0,0.0,0.02,2.22,3679000000.0,4635000000.0,0.399,4635000000.0,3679000000.0,3134000000.0,6.44,6.39,6.44,12408000000.0,12154250000.0,12408000000.0,41406923042.0,11.0,8.934,911000000.0,2.944,1.0,7423000000.0,0.639,0.0,545000000.0,39432000000.0,38627000000.0,236000000.0,2679000000.0,0.0,2679000000.0,20792000000.0,1780000000.0,19012000000.0,33917923042.0,-470000000.0,0.0,-251000000.0,-445000000.0,-687000000.0,-1383000000.0,-2002000000.0,2000000.0,2915000000.0,0.0,2000000000.0,2000000000.0,2000000000.0,0.0,0.0,0.172,3848000000.0,3575000000.0,1233000000.0,0.345,2.734,16.959,17.02,27694000000.0,0.0,109.61,2.918,2.918,1055000000.0,10348000000.0,11624000000.0,11624000000.0,0.0,0.061,0.165,0.095,0.317,0.0,2897000000.0,1.0,309441867.0,309441867.0,,37.564,33200000000.0,167000000.0,1134000000.0,9034000000.0,107.29,998000000.0
27,NSC,MRT,2014-09-30,2014-09-30,2014-09-30,2021-07-28,-178000000.0,33206000000.0,32857250000.0,3012000000.0,30194000000.0,0.354,40.189,-1776000000.0,1432000000.0,1432000000.0,4182000000.0,2002000000.0,1.447,1.67,8921000000.0,2000000.0,8919000000.0,8921000000.0,0.0,950000000.0,0.0,0.019,2.17,3680000000.0,4630000000.0,0.398,4630000000.0,3680000000.0,3127000000.0,6.44,6.39,6.44,12439000000.0,11874500000.0,12439000000.0,42121897213.0,11.0,9.098,1244000000.0,4.019,1.0,7453000000.0,0.641,0.0,553000000.0,38613000000.0,38314750000.0,249000000.0,2610000000.0,0.0,2610000000.0,20767000000.0,2082000000.0,18685000000.0,34541897213.0,448000000.0,0.0,-71000000.0,-50000000.0,-672000000.0,-793000000.0,-1779000000.0,-3000000.0,3020000000.0,0.0,2002000000.0,2002000000.0,2002000000.0,0.0,0.0,0.172,3888000000.0,3565000000.0,1387000000.0,0.337,2.777,17.254,17.329,27230000000.0,0.0,111.6,2.969,2.969,1103000000.0,10156000000.0,11635000000.0,11635000000.0,0.0,0.061,0.169,0.096,0.316,0.0,2944000000.0,1.0,309515208.0,309515208.0,,37.591,33206000000.0,178000000.0,1125000000.0,8983000000.0,107.284,930000000.0
28,NSC,MRT,2014-06-30,2014-06-30,2014-06-30,2021-07-28,-183000000.0,33040000000.0,32397000000.0,3266000000.0,29774000000.0,0.353,39.003,-1776000000.0,1667000000.0,1667000000.0,4131000000.0,1925000000.0,1.379,1.736,9247000000.0,433000000.0,8814000000.0,9247000000.0,0.0,944000000.0,0.0,0.021,2.12,3529000000.0,4473000000.0,0.391,4473000000.0,3529000000.0,2983000000.0,6.19,6.13,6.19,12077000000.0,11338250000.0,12077000000.0,39734836241.0,11.0,8.883,1233000000.0,3.982,1.0,7305000000.0,0.639,0.0,546000000.0,38252000000.0,37910250000.0,251000000.0,2505000000.0,0.0,2505000000.0,20963000000.0,2368000000.0,18595000000.0,31902836241.0,1080000000.0,0.0,-280000000.0,742000000.0,-657000000.0,-195000000.0,-1734000000.0,42000000.0,3009000000.0,0.0,1925000000.0,1925000000.0,1925000000.0,0.0,0.0,0.168,3889000000.0,3416000000.0,1245000000.0,0.342,2.642,16.573,16.645,26927000000.0,0.0,103.03,2.79,2.79,1122000000.0,9836000000.0,11436000000.0,11436000000.0,0.0,0.059,0.17,0.093,0.309,0.0,2951000000.0,1.0,309646086.0,309646086.0,,36.932,33040000000.0,161000000.0,1058000000.0,9018000000.0,106.702,898000000.0
29,NSC,MRT,2014-03-31,2014-03-31,2014-03-31,2021-07-28,-193000000.0,32700000000.0,31788250000.0,3130000000.0,29570000000.0,0.352,37.754,-1826000000.0,1522000000.0,1522000000.0,4075000000.0,1828000000.0,1.349,1.797,9354000000.0,445000000.0,8909000000.0,9354000000.0,0.0,932000000.0,0.0,0.021,2.08,3357000000.0,4289000000.0,0.383,4289000000.0,3357000000.0,2822000000.0,5.85,5.8,5.85,11693000000.0,10866000000.0,11693000000.0,38100021028.0,11.0,8.883,1117000000.0,3.607,1.0,7121000000.0,0.636,0.0,535000000.0,38211000000.0,37517250000.0,240000000.0,2476000000.0,10000000.0,2466000000.0,21007000000.0,2321000000.0,18686000000.0,30095021028.0,850000000.0,0.0,-506000000.0,842000000.0,-647000000.0,-311000000.0,-1782000000.0,44000000.0,2943000000.0,0.0,1828000000.0,1828000000.0,1828000000.0,0.0,0.0,0.163,3888000000.0,3233000000.0,1194000000.0,0.356,2.574,16.463,16.61,26768000000.0,0.0,97.17,2.688,2.688,1109000000.0,9490000000.0,11196000000.0,11196000000.0,0.0,0.058,0.168,0.089,0.3,0.0,2962000000.0,1.0,309715149.0,309715149.0,,36.149,32700000000.0,179000000.0,994000000.0,8970000000.0,105.581,809000000.0
30,NSC,MRT,2013-12-31,2013-12-31,2013-12-31,2021-07-28,-381000000.0,32483000000.0,31263000000.0,3075000000.0,29408000000.0,0.36,36.545,-1827000000.0,1443000000.0,1443000000.0,4070000000.0,1910000000.0,1.334,1.877,9448000000.0,545000000.0,8903000000.0,9448000000.0,0.0,922000000.0,0.0,0.022,2.04,3490000000.0,4412000000.0,0.392,4412000000.0,3490000000.0,2965000000.0,6.1,6.04,6.1,11289000000.0,10470250000.0,11289000000.0,36638145748.0,10.0,8.304,1251000000.0,4.05,1.0,7175000000.0,0.638,0.0,525000000.0,38183000000.0,37091500000.0,223000000.0,2557000000.0,118000000.0,2439000000.0,21194000000.0,2305000000.0,18889000000.0,28676145748.0,790000000.0,0.0,-496000000.0,739000000.0,-637000000.0,-394000000.0,-1894000000.0,-67000000.0,3078000000.0,0.0,1910000000.0,1910000000.0,1910000000.0,0.0,0.0,0.17,3918000000.0,3257000000.0,1265000000.0,0.334,2.54,15.014,15.218,26645000000.0,0.0,92.83,2.55,2.55,1024000000.0,9339000000.0,11245000000.0,11245000000.0,0.0,0.061,0.182,0.094,0.31,0.0,3002000000.0,1.0,308910328.0,308910328.0,,36.402,32483000000.0,180000000.0,1055000000.0,8767000000.0,105.153,770000000.0
31,NSC,MRT,2013-09-30,2013-09-30,2013-09-30,2021-07-28,-1040000000.0,31365000000.0,30727750000.0,2494000000.0,28871000000.0,0.36,32.999,-1935000000.0,984000000.0,984000000.0,4075000000.0,1810000000.0,1.069,2.047,8946000000.0,447000000.0,8499000000.0,8946000000.0,0.0,921000000.0,0.0,0.026,2.02,3320000000.0,4241000000.0,0.384,4241000000.0,3320000000.0,2803000000.0,5.75,5.7,5.75,10294000000.0,10088000000.0,10294000000.0,32019547533.0,10.0,7.55,1058000000.0,3.392,1.0,6973000000.0,0.631,0.0,517000000.0,36995000000.0,36618250000.0,224000000.0,2415000000.0,20000000.0,2395000000.0,21071000000.0,2332000000.0,18739000000.0,24129547533.0,291000000.0,0.0,-598000000.0,440000000.0,-633000000.0,-791000000.0,-1911000000.0,24000000.0,2993000000.0,0.0,1810000000.0,1810000000.0,1810000000.0,0.0,0.0,0.164,3883000000.0,3090000000.0,1267000000.0,0.351,2.344,13.331,13.452,26413000000.0,0.0,77.35,2.184,2.184,1083000000.0,9045000000.0,11048000000.0,11048000000.0,0.0,0.059,0.179,0.091,0.301,0.0,2967000000.0,1.0,311952780.0,311952780.0,,35.416,31365000000.0,149000000.0,993000000.0,8315000000.0,100.544,162000000.0
32,NSC,MRT,2013-06-30,2013-06-30,2013-06-30,2021-07-28,-1063000000.0,30605000000.0,30346500000.0,2078000000.0,28527000000.0,0.36,32.334,-1912000000.0,587000000.0,587000000.0,4073000000.0,1730000000.0,1.145,2.004,8477000000.0,47000000.0,8430000000.0,8477000000.0,0.0,922000000.0,0.0,0.028,2.0,3205000000.0,4127000000.0,0.378,4127000000.0,3205000000.0,2695000000.0,5.46,5.41,5.46,10188000000.0,9956250000.0,10188000000.0,30704170734.0,10.0,7.44,996000000.0,3.161,1.0,6844000000.0,0.627,0.0,510000000.0,36680000000.0,36320250000.0,228000000.0,2366000000.0,0.0,2366000000.0,20417000000.0,1815000000.0,18602000000.0,22891170734.0,231000000.0,0.0,-630000000.0,453000000.0,-631000000.0,-808000000.0,-1869000000.0,43000000.0,2908000000.0,0.0,1730000000.0,1730000000.0,1730000000.0,0.0,0.0,0.158,3872000000.0,2972000000.0,1180000000.0,0.366,2.247,13.232,13.306,26098000000.0,0.0,72.65,2.097,2.097,1072000000.0,8954000000.0,10917000000.0,10917000000.0,0.0,0.057,0.174,0.088,0.294,0.0,2956000000.0,1.0,315088379.0,315088379.0,,34.647,30605000000.0,137000000.0,965000000.0,8258000000.0,97.131,263000000.0
33,NSC,MRT,2013-03-31,2013-03-31,2013-03-31,2021-07-28,-1086000000.0,30599000000.0,29993000000.0,2323000000.0,28276000000.0,0.366,32.145,-1950000000.0,672000000.0,672000000.0,4046000000.0,1789000000.0,1.22,2.027,8485000000.0,47000000.0,8438000000.0,8485000000.0,0.0,924000000.0,0.0,0.026,1.97,3305000000.0,4229000000.0,0.385,4229000000.0,3305000000.0,2801000000.0,5.61,5.55,5.61,10110000000.0,9853750000.0,10110000000.0,32271922108.0,10.0,7.631,803000000.0,2.553,1.0,6943000000.0,0.632,0.0,504000000.0,36508000000.0,35915250000.0,246000000.0,2356000000.0,15000000.0,2341000000.0,20489000000.0,1904000000.0,18585000000.0,24242922108.0,-157000000.0,0.0,-808000000.0,448000000.0,-626000000.0,-986000000.0,-1924000000.0,26000000.0,2753000000.0,0.0,1789000000.0,1789000000.0,1789000000.0,0.0,0.0,0.163,3873000000.0,3070000000.0,1188000000.0,0.351,2.398,13.551,13.74,25870000000.0,0.0,77.08,2.206,2.206,1158000000.0,8904000000.0,10989000000.0,10989000000.0,0.0,0.06,0.182,0.092,0.301,0.0,2954000000.0,1.0,314516374.0,314516374.0,,34.939,30599000000.0,167000000.0,1012000000.0,8240000000.0,97.289,419000000.0
34,NSC,MRT,2012-12-31,2012-12-31,2012-12-31,2021-07-28,-1109000000.0,30342000000.0,29687000000.0,2242000000.0,28100000000.0,0.372,30.882,-2049000000.0,653000000.0,653000000.0,4040000000.0,1749000000.0,1.077,2.109,8682000000.0,250000000.0,8432000000.0,8682000000.0,0.0,922000000.0,0.0,0.031,1.94,3253000000.0,4175000000.0,0.378,4175000000.0,3253000000.0,2758000000.0,5.42,5.37,5.42,9760000000.0,9780000000.0,9760000000.0,27331110560.0,8.0,6.546,1016000000.0,3.215,1.0,7000000000.0,0.634,0.0,495000000.0,36290000000.0,35446000000.0,216000000.0,2315000000.0,15000000.0,2300000000.0,20582000000.0,2081000000.0,18501000000.0,19544110560.0,377000000.0,0.0,-1199000000.0,1129000000.0,-624000000.0,-694000000.0,-1994000000.0,55000000.0,3065000000.0,0.0,1749000000.0,1749000000.0,1749000000.0,0.0,0.0,0.158,3876000000.0,3124000000.0,1362000000.0,0.358,2.002,11.174,11.41,25736000000.0,0.0,61.84,1.77,1.77,1109000000.0,8643000000.0,11040000000.0,11040000000.0,0.0,0.059,0.179,0.092,0.295,0.0,2960000000.0,1.0,316043185.0,316043185.0,,34.932,30342000000.0,167000000.0,1009000000.0,8038000000.0,96.006,161000000.0
35,NSC,MRT,2012-09-30,2012-09-30,2012-09-30,2021-07-28,-971000000.0,29840000000.0,29236000000.0,2199000000.0,27641000000.0,0.381,30.568,-2188000000.0,693000000.0,693000000.0,4071000000.0,1816000000.0,1.206,2.055,8480000000.0,52000000.0,8428000000.0,8480000000.0,0.0,911000000.0,0.0,0.029,1.87,3342000000.0,4253000000.0,0.381,4253000000.0,3342000000.0,2860000000.0,5.55,5.49,5.55,9767000000.0,9817750000.0,9767000000.0,27973848575.0,8.0,6.577,751000000.0,2.35,1.0,7082000000.0,0.635,0.0,482000000.0,35803000000.0,34898750000.0,236000000.0,2330000000.0,15000000.0,2315000000.0,20073000000.0,1824000000.0,18249000000.0,20330848575.0,451000000.0,0.0,-1488000000.0,1630000000.0,-611000000.0,-469000000.0,-2019000000.0,169000000.0,2939000000.0,0.0,1816000000.0,1816000000.0,1816000000.0,0.0,0.0,0.163,3872000000.0,3210000000.0,1260000000.0,0.337,2.082,11.195,11.465,25260000000.0,0.0,63.63,1.823,1.823,1078000000.0,8512000000.0,11153000000.0,11153000000.0,0.0,0.062,0.185,0.096,0.3,0.0,2968000000.0,1.0,319516715.0,319516715.0,,34.906,29840000000.0,144000000.0,1044000000.0,7953000000.0,93.391,375000000.0
36,NSC,MRT,2012-06-30,2012-06-30,2012-06-30,2021-07-28,-991000000.0,29191000000.0,28853750000.0,1884000000.0,27307000000.0,0.393,30.016,-2161000000.0,356000000.0,356000000.0,4061000000.0,1968000000.0,1.062,1.985,7999000000.0,27000000.0,7972000000.0,7999000000.0,0.0,897000000.0,0.0,0.025,1.8,3576000000.0,4473000000.0,0.394,4473000000.0,3576000000.0,3104000000.0,5.9,5.84,5.9,9778000000.0,9939750000.0,9778000000.0,30568022280.0,9.0,6.834,1029000000.0,3.159,1.0,7288000000.0,0.642,0.0,472000000.0,35060000000.0,34190500000.0,242000000.0,2293000000.0,15000000.0,2278000000.0,19413000000.0,1774000000.0,17639000000.0,23380022280.0,-322000000.0,0.0,-2011000000.0,1003000000.0,-601000000.0,-1609000000.0,-1903000000.0,258000000.0,3190000000.0,0.0,1968000000.0,1968000000.0,1968000000.0,0.0,0.0,0.173,3871000000.0,3417000000.0,1126000000.0,0.305,2.391,11.88,12.164,24968000000.0,0.0,71.77,2.06,2.06,1086000000.0,8544000000.0,11349000000.0,11349000000.0,0.0,0.068,0.198,0.105,0.315,0.0,2980000000.0,1.0,325763164.0,325763164.0,,34.838,29191000000.0,133000000.0,1136000000.0,7961000000.0,89.608,110000000.0
37,NSC,MRT,2012-03-31,2012-03-31,2012-03-31,2021-07-28,-1010000000.0,29375000000.0,28675500000.0,2332000000.0,27043000000.0,0.395,29.73,-2102000000.0,829000000.0,829000000.0,4113000000.0,2001000000.0,1.207,1.993,8017000000.0,32000000.0,7985000000.0,8017000000.0,0.0,882000000.0,0.0,0.026,1.73,3520000000.0,4402000000.0,0.388,4402000000.0,3520000000.0,3057000000.0,5.86,5.8,5.86,9815000000.0,10152000000.0,9815000000.0,28997202174.0,8.0,6.587,1508000000.0,4.568,1.0,7228000000.0,0.637,0.0,463000000.0,34631000000.0,33683750000.0,228000000.0,2265000000.0,2000000.0,2263000000.0,19560000000.0,1932000000.0,17628000000.0,21733202174.0,593000000.0,0.0,-1989000000.0,1387000000.0,-589000000.0,-1191000000.0,-1826000000.0,276000000.0,3610000000.0,0.0,2001000000.0,2001000000.0,2001000000.0,0.0,0.0,0.176,3870000000.0,3358000000.0,1243000000.0,0.295,2.214,10.861,11.234,24703000000.0,0.0,65.83,1.916,1.916,1056000000.0,8581000000.0,11341000000.0,11341000000.0,0.0,0.07,0.197,0.105,0.31,0.0,2995000000.0,1.0,330141306.0,330141306.0,,34.352,29375000000.0,146000000.0,1056000000.0,7910000000.0,88.977,400000000.0
38,NSC,MRT,2011-12-31,2011-12-31,2011-12-31,2021-07-28,-1026000000.0,28538000000.0,28263750000.0,1751000000.0,26787000000.0,0.395,29.488,-2076000000.0,276000000.0,276000000.0,4123000000.0,1916000000.0,1.029,1.879,7540000000.0,150000000.0,7390000000.0,7540000000.0,0.0,869000000.0,0.0,0.023,1.66,3373000000.0,4242000000.0,0.38,4242000000.0,3373000000.0,2918000000.0,5.52,5.45,5.52,9911000000.0,10348500000.0,9911000000.0,31083698971.0,9.0,7.328,1151000000.0,3.425,1.0,7049000000.0,0.631,0.0,455000000.0,34101000000.0,33161500000.0,209000000.0,2259000000.0,25000000.0,2234000000.0,18627000000.0,1701000000.0,16926000000.0,24488698971.0,-551000000.0,0.0,-1931000000.0,501000000.0,-576000000.0,-2006000000.0,-1772000000.0,304000000.0,3227000000.0,0.0,1916000000.0,1916000000.0,1916000000.0,0.0,0.0,0.172,3836000000.0,3213000000.0,1092000000.0,0.301,2.471,12.781,13.199,24469000000.0,0.0,72.86,2.192,2.192,1022000000.0,8693000000.0,11172000000.0,11172000000.0,0.0,0.068,0.185,0.102,0.302,0.0,2974000000.0,1.0,336106217.0,336106217.0,,33.239,28538000000.0,143000000.0,1002000000.0,7693000000.0,84.908,50000000.0
39,NSC,MRT,2011-09-30,2011-09-30,2011-09-30,2021-07-28,-753000000.0,28311000000.0,28179000000.0,1825000000.0,26486000000.0,0.382,29.488,-1910000000.0,242000000.0,242000000.0,3965000000.0,1838000000.0,0.943,1.761,6837000000.0,55000000.0,6782000000.0,6837000000.0,0.0,855000000.0,0.0,0.026,1.59,3211000000.0,4066000000.0,0.378,4066000000.0,3211000000.0,2757000000.0,5.21,5.14,5.21,10255000000.0,10538000000.0,10255000000.0,27529143852.0,9.0,6.771,1440000000.0,4.141,1.0,6802000000.0,0.632,0.0,454000000.0,32970000000.0,32715000000.0,212000000.0,2392000000.0,152000000.0,2240000000.0,18056000000.0,1936000000.0,16120000000.0,21221143852.0,-887000000.0,0.0,-1912000000.0,-108000000.0,-562000000.0,-2582000000.0,-1655000000.0,255000000.0,3350000000.0,0.0,1838000000.0,1838000000.0,1838000000.0,0.0,0.0,0.171,3747000000.0,3055000000.0,1329000000.0,0.305,2.069,11.546,11.712,23978000000.0,0.0,61.02,1.971,1.971,1029000000.0,8759000000.0,10767000000.0,10767000000.0,0.0,0.065,0.174,0.098,0.298,0.0,2899000000.0,1.0,347773580.0,347773580.0,,30.96,28311000000.0,160000000.0,919000000.0,7771000000.0,81.406,-111000000.0
40,NSC,MRT,2011-06-30,2011-06-30,2011-06-30,2021-07-28,-770000000.0,28478000000.0,28116750000.0,2315000000.0,26163000000.0,0.368,30.086,-1693000000.0,678000000.0,678000000.0,3793000000.0,1729000000.0,1.321,1.68,6986000000.0,55000000.0,6931000000.0,6986000000.0,0.0,843000000.0,0.0,0.02,1.52,3040000000.0,3883000000.0,0.376,3883000000.0,3040000000.0,2587000000.0,4.81,4.74,4.81,10627000000.0,10671500000.0,10627000000.0,32847524409.0,11.0,8.459,1339000000.0,3.791,1.0,6541000000.0,0.633,0.0,453000000.0,33033000000.0,32450750000.0,201000000.0,2463000000.0,228000000.0,2235000000.0,17851000000.0,1753000000.0,16098000000.0,26466524409.0,-177000000.0,0.0,-1425000000.0,287000000.0,-545000000.0,-1683000000.0,-1526000000.0,167000000.0,3032000000.0,0.0,1729000000.0,1729000000.0,1729000000.0,0.0,0.0,0.167,3678000000.0,2863000000.0,1254000000.0,0.316,2.49,15.307,15.578,23671000000.0,0.0,74.93,2.561,2.561,991000000.0,9097000000.0,10334000000.0,10334000000.0,0.0,0.061,0.162,0.094,0.294,0.0,2843000000.0,1.0,353216661.0,353216661.0,,29.257,28478000000.0,163000000.0,858000000.0,7532000000.0,80.625,562000000.0
41,NSC,MRT,2011-03-31,2011-03-31,2011-03-31,2021-07-28,-786000000.0,27728000000.0,27905500000.0,1832000000.0,25896000000.0,0.355,29.769,-1550000000.0,236000000.0,236000000.0,3577000000.0,1564000000.0,1.169,1.616,6617000000.0,63000000.0,6554000000.0,6617000000.0,0.0,833000000.0,0.0,0.021,1.46,2881000000.0,3714000000.0,0.375,3714000000.0,2881000000.0,2426000000.0,4.29,4.22,4.29,10601000000.0,10705000000.0,10601000000.0,30865694744.0,11.0,8.311,1058000000.0,2.971,1.0,6321000000.0,0.639,0.0,455000000.0,32542000000.0,32075000000.0,190000000.0,2451000000.0,252000000.0,2199000000.0,17127000000.0,1567000000.0,15560000000.0,24667694744.0,-925000000.0,0.0,-1106000000.0,-419000000.0,-530000000.0,-2055000000.0,-1478000000.0,72000000.0,2608000000.0,0.0,1564000000.0,1564000000.0,1564000000.0,0.0,0.0,0.158,3600000000.0,2721000000.0,1093000000.0,0.34,2.327,15.772,16.147,23451000000.0,0.0,69.27,2.492,2.492,934000000.0,9094000000.0,9898000000.0,9898000000.0,0.0,0.056,0.146,0.09,0.291,0.0,2774000000.0,1.0,356109351.0,356109351.0,,27.795,27728000000.0,148000000.0,862000000.0,7314000000.0,77.864,265000000.0
42,NSC,MRT,2010-12-31,2010-12-31,2010-12-31,2021-07-28,-805000000.0,28199000000.0,27906000000.0,2471000000.0,25728000000.0,0.341,29.361,-1373000000.0,827000000.0,827000000.0,3313000000.0,1496000000.0,1.187,1.643,7025000000.0,458000000.0,6567000000.0,7025000000.0,0.0,826000000.0,0.0,0.022,1.4,2829000000.0,3655000000.0,0.384,3655000000.0,2829000000.0,2367000000.0,4.06,4.0,4.06,10669000000.0,10695750000.0,10669000000.0,28633036578.0,10.0,7.834,1341000000.0,3.69,1.0,6203000000.0,0.652,0.0,462000000.0,32315000000.0,31790250000.0,169000000.0,2476000000.0,283000000.0,2193000000.0,17530000000.0,2082000000.0,15448000000.0,22827036578.0,-169000000.0,0.0,-774000000.0,-139000000.0,-514000000.0,-1427000000.0,-1456000000.0,-83000000.0,2714000000.0,0.0,1496000000.0,1496000000.0,1496000000.0,0.0,0.0,0.157,3527000000.0,2676000000.0,1181000000.0,0.345,2.14,15.259,15.473,23231000000.0,0.0,62.82,2.399,2.399,807000000.0,9224000000.0,9516000000.0,9516000000.0,0.0,0.054,0.14,0.089,0.297,0.0,2708000000.0,1.0,363372120.0,363372120.0,,26.188,28199000000.0,145000000.0,871000000.0,7287000000.0,77.604,389000000.0
43,NSC,MRT,2010-09-30,2010-09-30,2010-09-30,2021-07-28,-804000000.0,28062000000.0,27698500000.0,2633000000.0,25429000000.0,0.333,29.269,-1183000000.0,1129000000.0,1129000000.0,3160000000.0,1401000000.0,1.347,1.601,6935000000.0,361000000.0,6574000000.0,6935000000.0,0.0,832000000.0,0.0,0.023,1.38,2738000000.0,3570000000.0,0.387,3570000000.0,2738000000.0,2272000000.0,3.78,3.73,3.78,10789000000.0,10616750000.0,10789000000.0,27770308167.0,10.0,7.779,1430000000.0,3.879,1.0,6070000000.0,0.658,0.0,466000000.0,31913000000.0,31645750000.0,179000000.0,2536000000.0,229000000.0,2307000000.0,17273000000.0,1955000000.0,15318000000.0,21936308167.0,130000000.0,0.0,-344000000.0,-139000000.0,-510000000.0,-993000000.0,-1490000000.0,-307000000.0,2613000000.0,0.0,1401000000.0,1401000000.0,1401000000.0,0.0,0.0,0.152,3487000000.0,2583000000.0,1131000000.0,0.365,2.033,15.658,15.743,22893000000.0,0.0,59.51,2.377,2.377,908000000.0,9339000000.0,9230000000.0,9230000000.0,0.0,0.051,0.132,0.087,0.297,0.0,2662000000.0,1.0,368615496.0,368615496.0,,25.04,28062000000.0,153000000.0,871000000.0,7076000000.0,76.128,678000000.0
44,NSC,MRT,2010-06-30,2010-06-30,2010-06-30,2021-07-28,-820000000.0,27633000000.0,27451750000.0,2328000000.0,25305000000.0,0.322,29.079,-1224000000.0,855000000.0,855000000.0,3027000000.0,1259000000.0,1.202,1.568,6689000000.0,363000000.0,6326000000.0,6689000000.0,0.0,838000000.0,0.0,0.026,1.36,2510000000.0,3348000000.0,0.379,3348000000.0,2510000000.0,2039000000.0,3.39,3.35,3.39,10761000000.0,10436000000.0,10761000000.0,25497469315.0,10.0,7.616,1375000000.0,3.716,1.0,5810000000.0,0.657,0.0,471000000.0,31530000000.0,31486250000.0,179000000.0,2498000000.0,205000000.0,2293000000.0,16872000000.0,1937000000.0,14935000000.0,19631469315.0,133000000.0,0.0,-30000000.0,-401000000.0,-502000000.0,-933000000.0,-1533000000.0,-309000000.0,2599000000.0,0.0,1259000000.0,1259000000.0,1259000000.0,0.0,0.0,0.142,3411000000.0,2399000000.0,1064000000.0,0.401,1.824,15.593,15.649,22786000000.0,0.0,53.05,2.222,2.222,892000000.0,9317000000.0,8837000000.0,8837000000.0,0.0,0.046,0.121,0.08,0.284,0.0,2580000000.0,1.0,370055972.0,370055972.0,,23.88,27633000000.0,148000000.0,780000000.0,7044000000.0,74.672,391000000.0
45,NSC,MRT,2010-03-31,2010-03-31,2010-03-31,2021-07-28,-834000000.0,27730000000.0,27201750000.0,2646000000.0,25084000000.0,0.304,28.578,-1229000000.0,1161000000.0,1161000000.0,2835000000.0,1114000000.0,1.207,1.625,7027000000.0,648000000.0,6379000000.0,7027000000.0,0.0,842000000.0,0.0,0.024,1.36,2264000000.0,3106000000.0,0.376,3106000000.0,2264000000.0,1795000000.0,3.0,2.97,3.0,10564000000.0,10210500000.0,10564000000.0,26817025160.0,12.0,8.634,1035000000.0,2.8,1.0,5429000000.0,0.657,0.0,469000000.0,31403000000.0,31417500000.0,180000000.0,2391000000.0,225000000.0,2166000000.0,17166000000.0,2193000000.0,14973000000.0,20660025160.0,277000000.0,0.0,81000000.0,0.0,-501000000.0,-420000000.0,-1567000000.0,-338000000.0,2264000000.0,0.0,1114000000.0,1114000000.0,1114000000.0,0.0,0.0,0.135,3295000000.0,2134000000.0,987000000.0,0.453,1.956,18.546,18.63,22697000000.0,0.0,55.89,2.5,2.5,867000000.0,9156000000.0,8264000000.0,8264000000.0,0.0,0.041,0.109,0.072,0.274,0.0,2461000000.0,1.0,369655129.0,369655129.0,,22.356,27730000000.0,145000000.0,681000000.0,7052000000.0,75.016,453000000.0
46,NSC,MRT,2009-12-31,2009-12-31,2009-12-31,2021-07-28,-853000000.0,27369000000.0,26905750000.0,2246000000.0,25123000000.0,0.296,28.141,-1215000000.0,996000000.0,996000000.0,2769000000.0,1034000000.0,1.255,1.644,7153000000.0,474000000.0,6679000000.0,7153000000.0,0.0,845000000.0,0.0,0.026,1.36,2089000000.0,2934000000.0,0.368,2934000000.0,2089000000.0,1622000000.0,2.79,2.76,2.79,10353000000.0,9997000000.0,10353000000.0,25350999024.0,12.0,8.64,645000000.0,1.753,1.0,5200000000.0,0.653,0.0,467000000.0,31737000000.0,31211500000.0,164000000.0,2254000000.0,90000000.0,2164000000.0,17016000000.0,1789000000.0,15227000000.0,19284999024.0,378000000.0,0.0,66000000.0,403000000.0,-500000000.0,-31000000.0,-1451000000.0,-236000000.0,1860000000.0,0.0,1034000000.0,1034000000.0,1034000000.0,0.0,0.0,0.13,3238000000.0,1962000000.0,974000000.0,0.487,1.863,18.651,18.789,22643000000.0,0.0,52.42,2.42,2.42,766000000.0,9027000000.0,7969000000.0,7969000000.0,0.0,0.038,0.103,0.067,0.262,0.0,2401000000.0,1.0,367893915.0,367893915.0,,21.661,27369000000.0,142000000.0,588000000.0,6856000000.0,74.394,457000000.0
47,NSC,MRT,2009-09-30,2009-09-30,2009-09-30,2021-07-28,-912000000.0,27075000000.0,26637750000.0,2233000000.0,24842000000.0,0.314,27.38,-1277000000.0,999000000.0,999000000.0,2912000000.0,1179000000.0,1.197,1.69,7065000000.0,380000000.0,6685000000.0,7065000000.0,0.0,839000000.0,0.0,0.031,1.34,2334000000.0,3173000000.0,0.379,3173000000.0,2334000000.0,1874000000.0,3.19,3.16,3.19,10066000000.0,9810500000.0,10066000000.0,22208815550.0,10.0,6.999,738000000.0,2.007,1.0,5453000000.0,0.652,0.0,460000000.0,31275000000.0,30837500000.0,172000000.0,2067000000.0,0.0,2067000000.0,17009000000.0,1866000000.0,15143000000.0,15848815550.0,442000000.0,0.0,-192000000.0,496000000.0,-492000000.0,-188000000.0,-1385000000.0,-108000000.0,2015000000.0,0.0,1179000000.0,1179000000.0,1179000000.0,0.0,0.0,0.141,3227000000.0,2226000000.0,980000000.0,0.42,1.574,13.443,13.514,22490000000.0,0.0,43.11,1.895,1.895,855000000.0,8848000000.0,8365000000.0,8365000000.0,0.0,0.044,0.12,0.076,0.279,0.0,2397000000.0,1.0,367636640.0,367636640.0,,22.753,27075000000.0,152000000.0,695000000.0,6785000000.0,73.646,367000000.0
48,NSC,MRT,2009-06-30,2009-06-30,2009-06-30,2021-07-28,-922000000.0,26633000000.0,26548250000.0,1936000000.0,24697000000.0,0.346,26.861,-1378000000.0,722000000.0,722000000.0,3310000000.0,1396000000.0,1.114,1.701,7082000000.0,394000000.0,6688000000.0,7082000000.0,0.0,831000000.0,0.0,0.035,1.32,2668000000.0,3499000000.0,0.38,3499000000.0,2668000000.0,2215000000.0,3.76,3.72,3.76,9859000000.0,9805500000.0,9859000000.0,19877315772.0,7.0,5.681,922000000.0,2.512,1.0,5886000000.0,0.64,0.0,453000000.0,31255000000.0,30600750000.0,188000000.0,2027000000.0,0.0,2027000000.0,16774000000.0,1738000000.0,15036000000.0,13826315772.0,268000000.0,0.0,-558000000.0,498000000.0,-488000000.0,-548000000.0,-1484000000.0,-106000000.0,2300000000.0,0.0,1396000000.0,1396000000.0,1396000000.0,0.0,0.0,0.152,3328000000.0,2558000000.0,945000000.0,0.351,1.402,9.904,10.019,22375000000.0,0.0,37.67,1.504,1.504,800000000.0,8671000000.0,9196000000.0,9196000000.0,0.0,0.053,0.142,0.087,0.29,0.0,2507000000.0,1.0,367037849.0,367037849.0,,25.055,26633000000.0,136000000.0,819000000.0,6605000000.0,72.562,198000000.0
49,NSC,MRT,2009-03-31,2009-03-31,2009-03-31,2021-07-28,-933000000.0,26546000000.0,26493500000.0,2194000000.0,24352000000.0,0.381,26.497,-1390000000.0,884000000.0,884000000.0,3784000000.0,1602000000.0,1.087,1.734,6935000000.0,468000000.0,6467000000.0,6935000000.0,0.0,824000000.0,0.0,0.038,1.27,3009000000.0,3833000000.0,0.379,3833000000.0,3009000000.0,2557000000.0,4.29,4.24,4.29,9710000000.0,9838750000.0,9710000000.0,18417051325.0,6.0,4.805,1075000000.0,2.933,1.0,6320000000.0,0.625,0.0,452000000.0,30579000000.0,30367250000.0,191000000.0,1806000000.0,0.0,1806000000.0,16836000000.0,2018000000.0,14818000000.0,12368051325.0,520000000.0,0.0,-688000000.0,440000000.0,-472000000.0,-720000000.0,-1225000000.0,165000000.0,2465000000.0,0.0,1602000000.0,1602000000.0,1602000000.0,0.0,0.0,0.159,3431000000.0,2889000000.0,952000000.0,0.296,1.274,7.72,7.867,22292000000.0,0.0,33.75,1.224,1.224,831000000.0,8551000000.0,10104000000.0,10104000000.0,0.0,0.06,0.163,0.099,0.298,0.0,2618000000.0,1.0,366460780.0,366460780.0,,27.572,26546000000.0,161000000.0,955000000.0,6717000000.0,72.439,176000000.0
50,NSC,MRT,2008-12-31,2008-12-31,2008-12-31,2021-07-28,-942000000.0,26297000000.0,26473250000.0,1999000000.0,24298000000.0,0.403,25.945,-1449000000.0,618000000.0,618000000.0,4089000000.0,1716000000.0,0.95,1.737,6667000000.0,484000000.0,6183000000.0,6667000000.0,0.0,815000000.0,0.0,0.026,1.22,3194000000.0,4009000000.0,0.376,4009000000.0,3194000000.0,2750000000.0,4.58,4.52,4.58,9607000000.0,9848250000.0,9607000000.0,23335640642.0,7.0,5.821,1266000000.0,3.419,1.0,6572000000.0,0.616,0.0,444000000.0,30241000000.0,30314250000.0,194000000.0,1779000000.0,0.0,1779000000.0,16690000000.0,2105000000.0,14585000000.0,17421640642.0,412000000.0,0.0,-899000000.0,280000000.0,-456000000.0,-1075000000.0,-1228000000.0,221000000.0,2715000000.0,0.0,1716000000.0,1716000000.0,1716000000.0,0.0,0.0,0.161,3488000000.0,3084000000.0,1140000000.0,0.266,1.813,10.152,10.273,22247000000.0,0.0,47.05,1.634,1.634,870000000.0,8501000000.0,10661000000.0,10661000000.0,0.0,0.065,0.174,0.105,0.3,0.0,2684000000.0,1.0,370279291.0,370279291.0,,28.792,26297000000.0,149000000.0,1034000000.0,6633000000.0,71.019,-106000000.0
51,NSC,MRT,2008-09-30,2008-09-30,2008-09-30,2021-07-28,-389000000.0,26717000000.0,26435000000.0,2082000000.0,24635000000.0,0.401,26.775,-1457000000.0,557000000.0,557000000.0,4163000000.0,1663000000.0,0.904,1.659,6471000000.0,488000000.0,5983000000.0,6471000000.0,0.0,805000000.0,0.0,0.018,1.16,3083000000.0,3888000000.0,0.366,3888000000.0,3083000000.0,2643000000.0,4.38,4.33,4.38,10046000000.0,9878250000.0,10046000000.0,30876939959.0,10.0,7.942,1140000000.0,3.038,1.0,6450000000.0,0.608,0.0,440000000.0,30328000000.0,30343500000.0,210000000.0,1827000000.0,0.0,1827000000.0,16671000000.0,2303000000.0,14368000000.0,24841939959.0,152000000.0,0.0,-1085000000.0,314000000.0,-439000000.0,-1210000000.0,-1235000000.0,222000000.0,2597000000.0,0.0,1663000000.0,1663000000.0,1663000000.0,0.0,0.0,0.157,3493000000.0,2957000000.0,1225000000.0,0.265,2.473,14.938,15.116,22032000000.0,0.0,66.21,2.341,2.341,1076000000.0,8375000000.0,10613000000.0,10613000000.0,0.0,0.063,0.168,0.102,0.29,0.0,2698000000.0,1.0,375199214.0,375199214.0,,28.286,26717000000.0,172000000.0,980000000.0,6899000000.0,71.208,-221000000.0
52,NSC,MRT,2008-06-30,2008-06-30,2008-06-30,2021-07-28,-392000000.0,26414000000.0,26245750000.0,2026000000.0,24388000000.0,0.384,26.592,-1321000000.0,454000000.0,454000000.0,3931000000.0,1529000000.0,0.952,1.644,6489000000.0,486000000.0,6003000000.0,6489000000.0,0.0,798000000.0,0.0,0.018,1.1,2862000000.0,3660000000.0,0.363,3660000000.0,2862000000.0,2426000000.0,3.98,3.93,3.98,9992000000.0,9836500000.0,9992000000.0,29677582332.0,10.0,8.109,933000000.0,2.483,1.0,6141000000.0,0.61,0.0,436000000.0,30321000000.0,30181500000.0,203000000.0,1804000000.0,0.0,1804000000.0,16422000000.0,2128000000.0,14294000000.0,23548582332.0,55000000.0,0.0,-1057000000.0,312000000.0,-421000000.0,-1166000000.0,-1033000000.0,288000000.0,2254000000.0,0.0,1529000000.0,1529000000.0,1529000000.0,0.0,0.0,0.152,3397000000.0,2744000000.0,1114000000.0,0.276,2.357,15.401,15.746,21824000000.0,0.0,62.67,2.338,2.338,1084000000.0,8351000000.0,10072000000.0,10072000000.0,0.0,0.058,0.155,0.095,0.284,0.0,2609000000.0,1.0,375755263.0,375755263.0,,26.805,26414000000.0,169000000.0,897000000.0,6761000000.0,70.296,-102000000.0
53,NSC,MRT,2008-03-31,2008-03-31,2008-03-31,2021-07-28,-395000000.0,26465000000.0,26125000000.0,2036000000.0,24429000000.0,0.371,25.903,-1318000000.0,364000000.0,364000000.0,3693000000.0,1470000000.0,0.914,1.715,6493000000.0,276000000.0,6217000000.0,6493000000.0,0.0,792000000.0,0.0,0.019,1.03,2728000000.0,3520000000.0,0.363,3520000000.0,2728000000.0,2293000000.0,3.78,3.73,3.78,9748000000.0,9816500000.0,9748000000.0,26604390526.0,10.0,7.558,1033000000.0,2.745,1.0,5992000000.0,0.619,0.0,435000000.0,30367000000.0,30031000000.0,194000000.0,1937000000.0,0.0,1937000000.0,16717000000.0,2227000000.0,14490000000.0,20442390526.0,-106000000.0,0.0,-983000000.0,-60000000.0,-398000000.0,-1441000000.0,-1016000000.0,302000000.0,2351000000.0,0.0,1470000000.0,1470000000.0,1470000000.0,0.0,0.0,0.152,3357000000.0,2635000000.0,1337000000.0,0.272,2.097,13.906,14.37,21697000000.0,0.0,54.32,2.111,2.111,1125000000.0,8210000000.0,9685000000.0,9685000000.0,0.0,0.056,0.15,0.091,0.282,0.0,2576000000.0,1.0,376332668.0,376332668.0,,25.735,26465000000.0,230000000.0,823000000.0,6822000000.0,70.323,-191000000.0
54,NSC,MRT,2007-12-31,2007-12-31,2007-12-31,2021-07-28,-399000000.0,26144000000.0,26016250000.0,1675000000.0,24469000000.0,0.363,25.119,-1217000000.0,206000000.0,206000000.0,3520000000.0,1464000000.0,0.86,1.688,6368000000.0,369000000.0,5999000000.0,6368000000.0,0.0,786000000.0,0.0,0.019,0.96,2678000000.0,3464000000.0,0.367,3464000000.0,2678000000.0,2237000000.0,3.73,3.68,3.73,9727000000.0,9786500000.0,9727000000.0,25274410517.0,9.0,7.296,1116000000.0,2.882,1.0,5912000000.0,0.627,0.0,441000000.0,30358000000.0,29925250000.0,176000000.0,1974000000.0,0.0,1974000000.0,16417000000.0,1948000000.0,14469000000.0,19532410517.0,-321000000.0,0.0,-1013000000.0,-239000000.0,-377000000.0,-1629000000.0,-1025000000.0,192000000.0,2333000000.0,0.0,1464000000.0,1464000000.0,1464000000.0,0.0,0.0,0.155,3327000000.0,2585000000.0,1139000000.0,0.257,2.008,13.342,13.523,21583000000.0,0.0,50.44,2.071,2.071,942000000.0,8280000000.0,9432000000.0,9432000000.0,0.0,0.056,0.15,0.089,0.284,0.0,2552000000.0,1.0,387240494.0,387240494.0,,24.357,26144000000.0,190000000.0,773000000.0,6634000000.0,67.514,-273000000.0
55,NSC,MRT,2007-09-30,2007-09-30,2007-09-30,2021-07-28,-353000000.0,25960000000.0,25987250000.0,1851000000.0,24109000000.0,0.358,25.099,-1073000000.0,405000000.0,405000000.0,3792000000.0,1450000000.0,0.915,1.628,6147000000.0,383000000.0,5764000000.0,6147000000.0,0.0,777000000.0,0.0,0.017,0.88,2612000000.0,3389000000.0,0.365,3389000000.0,2612000000.0,2164000000.0,3.66,3.61,3.66,9879000000.0,9758500000.0,9879000000.0,26196865441.0,10.0,7.73,1227000000.0,3.117,1.0,5505000000.0,0.592,0.0,448000000.0,29680000000.0,29837750000.0,173000000.0,1947000000.0,13000000.0,1934000000.0,16081000000.0,2022000000.0,14059000000.0,20431865441.0,135000000.0,0.0,-594000000.0,-481000000.0,-347000000.0,-1422000000.0,-743000000.0,330000000.0,2300000000.0,0.0,1450000000.0,1450000000.0,1450000000.0,0.0,0.0,0.156,2992000000.0,2513000000.0,1127000000.0,0.24,2.068,14.091,14.183,21345000000.0,0.0,51.91,2.198,2.198,1013000000.0,8373000000.0,9297000000.0,9297000000.0,0.0,0.056,0.149,0.088,0.281,0.0,2584000000.0,1.0,393601723.0,393601723.0,,23.62,25960000000.0,188000000.0,714000000.0,6610000000.0,65.955,-171000000.0
56,NSC,MRT,2007-06-30,2007-06-30,2007-06-30,2021-07-28,-357000000.0,25931000000.0,25991750000.0,1949000000.0,23982000000.0,0.359,25.207,-1064000000.0,399000000.0,399000000.0,3692000000.0,1480000000.0,0.986,1.616,6164000000.0,388000000.0,5776000000.0,6164000000.0,0.0,768000000.0,0.0,0.015,0.8,2656000000.0,3424000000.0,0.367,3424000000.0,2656000000.0,2195000000.0,3.71,3.66,3.71,9912000000.0,9683500000.0,9912000000.0,26734705984.0,10.0,7.808,1181000000.0,3.003,1.0,5645000000.0,0.605,0.0,461000000.0,29719000000.0,29953750000.0,174000000.0,2010000000.0,93000000.0,1917000000.0,16019000000.0,1977000000.0,14042000000.0,20671705984.0,142000000.0,0.0,-988000000.0,-701000000.0,-319000000.0,-2008000000.0,-95000000.0,969000000.0,2245000000.0,0.0,1480000000.0,1480000000.0,1480000000.0,0.0,0.0,0.159,3098000000.0,2547000000.0,1158000000.0,0.216,2.086,13.967,14.17,21245000000.0,0.0,52.57,2.214,2.214,1001000000.0,8402000000.0,9337000000.0,9337000000.0,0.0,0.057,0.153,0.089,0.284,0.0,2589000000.0,1.0,393222484.0,393222484.0,,23.745,25931000000.0,199000000.0,715000000.0,6536000000.0,65.945,-28000000.0
57,NSC,MRT,2007-03-31,2007-03-31,2007-03-31,2021-07-28,-364000000.0,26030000000.0,26148750000.0,2287000000.0,23743000000.0,0.358,24.253,-1055000000.0,470000000.0,470000000.0,3587000000.0,1461000000.0,1.064,1.704,6533000000.0,533000000.0,6000000000.0,6533000000.0,0.0,759000000.0,0.0,0.015,0.74,2655000000.0,3414000000.0,0.365,3414000000.0,2655000000.0,2184000000.0,3.62,3.57,3.62,9628000000.0,9693250000.0,9628000000.0,26160504908.0,10.0,7.663,1227000000.0,3.091,1.0,5764000000.0,0.616,0.0,471000000.0,29944000000.0,30230000000.0,161000000.0,2201000000.0,374000000.0,1827000000.0,16402000000.0,2149000000.0,14253000000.0,20087504908.0,-56000000.0,0.0,-1018000000.0,-371000000.0,-300000000.0,-1689000000.0,-649000000.0,406000000.0,2282000000.0,0.0,1461000000.0,1461000000.0,1461000000.0,0.0,0.0,0.156,3230000000.0,2534000000.0,1084000000.0,0.204,2.086,13.749,13.978,21128000000.0,0.0,50.6,2.148,2.148,991000000.0,8236000000.0,9351000000.0,9351000000.0,0.0,0.056,0.151,0.088,0.284,0.0,2597000000.0,1.0,396986263.0,396986263.0,,23.555,26030000000.0,185000000.0,723000000.0,6577000000.0,65.569,138000000.0
58,NSC,MRT,2006-12-31,2006-12-31,2006-12-31,2021-07-28,-369000000.0,26028000000.0,26201500000.0,2400000000.0,23628000000.0,0.359,24.226,-1059000000.0,527000000.0,527000000.0,3475000000.0,1481000000.0,1.147,1.707,6600000000.0,491000000.0,6109000000.0,6600000000.0,0.0,750000000.0,0.0,0.014,0.68,2706000000.0,3456000000.0,0.367,3456000000.0,2706000000.0,2230000000.0,3.63,3.57,3.63,9615000000.0,9713500000.0,9615000000.0,26314692243.0,10.0,7.614,1147000000.0,2.89,1.0,5932000000.0,0.631,0.0,476000000.0,30008000000.0,30407000000.0,151000000.0,2146000000.0,391000000.0,1755000000.0,16413000000.0,2093000000.0,14320000000.0,19959692243.0,238000000.0,0.0,-667000000.0,-339000000.0,-278000000.0,-1284000000.0,-684000000.0,375000000.0,2206000000.0,0.0,1481000000.0,1481000000.0,1481000000.0,0.0,0.0,0.157,3375000000.0,2557000000.0,1181000000.0,0.187,2.076,13.477,13.854,21098000000.0,0.0,50.29,2.122,2.122,992000000.0,8283000000.0,9407000000.0,9407000000.0,0.0,0.057,0.152,0.089,0.288,0.0,2637000000.0,1.0,396891872.0,396891872.0,,23.702,26028000000.0,186000000.0,749000000.0,6649000000.0,65.58,307000000.0
59,NSC,MRT,2006-09-30,2006-09-30,2006-09-30,2021-07-28,-87000000.0,25978000000.0,26159250000.0,2216000000.0,23762000000.0,0.357,23.148,-1168000000.0,270000000.0,270000000.0,3456000000.0,1458000000.0,1.012,1.712,6625000000.0,484000000.0,6141000000.0,6625000000.0,0.0,756000000.0,0.0,0.014,0.63,2677000000.0,3433000000.0,0.367,3433000000.0,2677000000.0,2195000000.0,3.58,3.5,3.58,9579000000.0,9628750000.0,9579000000.0,24836816504.0,9.0,7.235,1052000000.0,2.542,1.0,5889000000.0,0.63,0.0,482000000.0,30144000000.0,30549750000.0,158000000.0,2312000000.0,533000000.0,1779000000.0,16399000000.0,2189000000.0,14210000000.0,18228816504.0,-39000000.0,0.0,-596000000.0,-237000000.0,-260000000.0,-1093000000.0,-1166000000.0,2000000.0,2220000000.0,0.0,1458000000.0,1458000000.0,1458000000.0,0.0,0.0,0.156,3352000000.0,2537000000.0,1168000000.0,0.176,1.903,12.503,12.304,20970000000.0,0.0,44.05,1.951,1.951,1027000000.0,8028000000.0,9345000000.0,9345000000.0,0.0,0.056,0.151,0.088,0.286,0.0,2618000000.0,1.0,413821033.0,413821033.0,,22.582,25978000000.0,176000000.0,737000000.0,6852000000.0,62.776,27000000.0
60,NSC,MRT,2006-06-30,2006-06-30,2006-06-30,2021-07-28,-89000000.0,26559000000.0,26023000000.0,2910000000.0,23649000000.0,0.35,23.996,-1094000000.0,257000000.0,257000000.0,3379000000.0,1343000000.0,1.242,1.669,6865000000.0,690000000.0,6175000000.0,6865000000.0,0.0,766000000.0,0.0,0.011,0.58,2481000000.0,3247000000.0,0.357,3247000000.0,2481000000.0,2000000000.0,3.28,3.21,3.28,9951000000.0,9463000000.0,9951000000.0,28441933573.0,11.0,8.759,1249000000.0,3.012,1.0,5728000000.0,0.629,0.0,481000000.0,30824000000.0,30538750000.0,146000000.0,3022000000.0,1278000000.0,1744000000.0,16608000000.0,2343000000.0,14265000000.0,22069933573.0,-174000000.0,0.0,170000000.0,-32000000.0,-239000000.0,-101000000.0,-2416000000.0,-1322000000.0,2343000000.0,0.0,1343000000.0,1343000000.0,1343000000.0,0.0,0.0,0.147,3378000000.0,2350000000.0,1115000000.0,0.177,2.218,16.433,16.226,20886000000.0,0.0,53.22,2.423,2.423,990000000.0,8350000000.0,9107000000.0,9107000000.0,0.0,0.052,0.142,0.081,0.272,0.0,2623000000.0,1.0,414692476.0,414692476.0,,21.961,26559000000.0,175000000.0,657000000.0,6908000000.0,64.045,567000000.0
61,NSC,MRT,2006-03-31,2006-03-31,2006-03-31,2021-07-28,-85000000.0,26241000000.0,25610000000.0,2944000000.0,23297000000.0,0.346,23.889,-979000000.0,526000000.0,526000000.0,3256000000.0,1392000000.0,1.501,1.703,6898000000.0,348000000.0,6550000000.0,6898000000.0,0.0,775000000.0,0.0,0.01,0.53,2372000000.0,3147000000.0,0.355,3147000000.0,2372000000.0,1886000000.0,3.42,3.36,3.42,9709000000.0,9130500000.0,9709000000.0,28616140755.0,12.0,9.093,1228000000.0,3.022,1.0,5613000000.0,0.633,0.0,486000000.0,30652000000.0,30294750000.0,143000000.0,2639000000.0,1016000000.0,1623000000.0,16532000000.0,1961000000.0,14571000000.0,21975140755.0,-338000000.0,0.0,244000000.0,-682000000.0,-216000000.0,-654000000.0,-1891000000.0,-912000000.0,2207000000.0,0.0,1392000000.0,1392000000.0,1392000000.0,0.0,0.0,0.157,3348000000.0,2265000000.0,1036000000.0,0.155,2.263,15.787,15.81,20756000000.0,0.0,54.07,2.478,2.478,985000000.0,8158000000.0,8869000000.0,8869000000.0,0.0,0.054,0.152,0.078,0.267,0.0,2610000000.0,1.0,406420210.0,406420210.0,,21.822,26241000000.0,167000000.0,494000000.0,6914000000.0,64.566,983000000.0
62,NSC,MRT,2005-12-31,2005-12-31,2005-12-31,2021-07-28,-77000000.0,25859000000.0,25421500000.0,2650000000.0,23209000000.0,0.335,22.824,-915000000.0,289000000.0,289000000.0,3143000000.0,1281000000.0,1.379,1.788,6930000000.0,314000000.0,6616000000.0,6930000000.0,0.0,787000000.0,0.0,0.011,0.48,2191000000.0,2978000000.0,0.349,2978000000.0,2191000000.0,1697000000.0,3.17,3.11,3.17,9276000000.0,8766750000.0,9276000000.0,24868818014.0,11.0,8.351,1190000000.0,2.928,1.0,5384000000.0,0.631,0.0,494000000.0,30579000000.0,30163750000.0,132000000.0,2526000000.0,968000000.0,1558000000.0,16583000000.0,1921000000.0,14662000000.0,18219818014.0,-178000000.0,0.0,194000000.0,-456000000.0,-194000000.0,-456000000.0,-1827000000.0,-912000000.0,2105000000.0,0.0,1281000000.0,1281000000.0,1281000000.0,0.0,0.0,0.15,3267000000.0,2117000000.0,1163000000.0,0.151,1.964,14.223,14.142,20735000000.0,0.0,44.83,2.137,2.137,931000000.0,7967000000.0,8527000000.0,8527000000.0,0.0,0.05,0.146,0.073,0.257,0.0,2493000000.0,1.0,406420210.0,406420210.0,,20.981,25859000000.0,167000000.0,416000000.0,6862000000.0,63.626,729000000.0
63,NSC,MRT,2005-09-30,2005-09-30,2005-09-30,2021-07-28,-33000000.0,25433000000.0,25144250000.0,2436000000.0,22997000000.0,0.327,22.04,-865000000.0,309000000.0,309000000.0,2553000000.0,1170000000.0,1.229,1.853,6958000000.0,313000000.0,6645000000.0,6958000000.0,0.0,783000000.0,0.0,0.011,0.45,2054000000.0,2837000000.0,0.345,2837000000.0,2054000000.0,1555000000.0,2.9,2.86,2.9,8916000000.0,8445250000.0,8916000000.0,22968941831.0,11.0,8.096,1187000000.0,2.934,1.0,5666000000.0,0.689,0.0,499000000.0,30100000000.0,29920750000.0,137000000.0,2349000000.0,741000000.0,1608000000.0,16517000000.0,1982000000.0,14535000000.0,16407941831.0,-59000000.0,0.0,205000000.0,-560000000.0,-181000000.0,-536000000.0,-1575000000.0,-710000000.0,2052000000.0,0.0,1170000000.0,1170000000.0,1170000000.0,0.0,0.0,0.142,3681000000.0,1985000000.0,1132000000.0,0.155,1.84,14.024,13.986,20481000000.0,0.0,40.56,1.996,1.996,950000000.0,7671000000.0,8219000000.0,8219000000.0,0.0,0.047,0.139,0.069,0.25,0.0,2449000000.0,1.0,404535055.0,404535055.0,,20.317,25433000000.0,175000000.0,385000000.0,6829000000.0,62.87,454000000.0
64,NSC,MRT,2005-06-30,2005-06-30,2005-06-30,2021-07-28,-25000000.0,24907000000.0,24893250000.0,1970000000.0,22937000000.0,0.318,21.325,-892000000.0,431000000.0,431000000.0,2459000000.0,1157000000.0,1.216,1.889,6992000000.0,115000000.0,6877000000.0,6992000000.0,0.0,737000000.0,0.0,0.014,0.42,2003000000.0,2740000000.0,0.346,2740000000.0,2003000000.0,1502000000.0,2.89,2.85,2.89,8621000000.0,8138250000.0,8621000000.0,19334333071.0,10.0,7.056,1003000000.0,2.481,1.0,5462000000.0,0.69,0.0,501000000.0,29848000000.0,29740750000.0,125000000.0,1740000000.0,184000000.0,1556000000.0,16286000000.0,1620000000.0,14666000000.0,12516333071.0,228000000.0,0.0,205000000.0,-518000000.0,-167000000.0,-480000000.0,-1187000000.0,-295000000.0,1895000000.0,0.0,1157000000.0,1157000000.0,1157000000.0,0.0,0.0,0.146,3536000000.0,1926000000.0,1065000000.0,0.145,1.452,10.818,10.713,20471000000.0,0.0,30.96,1.58,1.58,885000000.0,7423000000.0,7921000000.0,7921000000.0,0.0,0.046,0.142,0.067,0.253,0.0,2390000000.0,1.0,404274324.0,404274324.0,,19.593,24907000000.0,176000000.0,345000000.0,6699000000.0,61.609,350000000.0
65,NSC,MRT,2005-03-31,2005-03-31,2005-03-31,2021-07-28,-2000000.0,25487000000.0,23873750000.0,2595000000.0,22892000000.0,0.318,20.621,-935000000.0,864000000.0,864000000.0,2416000000.0,946000000.0,1.192,2.088,7682000000.0,557000000.0,7125000000.0,7682000000.0,0.0,674000000.0,0.0,0.011,0.39,1827000000.0,2501000000.0,0.33,2501000000.0,1827000000.0,1331000000.0,2.39,2.35,2.39,8254000000.0,7821750000.0,8254000000.0,21776260590.0,12.0,8.707,876000000.0,2.188,1.0,5164000000.0,0.681,0.0,496000000.0,30128000000.0,28661500000.0,114000000.0,1780000000.0,255000000.0,1525000000.0,17233000000.0,2177000000.0,15056000000.0,14830260590.0,757000000.0,0.0,223000000.0,156000000.0,-154000000.0,225000000.0,-1279000000.0,-344000000.0,1811000000.0,0.0,946000000.0,946000000.0,946000000.0,0.0,0.0,0.125,3405000000.0,1759000000.0,1098000000.0,0.163,1.797,15.677,15.502,20474000000.0,0.0,37.05,1.956,1.956,890000000.0,7043000000.0,7580000000.0,7580000000.0,0.0,0.04,0.121,0.064,0.241,0.0,2331000000.0,1.0,400276939.0,400276939.0,,18.937,25487000000.0,216000000.0,385000000.0,6845000000.0,63.673,418000000.0
66,NSC,MRT,2004-12-31,2004-12-31,2004-12-31,2021-07-28,-24000000.0,24750000000.0,22650000000.0,1967000000.0,22783000000.0,0.323,20.176,-966000000.0,467000000.0,467000000.0,2369000000.0,910000000.0,0.894,2.098,7525000000.0,662000000.0,6863000000.0,7525000000.0,0.0,609000000.0,0.0,0.01,0.36,1778000000.0,2387000000.0,0.326,2387000000.0,1778000000.0,1289000000.0,2.31,2.28,2.31,7990000000.0,7538750000.0,7990000000.0,21404482509.0,12.0,8.967,695000000.0,1.755,1.0,4943000000.0,0.676,0.0,489000000.0,29607000000.0,27549500000.0,104000000.0,1701000000.0,202000000.0,1499000000.0,16760000000.0,2201000000.0,14559000000.0,14331482509.0,183000000.0,0.0,162000000.0,-253000000.0,-142000000.0,-233000000.0,-1245000000.0,-279000000.0,1661000000.0,0.0,910000000.0,910000000.0,910000000.0,0.0,0.0,0.124,3241000000.0,1702000000.0,1090000000.0,0.156,1.794,15.749,15.667,20526000000.0,0.0,36.19,1.96,1.96,767000000.0,6893000000.0,7312000000.0,7312000000.0,0.0,0.04,0.121,0.065,0.243,0.0,2272000000.0,1.0,396006701.0,396006701.0,,18.464,24750000000.0,187000000.0,379000000.0,6760000000.0,62.499,-234000000.0
67,NSC,MRT,2004-09-30,2004-09-30,2004-09-30,2021-07-28,11000000.0,24429000000.0,21611500000.0,1806000000.0,22623000000.0,0.326,19.528,-770000000.0,475000000.0,475000000.0,2304000000.0,711000000.0,0.851,2.178,7548000000.0,529000000.0,7019000000.0,7548000000.0,0.0,550000000.0,0.0,0.011,0.34,1476000000.0,2026000000.0,0.288,2026000000.0,1476000000.0,989000000.0,1.81,1.79,1.81,7688000000.0,7285250000.0,7688000000.0,18352254770.0,12.0,9.058,695000000.0,1.765,1.0,4735000000.0,0.673,0.0,487000000.0,29380000000.0,26565500000.0,102000000.0,848000000.0,55000000.0,793000000.0,16741000000.0,2122000000.0,14619000000.0,11708254770.0,210000000.0,0.0,79000000.0,-224000000.0,-133000000.0,-321000000.0,-934000000.0,-164000000.0,1465000000.0,0.0,711000000.0,711000000.0,711000000.0,0.0,0.0,0.101,3271000000.0,1464000000.0,1072000000.0,0.188,1.523,16.467,16.431,20368000000.0,0.0,29.74,1.663,1.663,806000000.0,6669000000.0,7039000000.0,7039000000.0,0.0,0.033,0.098,0.056,0.21,0.0,2363000000.0,1.0,393687114.0,393687114.0,,17.88,24429000000.0,191000000.0,278000000.0,6729000000.0,62.052,-316000000.0
68,NSC,MRT,2004-06-30,2004-06-30,2004-06-30,2021-07-28,-21000000.0,20829000000.0,20644000000.0,1431000000.0,19398000000.0,0.328,18.759,-667000000.0,203000000.0,203000000.0,2253000000.0,560000000.0,0.737,1.832,6847000000.0,511000000.0,6336000000.0,6847000000.0,0.0,530000000.0,0.0,0.012,0.32,1290000000.0,1820000000.0,0.268,1820000000.0,1290000000.0,801000000.0,1.43,1.42,1.43,7355000000.0,7092000000.0,7355000000.0,17171667652.0,13.0,9.435,647000000.0,1.65,1.0,4527000000.0,0.668,0.0,489000000.0,25531000000.0,25653750000.0,100000000.0,6293000000.0,0.0,6293000000.0,13474000000.0,1942000000.0,11532000000.0,10397667652.0,93000000.0,0.0,38000000.0,-440000000.0,-125000000.0,-570000000.0,-651000000.0,16000000.0,1314000000.0,0.0,560000000.0,560000000.0,560000000.0,0.0,0.0,0.083,3221000000.0,1306000000.0,1808000000.0,0.224,1.414,18.567,18.545,11915000000.0,0.0,26.52,1.534,1.534,782000000.0,6421000000.0,6780000000.0,6780000000.0,0.0,0.027,0.079,0.05,0.19,0.0,2324000000.0,1.0,392068916.0,392068916.0,,17.293,20829000000.0,191000000.0,241000000.0,3528000000.0,53.126,-511000000.0
69,NSC,MRT,2004-03-31,2004-03-31,2004-03-31,2021-07-28,-37000000.0,20592000000.0,20571250000.0,1322000000.0,19270000000.0,0.321,18.175,-619000000.0,107000000.0,107000000.0,2229000000.0,484000000.0,0.784,1.891,6881000000.0,210000000.0,6671000000.0,6881000000.0,0.0,529000000.0,0.0,0.014,0.31,1187000000.0,1716000000.0,0.26,1716000000.0,1187000000.0,696000000.0,1.23,1.23,1.23,7122000000.0,6955500000.0,7122000000.0,15532027248.0,13.0,9.051,560000000.0,1.429,1.0,4371000000.0,0.662,0.0,491000000.0,25680000000.0,25726000000.0,97000000.0,6275000000.0,0.0,6275000000.0,13470000000.0,1686000000.0,11784000000.0,8656027248.0,-21000000.0,0.0,17000000.0,-429000000.0,-122000000.0,-577000000.0,-623000000.0,-4000000.0,1179000000.0,0.0,484000000.0,484000000.0,484000000.0,0.0,0.0,0.073,3192000000.0,1179000000.0,1758000000.0,0.252,1.215,17.884,17.959,11819000000.0,0.0,22.09,1.312,1.312,765000000.0,6239000000.0,6600000000.0,6600000000.0,0.0,0.024,0.07,0.046,0.18,0.0,2294000000.0,1.0,391852750.0,391852750.0,,16.843,20592000000.0,197000000.0,212000000.0,3496000000.0,52.55,-364000000.0
70,NSC,MRT,2003-12-31,2003-12-31,2003-12-31,2021-07-28,-44000000.0,20596000000.0,20531750000.0,1425000000.0,19171000000.0,0.315,17.868,-642000000.0,284000000.0,284000000.0,2226000000.0,535000000.0,0.791,1.952,7160000000.0,360000000.0,6800000000.0,7160000000.0,0.0,528000000.0,0.0,0.013,0.3,1207000000.0,1735000000.0,0.268,1735000000.0,1207000000.0,710000000.0,1.37,1.37,1.37,6976000000.0,6846750000.0,6976000000.0,16261413418.0,13.0,9.373,412000000.0,1.055,1.0,4242000000.0,0.656,0.0,497000000.0,25671000000.0,25712000000.0,92000000.0,6261000000.0,2000000.0,6259000000.0,13620000000.0,1801000000.0,11819000000.0,9233413418.0,100000000.0,0.0,13000000.0,-167000000.0,-117000000.0,-314000000.0,-640000000.0,2000000.0,1054000000.0,0.0,535000000.0,535000000.0,535000000.0,-10000000.0,0.0,0.083,3178000000.0,1064000000.0,1745000000.0,0.219,1.324,17.259,17.263,11779000000.0,0.0,23.65,1.428,1.428,695000000.0,6112000000.0,6468000000.0,6468000000.0,0.0,0.026,0.078,0.047,0.187,0.0,2275000000.0,1.0,390419172.0,390419172.0,,16.567,20596000000.0,189000000.0,175000000.0,3422000000.0,52.754,-376000000.0
71,NSC,MRT,2003-09-30,2003-09-30,2003-09-30,2021-07-28,-69000000.0,20559000000.0,20371750000.0,1284000000.0,19275000000.0,0.313,17.721,-652000000.0,158000000.0,158000000.0,2240000000.0,612000000.0,0.693,1.973,7186000000.0,363000000.0,6823000000.0,7186000000.0,0.0,529000000.0,0.0,0.016,0.29,1335000000.0,1864000000.0,0.292,1864000000.0,1335000000.0,834000000.0,1.57,1.57,1.57,6915000000.0,6727750000.0,6915000000.0,14569825578.0,11.0,7.816,329000000.0,0.843,1.0,4133000000.0,0.649,0.0,501000000.0,25733000000.0,25615000000.0,92000000.0,6232000000.0,3000000.0,6229000000.0,13644000000.0,1854000000.0,11790000000.0,7218825578.0,26000000.0,0.0,8000000.0,-144000000.0,-113000000.0,-249000000.0,-706000000.0,-54000000.0,981000000.0,0.0,612000000.0,612000000.0,612000000.0,-10000000.0,0.0,0.096,3005000000.0,1128000000.0,1691000000.0,0.185,1.044,11.795,11.783,11821000000.0,0.0,18.5,1.133,1.133,785000000.0,6091000000.0,6373000000.0,6373000000.0,0.0,0.03,0.091,0.052,0.209,0.0,2105000000.0,1.0,390206788.0,390206788.0,,16.332,20559000000.0,198000000.0,222000000.0,3421000000.0,52.687,-570000000.0
72,NSC,MRT,2003-06-30,2003-06-30,2003-06-30,2021-07-28,-64000000.0,20538000000.0,20180500000.0,1306000000.0,19232000000.0,0.316,17.468,-681000000.0,110000000.0,110000000.0,2270000000.0,601000000.0,0.631,2.016,7461000000.0,613000000.0,6848000000.0,7461000000.0,0.0,530000000.0,0.0,0.015,0.28,1327000000.0,1857000000.0,0.291,1857000000.0,1327000000.0,823000000.0,1.54,1.54,1.54,6809000000.0,6605250000.0,6809000000.0,14845114861.0,11.0,7.994,103000000.0,0.264,1.0,4103000000.0,0.644,0.0,504000000.0,25820000000.0,25484250000.0,102000000.0,6215000000.0,0.0,6215000000.0,13729000000.0,2069000000.0,11660000000.0,7484114861.0,16000000.0,0.0,10000000.0,58000000.0,-110000000.0,-42000000.0,-726000000.0,-45000000.0,784000000.0,0.0,601000000.0,601000000.0,601000000.0,-10000000.0,0.0,0.094,2975000000.0,1128000000.0,1619000000.0,0.182,1.099,12.453,12.468,11823000000.0,0.0,19.2,1.174,1.174,806000000.0,5985000000.0,6373000000.0,6373000000.0,0.0,0.03,0.091,0.052,0.208,0.0,2063000000.0,1.0,389797649.0,389797649.0,,16.35,20538000000.0,202000000.0,222000000.0,3370000000.0,52.689,-763000000.0
73,NSC,MRT,2003-03-31,2003-03-31,2003-03-31,2021-07-28,-68000000.0,20434000000.0,19927000000.0,1331000000.0,19103000000.0,0.318,17.188,-656000000.0,128000000.0,128000000.0,2249000000.0,583000000.0,0.613,2.056,7489000000.0,616000000.0,6873000000.0,7489000000.0,0.0,529000000.0,0.0,0.015,0.27,1329000000.0,1858000000.0,0.293,1858000000.0,1329000000.0,818000000.0,1.5,1.5,1.5,6687000000.0,6481000000.0,6687000000.0,14400901149.0,11.0,7.751,217000000.0,0.558,1.0,4084000000.0,0.645,0.0,511000000.0,25624000000.0,25368250000.0,101000000.0,6199000000.0,0.0,6199000000.0,13747000000.0,2171000000.0,11576000000.0,7220901149.0,-36000000.0,0.0,8000000.0,-135000000.0,-105000000.0,-232000000.0,-677000000.0,-21000000.0,873000000.0,0.0,583000000.0,583000000.0,583000000.0,-10000000.0,0.0,0.092,2932000000.0,1152000000.0,1576000000.0,0.18,1.08,12.386,12.373,11772000000.0,0.0,18.56,1.14,1.14,792000000.0,5876000000.0,6333000000.0,6333000000.0,0.0,0.029,0.09,0.052,0.21,0.0,2025000000.0,1.0,389057174.0,389057174.0,,16.278,20434000000.0,193000000.0,235000000.0,3350000000.0,52.522,-840000000.0
74,NSC,MRT,2002-12-31,2002-12-31,2002-12-31,2021-07-28,-65000000.0,19956000000.0,19728750000.0,1299000000.0,18657000000.0,0.318,16.725,-658000000.0,184000000.0,184000000.0,2211000000.0,460000000.0,0.701,2.07,7364000000.0,358000000.0,7006000000.0,7364000000.0,0.0,529000000.0,0.0,0.013,0.26,1224000000.0,1753000000.0,0.28,1753000000.0,1224000000.0,706000000.0,1.18,1.18,1.18,6500000000.0,6362000000.0,6500000000.0,15020043855.0,12.0,8.568,145000000.0,0.373,1.0,4059000000.0,0.647,0.0,518000000.0,25283000000.0,25274750000.0,97000000.0,6178000000.0,0.0,6178000000.0,13456000000.0,1853000000.0,11603000000.0,7769043855.0,-20000000.0,0.0,42000000.0,-91000000.0,-101000000.0,-150000000.0,-673000000.0,-15000000.0,803000000.0,0.0,460000000.0,460000000.0,460000000.0,0.0,0.0,0.073,2901000000.0,1158000000.0,1507000000.0,0.22,1.195,16.889,16.941,11370000000.0,0.0,19.99,1.239,1.239,683000000.0,5694000000.0,6270000000.0,6270000000.0,0.0,0.023,0.072,0.048,0.195,0.0,2022000000.0,1.0,388646516.0,388646516.0,,16.133,19956000000.0,187000000.0,246000000.0,3279000000.0,51.347,-554000000.0
75,NSC,MRT,2002-09-30,2002-09-30,2002-09-30,2021-07-28,-33000000.0,19794000000.0,19594250000.0,1144000000.0,18650000000.0,0.317,16.54,-536000000.0,132000000.0,132000000.0,2176000000.0,446000000.0,0.623,2.081,7383000000.0,356000000.0,7027000000.0,7383000000.0,0.0,527000000.0,0.0,0.012,0.25,1217000000.0,1744000000.0,0.28,1744000000.0,1217000000.0,691000000.0,1.15,1.15,1.15,6425000000.0,6259500000.0,6425000000.0,15192718400.0,12.0,8.711,163000000.0,0.42,1.0,4043000000.0,0.65,0.0,526000000.0,25210000000.0,25069000000.0,91000000.0,6190000000.0,0.0,6190000000.0,13369000000.0,1835000000.0,11534000000.0,7842718400.0,-2000000.0,0.0,39000000.0,-98000000.0,-98000000.0,-157000000.0,-544000000.0,-8000000.0,699000000.0,0.0,446000000.0,446000000.0,446000000.0,0.0,0.0,0.072,2898000000.0,1145000000.0,1433000000.0,0.217,1.221,17.585,17.557,11332000000.0,0.0,20.19,1.261,1.261,689000000.0,5593000000.0,6219000000.0,6219000000.0,0.0,0.023,0.071,0.049,0.196,0.0,2024000000.0,1.0,388445686.0,388445686.0,,16.01,19794000000.0,167000000.0,245000000.0,3192000000.0,50.957,-691000000.0
76,NSC,MRT,2002-06-30,2002-06-30,2002-06-30,2021-07-28,-41000000.0,19524000000.0,19492000000.0,958000000.0,18566000000.0,0.314,16.264,-538000000.0,94000000.0,94000000.0,2178000000.0,399000000.0,0.631,2.093,7444000000.0,106000000.0,7338000000.0,7444000000.0,0.0,527000000.0,0.0,0.01,0.24,1163000000.0,1690000000.0,0.276,1690000000.0,1163000000.0,626000000.0,1.03,1.03,1.03,6312000000.0,6161500000.0,6312000000.0,16565502490.0,14.0,9.802,191000000.0,0.492,1.0,3951000000.0,0.645,0.0,537000000.0,25356000000.0,24988250000.0,100000000.0,6178000000.0,0.0,6178000000.0,13212000000.0,1518000000.0,11694000000.0,9073502490.0,47000000.0,0.0,37000000.0,-73000000.0,-93000000.0,-129000000.0,-553000000.0,-15000000.0,729000000.0,0.0,399000000.0,399000000.0,399000000.0,0.0,0.0,0.065,2872000000.0,1079000000.0,1320000000.0,0.233,1.438,22.741,22.699,11305000000.0,0.0,23.38,1.48,1.48,528000000.0,5494000000.0,6129000000.0,6129000000.0,0.0,0.02,0.065,0.047,0.19,0.0,2013000000.0,1.0,388088216.0,388088216.0,,15.793,19524000000.0,166000000.0,227000000.0,3143000000.0,50.308,-560000000.0
77,NSC,MRT,2002-03-31,2002-03-31,2002-03-31,2021-07-28,-40000000.0,19641000000.0,19420750000.0,1142000000.0,18499000000.0,0.316,16.068,-502000000.0,164000000.0,164000000.0,2216000000.0,387000000.0,0.606,2.162,7656000000.0,410000000.0,7246000000.0,7656000000.0,0.0,528000000.0,0.0,0.01,0.24,1145000000.0,1673000000.0,0.273,1673000000.0,1145000000.0,599000000.0,1.0,1.0,1.0,6211000000.0,6077750000.0,6211000000.0,17054689627.0,15.0,10.194,97000000.0,0.251,1.0,3912000000.0,0.638,0.0,546000000.0,25250000000.0,24871000000.0,94000000.0,6167000000.0,0.0,6167000000.0,13430000000.0,1883000000.0,11547000000.0,9253689627.0,110000000.0,0.0,45000000.0,49000000.0,-93000000.0,1000000.0,-490000000.0,12000000.0,599000000.0,0.0,387000000.0,387000000.0,387000000.0,0.0,0.0,0.063,2873000000.0,1039000000.0,1278000000.0,0.24,1.49,23.911,23.94,11280000000.0,0.0,23.94,1.51,1.51,620000000.0,5397000000.0,6128000000.0,6128000000.0,0.0,0.02,0.064,0.046,0.187,0.0,2018000000.0,1.0,386536743.0,386536743.0,,15.854,19641000000.0,169000000.0,212000000.0,3099000000.0,50.813,-741000000.0
78,NSC,MRT,2001-12-31,2001-12-31,2001-12-31,2021-07-28,-55000000.0,19418000000.0,19320500000.0,1047000000.0,18371000000.0,0.319,15.797,-590000000.0,204000000.0,204000000.0,2277000000.0,375000000.0,0.439,2.189,7632000000.0,605000000.0,7027000000.0,7632000000.0,0.0,527000000.0,0.0,0.013,0.24,1119000000.0,1646000000.0,0.267,1646000000.0,1119000000.0,566000000.0,0.97,0.97,0.97,6090000000.0,5995500000.0,6090000000.0,14951733189.0,13.0,9.084,64000000.0,0.166,1.0,3893000000.0,0.631,0.0,553000000.0,24460000000.0,24878500000.0,90000000.0,6161000000.0,0.0,6161000000.0,13328000000.0,2386000000.0,10942000000.0,7066733189.0,204000000.0,0.0,14000000.0,230000000.0,-93000000.0,151000000.0,-601000000.0,-11000000.0,654000000.0,0.0,375000000.0,375000000.0,375000000.0,-13000000.0,0.0,0.061,2886000000.0,1007000000.0,1221000000.0,0.247,1.16,18.845,18.897,11208000000.0,0.0,18.33,1.145,1.145,483000000.0,5335000000.0,6170000000.0,6170000000.0,0.0,0.019,0.063,0.045,0.181,0.0,2014000000.0,1.0,385528270.0,385528270.0,,16.004,19418000000.0,162000000.0,191000000.0,3093000000.0,50.367,-1339000000.0
79,NSC,MRT,2001-09-30,2001-09-30,2001-09-30,2021-07-28,-14000000.0,19385000000.0,19210000000.0,893000000.0,18492000000.0,0.321,15.657,-758000000.0,134000000.0,134000000.0,2372000000.0,265000000.0,0.375,2.213,8019000000.0,955000000.0,7064000000.0,8019000000.0,0.0,525000000.0,0.0,0.024,0.38,942000000.0,1467000000.0,0.238,1467000000.0,942000000.0,389000000.0,0.68,0.68,0.68,6033000000.0,5929000000.0,6033000000.0,14150449978.0,15.0,9.646,-62000000.0,-0.161,1.0,3792000000.0,0.615,0.0,553000000.0,24887000000.0,24983500000.0,89000000.0,6188000000.0,0.0,6188000000.0,13352000000.0,2383000000.0,10969000000.0,6211449978.0,-17000000.0,0.0,15000000.0,187000000.0,-145000000.0,57000000.0,-770000000.0,-12000000.0,696000000.0,0.0,265000000.0,265000000.0,265000000.0,-13000000.0,0.0,0.043,2944000000.0,848000000.0,869000000.0,0.559,1.03,23.439,23.706,11276000000.0,0.0,16.12,1.008,1.008,462000000.0,5244000000.0,6164000000.0,6164000000.0,0.0,0.014,0.045,0.038,0.153,0.0,2055000000.0,1.0,385325681.0,385325681.0,,15.997,19385000000.0,170000000.0,124000000.0,3040000000.0,50.308,-1490000000.0
80,NSC,MRT,2001-06-30,2001-06-30,2001-06-30,2021-07-28,-10000000.0,19239000000.0,19136000000.0,811000000.0,18428000000.0,0.324,15.538,-725000000.0,47000000.0,47000000.0,2400000000.0,285000000.0,0.354,2.219,7986000000.0,914000000.0,7072000000.0,7986000000.0,0.0,521000000.0,0.0,0.025,0.52,973000000.0,1494000000.0,0.241,1494000000.0,973000000.0,421000000.0,0.74,0.74,0.74,5977000000.0,5892750000.0,5977000000.0,15988027602.0,16.0,10.701,41000000.0,0.107,1.0,3791000000.0,0.612,0.0,552000000.0,24887000000.0,24948000000.0,96000000.0,6180000000.0,0.0,6180000000.0,13262000000.0,2291000000.0,10971000000.0,7982027602.0,2000000.0,0.0,14000000.0,155000000.0,-199000000.0,-30000000.0,-734000000.0,-9000000.0,766000000.0,0.0,285000000.0,285000000.0,285000000.0,-13000000.0,0.0,0.046,2977000000.0,814000000.0,861000000.0,0.703,1.335,28.007,28.041,11249000000.0,0.0,20.75,1.289,1.289,438000000.0,5188000000.0,6191000000.0,6191000000.0,0.0,0.015,0.048,0.039,0.157,0.0,2084000000.0,1.0,384676029.0,384676029.0,,16.094,19239000000.0,175000000.0,136000000.0,3011000000.0,50.014,-1480000000.0
81,NSC,MRT,2001-03-31,2001-03-31,2001-03-31,2021-07-28,-7000000.0,19240000000.0,19046000000.0,854000000.0,18386000000.0,0.325,15.301,-738000000.0,54000000.0,54000000.0,2388000000.0,294000000.0,0.434,2.271,8060000000.0,525000000.0,7535000000.0,8060000000.0,0.0,518000000.0,0.0,0.039,0.66,990000000.0,1508000000.0,0.244,1508000000.0,990000000.0,438000000.0,0.76,0.76,0.76,5882000000.0,5863500000.0,5882000000.0,14226319547.0,14.0,9.434,430000000.0,1.119,1.0,3803000000.0,0.614,0.0,552000000.0,25280000000.0,24994750000.0,93000000.0,6167000000.0,1000000.0,6166000000.0,13358000000.0,1966000000.0,11392000000.0,6435319547.0,-6000000.0,0.0,6000000.0,-156000000.0,-252000000.0,-402000000.0,-772000000.0,-34000000.0,1168000000.0,0.0,294000000.0,294000000.0,294000000.0,-13000000.0,0.0,0.047,2993000000.0,810000000.0,866000000.0,0.868,1.094,21.889,22.026,11268000000.0,0.0,16.74,1.039,1.039,460000000.0,5104000000.0,6191000000.0,6191000000.0,0.0,0.015,0.05,0.04,0.16,0.0,2098000000.0,1.0,384427691.0,384427691.0,,16.104,19240000000.0,171000000.0,144000000.0,2949000000.0,50.048,-1112000000.0
82,NSC,MRT,2000-12-31,2000-12-31,2000-12-31,2021-07-28,-6000000.0,18976000000.0,19038750000.0,849000000.0,18127000000.0,0.323,15.182,-594000000.0,0.0,0.0,2401000000.0,172000000.0,0.45,2.258,7791000000.0,452000000.0,7339000000.0,7791000000.0,0.0,517000000.0,0.0,0.06,0.8,801000000.0,1318000000.0,0.214,1318000000.0,801000000.0,250000000.0,0.45,0.45,0.45,5824000000.0,5847000000.0,5824000000.0,12751032166.0,16.0,9.675,748000000.0,1.95,1.0,3758000000.0,0.61,0.0,551000000.0,24880000000.0,24992500000.0,91000000.0,6156000000.0,2000000.0,6154000000.0,13152000000.0,1887000000.0,11265000000.0,5106032166.0,-37000000.0,0.0,2000000.0,-494000000.0,-306000000.0,-798000000.0,-581000000.0,13000000.0,1342000000.0,0.0,172000000.0,172000000.0,172000000.0,0.0,0.0,0.028,3125000000.0,633000000.0,925000000.0,1.778,0.877,29.686,29.578,11105000000.0,0.0,13.31,0.829,0.829,442000000.0,5053000000.0,6159000000.0,6159000000.0,0.0,0.009,0.029,0.032,0.13,0.0,2234000000.0,1.0,383623754.0,383623754.0,,16.055,18976000000.0,182000000.0,78000000.0,2996000000.0,49.465,-1038000000.0
83,NSC,MRT,2000-09-30,2000-09-30,2000-09-30,2021-07-28,-6000000.0,19089000000.0,19107250000.0,1003000000.0,18086000000.0,0.322,15.358,-561000000.0,151000000.0,151000000.0,2433000000.0,198000000.0,0.504,2.242,7796000000.0,444000000.0,7352000000.0,7796000000.0,0.0,513000000.0,0.0,0.055,0.8,851000000.0,1364000000.0,0.222,1364000000.0,851000000.0,298000000.0,0.52,0.52,0.52,5888000000.0,5874000000.0,5888000000.0,13315974446.0,16.0,9.762,629000000.0,1.641,1.0,3720000000.0,0.605,0.0,553000000.0,24745000000.0,25155500000.0,116000000.0,6147000000.0,1000000.0,6146000000.0,13201000000.0,1989000000.0,11212000000.0,5558974446.0,110000000.0,0.0,-3000000.0,-331000000.0,-306000000.0,-640000000.0,-440000000.0,121000000.0,1190000000.0,0.0,198000000.0,198000000.0,198000000.0,0.0,0.0,0.032,3066000000.0,654000000.0,962000000.0,1.538,0.944,28.076,27.885,11013000000.0,0.0,14.5,0.903,0.903,496000000.0,5124000000.0,6153000000.0,6153000000.0,0.0,0.01,0.034,0.034,0.138,0.0,2178000000.0,1.0,383377548.0,383377548.0,,16.049,19089000000.0,169000000.0,100000000.0,2967000000.0,49.792,-986000000.0
84,NSC,MRT,2000-06-30,2000-06-30,2000-06-30,2021-07-28,-9000000.0,18879000000.0,19114250000.0,908000000.0,17971000000.0,0.32,15.296,-581000000.0,45000000.0,45000000.0,2405000000.0,118000000.0,0.581,2.222,7802000000.0,206000000.0,7596000000.0,7802000000.0,0.0,508000000.0,0.0,0.054,0.8,729000000.0,1237000000.0,0.202,1237000000.0,729000000.0,178000000.0,0.31,0.31,0.31,5860000000.0,5883250000.0,5860000000.0,13852642978.0,19.0,11.199,412000000.0,1.075,1.0,3713000000.0,0.607,0.0,551000000.0,25074000000.0,25220750000.0,136000000.0,6148000000.0,5000000.0,6143000000.0,13019000000.0,1562000000.0,11457000000.0,5700642978.0,-60000000.0,0.0,0.0,-299000000.0,-305000000.0,-604000000.0,-449000000.0,132000000.0,993000000.0,0.0,118000000.0,118000000.0,118000000.0,0.0,0.0,0.019,3124000000.0,589000000.0,887000000.0,2.581,0.973,48.311,48.0,11011000000.0,0.0,14.88,0.932,0.932,444000000.0,5102000000.0,6118000000.0,6118000000.0,0.0,0.006,0.02,0.029,0.119,0.0,2245000000.0,1.0,383107727.0,383107727.0,,15.969,18879000000.0,160000000.0,60000000.0,2904000000.0,49.279,-654000000.0
85,NSC,MRT,2000-03-31,2000-03-31,2000-03-31,2021-07-28,-9000000.0,19211000000.0,19113000000.0,1348000000.0,17863000000.0,0.299,15.194,-695000000.0,60000000.0,60000000.0,2214000000.0,79000000.0,0.644,2.303,8212000000.0,719000000.0,7493000000.0,8212000000.0,0.0,500000000.0,0.0,0.056,0.8,652000000.0,1152000000.0,0.201,1152000000.0,652000000.0,109000000.0,0.21,0.21,0.21,5816000000.0,5913500000.0,5816000000.0,13660619802.0,21.0,11.858,-98000000.0,-0.256,1.0,3506000000.0,0.613,0.0,543000000.0,25271000000.0,25180750000.0,120000000.0,6155000000.0,12000000.0,6143000000.0,13395000000.0,2092000000.0,11303000000.0,5454619802.0,-26000000.0,0.0,10000000.0,133000000.0,-305000000.0,-162000000.0,-461000000.0,234000000.0,597000000.0,0.0,79000000.0,79000000.0,79000000.0,0.0,0.0,0.014,2997000000.0,509000000.0,876000000.0,3.81,0.938,69.046,67.857,10978000000.0,0.0,14.25,0.954,0.954,865000000.0,5063000000.0,5720000000.0,5720000000.0,0.0,0.004,0.013,0.026,0.114,0.0,2142000000.0,1.0,382780337.0,382780337.0,,14.943,19211000000.0,151000000.0,30000000.0,2831000000.0,50.188,-744000000.0
86,NSC,MRT,1999-12-31,1999-12-31,1999-12-31,2021-07-28,-11000000.0,19250000000.0,18930250000.0,1371000000.0,17879000000.0,0.277,15.585,-808000000.0,37000000.0,37000000.0,1840000000.0,239000000.0,0.713,2.245,8243000000.0,687000000.0,7556000000.0,8243000000.0,0.0,489000000.0,0.0,0.039,0.8,882000000.0,1371000000.0,0.262,1371000000.0,882000000.0,351000000.0,0.63,0.63,0.63,5932000000.0,5951250000.0,5932000000.0,15745869470.0,18.0,11.485,-275000000.0,-0.722,1.0,3402000000.0,0.649,0.0,531000000.0,25532000000.0,25115250000.0,100000000.0,6146000000.0,14000000.0,6132000000.0,13318000000.0,1924000000.0,11394000000.0,7802869470.0,32000000.0,0.0,14000000.0,380000000.0,-304000000.0,90000000.0,-591000000.0,217000000.0,533000000.0,0.0,239000000.0,239000000.0,239000000.0,0.0,0.0,0.046,2684000000.0,718000000.0,818000000.0,1.27,1.315,32.648,32.54,10956000000.0,0.0,20.5,1.489,1.489,934000000.0,5187000000.0,5242000000.0,5242000000.0,0.0,0.013,0.04,0.035,0.168,0.0,1855000000.0,1.0,380627779.0,380627779.0,,13.772,19250000000.0,134000000.0,112000000.0,2850000000.0,50.574,-553000000.0
87,NSC,MRT,1999-09-30,1999-09-30,1999-09-30,2021-07-28,-12000000.0,19117000000.0,18662750000.0,1316000000.0,17801000000.0,0.256,15.573,-886000000.0,41000000.0,41000000.0,1465000000.0,368000000.0,0.641,2.226,7984000000.0,655000000.0,7329000000.0,7984000000.0,0.0,476000000.0,0.0,0.033,0.8,1035000000.0,1511000000.0,0.316,1511000000.0,1035000000.0,510000000.0,0.97,0.69,0.97,5925000000.0,5948500000.0,5925000000.0,17180699485.0,17.0,11.37,-189000000.0,-0.497,1.0,3320000000.0,0.694,0.0,525000000.0,25006000000.0,24902750000.0,77000000.0,6156000000.0,15000000.0,6141000000.0,13192000000.0,2054000000.0,11138000000.0,9321699485.0,-66000000.0,38000000.0,23000000.0,292000000.0,-304000000.0,11000000.0,-774000000.0,74000000.0,697000000.0,0.0,368000000.0,368000000.0,368000000.0,0.0,0.0,0.077,2489000000.0,831000000.0,896000000.0,0.825,1.573,25.331,25.258,10903000000.0,0.0,24.5,1.948,1.948,906000000.0,5231000000.0,4785000000.0,4785000000.0,0.0,0.02,0.062,0.042,0.216,0.0,1716000000.0,1.0,380477530.0,380477530.0,,12.576,19117000000.0,143000000.0,142000000.0,2831000000.0,50.245,-738000000.0
88,NSC,MRT,1999-06-30,1999-06-30,1999-06-30,2021-07-28,-10000000.0,18874000000.0,18387500000.0,1187000000.0,17687000000.0,0.236,15.742,-928000000.0,105000000.0,105000000.0,1143000000.0,507000000.0,0.653,2.156,7964000000.0,571000000.0,7393000000.0,7964000000.0,0.0,467000000.0,0.0,0.027,0.8,1202000000.0,1669000000.0,0.385,1669000000.0,1202000000.0,682000000.0,1.34,1.06,1.34,5981000000.0,5927750000.0,5981000000.0,19168822453.0,16.0,11.485,-64000000.0,-0.168,1.0,3190000000.0,0.736,0.0,520000000.0,24914000000.0,24738250000.0,54000000.0,6278000000.0,17000000.0,6261000000.0,12893000000.0,1819000000.0,11074000000.0,11447822453.0,19000000.0,40000000.0,21000000.0,246000000.0,-304000000.0,-37000000.0,-808000000.0,80000000.0,864000000.0,0.0,507000000.0,507000000.0,507000000.0,-7000000.0,0.0,0.117,2247000000.0,943000000.0,810000000.0,0.597,1.914,22.58,22.485,10869000000.0,0.0,30.13,2.642,2.642,716000000.0,5289000000.0,4333000000.0,4333000000.0,0.0,0.028,0.086,0.049,0.277,0.0,1512000000.0,1.0,379947642.0,379947642.0,,11.404,18874000000.0,137000000.0,175000000.0,2753000000.0,49.675,-632000000.0
89,NSC,MRT,1999-03-31,1999-03-31,1999-03-31,2021-07-28,-9000000.0,18480000000.0,18105500000.0,999000000.0,17481000000.0,0.233,15.713,-921000000.0,86000000.0,86000000.0,1008000000.0,617000000.0,0.838,2.097,7807000000.0,147000000.0,7660000000.0,7807000000.0,0.0,458000000.0,0.0,0.03,0.8,1338000000.0,1796000000.0,0.426,1796000000.0,1338000000.0,822000000.0,1.63,1.34,1.63,5967000000.0,5872500000.0,5967000000.0,17636515216.0,13.0,9.82,-73000000.0,-0.192,1.0,3210000000.0,0.761,0.0,516000000.0,25009000000.0,24571750000.0,55000000.0,6254000000.0,17000000.0,6237000000.0,12513000000.0,1192000000.0,11321000000.0,10017515216.0,-90000000.0,24000000.0,18000000.0,238000000.0,-303000000.0,-47000000.0,-891000000.0,6000000.0,848000000.0,0.0,617000000.0,617000000.0,617000000.0,-7000000.0,0.0,0.146,2172000000.0,1038000000.0,577000000.0,0.491,1.679,16.236,16.184,10618000000.0,0.0,26.38,2.375,2.375,569000000.0,5288000000.0,4218000000.0,4218000000.0,0.0,0.034,0.105,0.054,0.317,0.0,1464000000.0,1.0,379739015.0,379739015.0,,11.108,18480000000.0,140000000.0,205000000.0,2731000000.0,48.665,-193000000.0
90,NSC,MRT,1998-12-31,1998-12-31,1998-12-31,2021-07-28,-8000000.0,18180000000.0,17897250000.0,913000000.0,17267000000.0,0.238,15.614,-873000000.0,5000000.0,5000000.0,1013000000.0,734000000.0,0.817,2.07,7624000000.0,141000000.0,7483000000.0,7624000000.0,0.0,450000000.0,0.0,0.025,0.8,1465000000.0,1915000000.0,0.45,1915000000.0,1465000000.0,949000000.0,1.94,1.65,1.94,5921000000.0,5789000000.0,5921000000.0,19485183819.0,13.0,10.175,17000000.0,0.045,1.0,3241000000.0,0.762,0.0,516000000.0,24682000000.0,24276750000.0,59000000.0,6268000000.0,58000000.0,6210000000.0,12259000000.0,1117000000.0,11142000000.0,12017183819.0,-29000000.0,207000000.0,34000000.0,17000000.0,-303000000.0,-252000000.0,-667000000.0,-1000000.0,890000000.0,0.0,734000000.0,734000000.0,734000000.0,-104000000.0,0.0,0.173,2189000000.0,1052000000.0,600000000.0,0.412,2.03,16.372,16.335,10477000000.0,0.0,31.69,2.825,2.825,519000000.0,5252000000.0,4254000000.0,4254000000.0,0.0,0.041,0.127,0.06,0.344,0.0,1492000000.0,1.0,379210597.0,379210597.0,,11.218,18180000000.0,141000000.0,215000000.0,2696000000.0,47.942,-204000000.0
91,NSC,MRT,1998-09-30,1998-09-30,1998-09-30,2021-07-28,0.0,18016000000.0,17689750000.0,1003000000.0,17013000000.0,0.241,15.416,-805000000.0,107000000.0,107000000.0,961000000.0,798000000.0,0.883,2.084,7575000000.0,67000000.0,7508000000.0,7575000000.0,0.0,447000000.0,0.0,0.028,0.8,1556000000.0,2003000000.0,0.471,2003000000.0,1556000000.0,1043000000.0,2.11,2.04,2.11,5842000000.0,5670000000.0,5842000000.0,18529307139.0,12.0,9.251,187000000.0,0.493,1.0,3294000000.0,0.774,0.0,513000000.0,24348000000.0,24033500000.0,57000000.0,6613000000.0,84000000.0,6529000000.0,12174000000.0,1136000000.0,11038000000.0,11012307139.0,78000000.0,156000000.0,31000000.0,24000000.0,-302000000.0,-319000000.0,-595000000.0,54000000.0,992000000.0,0.0,798000000.0,798000000.0,798000000.0,-109000000.0,0.0,0.188,2178000000.0,1116000000.0,613000000.0,0.379,1.885,13.8,13.773,10328000000.0,0.0,29.06,2.588,2.588,544000000.0,5173000000.0,4255000000.0,4255000000.0,0.0,0.045,0.141,0.065,0.366,0.0,1471000000.0,1.0,378950693.0,378950693.0,,11.228,18016000000.0,124000000.0,245000000.0,2639000000.0,47.542,-133000000.0
92,NSC,MRT,1998-06-30,1998-06-30,1998-06-30,2021-07-28,0.0,17746000000.0,,977000000.0,16769000000.0,,15.208,-821000000.0,86000000.0,86000000.0,938000000.0,819000000.0,0.963,2.081,7603000000.0,64000000.0,7539000000.0,7603000000.0,0.0,442000000.0,0.0,0.027,0.8,1593000000.0,2035000000.0,0.478,2035000000.0,1593000000.0,1077000000.0,2.16,2.09,2.16,5760000000.0,,5760000000.0,18631272340.0,12.0,9.155,183000000.0,0.483,1.0,3317000000.0,0.78,0.0,516000000.0,24248000000.0,,61000000.0,6458000000.0,99000000.0,6359000000.0,11986000000.0,1015000000.0,10971000000.0,11290272340.0,-8000000.0,80000000.0,36000000.0,18000000.0,-302000000.0,-320000000.0,-692000000.0,49000000.0,1004000000.0,0.0,819000000.0,819000000.0,819000000.0,-112000000.0,0.0,0.192,2162000000.0,1155000000.0,602000000.0,0.37,1.96,13.785,13.801,10242000000.0,0.0,29.81,2.653,2.653,535000000.0,5092000000.0,4255000000.0,4255000000.0,0.0,,,,0.374,0.0,1452000000.0,1.0,378741105.0,378741105.0,,11.235,17746000000.0,98000000.0,258000000.0,2643000000.0,46.855,-38000000.0
93,NSC,MRT,1998-03-31,1998-03-31,1998-03-31,2021-07-28,0.0,17647000000.0,,1140000000.0,16507000000.0,,14.901,-795000000.0,176000000.0,176000000.0,918000000.0,822000000.0,0.984,2.133,7517000000.0,91000000.0,7426000000.0,7517000000.0,0.0,436000000.0,0.0,0.021,0.8,1582000000.0,2018000000.0,0.476,2018000000.0,1582000000.0,1107000000.0,2.18,2.11,2.18,5633000000.0,,5633000000.0,21583105819.0,14.0,10.695,358000000.0,0.947,1.0,3325000000.0,0.784,0.0,475000000.0,23829000000.0,,64000000.0,6399000000.0,110000000.0,6289000000.0,12014000000.0,1159000000.0,10855000000.0,14131105819.0,40000000.0,-4599000000.0,34000000.0,4583000000.0,-302000000.0,4243000000.0,-5356000000.0,38000000.0,1153000000.0,0.0,822000000.0,822000000.0,822000000.0,-116000000.0,0.0,0.194,2142000000.0,1183000000.0,624000000.0,0.367,2.509,17.191,17.147,10075000000.0,0.0,37.38,3.33,3.33,558000000.0,4980000000.0,4243000000.0,4243000000.0,0.0,,,,0.373,0.0,1439000000.0,1.0,378039214.0,378039214.0,,11.224,17647000000.0,115000000.0,285000000.0,2668000000.0,46.68,-19000000.0
94,NSC,MRT,1997-12-31,1997-12-31,1997-12-31,2021-07-28,5000000.0,17350000000.0,14292000000.0,1103000000.0,16247000000.0,0.295,14.403,-801000000.0,34000000.0,34000000.0,912000000.0,721000000.0,1.009,2.186,7486000000.0,88000000.0,7398000000.0,7486000000.0,0.0,432000000.0,0.0,0.026,0.8,1405000000.0,1837000000.0,0.435,1837000000.0,1405000000.0,1020000000.0,1.91,1.84,1.91,5445000000.0,5211000000.0,5445000000.0,,,,349000000.0,0.923,1.0,3311000000.0,0.784,0.0,385000000.0,23709000000.0,17787500000.0,58000000.0,6013000000.0,125000000.0,5888000000.0,11905000000.0,1093000000.0,10812000000.0,11530196027.0,-173000000.0,-5741000000.0,24000000.0,5536000000.0,-301000000.0,5187000000.0,-6510000000.0,32000000.0,1150000000.0,0.0,721000000.0,721000000.0,721000000.0,-22000000.0,0.0,0.171,2098000000.0,1213000000.0,624000000.0,0.419,2.118,15.992,15.969,9904000000.0,0.0,30.5,2.73,2.73,552000000.0,4821000000.0,4223000000.0,4223000000.0,0.0,0.05,0.138,0.079,0.333,0.0,1405000000.0,1.0,378039214.0,378039214.0,,11.171,17350000000.0,114000000.0,299000000.0,2649000000.0,45.895,10000000.0
95,NSC,MRT,1997-09-30,1997-09-30,1997-09-30,2021-07-28,,,,,,,,,,,,,,,,,,,,,,0.023,0.787,,,,,,,,,,,,,,,,,,1.0,,,,,,,,,,,,,,,,,,,,,,,,,,,,,,,,,,,,,,,,34.433,,,,,,,,,,,,,,1.0,,,,,,,,,,
96,NSC,MRT,1997-06-30,1997-06-30,1997-06-30,2021-07-28,,,,,,,,,,,,,,,,,,,,,,0.023,0.773,,,,,,,,,,,,,,,,,,1.0,,,,,,,,,,,,,,,,,,,,,,,,,,,,,,,,,,,,,,,,33.6,,,,,,,,,,,,,,1.0,,,,,,,,,,
97,NSC,MRT,1997-03-31,1997-03-31,1997-03-31,2021-07-28,,,,,,,,,,,,,,,,,,,,,,0.027,0.76,,,,,,,,,,,,,,,,,,1.0,,,,,,,,,,,,,,,,,,,,,,,,,,,,,,,,,,,,,,,,28.417,,,,,,,,,,,,,,1.0,,,,,,,,,,
98,NSC,MRT,1996-12-31,1996-12-31,1996-12-31,2021-07-28,0.0,11234000000.0,,1356000000.0,9878000000.0,,,-550000000.0,207000000.0,207000000.0,857000000.0,770000000.0,1.279,1.257,1899000000.0,99000000.0,1800000000.0,1899000000.0,0.0,419000000.0,0.0,0.025,0.747,1299000000.0,1718000000.0,0.419,1718000000.0,1299000000.0,1183000000.0,2.03,1.96,2.03,4977000000.0,,4977000000.0,,,,648000000.0,,1.0,3244000000.0,0.791,0.0,116000000.0,11866000000.0,,61000000.0,469000000.0,194000000.0,275000000.0,6257000000.0,1060000000.0,5197000000.0,,141000000.0,-10000000.0,-360000000.0,116000000.0,-284000000.0,-533000000.0,-524000000.0,36000000.0,1198000000.0,0.0,770000000.0,770000000.0,770000000.0,-17000000.0,0.0,0.188,2079000000.0,1165000000.0,594000000.0,0.368,,,14.45,9472000000.0,0.0,29.333,,,558000000.0,4404000000.0,4101000000.0,4101000000.0,0.0,,,,0.317,0.0,1400000000.0,1.0,,,,,11234000000.0,132000000.0,413000000.0,2586000000.0,,296000000.0
99,NSC,MRT,1995-12-31,1995-12-31,1995-12-31,2021-07-28,,,,,,,,-524000000.0,,,809000000.0,713000000.0,,,,,,,,399000000.0,,0.026,0.693,1217000000.0,1616000000.0,0.403,1616000000.0,1217000000.0,1104000000.0,1.81,1.77,1.81,,,,,,,710000000.0,,1.0,3203000000.0,0.798,,113000000.0,,,,,,,,,,,15000000.0,0.0,-319000000.0,-66000000.0,-274000000.0,-659000000.0,-560000000.0,-36000000.0,1234000000.0,0.0,713000000.0,713000000.0,713000000.0,-15000000.0,0.0,0.178,2141000000.0,1062000000.0,,0.383,,,14.619,,0.0,26.46,,,,,4012000000.0,4012000000.0,0.0,,,,0.303,0.0,1480000000.0,1.0,,,,,,,391000000.0,,,
