None,ticker,dimension,calendardate,datekey,reportperiod,lastupdated,accoci,assets,assetsavg,assetsc,assetsnc,assetturnover,bvps,capex,cashneq,cashnequsd,cor,consolinc,currentratio,de,debt,debtc,debtnc,debtusd,deferredrev,depamor,deposits,divyield,dps,ebit,ebitda,ebitdamargin,ebitdausd,ebitusd,ebt,eps,epsdil,epsusd,equity,equityavg,equityusd,ev,evebit,evebitda,fcf,fcfps,fxusd,gp,grossmargin,intangibles,intexp,invcap,invcapavg,inventory,investments,investmentsc,investmentsnc,liabilities,liabilitiesc,liabilitiesnc,marketcap,ncf,ncfbus,ncfcommon,ncfdebt,ncfdiv,ncff,ncfi,ncfinv,ncfo,ncfx,netinc,netinccmn,netinccmnusd,netincdis,netincnci,netmargin,opex,opinc,payables,payoutratio,pb,pe,pe1,ppnenet,prefdivis,price,ps,ps1,receivables,retearn,revenue,revenueusd,rnd,roa,roe,roic,ros,sbcomp,sgna,sharefactor,sharesbas,shareswa,shareswadil,sps,tangibles,taxassets,taxexp,taxliabilities,tbvps,workingcapital
0,NSC,ARY,2020-12-31,2021-02-04,2020-12-31,2021-07-28,-594000000,37962000000,37885250000.0,2318000000,35644000000,0.258,58.715,-1161000000.0,1115000000,1115000000,2875000000.0,2013000000.0,1.073,1.567,12681000000,579000000,12102000000,12681000000,0,1154000000.0,0,0.019,3.81,3155000000.0,4309000000.0,0.44,4309000000.0,3155000000.0,2530000000.0,7.88,7.84,7.88,14791000000,14869250000.0,14791000000,73427939961,23.0,17.041,2476000000.0,9.829,1.0,6914000000.0,0.706,0,625000000.0,47368000000,47322000000.0,221000000,3590000000,0,3590000000,23171000000,2160000000,21011000000,61861939961,535000000.0,0.0,-1370000000.0,403000000.0,-960000000.0,-1927000000.0,-1175000000.0,-14000000.0,3637000000.0,0.0,2013000000.0,2013000000.0,2013000000.0,0.0,0.0,0.206,3912000000.0,3002000000.0,1016000000,0.603,4.182,30.731,31.164,31345000000,0.0,245.57,6.32,6.32,848000000,12883000000,9789000000.0,9789000000.0,0.0,0.053,0.135,0.067,0.322,0.0,2373000000.0,1.0,251911634,251911634,,38.859,37962000000,0,517000000.0,7185000000,150.696,158000000
1,NSC,ARY,2019-12-31,2020-02-06,2019-12-31,2021-07-28,-491000000,37923000000,37414250000.0,2081000000,35842000000,0.302,58.888,-1642000000.0,580000000,580000000,3418000000.0,2722000000.0,0.905,1.498,12196000000,316000000,11880000000,12196000000,0,1139000000.0,0,0.017,3.68,4095000000.0,5234000000.0,0.463,5234000000.0,4095000000.0,3491000000.0,10.32,10.25,10.32,15184000000,15266000000.0,15184000000,66454300202,16.0,12.697,2250000000.0,8.726,1.0,7878000000.0,0.697,0,604000000.0,47239000000,46114000000.0,244000000,3428000000,0,3428000000,22739000000,2300000000,20439000000,54838300202,134000000.0,0.0,-2072000000.0,1004000000.0,-949000000.0,-1994000000.0,-1764000000.0,-122000000.0,3892000000.0,0.0,2722000000.0,2722000000.0,2722000000.0,0.0,0.0,0.241,3889000000.0,3989000000.0,1428000000,0.357,3.612,20.146,20.609,31614000000,0.0,212.68,4.855,4.855,920000000,13207000000,11296000000.0,11296000000.0,0.0,0.073,0.178,0.089,0.363,0.0,2751000000.0,1.0,257844180,257844180,,43.809,37923000000,0,769000000.0,7044000000,147.077,-219000000
2,NSC,ARY,2018-12-31,2019-02-08,2018-12-31,2021-07-28,-563000000,36239000000,36127750000.0,1862000000,34377000000,0.317,57.438,-1747000000.0,358000000,358000000,3472000000.0,2666000000.0,0.719,1.359,11145000000,585000000,10560000000,11145000000,0,1104000000.0,0,0.019,3.18,4026000000.0,5130000000.0,0.448,5130000000.0,4026000000.0,3469000000.0,9.58,9.51,9.58,15362000000,15954750000.0,15362000000,56644890196,14.0,11.042,1979000000.0,7.399,1.0,7986000000.0,0.697,0,557000000.0,44435000000,43590750000.0,207000000,3109000000,0,3109000000,20877000000,2591000000,18286000000,45857890196,-244000000.0,0.0,-2741000000.0,1273000000.0,-844000000.0,-2312000000.0,-1658000000.0,89000000.0,3726000000.0,0.0,2666000000.0,2666000000.0,2666000000.0,0.0,0.0,0.233,4027000000.0,3959000000.0,1505000000,0.332,2.985,17.201,17.898,31091000000,0.0,171.46,4.002,4.002,1009000000,13440000000,11458000000.0,11458000000.0,0.0,0.074,0.167,0.092,0.351,0.0,2925000000.0,1.0,267455326,267455326,,42.841,36239000000,0,803000000.0,6715000000,135.496,-729000000
3,NSC,ARY,2017-12-31,2018-02-05,2017-12-31,2021-07-28,-356000000,35711000000,35232750000.0,2149000000,33562000000,0.299,57.603,-1521000000.0,690000000,690000000,2995000000.0,5404000000.0,0.844,1.183,9836000000,700000000,9136000000,9836000000,0,1059000000.0,0,0.018,2.55,3678000000.0,4737000000.0,0.449,4737000000.0,3678000000.0,3128000000.0,18.76,18.61,18.76,16359000000,13568750000.0,16359000000,48510857714,13.0,10.241,1732000000.0,6.099,1.0,7556000000.0,0.716,0,550000000.0,42312000000,41971000000.0,222000000,2981000000,0,2981000000,19352000000,2545000000,16807000000,39364857714,-266000000.0,0.0,-923000000.0,-412000000.0,-703000000.0,-2038000000.0,-1481000000.0,40000000.0,3253000000.0,0.0,5404000000.0,5404000000.0,5404000000.0,0.0,0.0,0.512,3970000000.0,3586000000.0,1401000000,0.136,2.406,7.284,7.389,30330000000,0.0,138.61,3.731,3.731,955000000,14176000000,10551000000.0,10551000000.0,0.0,0.153,0.398,0.088,0.349,0.0,2915000000.0,1.0,283997242,283997242,,37.152,35711000000,0,-2276000000.0,6535000000,125.744,-396000000
4,NSC,ARY,2016-12-31,2017-02-06,2016-12-31,2021-07-28,-487000000,34892000000,34410750000.0,2291000000,32601000000,0.287,42.708,-1757000000.0,956000000,956000000,3045000000.0,1668000000.0,0.979,1.812,10212000000,650000000,9562000000,10212000000,0,1030000000.0,0,0.02,2.38,3145000000.0,4175000000.0,0.422,4175000000.0,3145000000.0,2582000000.0,5.66,5.62,5.66,12409000000,12325250000.0,12409000000,44084673577,14.0,10.559,1277000000.0,4.395,1.0,6843000000.0,0.692,0,563000000.0,41809000000,41413250000.0,257000000,2777000000,0,2777000000,22483000000,2339000000,20144000000,34828673577,-145000000.0,0.0,-746000000.0,94000000.0,-695000000.0,-1347000000.0,-1832000000.0,-75000000.0,3034000000.0,0.0,1668000000.0,1668000000.0,1668000000.0,0.0,0.0,0.169,3769000000.0,3074000000.0,1215000000,0.42,2.807,20.88,21.178,29751000000,0.0,119.87,3.522,3.522,945000000,10425000000,9888000000.0,9888000000.0,0.0,0.048,0.135,0.076,0.318,0.0,2743000000.0,1.0,290553713,290553713,,34.032,34892000000,0,914000000.0,9385000000,120.088,-48000000
5,NSC,ARY,2015-12-31,2016-02-08,2015-12-31,2021-07-28,-445000000,34260000000,33468000000.0,2633000000,31627000000,0.314,40.872,-2322000000.0,1101000000,1101000000,3662000000.0,1556000000.0,1.18,1.811,10093000000,700000000,9393000000,10093000000,0,1059000000.0,0,0.033,2.36,2987000000.0,4046000000.0,0.385,4046000000.0,2987000000.0,2442000000.0,5.13,5.1,5.13,12188000000,12138000000.0,12188000000,30012022909,10.0,7.418,555000000.0,1.861,1.0,6849000000.0,0.652,0,545000000.0,41021000000,39982500000.0,271000000,2572000000,0,2572000000,22072000000,2231000000,19841000000,21020022909,128000000.0,0.0,-1032000000.0,1083000000.0,-713000000.0,-662000000.0,-2087000000.0,235000000.0,2877000000.0,0.0,1556000000.0,1556000000.0,1556000000.0,0.0,0.0,0.148,3965000000.0,2884000000.0,1091000000,0.46,1.725,13.509,13.741,28992000000,0.0,70.49,2.0,2.0,946000000,10191000000,10511000000.0,10511000000.0,0.0,0.046,0.128,0.075,0.284,0.0,2911000000.0,1.0,298198651,298198651,,35.248,34260000000,121000000,886000000.0,9266000000,114.89,402000000
6,NSC,ARY,2014-12-31,2015-02-11,2014-12-31,2021-07-28,-398000000,33241000000,33046750000.0,2778000000,30463000000,0.352,40.363,-2004000000.0,973000000,973000000,4201000000.0,2000000000.0,1.561,1.679,9026000000,102000000,8924000000,9026000000,0,956000000.0,0,0.021,2.27,3679000000.0,4635000000.0,0.399,4635000000.0,3679000000.0,3134000000.0,6.44,6.39,6.44,12408000000,12154250000.0,12408000000,41594719501,11.0,8.974,848000000.0,2.759,1.0,7423000000.0,0.639,0,545000000.0,39514000000,38647500000.0,236000000,2679000000,0,2679000000,20833000000,1780000000,19053000000,33541719501,-470000000.0,0.0,-188000000.0,-445000000.0,-687000000.0,-1320000000.0,-2002000000.0,2000000.0,2852000000.0,0.0,2000000000.0,2000000000.0,2000000000.0,0.0,0.0,0.172,3848000000.0,3575000000.0,1233000000,0.352,2.703,16.771,16.943,27694000000,0.0,109.11,2.886,2.886,1055000000,10348000000,11624000000.0,11624000000.0,0.0,0.061,0.165,0.095,0.317,0.0,2897000000.0,1.0,307411965,307411965,,37.812,33241000000,167000000,1134000000.0,9034000000,108.132,998000000
7,NSC,ARY,2013-12-31,2014-02-14,2013-12-31,2021-07-28,-381000000,32483000000,31263000000.0,3075000000,29408000000,0.36,36.45,-1827000000.0,1443000000,1443000000,4070000000.0,1910000000.0,1.334,1.877,9448000000,545000000,8903000000,9448000000,0,922000000.0,0,0.022,2.08,3490000000.0,4412000000.0,0.392,4412000000.0,3490000000.0,2965000000.0,6.1,6.04,6.1,11289000000,10470250000.0,11289000000,36758954433,11.0,8.332,1251000000.0,4.039,1.0,7175000000.0,0.638,0,525000000.0,38183000000,37091500000.0,223000000,2557000000,118000000,2439000000,21194000000,2305000000,18889000000,28753954433,790000000.0,0.0,-496000000.0,739000000.0,-637000000.0,-394000000.0,-1894000000.0,-67000000.0,3078000000.0,0.0,1910000000.0,1910000000.0,1910000000.0,0.0,0.0,0.17,3918000000.0,3257000000.0,1265000000,0.341,2.547,15.054,15.22,26645000000,0.0,92.84,2.557,2.557,1024000000,9339000000,11245000000.0,11245000000.0,0.0,0.061,0.182,0.094,0.31,0.0,3002000000.0,1.0,309715149,309715149,,36.308,32483000000,180000000,1055000000.0,8767000000,104.88,770000000
8,NSC,ARY,2012-12-31,2013-02-15,2012-12-31,2021-07-28,-1109000000,30342000000,29687000000.0,2242000000,28100000000,0.372,31.032,-2049000000.0,653000000,653000000,4040000000.0,1749000000.0,1.077,2.109,8682000000,250000000,8432000000,8682000000,0,922000000.0,0,0.028,1.97,3253000000.0,4175000000.0,0.378,4175000000.0,3253000000.0,2758000000.0,5.42,5.37,5.42,9760000000,9780000000.0,9760000000,30516920741,9.0,7.309,1016000000.0,3.23,1.0,7000000000.0,0.634,0,495000000.0,36290000000,35446000000.0,216000000,2315000000,15000000,2300000000,20582000000,2081000000,18501000000,22487920741,377000000.0,0.0,-1199000000.0,1129000000.0,-624000000.0,-694000000.0,-1994000000.0,55000000.0,3065000000.0,0.0,1749000000.0,1749000000.0,1749000000.0,0.0,0.0,0.158,3876000000.0,3124000000.0,1362000000,0.363,2.304,12.858,13.192,25736000000,0.0,71.5,2.037,2.037,1109000000,8643000000,11040000000.0,11040000000.0,0.0,0.059,0.179,0.092,0.295,0.0,2960000000.0,1.0,314516374,314516374,,35.102,30342000000,167000000,1009000000.0,8038000000,96.472,161000000
9,NSC,ARY,2011-12-31,2012-02-15,2011-12-31,2021-07-28,-1026000000,28538000000,28263750000.0,1751000000,26787000000,0.395,30.02,-2076000000.0,276000000,276000000,4123000000.0,1916000000.0,1.029,1.879,7540000000,150000000,7390000000,7540000000,0,869000000.0,0,0.026,1.73,3373000000.0,4242000000.0,0.38,4242000000.0,3373000000.0,2918000000.0,5.52,5.45,5.52,9911000000,10348500000.0,9911000000,29660786199,9.0,6.992,1151000000.0,3.486,1.0,7049000000.0,0.631,0,455000000.0,34101000000,33161500000.0,209000000,2259000000,25000000,2234000000,18627000000,1701000000,16926000000,22396786199,-551000000.0,0.0,-1931000000.0,501000000.0,-576000000.0,-2006000000.0,-1772000000.0,304000000.0,3227000000.0,0.0,1916000000.0,1916000000.0,1916000000.0,0.0,0.0,0.172,3836000000.0,3213000000.0,1092000000,0.313,2.26,11.689,12.29,24469000000,0.0,67.84,2.005,2.005,1022000000,8693000000,11172000000.0,11172000000.0,0.0,0.068,0.185,0.102,0.302,0.0,2974000000.0,1.0,330141306,330141306,,33.84,28538000000,143000000,1002000000.0,7693000000,86.442,50000000
10,NSC,ARY,2010-12-31,2011-02-17,2010-12-31,2021-07-28,-805000000,28199000000,27906000000.0,2471000000,25728000000,0.341,29.96,-1373000000.0,827000000,827000000,3313000000.0,1496000000.0,1.187,1.643,7025000000,458000000,6567000000,7025000000,0,826000000.0,0,0.022,1.46,2829000000.0,3655000000.0,0.384,3655000000.0,2829000000.0,2367000000.0,4.06,4.0,4.06,10669000000,10695750000.0,10669000000,29416329685,10.0,8.048,1341000000.0,3.766,1.0,6203000000.0,0.652,0,462000000.0,32315000000,31790250000.0,169000000,2476000000,283000000,2193000000,17530000000,2082000000,15448000000,23218329685,-169000000.0,0.0,-774000000.0,-139000000.0,-514000000.0,-1427000000.0,-1456000000.0,-83000000.0,2714000000.0,0.0,1496000000.0,1496000000.0,1496000000.0,0.0,0.0,0.157,3527000000.0,2676000000.0,1181000000,0.36,2.176,15.52,16.059,23231000000,0.0,65.2,2.44,2.44,807000000,9224000000,9516000000.0,9516000000.0,0.0,0.054,0.14,0.089,0.297,0.0,2708000000.0,1.0,356109351,356109351,,26.722,28199000000,145000000,871000000.0,7287000000,79.186,389000000
11,NSC,ARY,2009-12-31,2010-02-17,2009-12-31,2021-07-28,-853000000,27369000000,26905750000.0,2246000000,25123000000,0.296,28.007,-1215000000.0,996000000,996000000,2769000000.0,1034000000.0,1.255,1.644,7153000000,474000000,6679000000,7153000000,0,845000000.0,0,0.028,1.36,2089000000.0,2934000000.0,0.368,2934000000.0,2089000000.0,1622000000.0,2.79,2.76,2.79,10353000000,9997000000.0,10353000000,24366211655,12.0,8.305,645000000.0,1.745,1.0,5200000000.0,0.653,0,467000000.0,31737000000,31211500000.0,164000000,2254000000,90000000,2164000000,17016000000,1789000000,15227000000,18209211655,378000000.0,0.0,66000000.0,403000000.0,-500000000.0,-31000000.0,-1451000000.0,-236000000.0,1860000000.0,0.0,1034000000.0,1034000000.0,1034000000.0,0.0,0.0,0.13,3238000000.0,1962000000.0,974000000,0.487,1.759,17.61,17.656,22643000000,0.0,49.26,2.285,2.285,766000000,9027000000,7969000000.0,7969000000.0,0.0,0.038,0.103,0.067,0.262,0.0,2401000000.0,1.0,369655129,369655129,,21.558,27369000000,142000000,588000000.0,6856000000,74.039,457000000
12,NSC,ARY,2008-12-31,2009-02-18,2008-12-31,2021-07-28,-942000000,26297000000,26473250000.0,1999000000,24298000000,0.403,26.216,-1449000000.0,618000000,618000000,4089000000.0,1716000000.0,0.95,1.737,6667000000,484000000,6183000000,6667000000,0,815000000.0,0,0.036,1.27,3194000000.0,4009000000.0,0.376,4009000000.0,3194000000.0,2750000000.0,4.6,4.52,4.6,9607000000,9848250000.0,9607000000,19080345337,6.0,4.759,1266000000.0,3.455,1.0,6572000000.0,0.616,0,444000000.0,30241000000,30314250000.0,194000000,1779000000,0,1779000000,16690000000,2105000000,14585000000,13031345337,412000000.0,0.0,-899000000.0,280000000.0,-456000000.0,-1075000000.0,-1228000000.0,221000000.0,2715000000.0,0.0,1716000000.0,1716000000.0,1716000000.0,0.0,0.0,0.161,3488000000.0,3084000000.0,1140000000,0.276,1.356,7.594,7.73,22247000000,0.0,35.56,1.222,1.222,870000000,8501000000,10661000000.0,10661000000.0,0.0,0.065,0.174,0.105,0.3,0.0,2684000000.0,1.0,366460780,366460780,,29.092,26297000000,149000000,1034000000.0,6633000000,71.759,-106000000
13,NSC,ARY,2007-12-31,2008-02-15,2007-12-31,2021-07-28,-399000000,26144000000,26016250000.0,1675000000,24469000000,0.363,25.847,-1217000000.0,206000000,206000000,3520000000.0,1464000000.0,0.86,1.688,6368000000,369000000,5999000000,6368000000,0,786000000.0,0,0.019,1.03,2678000000.0,3464000000.0,0.367,3464000000.0,2678000000.0,2237000000.0,3.74,3.68,3.74,9727000000,9786500000.0,9727000000,26461384112,10.0,7.639,1116000000.0,2.965,1.0,5912000000.0,0.627,0,441000000.0,30358000000,29925250000.0,176000000,1974000000,0,1974000000,16417000000,1948000000,14469000000,20299384112,-321000000.0,0.0,-1013000000.0,-239000000.0,-377000000.0,-1629000000.0,-1025000000.0,192000000.0,2333000000.0,0.0,1464000000.0,1464000000.0,1464000000.0,0.0,0.0,0.155,3327000000.0,2585000000.0,1139000000,0.275,2.087,13.866,14.422,21583000000,0.0,53.94,2.152,2.152,942000000,8280000000,9432000000.0,9432000000.0,0.0,0.056,0.15,0.089,0.284,0.0,2552000000.0,1.0,376332668,376332668,,25.063,26144000000,190000000,773000000.0,6634000000,69.47,-273000000
14,NSC,ARY,2006-12-31,2007-02-22,2006-12-31,2021-07-28,-369000000,26028000000,26201500000.0,2400000000,23628000000,0.359,24.22,-1059000000.0,527000000,527000000,2998000000.0,1481000000.0,1.147,1.707,6600000000,491000000,6109000000,6600000000,0,750000000.0,0,0.014,0.74,2706000000.0,3456000000.0,0.367,3456000000.0,2706000000.0,2230000000.0,3.63,3.57,3.63,9615000000,9713500000.0,9615000000,26394726803,10.0,7.637,1147000000.0,2.889,1.0,6409000000.0,0.681,0,476000000.0,30008000000,30407000000.0,151000000,2146000000,391000000,1755000000,16413000000,2093000000,14320000000,20321726803,238000000.0,0.0,-667000000.0,-339000000.0,-278000000.0,-1284000000.0,-684000000.0,375000000.0,2206000000.0,0.0,1481000000.0,1481000000.0,1481000000.0,0.0,0.0,0.157,3852000000.0,2557000000.0,1181000000,0.204,2.114,13.722,14.102,21098000000,0.0,51.19,2.16,2.16,992000000,8283000000,9407000000.0,9407000000.0,0.0,0.057,0.152,0.089,0.288,0.0,2637000000.0,1.0,396986263,396986263,,23.696,26028000000,186000000,749000000.0,6649000000,65.564,307000000
15,NSC,ARY,2005-12-31,2006-02-23,2005-12-31,2021-07-28,-77000000,25861000000,25422000000.0,2650000000,23211000000,0.335,22.856,-915000000.0,289000000,289000000,2665000000.0,1281000000.0,1.379,1.784,6930000000,314000000,6616000000,6930000000,0,787000000.0,0,0.011,0.53,2191000000.0,2978000000.0,0.349,2978000000.0,2191000000.0,1697000000.0,3.17,3.11,3.17,9289000000,8770000000.0,9289000000,27083936563,12.0,9.095,1190000000.0,2.928,1.0,5862000000.0,0.687,0,494000000.0,30581000000,30164250000.0,132000000,2558000000,968000000,1590000000,16572000000,1921000000,14651000000,20442936563,-178000000.0,0.0,194000000.0,-456000000.0,-194000000.0,-456000000.0,-1827000000.0,-912000000.0,2105000000.0,0.0,1281000000.0,1281000000.0,1281000000.0,0.0,0.0,0.15,3745000000.0,2117000000.0,1163000000,0.167,2.201,15.959,15.868,20705000000,0.0,50.3,2.397,2.397,931000000,7980000000,8527000000.0,8527000000.0,0.0,0.05,0.146,0.073,0.257,0.0,2493000000.0,1.0,406420210,406420210,,20.981,25861000000,167000000,416000000.0,6851000000,63.631,729000000
16,NSC,ARY,2004-12-31,2005-03-02,2004-12-31,2021-07-28,-24000000,24750000000,22650000000.0,1967000000,22783000000,0.323,19.961,-966000000.0,579000000,579000000,2369000000.0,923000000.0,0.894,2.098,7525000000,662000000,6863000000,7525000000,0,609000000.0,0,0.011,0.39,1791000000.0,2400000000.0,0.328,2400000000.0,1791000000.0,1302000000.0,2.34,2.31,2.34,7990000000,7538750000.0,7990000000,21391994729,12.0,8.913,695000000.0,1.736,1.0,4943000000.0,0.676,0,489000000.0,29495000000,27521500000.0,104000000,895000000,90000000,805000000,16760000000,2201000000,14559000000,14445994729,295000000.0,0.0,162000000.0,-253000000.0,-142000000.0,-233000000.0,-1133000000.0,-167000000.0,1661000000.0,0.0,923000000.0,923000000.0,923000000.0,0.0,0.0,0.126,3241000000.0,1702000000.0,1090000000,0.167,1.808,15.651,15.423,20526000000,0.0,36.09,1.976,1.976,767000000,6893000000,7312000000.0,7312000000.0,0.0,0.041,0.122,0.065,0.245,0.0,2272000000.0,1.0,400276939,400276939,,18.267,24750000000,187000000,379000000.0,6760000000,61.832,-234000000
17,NSC,ARY,2003-12-31,2004-02-13,2003-12-31,2021-07-28,-44000000,20596000000,20531750000.0,1425000000,19171000000,0.315,17.803,-642000000.0,284000000,284000000,2226000000.0,535000000.0,0.791,1.952,7160000000,360000000,6800000000,7160000000,0,528000000.0,0,0.014,0.31,1207000000.0,1735000000.0,0.268,1735000000.0,1207000000.0,710000000.0,1.37,1.37,1.37,6976000000,6846750000.0,6976000000,15614316325,13.0,9.0,412000000.0,1.051,1.0,4242000000.0,0.656,0,497000000.0,25671000000,25712000000.0,92000000,6259000000,0,6259000000,13620000000,1801000000,11819000000,8738316325,100000000.0,0.0,13000000.0,-167000000.0,-117000000.0,-314000000.0,-640000000.0,2000000.0,1054000000.0,0.0,535000000.0,535000000.0,535000000.0,-10000000.0,0.0,0.083,3178000000.0,1064000000.0,1745000000,0.226,1.253,16.333,16.277,11779000000,0.0,22.3,1.351,1.351,695000000,6112000000,6468000000.0,6468000000.0,0.0,0.026,0.078,0.047,0.187,0.0,2275000000.0,1.0,391852750,391852750,,16.506,20596000000,189000000,175000000.0,3422000000,52.561,-376000000
18,NSC,ARY,2002-12-31,2003-02-24,2002-12-31,2021-07-28,-65000000,19956000000,19728750000.0,1299000000,18657000000,0.318,16.707,-658000000.0,184000000,184000000,2211000000.0,460000000.0,0.701,2.07,7364000000,358000000,7006000000,7364000000,0,529000000.0,0,0.015,0.27,1224000000.0,1753000000.0,0.28,1753000000.0,1224000000.0,706000000.0,1.18,1.18,1.18,6500000000,6362000000.0,6500000000,14350323717,12.0,8.186,145000000.0,0.373,1.0,4059000000.0,0.647,0,518000000.0,25283000000,25274750000.0,97000000,6178000000,0,6178000000,13456000000,1853000000,11603000000,7170323717,-20000000.0,0.0,42000000.0,-91000000.0,-101000000.0,-150000000.0,-673000000.0,-15000000.0,803000000.0,0.0,460000000.0,460000000.0,460000000.0,0.0,0.0,0.073,2901000000.0,1158000000.0,1507000000,0.229,1.103,15.588,15.619,11370000000,0.0,18.43,1.144,1.144,689000000,5694000000,6270000000.0,6270000000.0,0.0,0.023,0.072,0.048,0.195,0.0,2022000000.0,1.0,389057174,389057174,,16.116,19956000000,187000000,246000000.0,3279000000,51.293,-554000000
19,NSC,ARY,2001-12-31,2002-02-21,2001-12-31,2021-07-28,-55000000,19418000000,19320500000.0,1047000000,18371000000,0.319,15.755,-590000000.0,204000000,204000000,2277000000.0,375000000.0,0.439,2.189,8005000000,978000000,7027000000,8005000000,0,527000000.0,0,0.011,0.24,1119000000.0,1646000000.0,0.267,1646000000.0,1119000000.0,566000000.0,0.97,0.97,0.97,6090000000,5995500000.0,6090000000,16266154672,15.0,9.882,64000000.0,0.166,1.0,3893000000.0,0.631,0,553000000.0,24833000000,24971750000.0,90000000,6161000000,0,6161000000,13328000000,2386000000,10942000000,8465154672,204000000.0,0.0,14000000.0,230000000.0,-93000000.0,151000000.0,-601000000.0,-11000000.0,654000000.0,0.0,375000000.0,375000000.0,375000000.0,-13000000.0,0.0,0.061,2886000000.0,1007000000.0,848000000,0.247,1.39,22.574,22.577,11208000000,0.0,21.9,1.372,1.372,483000000,5335000000,6170000000.0,6170000000.0,0.0,0.019,0.063,0.045,0.181,0.0,2014000000.0,1.0,386536743,386536743,,15.962,19418000000,162000000,191000000.0,3093000000,50.236,-1339000000
20,NSC,ARY,2000-12-31,2001-03-05,2000-12-31,2021-07-28,-6000000,18976000000,19038750000.0,849000000,18127000000,0.323,15.15,-594000000.0,0,0,2401000000.0,172000000.0,0.45,2.258,7791000000,452000000,7339000000,7791000000,0,517000000.0,0,0.038,0.66,801000000.0,1318000000.0,0.214,1318000000.0,801000000.0,250000000.0,0.45,0.45,0.45,5824000000,5847000000.0,5824000000,14483886100,18.0,10.989,748000000.0,1.946,1.0,3758000000.0,0.61,0,551000000.0,24880000000,24992500000.0,91000000,6156000000,2000000,6154000000,13152000000,1887000000,11265000000,6692886100,-37000000.0,0.0,2000000.0,-494000000.0,-306000000.0,-798000000.0,-581000000.0,13000000.0,1342000000.0,0.0,172000000.0,172000000.0,172000000.0,0.0,0.0,0.028,3125000000.0,633000000.0,925000000,1.467,1.149,38.912,38.689,11105000000,0.0,17.41,1.087,1.087,442000000,5053000000,6159000000.0,6159000000.0,0.0,0.009,0.029,0.032,0.13,0.0,2234000000.0,1.0,384427691,384427691,,16.021,18976000000,182000000,78000000.0,2996000000,49.362,-1038000000
21,NSC,ARY,1999-12-31,2000-03-06,1999-12-31,2021-07-28,-11000000,19250000000,18930250000.0,1371000000,17879000000,0.274,15.497,-808000000.0,37000000,37000000,1793000000.0,239000000.0,0.713,2.245,8243000000,687000000,7556000000,8243000000,0,489000000.0,0,0.06,0.8,882000000.0,1371000000.0,0.264,1371000000.0,882000000.0,351000000.0,0.63,0.63,0.63,5932000000,5951250000.0,5932000000,13327600909,15.0,9.721,-275000000.0,-0.718,1.0,3402000000.0,0.655,0,531000000.0,25532000000,25115250000.0,100000000,6146000000,14000000,6132000000,13318000000,1924000000,11394000000,5121600909,32000000.0,-3000000.0,14000000.0,380000000.0,-304000000.0,90000000.0,-591000000.0,220000000.0,533000000.0,0.0,239000000.0,239000000.0,239000000.0,0.0,0.0,0.046,2684000000.0,718000000.0,818000000,1.27,0.863,21.429,21.238,10956000000,0.0,13.38,0.986,0.986,934000000,5187000000,5195000000.0,5195000000.0,0.0,0.013,0.04,0.035,0.17,0.0,1855000000.0,1.0,382780337,382780337,,13.572,19250000000,134000000,112000000.0,2850000000,50.29,-553000000
22,NSC,ARY,1998-12-31,1999-03-24,1998-12-31,2021-07-28,-8000000,18180000000,17897250000.0,913000000,17267000000,0.236,15.592,-873000000.0,5000000,5000000,980000000.0,734000000.0,0.817,2.07,7624000000,141000000,7483000000,7624000000,0,450000000.0,0,0.029,0.8,1465000000.0,1915000000.0,0.454,1915000000.0,1465000000.0,949000000.0,1.94,1.65,1.94,5921000000,5789000000.0,5921000000,18133973325,12.0,9.469,17000000.0,0.045,1.0,3241000000.0,0.768,0,516000000.0,24682000000,24276750000.0,59000000,6268000000,58000000,6210000000,12259000000,1117000000,11142000000,10514973325,-29000000.0,167000000.0,34000000.0,17000000.0,-303000000.0,-252000000.0,-667000000.0,39000000.0,890000000.0,0.0,734000000.0,734000000.0,734000000.0,-104000000.0,0.0,0.174,2189000000.0,1052000000.0,600000000,0.412,1.776,14.326,14.273,10477000000,0.0,27.69,2.491,2.491,519000000,5252000000,4221000000.0,4221000000.0,0.0,0.041,0.127,0.06,0.347,0.0,1492000000.0,1.0,379739015,379739015,,11.116,18180000000,141000000,215000000.0,2696000000,47.875,-204000000
23,NSC,ARY,1997-12-31,1998-03-25,1997-12-31,2021-07-28,0,17350000000,,1103000000,16247000000,,14.403,-801000000.0,34000000,34000000,912000000.0,721000000.0,1.009,2.186,7486000000,88000000,7398000000,7486000000,0,432000000.0,0,0.021,0.8,1405000000.0,1837000000.0,0.435,1837000000.0,1405000000.0,1020000000.0,1.91,1.84,1.91,5445000000,,5445000000,22101019542,16.0,12.031,349000000.0,0.923,1.0,3311000000.0,0.784,0,385000000.0,23709000000,,58000000,6346000000,125000000,6221000000,11905000000,1093000000,10812000000,14649019542,-173000000.0,-5741000000.0,24000000.0,5536000000.0,-301000000.0,5187000000.0,-6510000000.0,32000000.0,1150000000.0,0.0,721000000.0,721000000.0,721000000.0,-22000000.0,0.0,0.171,2098000000.0,1213000000.0,624000000,0.419,2.69,20.318,20.288,9904000000,0.0,38.75,3.469,3.469,552000000,4826000000,4223000000.0,4223000000.0,0.0,,,,0.333,0.0,1405000000.0,1.0,378039214,378039214,,11.171,17350000000,114000000,299000000.0,2649000000,45.895,10000000
0,NSC,ARQ,2021-06-30,2021-07-28,2021-06-30,2021-07-28,-578000000,38754000000,,3012000000,35742000000,,57.97,-333000000.0,1670000000,1670000000,714000000.0,819000000.0,1.077,1.707,13717000000,1048000000,12669000000,13717000000,0,294000000.0,0,0.015,0.99,1202000000.0,1496000000.0,0.534,1496000000.0,1202000000.0,1041000000.0,3.29,3.28,3.29,14317000000,,14317000000,76983405016,19.0,14.536,749000000.0,3.033,1.0,2085000000.0,0.745,0,161000000.0,48005000000,,246000000,3658000000,0,3658000000,24437000000,2796000000,21641000000,64936405016,672000000.0,0.0,-922000000.0,1086000000.0,-247000000.0,-83000000.0,-327000000.0,6000000.0,1082000000.0,0.0,819000000.0,819000000.0,819000000.0,0.0,0.0,0.293,918000000.0,1167000000.0,1116000000,0.301,4.536,23.769,24.278,31355000000,0.0,262.93,6.174,6.174,941000000,12407000000,2799000000.0,2799000000.0,0.0,,,,,0.0,624000000.0,1.0,246972217,246972217,,11.333,38754000000,0,222000000.0,7337000000,156.916,216000000
1,NSC,ARQ,2021-03-31,2021-04-28,2021-03-31,2021-07-28,-586000000,37937000000,,2303000000,35634000000,,58.516,-228000000.0,998000000,998000000,721000000.0,673000000.0,1.024,1.591,12617000000,501000000,12116000000,12617000000,0,292000000.0,0,0.013,0.0,1022000000.0,1314000000.0,0.498,1314000000.0,1022000000.0,866000000.0,2.67,2.66,2.67,14643000000,,14643000000,82709968247,23.0,17.446,787000000.0,3.145,1.0,1918000000.0,0.727,0,156000000.0,47307000000,,241000000,3604000000,0,3604000000,23294000000,2249000000,21045000000,71090968247,-117000000.0,0.0,-597000000.0,-84000000.0,-249000000.0,-930000000.0,-202000000.0,26000000.0,1015000000.0,0.0,673000000.0,673000000.0,673000000.0,0.0,0.0,0.255,903000000.0,1015000000.0,1043000000,0.0,4.855,30.842,31.322,31312000000,0.0,284.09,7.252,7.252,944000000,12737000000,2639000000.0,2639000000.0,0.0,,,,,0.0,611000000.0,1.0,250241009,250241009,,10.546,37937000000,0,193000000.0,7338000000,151.602,54000000
2,NSC,ARQ,2020-12-31,2021-02-04,2020-12-31,2021-07-28,-594000000,37962000000,,2318000000,35644000000,,58.715,-399000000.0,1115000000,1115000000,715000000.0,671000000.0,1.073,1.567,12681000000,579000000,12102000000,12681000000,0,287000000.0,0,0.019,1.93,1027000000.0,1314000000.0,0.511,1314000000.0,1027000000.0,867000000.0,2.64,2.63,2.64,14791000000,,14791000000,73427939961,23.0,17.041,471000000.0,1.87,1.0,1858000000.0,0.722,0,160000000.0,47368000000,,221000000,3590000000,0,3590000000,23171000000,2160000000,21011000000,61861939961,-244000000.0,0.0,-463000000.0,-56000000.0,-238000000.0,-757000000.0,-357000000.0,42000000.0,870000000.0,0.0,671000000.0,671000000.0,671000000.0,0.0,0.0,0.261,874000000.0,984000000.0,1016000000,0.731,4.182,30.731,31.164,31345000000,0.0,245.57,6.32,6.32,848000000,12883000000,2573000000.0,2573000000.0,0.0,,,,,0.0,587000000.0,1.0,251911634,251911634,,10.214,37962000000,0,196000000.0,7185000000,150.696,158000000
3,NSC,ARQ,2020-09-30,2020-10-28,2020-09-30,2021-07-28,-471000000,38179000000,,2579000000,35600000000,,58.826,-285000000.0,1359000000,1359000000,795000000.0,569000000.0,1.286,1.555,12723000000,89000000,12634000000,12723000000,0,293000000.0,0,0.019,0.94,879000000.0,1172000000.0,0.468,1172000000.0,879000000.0,724000000.0,2.23,2.22,2.23,14941000000,,14941000000,61681035311,20.0,14.479,724000000.0,2.851,1.0,1711000000.0,0.683,0,155000000.0,47538000000,,247000000,3566000000,0,3566000000,23238000000,2005000000,21233000000,50317035311,216000000.0,0.0,-264000000.0,-11000000.0,-240000000.0,-515000000.0,-278000000.0,7000000.0,1009000000.0,0.0,569000000.0,569000000.0,569000000.0,0.0,0.0,0.227,871000000.0,840000000.0,1273000000,0.422,3.368,25.058,25.399,31239000000,0.0,198.11,5.079,5.079,883000000,12911000000,2506000000.0,2506000000.0,0.0,,,,,0.0,578000000.0,1.0,253985338,253985338,,9.867,38179000000,0,155000000.0,7155000000,150.32,574000000
4,NSC,ARQ,2020-06-30,2020-07-29,2020-06-30,2021-07-28,-475000000,37962000000,,2350000000,35612000000,,58.253,-269000000.0,1143000000,1143000000,607000000.0,392000000.0,1.214,1.554,12697000000,85000000,12612000000,12697000000,0,282000000.0,0,0.02,0.94,659000000.0,941000000.0,0.451,941000000.0,659000000.0,503000000.0,1.53,1.53,1.53,14861000000,,14861000000,60744165007,19.0,13.827,534000000.0,2.093,1.0,1478000000.0,0.709,0,156000000.0,47581000000,,257000000,3590000000,0,3590000000,23101000000,1935000000,21166000000,49190165007,535000000.0,0.0,-191000000.0,470000000.0,-240000000.0,39000000.0,-307000000.0,-38000000.0,803000000.0,0.0,392000000.0,392000000.0,392000000.0,0.0,0.0,0.188,868000000.0,610000000.0,1268000000,0.614,3.31,23.469,23.893,31217000000,0.0,192.82,4.803,4.803,822000000,12863000000,2085000000.0,2085000000.0,0.0,,,,,0.0,586000000.0,1.0,255109247,255109247,,8.173,37962000000,0,111000000.0,7113000000,148.807,415000000
5,NSC,ARQ,2020-03-31,2020-04-29,2020-03-31,2021-07-28,-481000000,37438000000,,2002000000,35436000000,,58.1,-208000000.0,608000000,608000000,758000000.0,381000000.0,0.895,1.515,12207000000,400000000,11807000000,12207000000,0,292000000.0,0,0.02,0.0,590000000.0,882000000.0,0.336,882000000.0,590000000.0,436000000.0,1.48,1.47,1.48,14884000000,,14884000000,57795782513,16.0,11.983,747000000.0,2.916,1.0,1867000000.0,0.711,0,154000000.0,46801000000,,265000000,3470000000,0,3470000000,22554000000,2236000000,20318000000,46196782513,28000000.0,0.0,-452000000.0,0.0,-242000000.0,-694000000.0,-233000000.0,-25000000.0,955000000.0,0.0,381000000.0,381000000.0,381000000.0,0.0,0.0,0.145,1299000000.0,568000000.0,1284000000,0.0,3.104,19.042,19.474,31179000000,0.0,180.33,4.169,4.169,889000000,12902000000,2625000000.0,2625000000.0,0.0,,,,,0.0,622000000.0,1.0,256179130,256179130,,10.247,37438000000,0,55000000.0,7028000000,146.14,-234000000
6,NSC,ARQ,2019-12-31,2020-02-06,2019-12-31,2021-07-28,-491000000,37923000000,,2081000000,35842000000,,58.888,-430000000.0,580000000,580000000,813000000.0,666000000.0,0.905,1.498,12196000000,316000000,11880000000,12196000000,0,285000000.0,0,0.017,1.88,980000000.0,1265000000.0,0.47,1265000000.0,980000000.0,828000000.0,2.56,2.55,2.56,15184000000,,15184000000,66454300202,16.0,12.697,465000000.0,1.803,1.0,1877000000.0,0.698,0,152000000.0,47239000000,,244000000,3428000000,0,3428000000,22739000000,2300000000,20439000000,54838300202,40000000.0,0.0,-543000000.0,350000000.0,-244000000.0,-414000000.0,-441000000.0,-11000000.0,895000000.0,0.0,666000000.0,666000000.0,666000000.0,0.0,0.0,0.248,915000000.0,962000000.0,1428000000,0.734,3.612,20.146,20.609,31614000000,0.0,212.68,4.855,4.855,920000000,13207000000,2690000000.0,2690000000.0,0.0,,,,,0.0,630000000.0,1.0,257844180,257844180,,10.433,37923000000,0,162000000.0,7044000000,147.077,-219000000
7,NSC,ARQ,2019-09-30,2019-10-23,2019-09-30,2021-07-28,-553000000,37500000000,,2016000000,35484000000,,58.44,-447000000.0,452000000,452000000,877000000.0,657000000.0,0.73,1.461,11836000000,751000000,11085000000,11836000000,0,287000000.0,0,0.019,0.94,1018000000.0,1305000000.0,0.459,1305000000.0,1018000000.0,868000000.0,2.5,2.49,2.5,15238000000,,15238000000,59588235589,14.0,11.182,598000000.0,2.293,1.0,1964000000.0,0.691,0,150000000.0,46123000000,,266000000,3376000000,0,3376000000,22262000000,2761000000,19501000000,48204235589,180000000.0,0.0,-497000000.0,350000000.0,-247000000.0,-394000000.0,-471000000.0,-24000000.0,1045000000.0,0.0,657000000.0,657000000.0,657000000.0,0.0,0.0,0.231,968000000.0,996000000.0,1407000000,0.376,3.163,17.478,17.896,31394000000,0.0,184.87,4.191,4.191,973000000,13310000000,2841000000.0,2841000000.0,0.0,,,,,0.0,682000000.0,1.0,260746663,260746663,,10.896,37500000000,0,211000000.0,6891000000,143.818,-745000000
8,NSC,ARQ,2019-06-30,2019-07-24,2019-06-30,2021-07-28,-557000000,37172000000,,1914000000,35258000000,,58.127,-450000000.0,274000000,274000000,864000000.0,722000000.0,0.781,1.428,11477000000,401000000,11076000000,11477000000,0,284000000.0,0,0.018,0.86,1087000000.0,1371000000.0,0.469,1371000000.0,1087000000.0,934000000.0,2.72,2.7,2.72,15311000000,,15311000000,59930618937,14.0,11.202,621000000.0,2.358,1.0,2061000000.0,0.705,0,153000000.0,45924000000,,256000000,3301000000,0,3301000000,21861000000,2451000000,19410000000,48727618937,-139000000.0,0.0,-534000000.0,54000000.0,-228000000.0,-708000000.0,-502000000.0,-52000000.0,1071000000.0,0.0,722000000.0,722000000.0,722000000.0,0.0,0.0,0.247,996000000.0,1065000000.0,1407000000,0.316,3.183,17.384,17.839,31201000000,0.0,184.99,4.198,4.198,1039000000,13377000000,2925000000.0,2925000000.0,0.0,,,,,0.0,712000000.0,1.0,263406773,263406773,,11.104,37172000000,0,212000000.0,6866000000,141.12,-537000000
9,NSC,ARQ,2019-03-31,2019-04-24,2019-03-31,2021-07-28,-560000000,37062000000,,1922000000,35140000000,,57.642,-315000000.0,411000000,411000000,864000000.0,677000000.0,0.666,1.417,11404000000,835000000,10569000000,11404000000,0,283000000.0,0,0.015,0.0,1010000000.0,1293000000.0,0.455,1293000000.0,1010000000.0,861000000.0,2.53,2.51,2.53,15331000000,,15331000000,65968386961,16.0,12.428,566000000.0,2.128,1.0,1976000000.0,0.696,0,149000000.0,45170000000,,228000000,3198000000,0,3198000000,21731000000,2885000000,18846000000,54975386961,53000000.0,0.0,-498000000.0,250000000.0,-230000000.0,-478000000.0,-350000000.0,-35000000.0,881000000.0,0.0,677000000.0,677000000.0,677000000.0,0.0,0.0,0.238,1010000000.0,966000000.0,1334000000,0.0,3.586,19.697,20.324,31158000000,0.0,206.7,4.747,4.747,1048000000,13411000000,2840000000.0,2840000000.0,0.0,,,,,0.0,727000000.0,1.0,265967039,265967039,,10.678,37062000000,0,184000000.0,6856000000,139.348,-963000000
10,NSC,ARQ,2018-12-31,2019-02-08,2018-12-31,2021-07-28,-563000000,36239000000,,1862000000,34377000000,,57.438,-514000000.0,358000000,358000000,780000000.0,702000000.0,0.719,1.359,11145000000,585000000,10560000000,11145000000,0,282000000.0,0,0.019,1.66,1078000000.0,1360000000.0,0.47,1360000000.0,1078000000.0,930000000.0,2.58,2.56,2.58,15362000000,,15362000000,56644890196,14.0,11.042,328000000.0,1.226,1.0,2116000000.0,0.731,0,148000000.0,44435000000,,207000000,3109000000,0,3109000000,20877000000,2591000000,18286000000,45857890196,-371000000.0,0.0,-479000000.0,0.0,-217000000.0,-696000000.0,-517000000.0,-3000000.0,842000000.0,0.0,702000000.0,702000000.0,702000000.0,0.0,0.0,0.242,1038000000.0,1078000000.0,1505000000,0.643,2.985,17.201,17.898,31091000000,0.0,171.46,4.002,4.002,1009000000,13440000000,2896000000.0,2896000000.0,0.0,,,,,0.0,757000000.0,1.0,267455326,267455326,,10.828,36239000000,0,228000000.0,6715000000,135.496,-729000000
11,NSC,ARQ,2018-09-30,2018-10-24,2018-09-30,2021-07-28,-435000000,36322000000,,2109000000,34213000000,,56.839,-445000000.0,729000000,729000000,926000000.0,702000000.0,0.864,1.346,11135000000,500000000,10635000000,11135000000,0,276000000.0,0,0.018,0.8,1050000000.0,1326000000.0,0.45,1326000000.0,1050000000.0,908000000.0,2.54,2.52,2.54,15480000000,,15480000000,54033256319,14.0,10.668,613000000.0,2.251,1.0,2021000000.0,0.686,0,142000000.0,44287000000,,267000000,3109000000,0,3109000000,20842000000,2441000000,18401000000,43627256319,387000000.0,0.0,-1577000000.0,1480000000.0,-219000000.0,-316000000.0,-355000000.0,90000000.0,1058000000.0,0.0,702000000.0,702000000.0,702000000.0,0.0,0.0,0.238,1001000000.0,1020000000.0,1394000000,0.315,2.818,7.355,7.701,30712000000,0.0,160.19,3.885,3.885,1043000000,13645000000,2947000000.0,2947000000.0,0.0,,,,,0.0,725000000.0,1.0,272346940,272346940,,10.821,36322000000,0,206000000.0,6694000000,133.367,-332000000
12,NSC,ARQ,2018-06-30,2018-07-25,2018-06-30,2021-07-28,-441000000,35788000000,,1904000000,33884000000,,59.133,-418000000.0,430000000,430000000,893000000.0,710000000.0,0.81,1.161,9646000000,500000000,9146000000,9646000000,0,274000000.0,0,0.016,0.72,1055000000.0,1329000000.0,0.459,1329000000.0,1055000000.0,924000000.0,2.52,2.5,2.52,16559000000,,16559000000,56361811067,15.0,11.412,592000000.0,2.114,1.0,2005000000.0,0.692,0,131000000.0,42652000000,,260000000,3058000000,0,3058000000,19229000000,2352000000,16877000000,47145811067,-642000000.0,0.0,-384000000.0,-650000000.0,-203000000.0,-1237000000.0,-415000000.0,3000000.0,1010000000.0,0.0,710000000.0,710000000.0,710000000.0,0.0,0.0,0.245,979000000.0,1026000000.0,1323000000,0.286,2.847,8.219,8.41,30540000000,0.0,168.36,4.304,4.304,1035000000,14456000000,2898000000.0,2898000000.0,0.0,,,,,0.0,706000000.0,1.0,280029764,280029764,,10.349,35788000000,0,214000000.0,6683000000,127.801,-448000000
13,NSC,ARQ,2018-03-31,2018-04-25,2018-03-31,2021-07-28,-448000000,36162000000,,2479000000,33683000000,,58.108,-370000000.0,1072000000,1072000000,873000000.0,552000000.0,1.038,1.203,10287000000,650000000,9637000000,10287000000,0,272000000.0,0,0.017,0.0,843000000.0,1115000000.0,0.41,1115000000.0,843000000.0,707000000.0,1.94,1.93,1.94,16418000000,,16418000000,50454813681,14.0,10.522,446000000.0,1.579,1.0,1844000000.0,0.679,0,136000000.0,42989000000,,245000000,3020000000,0,3020000000,19744000000,2388000000,17356000000,41239813681,382000000.0,0.0,-301000000.0,443000000.0,-205000000.0,-63000000.0,-371000000.0,-1000000.0,816000000.0,0.0,552000000.0,552000000.0,552000000.0,0.0,0.0,0.203,1009000000.0,835000000.0,1217000000,0.0,2.512,7.467,7.594,30396000000,0.0,145.96,3.857,3.857,973000000,14327000000,2717000000.0,2717000000.0,0.0,,,,,0.0,737000000.0,1.0,282541886,282541886,,9.616,36162000000,0,155000000.0,6584000000,127.988,91000000
14,NSC,ARQ,2017-12-31,2018-02-05,2017-12-31,2021-07-28,-356000000,35711000000,,2149000000,33562000000,,57.603,-343000000.0,690000000,690000000,674000000.0,3968000000.0,0.844,1.183,9836000000,700000000,9136000000,9836000000,0,268000000.0,0,0.018,1.33,1027000000.0,1295000000.0,0.485,1295000000.0,1027000000.0,893000000.0,13.8,13.68,13.8,16359000000,,16359000000,48510857714,13.0,10.241,445000000.0,1.567,1.0,1995000000.0,0.747,0,134000000.0,42312000000,,222000000,2981000000,0,2981000000,19352000000,2545000000,16807000000,39364857714,-34000000.0,0.0,-286000000.0,-55000000.0,-174000000.0,-515000000.0,-307000000.0,36000000.0,788000000.0,0.0,3968000000.0,3968000000.0,3968000000.0,0.0,0.0,1.487,981000000.0,1014000000.0,1401000000,0.096,2.406,7.284,7.389,30330000000,0.0,138.61,3.731,3.731,955000000,14176000000,2669000000.0,2669000000.0,0.0,,,,,0.0,714000000.0,1.0,283997242,283997242,,9.398,35711000000,0,-3075000000.0,6535000000,125.744,-396000000
15,NSC,ARQ,2017-09-30,2017-10-25,2017-09-30,2021-07-28,-475000000,35153000000,,1999000000,33154000000,,44.477,-355000000.0,724000000,724000000,739000000.0,506000000.0,0.828,1.762,9880000000,600000000,9280000000,9880000000,0,266000000.0,0,0.019,0.61,934000000.0,1200000000.0,0.449,1200000000.0,934000000.0,800000000.0,1.76,1.75,1.76,12727000000,,12727000000,46029129987,13.0,10.263,534000000.0,1.866,1.0,1931000000.0,0.723,0,134000000.0,41896000000,,245000000,2888000000,0,2888000000,22426000000,2413000000,20013000000,36873129987,82000000.0,0.0,-277000000.0,-5000000.0,-175000000.0,-457000000.0,-350000000.0,5000000.0,889000000.0,0.0,506000000.0,506000000.0,506000000.0,0.0,0.0,0.19,1020000000.0,911000000.0,1287000000,0.347,2.897,19.91,20.134,30163000000,0.0,128.86,3.555,3.555,973000000,10665000000,2670000000.0,2670000000.0,0.0,,,,,0.0,755000000.0,1.0,286148766,286148766,,9.331,35153000000,0,294000000.0,9573000000,122.849,-414000000
16,NSC,ARQ,2017-06-30,2017-07-26,2017-06-30,2021-07-28,-480000000,34922000000,,1936000000,32986000000,,43.938,-420000000.0,642000000,642000000,782000000.0,497000000.0,0.826,1.758,9873000000,600000000,9273000000,9873000000,0,265000000.0,0,0.021,0.61,920000000.0,1185000000.0,0.449,1185000000.0,920000000.0,780000000.0,1.72,1.71,1.72,12662000000,,12662000000,42778249391,13.0,9.738,310000000.0,1.076,1.0,1855000000.0,0.703,0,140000000.0,41810000000,,289000000,2848000000,0,2848000000,22260000000,2343000000,19917000000,33547249391,-313000000.0,0.0,-194000000.0,-252000000.0,-177000000.0,-623000000.0,-420000000.0,0.0,730000000.0,0.0,497000000.0,497000000.0,497000000.0,0.0,0.0,0.188,967000000.0,888000000.0,1223000000,0.355,2.649,18.575,18.776,30033000000,0.0,116.41,3.281,3.281,926000000,10624000000,2637000000.0,2637000000.0,0.0,,,,,0.0,703000000.0,1.0,288181852,288181852,,9.15,34922000000,0,283000000.0,9527000000,121.18,-407000000
17,NSC,ARQ,2017-03-31,2017-04-26,2017-03-31,2021-07-28,-485000000,35145000000,,2327000000,32818000000,,43.229,-403000000.0,955000000,955000000,800000000.0,433000000.0,0.953,1.806,10119000000,550000000,9569000000,10119000000,0,260000000.0,0,0.02,0.0,797000000.0,1057000000.0,0.41,1057000000.0,797000000.0,655000000.0,1.49,1.48,1.49,12527000000,,12527000000,43306193001,14.0,10.214,443000000.0,1.529,1.0,1775000000.0,0.689,0,142000000.0,41866000000,,281000000,2809000000,0,2809000000,22618000000,2443000000,20175000000,34142193001,-1000000.0,0.0,-166000000.0,-100000000.0,-177000000.0,-443000000.0,-404000000.0,-1000000.0,846000000.0,0.0,433000000.0,433000000.0,433000000.0,0.0,0.0,0.168,1002000000.0,773000000.0,1211000000,0.0,2.725,19.92,20.14,29927000000,0.0,117.82,3.4,3.4,998000000,10493000000,2575000000.0,2575000000.0,0.0,,,,,0.0,743000000.0,1.0,289782660,289782660,,8.886,35145000000,0,222000000.0,9578000000,121.281,-116000000
18,NSC,ARQ,2016-12-31,2017-02-06,2016-12-31,2021-07-28,-487000000,34892000000,,2291000000,32601000000,,42.708,-540000000.0,956000000,956000000,808000000.0,416000000.0,0.979,1.812,10212000000,650000000,9562000000,10212000000,0,260000000.0,0,0.02,1.2,783000000.0,1043000000.0,0.419,1043000000.0,783000000.0,641000000.0,1.43,1.41,1.43,12409000000,,12409000000,44084673577,14.0,10.559,182000000.0,0.626,1.0,1682000000.0,0.676,0,142000000.0,41809000000,,257000000,2777000000,0,2777000000,22483000000,2339000000,20144000000,34828673577,-28000000.0,0.0,-176000000.0,100000000.0,-172000000.0,-248000000.0,-502000000.0,38000000.0,722000000.0,0.0,416000000.0,416000000.0,416000000.0,0.0,0.0,0.167,921000000.0,761000000.0,1215000000,0.839,2.807,20.88,21.178,29751000000,0.0,119.87,3.522,3.522,945000000,10425000000,2490000000.0,2490000000.0,0.0,,,,,0.0,662000000.0,1.0,290553713,290553713,,8.57,34892000000,0,225000000.0,9385000000,120.088,-48000000
19,NSC,ARQ,2016-09-30,2016-10-26,2016-09-30,2021-07-28,-433000000,34632000000,,2317000000,32315000000,,42.46,-325000000.0,984000000,984000000,755000000.0,460000000.0,1.038,1.794,10105000000,550000000,9555000000,10105000000,0,259000000.0,0,0.026,0.59,849000000.0,1108000000.0,0.439,1108000000.0,849000000.0,705000000.0,1.56,1.55,1.56,12396000000,,12396000000,35404559417,12.0,8.663,555000000.0,1.901,1.0,1769000000.0,0.701,0,144000000.0,41521000000,,301000000,2779000000,0,2779000000,22236000000,2232000000,20004000000,26283559417,118000000.0,0.0,-171000000.0,0.0,-173000000.0,-344000000.0,-418000000.0,-93000000.0,880000000.0,0.0,460000000.0,460000000.0,460000000.0,0.0,0.0,0.182,949000000.0,820000000.0,1131000000,0.378,2.12,16.295,16.58,29467000000,0.0,90.03,2.651,2.651,960000000,10367000000,2524000000.0,2524000000.0,0.0,,,,,0.0,691000000.0,1.0,291942235,291942235,,8.646,34632000000,0,245000000.0,9345000000,118.626,85000000
20,NSC,ARQ,2016-06-30,2016-07-27,2016-06-30,2021-07-28,-437000000,34334000000,,2239000000,32095000000,,41.809,-506000000.0,866000000,866000000,760000000.0,405000000.0,1.063,1.798,10099000000,550000000,9549000000,10099000000,0,258000000.0,0,0.026,0.59,774000000.0,1032000000.0,0.421,1032000000.0,774000000.0,636000000.0,1.37,1.36,1.37,12273000000,,12273000000,35693575997,12.0,8.672,47000000.0,0.16,1.0,1694000000.0,0.69,0,138000000.0,41460000000,,306000000,2639000000,0,2639000000,22061000000,2107000000,19954000000,26460575997,277000000.0,0.0,-192000000.0,594000000.0,-174000000.0,228000000.0,-504000000.0,2000000.0,553000000.0,0.0,405000000.0,405000000.0,405000000.0,0.0,0.0,0.165,924000000.0,770000000.0,1085000000,0.431,2.156,16.486,16.786,29387000000,0.0,90.14,2.619,2.619,985000000,10269000000,2454000000.0,2454000000.0,0.0,,,,,0.0,667000000.0,1.0,293549767,293549767,,8.36,34334000000,0,231000000.0,9252000000,116.961,132000000
21,NSC,ARQ,2016-03-31,2016-04-22,2016-03-31,2021-07-28,-442000000,33785000000,,1966000000,31819000000,,41.331,-386000000.0,589000000,589000000,722000000.0,387000000.0,1.074,1.764,9498000000,100000000,9398000000,9498000000,0,253000000.0,0,0.026,0.0,739000000.0,992000000.0,0.41,992000000.0,739000000.0,600000000.0,1.3,1.29,1.3,12223000000,,12223000000,35918735192,12.0,8.624,493000000.0,1.667,1.0,1698000000.0,0.702,0,139000000.0,40863000000,,315000000,2617000000,0,2617000000,21562000000,1831000000,19731000000,27009735192,-512000000.0,0.0,-207000000.0,-600000000.0,-176000000.0,-983000000.0,-408000000.0,-22000000.0,879000000.0,0.0,387000000.0,387000000.0,387000000.0,0.0,0.0,0.16,975000000.0,723000000.0,1119000000,0.0,2.21,16.54,16.82,29135000000,0.0,91.33,2.606,2.606,961000000,10221000000,2420000000.0,2420000000.0,0.0,,,,,0.0,723000000.0,1.0,295737821,295737821,,8.183,33785000000,0,213000000.0,9288000000,114.24,135000000
22,NSC,ARQ,2015-12-31,2016-02-08,2015-12-31,2021-07-28,-445000000,34260000000,,2633000000,31627000000,,40.872,-588000000.0,1101000000,1101000000,887000000.0,361000000.0,1.18,1.811,10093000000,700000000,9393000000,10093000000,0,289000000.0,0,0.033,1.18,666000000.0,955000000.0,0.379,955000000.0,666000000.0,524000000.0,1.2,1.2,1.2,12188000000,,12188000000,30012022909,10.0,7.418,110000000.0,0.369,1.0,1631000000.0,0.648,0,142000000.0,41021000000,,271000000,2572000000,0,2572000000,22072000000,2231000000,19841000000,21020022909,668000000.0,0.0,-65000000.0,591000000.0,-176000000.0,350000000.0,-380000000.0,208000000.0,698000000.0,0.0,361000000.0,361000000.0,361000000.0,0.0,0.0,0.143,989000000.0,642000000.0,1091000000,0.983,1.725,13.509,13.741,28992000000,0.0,70.49,2.0,2.0,946000000,10191000000,2518000000.0,2518000000.0,0.0,,,,,0.0,702000000.0,1.0,298198651,298198651,,8.444,34260000000,121000000,163000000.0,9266000000,114.89,402000000
23,NSC,ARQ,2015-09-30,2015-10-28,2015-09-30,2021-07-28,-382000000,33527000000,,2002000000,31525000000,,40.624,-880000000.0,433000000,433000000,914000000.0,452000000.0,0.846,1.764,9496000000,600000000,8896000000,9496000000,0,276000000.0,0,0.029,0.59,861000000.0,1137000000.0,0.419,1137000000.0,861000000.0,724000000.0,1.5,1.49,1.5,12129000000,,12129000000,33426292824,10.0,7.863,-174000000.0,-0.583,1.0,1799000000.0,0.663,0,137000000.0,40223000000,,288000000,2740000000,0,2740000000,21398000000,2367000000,19031000000,24363292824,-456000000.0,0.0,-230000000.0,100000000.0,-177000000.0,-307000000.0,-855000000.0,25000000.0,706000000.0,0.0,452000000.0,452000000.0,452000000.0,0.0,0.0,0.167,977000000.0,822000000.0,1160000000,0.393,2.009,14.281,14.624,28682000000,0.0,81.6,2.243,2.243,1103000000,10079000000,2713000000.0,2713000000.0,0.0,,,,,0.0,702000000.0,1.0,298569765,298569765,,9.087,33527000000,123000000,272000000.0,9113000000,112.292,-365000000
24,NSC,ARQ,2015-06-30,2015-07-27,2015-06-30,2021-07-28,-389000000,33310000000,,2413000000,30897000000,,40.071,-478000000.0,889000000,889000000,928000000.0,433000000.0,1.095,1.758,9390000000,500000000,8890000000,9390000000,0,248000000.0,0,0.028,0.59,833000000.0,1081000000.0,0.398,1081000000.0,833000000.0,699000000.0,1.43,1.41,1.43,12077000000,,12077000000,33455831097,10.0,7.637,390000000.0,1.294,1.0,1785000000.0,0.658,0,134000000.0,39608000000,,277000000,2724000000,0,2724000000,21233000000,2203000000,19030000000,24954831097,365000000.0,0.0,-343000000.0,493000000.0,-179000000.0,-29000000.0,-474000000.0,4000000.0,868000000.0,0.0,433000000.0,433000000.0,433000000.0,0.0,0.0,0.16,971000000.0,814000000.0,1144000000,0.413,2.066,13.764,14.082,28075000000,0.0,82.8,2.233,2.233,1055000000,10017000000,2713000000.0,2713000000.0,0.0,,,,,0.0,724000000.0,1.0,301386849,301386849,,9.002,33310000000,125000000,266000000.0,9113000000,110.522,210000000
25,NSC,ARQ,2015-03-31,2015-04-29,2015-03-31,2021-07-28,-395000000,32775000000,,2115000000,30660000000,,39.882,-376000000.0,524000000,524000000,933000000.0,310000000.0,1.006,1.696,8930000000,501000000,8429000000,8930000000,0,246000000.0,0,0.022,0.0,627000000.0,873000000.0,0.34,873000000.0,627000000.0,495000000.0,1.01,1.0,1.01,12158000000,,12158000000,39860366664,11.0,8.709,229000000.0,0.751,1.0,1634000000.0,0.637,0,132000000.0,39078000000,,268000000,2701000000,0,2701000000,20617000000,2103000000,18514000000,31454366664,-449000000.0,0.0,-394000000.0,-101000000.0,-181000000.0,-676000000.0,-378000000.0,-2000000.0,605000000.0,0.0,310000000.0,310000000.0,310000000.0,0.0,0.0,0.121,1028000000.0,606000000.0,1094000000,0.0,2.587,16.197,16.482,27829000000,0.0,103.18,2.735,2.735,1032000000,10087000000,2567000000.0,2567000000.0,0.0,,,,,0.0,783000000.0,1.0,304849454,304849454,,8.421,32775000000,118000000,185000000.0,8993000000,107.512,12000000
26,NSC,ARQ,2014-12-31,2015-02-11,2014-12-31,2021-07-28,-398000000,33241000000,,2778000000,30463000000,,40.363,-694000000.0,973000000,973000000,1025000000.0,511000000.0,1.561,1.679,9026000000,102000000,8924000000,9026000000,0,241000000.0,0,0.021,1.16,919000000.0,1160000000.0,0.404,1160000000.0,919000000.0,790000000.0,1.64,1.64,1.64,12408000000,,12408000000,41594719501,11.0,8.974,-188000000.0,-0.612,1.0,1845000000.0,0.643,0,129000000.0,39514000000,,236000000,2679000000,0,2679000000,20833000000,1780000000,19053000000,33541719501,-459000000.0,0.0,-141000000.0,100000000.0,-176000000.0,-217000000.0,-748000000.0,-54000000.0,506000000.0,0.0,511000000.0,511000000.0,511000000.0,0.0,0.0,0.178,954000000.0,891000000.0,1233000000,0.707,2.703,16.771,16.943,27694000000,0.0,109.11,2.886,2.886,1055000000,10348000000,2870000000.0,2870000000.0,0.0,,,,,0.0,714000000.0,1.0,307411965,307411965,,9.336,33241000000,167000000,279000000.0,9034000000,108.132,998000000
27,NSC,ARQ,2014-09-30,2014-10-22,2014-09-30,2021-07-28,-178000000,33206000000,,3012000000,30194000000,,40.198,-545000000.0,1432000000,1432000000,1061000000.0,559000000.0,1.447,1.67,8921000000,2000000,8919000000,8921000000,0,237000000.0,0,0.02,0.57,1030000000.0,1267000000.0,0.419,1267000000.0,1030000000.0,892000000.0,1.8,1.79,1.8,12439000000,,12439000000,40444558836,11.0,8.735,364000000.0,1.176,1.0,1962000000.0,0.649,0,138000000.0,38613000000,,249000000,2610000000,0,2610000000,20767000000,2082000000,18685000000,32955558836,-235000000.0,0.0,-29000000.0,-332000000.0,-176000000.0,-537000000.0,-607000000.0,-62000000.0,909000000.0,0.0,559000000.0,559000000.0,559000000.0,0.0,0.0,0.185,964000000.0,998000000.0,1387000000,0.317,2.649,16.461,16.537,27230000000,0.0,106.5,2.832,2.832,1103000000,10156000000,3023000000.0,3023000000.0,0.0,,,,,0.0,728000000.0,1.0,309441867,309441867,,9.769,33206000000,178000000,333000000.0,8983000000,107.309,930000000
28,NSC,ARQ,2014-06-30,2014-07-23,2014-06-30,2021-07-28,-183000000,33040000000,,3266000000,29774000000,,39.019,-406000000.0,1667000000,1667000000,1070000000.0,562000000.0,1.379,1.736,9247000000,433000000,8814000000,9247000000,0,240000000.0,0,0.02,0.54,1037000000.0,1277000000.0,0.42,1277000000.0,1037000000.0,898000000.0,1.81,1.79,1.81,12077000000,,12077000000,40648604823,12.0,9.088,443000000.0,1.431,1.0,1972000000.0,0.648,0,139000000.0,38252000000,,251000000,2505000000,0,2505000000,20963000000,2368000000,18595000000,33068604823,145000000.0,0.0,-30000000.0,-113000000.0,-168000000.0,-311000000.0,-393000000.0,13000000.0,849000000.0,0.0,562000000.0,562000000.0,562000000.0,0.0,0.0,0.185,953000000.0,1019000000.0,1245000000,0.298,2.738,17.178,17.26,26927000000,0.0,106.84,2.892,2.892,1122000000,9836000000,3042000000.0,3042000000.0,0.0,,,,,0.0,715000000.0,1.0,309515208,309515208,,9.828,33040000000,161000000,336000000.0,9018000000,106.748,898000000
29,NSC,ARQ,2014-03-31,2014-04-23,2014-03-31,2021-07-28,-193000000,32700000000,,3130000000,29570000000,,37.762,-359000000.0,1522000000,1522000000,1045000000.0,368000000.0,1.349,1.797,9354000000,445000000,8909000000,9354000000,0,238000000.0,0,0.022,0.0,693000000.0,931000000.0,0.346,931000000.0,693000000.0,554000000.0,1.18,1.17,1.18,11693000000,,11693000000,37251474631,11.0,8.685,229000000.0,0.74,1.0,1644000000.0,0.611,0,139000000.0,38211000000,,240000000,2476000000,10000000,2466000000,21007000000,2321000000,18686000000,29419474631,79000000.0,0.0,12000000.0,-100000000.0,-167000000.0,-255000000.0,-254000000.0,105000000.0,588000000.0,0.0,368000000.0,368000000.0,368000000.0,0.0,0.0,0.137,977000000.0,667000000.0,1194000000,0.0,2.516,16.094,16.241,26768000000,0.0,95.01,2.628,2.628,1109000000,9490000000,2689000000.0,2689000000.0,0.0,,,,,0.0,740000000.0,1.0,309646086,309646086,,8.684,32700000000,179000000,186000000.0,8970000000,105.604,809000000
30,NSC,ARQ,2013-12-31,2014-02-14,2013-12-31,2021-07-28,-381000000,32483000000,,3075000000,29408000000,,36.45,-466000000.0,1443000000,1443000000,1006000000.0,513000000.0,1.334,1.877,9448000000,545000000,8903000000,9448000000,0,235000000.0,0,0.022,1.06,920000000.0,1155000000.0,0.401,1155000000.0,920000000.0,783000000.0,1.65,1.64,1.65,11289000000,,11289000000,36758954433,11.0,8.332,208000000.0,0.672,1.0,1875000000.0,0.651,0,137000000.0,38183000000,,223000000,2557000000,118000000,2439000000,21194000000,2305000000,18889000000,28753954433,459000000.0,0.0,-24000000.0,495000000.0,-161000000.0,310000000.0,-525000000.0,-59000000.0,674000000.0,0.0,513000000.0,513000000.0,513000000.0,0.0,0.0,0.178,994000000.0,881000000.0,1265000000,0.642,2.547,15.054,15.22,26645000000,0.0,92.84,2.557,2.557,1024000000,9339000000,2881000000.0,2881000000.0,0.0,,,,,0.0,761000000.0,1.0,309715149,309715149,,9.302,32483000000,180000000,270000000.0,8767000000,104.88,770000000
31,NSC,ARQ,2013-09-30,2013-10-23,2013-09-30,2021-07-28,-1040000000,31365000000,,2494000000,28871000000,,33.324,-545000000.0,984000000,984000000,1010000000.0,482000000.0,1.069,2.047,8946000000,447000000,8499000000,8946000000,0,231000000.0,0,0.023,0.52,879000000.0,1110000000.0,0.393,1110000000.0,879000000.0,748000000.0,1.55,1.53,1.55,10294000000,,10294000000,34546822828,10.0,8.146,353000000.0,1.143,1.0,1814000000.0,0.642,0,131000000.0,36995000000,,224000000,2415000000,20000000,2395000000,21071000000,2332000000,18739000000,26584822828,397000000.0,0.0,-238000000.0,460000000.0,-161000000.0,61000000.0,-562000000.0,-17000000.0,898000000.0,0.0,482000000.0,482000000.0,482000000.0,0.0,0.0,0.171,965000000.0,849000000.0,1267000000,0.335,2.583,14.688,14.967,26413000000,0.0,86.06,2.406,2.406,1083000000,9045000000,2824000000.0,2824000000.0,0.0,,,,,0.0,735000000.0,1.0,308910328,308910328,,9.142,31365000000,149000000,266000000.0,8315000000,101.534,162000000
32,NSC,ARQ,2013-06-30,2013-07-24,2013-06-30,2021-07-28,-1063000000,30605000000,,2078000000,28527000000,,32.659,-456000000.0,587000000,587000000,1014000000.0,465000000.0,1.145,2.004,8477000000,47000000,8430000000,8477000000,0,228000000.0,0,0.027,0.5,865000000.0,1093000000.0,0.39,1093000000.0,865000000.0,737000000.0,1.47,1.46,1.47,10188000000,,10188000000,31180394555,10.0,7.555,327000000.0,1.048,1.0,1788000000.0,0.638,0,128000000.0,36680000000,,228000000,2366000000,0,2366000000,20417000000,1815000000,18602000000,23290394555,-85000000.0,0.0,-256000000.0,-13000000.0,-158000000.0,-427000000.0,-441000000.0,15000000.0,783000000.0,0.0,465000000.0,465000000.0,465000000.0,0.0,0.0,0.166,952000000.0,836000000.0,1180000000,0.34,2.286,13.463,13.674,26098000000,0.0,74.66,2.133,2.133,1072000000,8954000000,2802000000.0,2802000000.0,0.0,,,,,0.0,726000000.0,1.0,311952780,311952780,,8.982,30605000000,137000000,272000000.0,8258000000,98.108,263000000
33,NSC,ARQ,2013-03-31,2013-04-24,2013-03-31,2021-07-28,-1086000000,30599000000,,2323000000,28276000000,,32.086,-360000000.0,672000000,672000000,1040000000.0,450000000.0,1.22,2.027,8485000000,47000000,8438000000,8485000000,0,228000000.0,0,0.026,0.0,826000000.0,1054000000.0,0.385,1054000000.0,826000000.0,697000000.0,1.43,1.41,1.43,10110000000,,10110000000,31419421355,10.0,7.43,363000000.0,1.152,1.0,1698000000.0,0.62,0,129000000.0,36508000000,,246000000,2356000000,15000000,2341000000,20489000000,1904000000,18585000000,23606421355,19000000.0,0.0,22000000.0,-203000000.0,-157000000.0,-338000000.0,-366000000.0,-6000000.0,723000000.0,0.0,450000000.0,450000000.0,450000000.0,0.0,0.0,0.164,1007000000.0,691000000.0,1188000000,0.0,2.335,13.195,13.355,25870000000,0.0,74.92,2.148,2.148,1158000000,8904000000,2738000000.0,2738000000.0,0.0,,,,,0.0,780000000.0,1.0,315088379,315088379,,8.69,30599000000,167000000,247000000.0,8240000000,97.112,419000000
34,NSC,ARQ,2012-12-31,2013-02-15,2012-12-31,2021-07-28,-1109000000,30342000000,,2242000000,28100000000,,31.032,-574000000.0,653000000,653000000,1011000000.0,413000000.0,1.077,2.109,8682000000,250000000,8432000000,8682000000,0,234000000.0,0,0.028,1.0,750000000.0,984000000.0,0.367,984000000.0,750000000.0,621000000.0,1.3,1.3,1.3,9760000000,,9760000000,30516920741,9.0,7.309,15000000.0,0.048,1.0,1673000000.0,0.623,0,129000000.0,36290000000,,216000000,2315000000,15000000,2300000000,20582000000,2081000000,18501000000,22487920741,-40000000.0,0.0,-126000000.0,196000000.0,-157000000.0,-87000000.0,-542000000.0,32000000.0,589000000.0,0.0,413000000.0,413000000.0,413000000.0,0.0,0.0,0.154,959000000.0,714000000.0,1362000000,0.769,2.304,12.858,13.192,25736000000,0.0,71.5,2.037,2.037,1109000000,8643000000,2684000000.0,2684000000.0,0.0,,,,,0.0,726000000.0,1.0,314516374,314516374,,8.534,30342000000,167000000,208000000.0,8038000000,96.472,161000000
35,NSC,ARQ,2012-09-30,2012-10-25,2012-09-30,2021-07-28,-971000000,29840000000,,2199000000,27641000000,,30.904,-522000000.0,693000000,693000000,1008000000.0,402000000.0,1.206,2.055,8480000000,52000000,8428000000,8480000000,0,232000000.0,0,0.03,0.5,764000000.0,996000000.0,0.37,996000000.0,764000000.0,640000000.0,1.26,1.24,1.26,9767000000,,9767000000,27561822085,8.0,6.481,291000000.0,0.921,1.0,1685000000.0,0.626,0,124000000.0,35803000000,,236000000,2330000000,15000000,2315000000,20073000000,1824000000,18249000000,19774822085,337000000.0,0.0,-270000000.0,473000000.0,-159000000.0,44000000.0,-520000000.0,2000000.0,813000000.0,0.0,402000000.0,402000000.0,402000000.0,0.0,0.0,0.149,954000000.0,731000000.0,1260000000,0.397,2.025,10.889,11.274,25260000000,0.0,62.57,1.773,1.773,1078000000,8512000000,2693000000.0,2693000000.0,0.0,,,,,0.0,724000000.0,1.0,316043185,316043185,,8.521,29840000000,144000000,238000000.0,7953000000,94.417,375000000
36,NSC,ARQ,2012-06-30,2012-07-27,2012-06-30,2021-07-28,-991000000,29191000000,,1884000000,27307000000,,30.602,-494000000.0,356000000,356000000,987000000.0,524000000.0,1.062,1.985,7999000000,27000000,7972000000,7999000000,0,230000000.0,0,0.024,0.47,965000000.0,1195000000.0,0.416,1195000000.0,965000000.0,843000000.0,1.62,1.6,1.62,9778000000,,9778000000,31507703443,9.0,7.044,134000000.0,0.419,1.0,1887000000.0,0.657,0,122000000.0,35060000000,,242000000,2293000000,15000000,2278000000,19413000000,1774000000,17639000000,23864703443,-473000000.0,0.0,-434000000.0,-18000000.0,-153000000.0,-605000000.0,-496000000.0,-2000000.0,628000000.0,0.0,524000000.0,524000000.0,524000000.0,0.0,0.0,0.182,953000000.0,934000000.0,1126000000,0.29,2.441,12.126,12.659,24968000000,0.0,74.69,2.103,2.103,1086000000,8544000000,2874000000.0,2874000000.0,0.0,,,,,0.0,724000000.0,1.0,319516715,319516715,,8.995,29191000000,133000000,319000000.0,7961000000,91.36,110000000
37,NSC,ARQ,2012-03-31,2012-04-27,2012-03-31,2021-07-28,-1010000000,29375000000,,2332000000,27043000000,,30.129,-459000000.0,829000000,829000000,1034000000.0,410000000.0,1.207,1.993,8017000000,32000000,7985000000,8017000000,0,226000000.0,0,0.024,0.0,774000000.0,1000000000.0,0.359,1000000000.0,774000000.0,654000000.0,1.24,1.23,1.24,9815000000,,9815000000,31089243343,9.0,7.063,576000000.0,1.768,1.0,1755000000.0,0.629,0,120000000.0,34631000000,,228000000,2265000000,2000000,2263000000,19560000000,1932000000,17628000000,23901243343,553000000.0,0.0,-369000000.0,478000000.0,-155000000.0,-46000000.0,-436000000.0,23000000.0,1035000000.0,0.0,410000000.0,410000000.0,410000000.0,0.0,0.0,0.147,1010000000.0,745000000.0,1243000000,0.0,2.435,11.945,12.52,24703000000,0.0,73.37,2.108,2.108,1056000000,8581000000,2789000000.0,2789000000.0,0.0,,,,,0.0,786000000.0,1.0,325763164,325763164,,8.561,29375000000,146000000,244000000.0,7910000000,90.173,400000000
38,NSC,ARQ,2011-12-31,2012-02-15,2011-12-31,2021-07-28,-1026000000,28538000000,,1751000000,26787000000,,30.02,-713000000.0,276000000,276000000,1042000000.0,480000000.0,1.029,1.879,7540000000,150000000,7390000000,7540000000,0,223000000.0,0,0.026,0.9,839000000.0,1062000000.0,0.38,1062000000.0,839000000.0,723000000.0,1.43,1.42,1.43,9911000000,,9911000000,29660786199,9.0,6.992,-250000000.0,-0.757,1.0,1755000000.0,0.627,0,116000000.0,34101000000,,209000000,2259000000,25000000,2234000000,18627000000,1701000000,16926000000,22396786199,34000000.0,0.0,-415000000.0,697000000.0,-144000000.0,138000000.0,-567000000.0,146000000.0,463000000.0,0.0,480000000.0,480000000.0,480000000.0,0.0,0.0,0.172,955000000.0,800000000.0,1092000000,0.629,2.26,11.689,12.29,24469000000,0.0,67.84,2.005,2.005,1022000000,8693000000,2797000000.0,2797000000.0,0.0,,,,,0.0,734000000.0,1.0,330141306,330141306,,8.472,28538000000,143000000,243000000.0,7693000000,86.442,50000000
39,NSC,ARQ,2011-09-30,2011-10-28,2011-09-30,2021-07-28,-753000000,28311000000,,1825000000,26486000000,,30.511,-495000000.0,242000000,242000000,998000000.0,554000000.0,0.943,1.761,6837000000,55000000,6782000000,6837000000,0,218000000.0,0,0.021,0.43,998000000.0,1216000000.0,0.421,1216000000.0,998000000.0,884000000.0,1.61,1.59,1.61,10255000000,,10255000000,31796244151,10.0,7.82,569000000.0,1.693,1.0,1891000000.0,0.655,0,114000000.0,32970000000,,212000000,2392000000,152000000,2240000000,18056000000,1936000000,16120000000,25201244151,-436000000.0,0.0,-793000000.0,-154000000.0,-149000000.0,-1096000000.0,-404000000.0,91000000.0,1064000000.0,0.0,554000000.0,554000000.0,554000000.0,0.0,0.0,0.192,953000000.0,938000000.0,1329000000,0.267,2.457,13.711,14.392,23978000000,0.0,74.98,2.341,2.341,1029000000,8759000000,2889000000.0,2889000000.0,0.0,,,,,0.0,736000000.0,1.0,336106217,336106217,,8.595,28311000000,160000000,330000000.0,7771000000,84.232,-111000000
40,NSC,ARQ,2011-06-30,2011-07-29,2011-06-30,2021-07-28,-770000000,28478000000,,2315000000,26163000000,,30.557,-435000000.0,678000000,678000000,1039000000.0,557000000.0,1.321,1.68,6986000000,55000000,6931000000,6986000000,0,215000000.0,0,0.02,0.4,909000000.0,1124000000.0,0.392,1124000000.0,909000000.0,796000000.0,1.58,1.56,1.58,10627000000,,10627000000,32634460006,11.0,8.404,613000000.0,1.763,1.0,1827000000.0,0.637,0,113000000.0,33033000000,,201000000,2463000000,228000000,2235000000,17851000000,1753000000,16098000000,26326460006,442000000.0,0.0,-412000000.0,366000000.0,-141000000.0,-187000000.0,-419000000.0,16000000.0,1048000000.0,0.0,557000000.0,557000000.0,557000000.0,0.0,0.0,0.194,952000000.0,875000000.0,1254000000,0.253,2.477,15.226,15.738,23671000000,0.0,75.7,2.548,2.548,991000000,9097000000,2866000000.0,2866000000.0,0.0,,,,,0.0,739000000.0,1.0,347773580,347773580,,8.241,28478000000,163000000,239000000.0,7532000000,81.887,562000000
41,NSC,ARQ,2011-03-31,2011-04-29,2011-03-31,2021-07-28,-786000000,27728000000,,1832000000,25896000000,,30.013,-433000000.0,236000000,236000000,1044000000.0,325000000.0,1.169,1.616,6617000000,63000000,6554000000,6617000000,0,213000000.0,0,0.02,0.0,627000000.0,840000000.0,0.321,840000000.0,627000000.0,515000000.0,0.91,0.9,0.91,10601000000,,10601000000,32759220243,11.0,8.82,219000000.0,0.62,1.0,1576000000.0,0.602,0,112000000.0,32542000000,,190000000,2451000000,252000000,2199000000,17127000000,1567000000,15560000000,26378220243,-591000000.0,0.0,-311000000.0,-408000000.0,-142000000.0,-861000000.0,-382000000.0,51000000.0,652000000.0,0.0,325000000.0,325000000.0,325000000.0,0.0,0.0,0.124,976000000.0,600000000.0,1093000000,0.0,2.488,16.866,17.408,23451000000,0.0,74.68,2.665,2.665,934000000,9094000000,2620000000.0,2620000000.0,0.0,,,,,0.0,765000000.0,1.0,353216661,353216661,,7.418,27728000000,148000000,190000000.0,7314000000,78.501,265000000
42,NSC,ARQ,2010-12-31,2011-02-17,2010-12-31,2021-07-28,-805000000,28199000000,,2471000000,25728000000,,29.96,-547000000.0,827000000,827000000,884000000.0,402000000.0,1.187,1.643,7025000000,458000000,6567000000,7025000000,0,209000000.0,0,0.022,0.76,677000000.0,886000000.0,0.37,886000000.0,677000000.0,562000000.0,1.11,1.09,1.11,10669000000,,10669000000,29416329685,10.0,8.048,39000000.0,0.11,1.0,1508000000.0,0.63,0,115000000.0,32315000000,,169000000,2476000000,283000000,2193000000,17530000000,2082000000,15448000000,23218329685,-302000000.0,0.0,-396000000.0,88000000.0,-130000000.0,-438000000.0,-450000000.0,97000000.0,586000000.0,0.0,402000000.0,402000000.0,402000000.0,0.0,0.0,0.168,866000000.0,642000000.0,1181000000,0.685,2.176,15.52,16.059,23231000000,0.0,65.2,2.44,2.44,807000000,9224000000,2392000000.0,2392000000.0,0.0,,,,,0.0,659000000.0,1.0,356109351,356109351,,6.717,28199000000,145000000,160000000.0,7287000000,79.186,389000000
43,NSC,ARQ,2010-09-30,2010-10-29,2010-09-30,2021-07-28,-804000000,28062000000,,2633000000,25429000000,,29.691,-278000000.0,1129000000,1129000000,826000000.0,445000000.0,1.347,1.601,6935000000,361000000,6574000000,6935000000,0,206000000.0,0,0.022,0.36,827000000.0,1033000000.0,0.421,1033000000.0,827000000.0,714000000.0,1.21,1.19,1.21,10789000000,,10789000000,28149751659,10.0,7.885,468000000.0,1.288,1.0,1630000000.0,0.664,0,113000000.0,31913000000,,179000000,2536000000,229000000,2307000000,17273000000,1955000000,15318000000,22343751659,274000000.0,0.0,-306000000.0,241000000.0,-132000000.0,-197000000.0,-275000000.0,3000000.0,746000000.0,0.0,445000000.0,445000000.0,445000000.0,0.0,0.0,0.181,884000000.0,746000000.0,1131000000,0.298,2.071,15.948,16.267,22893000000,0.0,61.49,2.421,2.421,908000000,9339000000,2456000000.0,2456000000.0,0.0,,,,,0.0,680000000.0,1.0,363372120,363372120,,6.759,28062000000,153000000,269000000.0,7076000000,77.227,678000000
44,NSC,ARQ,2010-06-30,2010-07-30,2010-06-30,2021-07-28,-820000000,27633000000,,2328000000,25305000000,,29.193,-292000000.0,855000000,855000000,823000000.0,392000000.0,1.202,1.568,6689000000,363000000,6326000000,6689000000,0,205000000.0,0,0.024,0.34,750000000.0,955000000.0,0.393,955000000.0,750000000.0,635000000.0,1.06,1.04,1.06,10761000000,,10761000000,26575993960,11.0,7.938,332000000.0,0.901,1.0,1607000000.0,0.661,0,115000000.0,31530000000,,179000000,2498000000,205000000,2293000000,16872000000,1937000000,14935000000,20741993960,-306000000.0,0.0,-93000000.0,-340000000.0,-126000000.0,-559000000.0,-371000000.0,-79000000.0,624000000.0,0.0,392000000.0,392000000.0,392000000.0,0.0,0.0,0.161,874000000.0,733000000.0,1064000000,0.321,1.928,16.475,16.599,22786000000,0.0,56.27,2.347,2.347,892000000,9317000000,2430000000.0,2430000000.0,0.0,,,,,0.0,670000000.0,1.0,368615496,368615496,,6.592,27633000000,148000000,243000000.0,7044000000,74.964,391000000
45,NSC,ARQ,2010-03-31,2010-04-30,2010-03-31,2021-07-28,-834000000,27730000000,,2646000000,25084000000,,28.547,-256000000.0,1161000000,1161000000,780000000.0,257000000.0,1.207,1.625,7027000000,648000000,6379000000,7027000000,0,206000000.0,0,0.017,0.0,575000000.0,781000000.0,0.349,781000000.0,575000000.0,456000000.0,0.69,0.68,0.69,10564000000,,10564000000,27821420819,12.0,8.957,502000000.0,1.357,1.0,1458000000.0,0.651,0,119000000.0,31403000000,,180000000,2391000000,225000000,2166000000,17166000000,2193000000,14973000000,21955420819,165000000.0,0.0,21000000.0,-128000000.0,-126000000.0,-233000000.0,-360000000.0,-104000000.0,758000000.0,0.0,257000000.0,257000000.0,257000000.0,0.0,0.0,0.115,903000000.0,555000000.0,987000000,0.0,2.078,19.709,19.777,22697000000,0.0,59.33,2.657,2.657,867000000,9156000000,2238000000.0,2238000000.0,0.0,,,,,0.0,699000000.0,1.0,370055972,370055972,,6.048,27730000000,145000000,199000000.0,7052000000,74.935,453000000
46,NSC,ARQ,2009-12-31,2010-02-17,2009-12-31,2021-07-28,-853000000,27369000000,,2246000000,25123000000,,28.007,-357000000.0,996000000,996000000,731000000.0,307000000.0,1.255,1.644,7153000000,474000000,6679000000,7153000000,0,215000000.0,0,0.028,0.68,586000000.0,801000000.0,0.38,801000000.0,586000000.0,467000000.0,0.82,0.82,0.82,10353000000,,10353000000,24366211655,12.0,8.305,128000000.0,0.346,1.0,1375000000.0,0.653,0,119000000.0,31737000000,,164000000,2254000000,90000000,2164000000,17016000000,1789000000,15227000000,18209211655,-3000000.0,0.0,34000000.0,88000000.0,-126000000.0,-4000000.0,-484000000.0,-127000000.0,485000000.0,0.0,307000000.0,307000000.0,307000000.0,0.0,0.0,0.146,826000000.0,549000000.0,974000000,0.829,1.759,17.61,17.656,22643000000,0.0,49.26,2.285,2.285,766000000,9027000000,2106000000.0,2106000000.0,0.0,,,,,0.0,613000000.0,1.0,369655129,369655129,,5.697,27369000000,142000000,160000000.0,6856000000,74.039,457000000
47,NSC,ARQ,2009-09-30,2009-10-30,2009-09-30,2021-07-28,-912000000,27075000000,,2233000000,24842000000,,27.361,-319000000.0,999000000,999000000,693000000.0,303000000.0,1.197,1.69,7065000000,380000000,6685000000,7065000000,0,212000000.0,0,0.029,0.34,599000000.0,811000000.0,0.393,811000000.0,599000000.0,481000000.0,0.82,0.81,0.82,10066000000,,10066000000,23217214317,10.0,7.317,413000000.0,1.123,1.0,1370000000.0,0.664,0,118000000.0,31275000000,,172000000,2067000000,0,2067000000,17009000000,1866000000,15143000000,17151214317,277000000.0,0.0,8000000.0,-21000000.0,-124000000.0,-137000000.0,-318000000.0,1000000.0,732000000.0,0.0,303000000.0,303000000.0,303000000.0,0.0,0.0,0.147,808000000.0,562000000.0,980000000,0.415,1.704,14.547,14.569,22490000000,0.0,46.62,2.05,2.05,855000000,8848000000,2063000000.0,2063000000.0,0.0,,,,,0.0,598000000.0,1.0,367893915,367893915,,5.608,27075000000,152000000,178000000.0,6785000000,73.595,367000000
48,NSC,ARQ,2009-06-30,2009-08-03,2009-06-30,2021-07-28,-922000000,26633000000,,1936000000,24697000000,,26.817,-297000000.0,722000000,722000000,631000000.0,247000000.0,1.114,1.701,7082000000,394000000,6688000000,7082000000,0,209000000.0,0,0.023,0.34,504000000.0,713000000.0,0.384,713000000.0,504000000.0,391000000.0,0.67,0.66,0.67,9859000000,,9859000000,22668361350,8.0,6.479,-8000000.0,-0.022,1.0,1226000000.0,0.66,0,113000000.0,31255000000,,188000000,2027000000,0,2027000000,16774000000,1738000000,15036000000,16308361350,-162000000.0,0.0,18000000.0,61000000.0,-125000000.0,-46000000.0,-405000000.0,-108000000.0,289000000.0,0.0,247000000.0,247000000.0,247000000.0,0.0,0.0,0.133,758000000.0,468000000.0,945000000,0.507,1.654,11.682,11.767,22375000000,0.0,44.36,1.773,1.773,800000000,8671000000,1857000000.0,1857000000.0,0.0,,,,,0.0,551000000.0,1.0,367636640,367636640,,5.051,26633000000,136000000,144000000.0,6605000000,72.444,198000000
49,NSC,ARQ,2009-03-31,2009-04-24,2009-03-31,2021-07-28,-933000000,26546000000,,2194000000,24352000000,,26.455,-242000000.0,884000000,884000000,714000000.0,177000000.0,1.087,1.734,6935000000,468000000,6467000000,6935000000,0,209000000.0,0,0.034,0.0,400000000.0,609000000.0,0.313,609000000.0,400000000.0,283000000.0,0.48,0.47,0.48,9710000000,,9710000000,19921360314,7.0,5.197,112000000.0,0.305,1.0,1229000000.0,0.633,0,117000000.0,30579000000,,191000000,1806000000,0,1806000000,16836000000,2018000000,14818000000,13870360314,266000000.0,0.0,6000000.0,275000000.0,-125000000.0,156000000.0,-244000000.0,-2000000.0,354000000.0,0.0,177000000.0,177000000.0,177000000.0,0.0,0.0,0.091,846000000.0,383000000.0,952000000,0.0,1.428,8.658,8.788,22292000000,0.0,37.79,1.373,1.373,831000000,8551000000,1943000000.0,1943000000.0,0.0,,,,,0.0,639000000.0,1.0,367037849,367037849,,5.294,26546000000,161000000,106000000.0,6717000000,72.325,176000000
50,NSC,ARQ,2008-12-31,2009-02-18,2008-12-31,2021-07-28,-942000000,26297000000,,1999000000,24298000000,,26.216,-419000000.0,618000000,618000000,874000000.0,452000000.0,0.95,1.737,6667000000,484000000,6183000000,6667000000,0,209000000.0,0,0.036,0.66,831000000.0,1040000000.0,0.416,1040000000.0,831000000.0,719000000.0,1.23,1.22,1.23,9607000000,,9607000000,19080345337,6.0,4.759,221000000.0,0.603,1.0,1628000000.0,0.651,0,112000000.0,30241000000,,194000000,1779000000,0,1779000000,16690000000,2105000000,14585000000,13031345337,61000000.0,0.0,-224000000.0,181000000.0,-118000000.0,-161000000.0,-418000000.0,1000000.0,640000000.0,0.0,452000000.0,452000000.0,452000000.0,0.0,0.0,0.181,815000000.0,813000000.0,1140000000,0.537,1.356,7.594,7.73,22247000000,0.0,35.56,1.222,1.222,870000000,8501000000,2502000000.0,2502000000.0,0.0,,,,,0.0,609000000.0,1.0,366460780,366460780,,6.827,26297000000,149000000,267000000.0,6633000000,71.759,-106000000
51,NSC,ARQ,2008-09-30,2008-10-24,2008-09-30,2021-07-28,-389000000,26717000000,,2082000000,24635000000,,27.131,-420000000.0,557000000,557000000,1091000000.0,520000000.0,0.904,1.659,6471000000,488000000,5983000000,6471000000,0,204000000.0,0,0.022,0.32,933000000.0,1137000000.0,0.393,1137000000.0,933000000.0,822000000.0,1.39,1.37,1.39,10046000000,,10046000000,25583235938,8.0,6.58,597000000.0,1.612,1.0,1803000000.0,0.623,0,111000000.0,30328000000,,210000000,1827000000,0,1827000000,16671000000,2303000000,14368000000,19669235938,103000000.0,0.0,-358000000.0,-19000000.0,-120000000.0,-497000000.0,-417000000.0,3000000.0,1017000000.0,0.0,520000000.0,520000000.0,520000000.0,0.0,0.0,0.18,909000000.0,894000000.0,1225000000,0.23,1.958,11.828,12.1,22032000000,0.0,53.12,1.853,1.853,1076000000,8375000000,2894000000.0,2894000000.0,0.0,,,,,0.0,708000000.0,1.0,370279291,370279291,,7.816,26717000000,172000000,302000000.0,6899000000,72.154,-221000000
52,NSC,ARQ,2008-06-30,2008-07-24,2008-06-30,2021-07-28,-392000000,26414000000,,2026000000,24388000000,,26.631,-309000000.0,454000000,454000000,1105000000.0,453000000.0,0.952,1.644,6489000000,486000000,6003000000,6489000000,0,202000000.0,0,0.016,0.29,845000000.0,1047000000.0,0.379,1047000000.0,845000000.0,733000000.0,1.2,1.18,1.2,9992000000,,9992000000,32276433027,11.0,8.819,145000000.0,0.386,1.0,1660000000.0,0.6,0,112000000.0,30321000000,,203000000,1804000000,0,1804000000,16422000000,2128000000,14294000000,26241433027,90000000.0,0.0,-112000000.0,3000000.0,-109000000.0,-218000000.0,-146000000.0,163000000.0,454000000.0,0.0,453000000.0,453000000.0,453000000.0,0.0,0.0,0.164,861000000.0,799000000.0,1114000000,0.242,2.626,17.162,17.529,21824000000,0.0,69.94,2.605,2.605,1084000000,8351000000,2765000000.0,2765000000.0,0.0,,,,,0.0,662000000.0,1.0,375199214,375199214,,7.369,26414000000,169000000,280000000.0,6761000000,70.4,-102000000
53,NSC,ARQ,2008-03-31,2008-04-23,2008-03-31,2021-07-28,-395000000,26465000000,,2036000000,24429000000,,25.942,-301000000.0,364000000,364000000,1019000000.0,291000000.0,0.914,1.715,6493000000,276000000,6217000000,6493000000,0,200000000.0,0,0.018,0.0,585000000.0,785000000.0,0.314,785000000.0,585000000.0,476000000.0,0.77,0.76,0.77,9748000000,,9748000000,28200864149,10.0,8.012,303000000.0,0.806,1.0,1481000000.0,0.592,0,109000000.0,30367000000,,194000000,1937000000,0,1937000000,16717000000,2227000000,14490000000,22071864149,158000000.0,0.0,-205000000.0,115000000.0,-109000000.0,-199000000.0,-247000000.0,54000000.0,604000000.0,0.0,291000000.0,291000000.0,291000000.0,0.0,0.0,0.116,903000000.0,578000000.0,1337000000,0.0,2.264,15.015,15.499,21697000000,0.0,58.74,2.279,2.279,1125000000,8210000000,2500000000.0,2500000000.0,0.0,,,,,0.0,705000000.0,1.0,375755263,375755263,,6.653,26465000000,230000000,185000000.0,6822000000,70.431,-191000000
54,NSC,ARQ,2007-12-31,2008-02-15,2007-12-31,2021-07-28,-399000000,26144000000,,1675000000,24469000000,,25.847,-427000000.0,206000000,206000000,1296000000.0,399000000.0,0.86,1.688,6368000000,369000000,5999000000,6368000000,0,199000000.0,0,0.019,0.55,720000000.0,919000000.0,0.374,919000000.0,720000000.0,612000000.0,1.03,1.02,1.03,9727000000,,9727000000,26461384112,10.0,7.639,95000000.0,0.252,1.0,1158000000.0,0.472,0,108000000.0,30358000000,,176000000,1974000000,0,1974000000,16417000000,1948000000,14469000000,20299384112,-199000000.0,0.0,-410000000.0,215000000.0,-101000000.0,-296000000.0,-425000000.0,2000000.0,522000000.0,0.0,399000000.0,399000000.0,399000000.0,0.0,0.0,0.163,472000000.0,686000000.0,1139000000,0.534,2.087,13.866,14.422,21583000000,0.0,53.94,2.152,2.152,942000000,8280000000,2454000000.0,2454000000.0,0.0,,,,,0.0,623000000.0,1.0,376332668,376332668,,6.521,26144000000,190000000,213000000.0,6634000000,69.47,-273000000
55,NSC,ARQ,2007-09-30,2007-10-25,2007-09-30,2021-07-28,-353000000,25960000000,,1851000000,24109000000,,25.511,-284000000.0,405000000,405000000,763000000.0,386000000.0,0.915,1.628,6147000000,383000000,5764000000,6147000000,0,197000000.0,0,0.017,0.26,712000000.0,909000000.0,0.386,909000000.0,712000000.0,605000000.0,0.99,0.97,0.99,9879000000,,9879000000,25661651011,10.0,7.572,390000000.0,1.007,1.0,1590000000.0,0.676,0,107000000.0,29680000000,,173000000,1947000000,13000000,1934000000,16081000000,2022000000,14059000000,19919651011,6000000.0,0.0,-330000000.0,-21000000.0,-102000000.0,-453000000.0,-215000000.0,69000000.0,674000000.0,0.0,386000000.0,386000000.0,386000000.0,0.0,0.0,0.164,909000000.0,681000000.0,1127000000,0.263,2.016,13.738,14.055,21345000000,0.0,51.44,2.143,2.143,1013000000,8373000000,2353000000.0,2353000000.0,0.0,,,,,0.0,619000000.0,1.0,387240494,387240494,,6.076,25960000000,188000000,219000000.0,6610000000,67.038,-171000000
56,NSC,ARQ,2007-06-30,2007-07-27,2007-06-30,2021-07-28,-357000000,25931000000,,1949000000,23982000000,,25.183,-306000000.0,399000000,399000000,745000000.0,394000000.0,0.986,1.616,6164000000,388000000,5776000000,6164000000,0,196000000.0,0,0.015,0.22,711000000.0,907000000.0,0.381,907000000.0,711000000.0,600000000.0,1.0,0.98,1.0,9912000000,,9912000000,26366114182,10.0,7.7,245000000.0,0.622,1.0,1633000000.0,0.687,0,111000000.0,29719000000,,174000000,2010000000,93000000,1917000000,16019000000,1977000000,14042000000,20601114182,-71000000.0,0.0,-38000000.0,-369000000.0,-86000000.0,-493000000.0,-129000000.0,177000000.0,551000000.0,0.0,394000000.0,394000000.0,394000000.0,0.0,0.0,0.166,943000000.0,690000000.0,1158000000,0.22,2.078,13.92,14.108,21245000000,0.0,52.34,2.206,2.206,1001000000,8402000000,2378000000.0,2378000000.0,0.0,,,,,0.0,629000000.0,1.0,393601723,393601723,,6.042,25931000000,199000000,206000000.0,6536000000,65.881,-28000000
57,NSC,ARQ,2007-03-31,2007-04-27,2007-03-31,2021-07-28,-364000000,26030000000,,2287000000,23743000000,,24.485,-200000000.0,470000000,470000000,716000000.0,285000000.0,1.064,1.704,6533000000,533000000,6000000000,6533000000,0,194000000.0,0,0.014,0.0,535000000.0,729000000.0,0.324,729000000.0,535000000.0,420000000.0,0.72,0.71,0.72,9628000000,,9628000000,27147589592,10.0,7.952,386000000.0,0.982,1.0,1531000000.0,0.681,0,115000000.0,29944000000,,161000000,2201000000,374000000,1827000000,16402000000,2149000000,14253000000,21084589592,-57000000.0,0.0,-235000000.0,-64000000.0,-88000000.0,-387000000.0,-256000000.0,-56000000.0,586000000.0,0.0,285000000.0,285000000.0,285000000.0,0.0,0.0,0.127,1003000000.0,528000000.0,1084000000,0.0,2.19,14.432,14.812,21128000000,0.0,53.62,2.255,2.255,991000000,8236000000,2247000000.0,2247000000.0,0.0,,,,,0.0,681000000.0,1.0,393222484,393222484,,5.714,26030000000,185000000,135000000.0,6577000000,66.197,138000000
58,NSC,ARQ,2006-12-31,2007-02-22,2006-12-31,2021-07-28,-369000000,26028000000,,2400000000,23628000000,,24.22,-283000000.0,527000000,527000000,743000000.0,385000000.0,1.147,1.707,6600000000,491000000,6109000000,6600000000,0,190000000.0,0,0.014,0.4,654000000.0,844000000.0,0.364,844000000.0,654000000.0,539000000.0,0.95,0.95,0.95,9615000000,,9615000000,26394726803,10.0,7.637,206000000.0,0.519,1.0,1576000000.0,0.68,0,115000000.0,30008000000,,151000000,2146000000,391000000,1755000000,16413000000,2093000000,14320000000,20321726803,257000000.0,0.0,9000000.0,-27000000.0,-71000000.0,-89000000.0,-143000000.0,140000000.0,489000000.0,0.0,385000000.0,385000000.0,385000000.0,0.0,0.0,0.166,962000000.0,614000000.0,1181000000,0.421,2.114,13.722,14.102,21098000000,0.0,51.19,2.16,2.16,992000000,8283000000,2319000000.0,2319000000.0,0.0,,,,,0.0,655000000.0,1.0,396986263,396986263,,5.842,26028000000,186000000,154000000.0,6649000000,65.564,307000000
59,NSC,ARQ,2006-09-30,2006-10-31,2006-09-30,2021-07-28,-87000000,25978000000,,2216000000,23762000000,,24.135,-275000000.0,270000000,270000000,759000000.0,416000000.0,1.012,1.712,6625000000,484000000,6141000000,6625000000,0,188000000.0,0,0.012,0.18,756000000.0,944000000.0,0.394,944000000.0,756000000.0,636000000.0,1.04,1.02,1.04,9579000000,,9579000000,27148165174,10.0,7.908,344000000.0,0.867,1.0,1634000000.0,0.683,0,120000000.0,30144000000,,158000000,2312000000,533000000,1779000000,16399000000,2189000000,14210000000,20793165174,13000000.0,0.0,-724000000.0,-241000000.0,-74000000.0,-1039000000.0,433000000.0,708000000.0,619000000.0,0.0,416000000.0,416000000.0,416000000.0,0.0,0.0,0.174,919000000.0,715000000.0,1168000000,0.173,2.171,14.261,14.634,20970000000,0.0,52.39,2.225,2.225,1027000000,8028000000,2393000000.0,2393000000.0,0.0,,,,,0.0,624000000.0,1.0,396891872,396891872,,6.029,25978000000,176000000,220000000.0,6852000000,65.454,27000000
60,NSC,ARQ,2006-06-30,2006-07-28,2006-06-30,2021-07-28,-89000000,26559000000,,2910000000,23649000000,,24.047,-297000000.0,257000000,257000000,762000000.0,375000000.0,1.242,1.669,6865000000,690000000,6175000000,6865000000,0,187000000.0,0,0.013,0.16,710000000.0,897000000.0,0.375,897000000.0,710000000.0,589000000.0,0.91,0.89,0.91,9951000000,,9951000000,24716808404,10.0,7.612,291000000.0,0.703,1.0,1630000000.0,0.681,0,121000000.0,30824000000,,146000000,3022000000,1278000000,1744000000,16608000000,2343000000,14265000000,18108808404,-269000000.0,0.0,-68000000.0,-39000000.0,-67000000.0,-174000000.0,-683000000.0,-386000000.0,588000000.0,0.0,375000000.0,375000000.0,375000000.0,0.0,0.0,0.157,953000000.0,677000000.0,1115000000,0.176,1.82,13.484,13.341,20886000000,0.0,43.76,1.988,1.988,990000000,8350000000,2392000000.0,2392000000.0,0.0,,,,,0.0,637000000.0,1.0,413821033,413821033,,5.78,26559000000,175000000,214000000.0,6908000000,64.18,567000000
61,NSC,ARQ,2006-03-31,2006-04-28,2006-03-31,2021-07-28,-85000000,26241000000,,2944000000,23297000000,,23.413,-204000000.0,526000000,526000000,734000000.0,305000000.0,1.501,1.703,6898000000,348000000,6550000000,6898000000,0,185000000.0,0,0.01,0.0,586000000.0,771000000.0,0.335,771000000.0,586000000.0,466000000.0,0.74,0.72,0.74,9709000000,,9709000000,28765393704,12.0,9.141,306000000.0,0.738,1.0,1569000000.0,0.681,0,120000000.0,30652000000,,143000000,2639000000,1016000000,1623000000,16532000000,1961000000,14571000000,22393393704,237000000.0,0.0,116000000.0,-32000000.0,-66000000.0,18000000.0,-291000000.0,-87000000.0,510000000.0,0.0,305000000.0,305000000.0,305000000.0,0.0,0.0,0.132,1018000000.0,551000000.0,1036000000,0.0,2.306,16.087,15.789,20756000000,0.0,54.0,2.525,2.525,985000000,8158000000,2303000000.0,2303000000.0,0.0,,,,,0.0,721000000.0,1.0,414692476,414692476,,5.554,26241000000,167000000,161000000.0,6914000000,63.278,983000000
62,NSC,ARQ,2005-12-31,2006-02-23,2005-12-31,2021-07-28,-77000000,25861000000,,2650000000,23211000000,,22.856,-392000000.0,289000000,289000000,723000000.0,362000000.0,1.379,1.784,6930000000,314000000,6616000000,6930000000,0,196000000.0,0,0.011,0.29,625000000.0,821000000.0,0.364,821000000.0,625000000.0,504000000.0,0.89,0.87,0.89,9289000000,,9289000000,27083936563,12.0,9.095,111000000.0,0.273,1.0,1534000000.0,0.68,0,121000000.0,30581000000,,132000000,2558000000,968000000,1590000000,16572000000,1921000000,14651000000,20442936563,-20000000.0,0.0,80000000.0,75000000.0,-53000000.0,102000000.0,-625000000.0,-233000000.0,503000000.0,0.0,362000000.0,362000000.0,362000000.0,0.0,0.0,0.16,940000000.0,594000000.0,1163000000,0.326,2.201,15.959,15.868,20705000000,0.0,50.3,2.397,2.397,931000000,7980000000,2257000000.0,2257000000.0,0.0,,,,,0.0,636000000.0,1.0,406420210,406420210,,5.553,25861000000,167000000,142000000.0,6851000000,63.631,729000000
63,NSC,ARQ,2005-09-30,2005-10-28,2005-09-30,2021-07-28,-33000000,25433000000,,2436000000,22997000000,,21.938,-201000000.0,309000000,309000000,682000000.0,301000000.0,1.229,1.853,6958000000,313000000,6645000000,6958000000,0,198000000.0,0,0.011,0.13,560000000.0,758000000.0,0.352,758000000.0,560000000.0,441000000.0,0.74,0.73,0.74,8916000000,,8916000000,22808267550,11.0,8.003,541000000.0,1.331,1.0,1473000000.0,0.684,0,119000000.0,30100000000,,137000000,2349000000,741000000,1608000000,16517000000,1982000000,14535000000,16159267550,-122000000.0,0.0,42000000.0,-36000000.0,-53000000.0,-47000000.0,-817000000.0,-616000000.0,742000000.0,0.0,301000000.0,301000000.0,301000000.0,0.0,0.0,0.14,945000000.0,528000000.0,1132000000,0.176,1.812,13.66,13.57,20481000000,0.0,39.76,1.966,1.966,950000000,7671000000,2155000000.0,2155000000.0,0.0,,,,,0.0,629000000.0,1.0,406420210,406420210,,5.302,25433000000,175000000,140000000.0,6829000000,62.578,454000000
64,NSC,ARQ,2005-06-30,2005-08-01,2005-06-30,2021-07-28,-25000000,24907000000,,1970000000,22937000000,,21.311,-182000000.0,431000000,431000000,639000000.0,424000000.0,1.216,1.889,6992000000,115000000,6877000000,6992000000,0,196000000.0,0,0.011,0.11,601000000.0,797000000.0,0.37,797000000.0,601000000.0,475000000.0,1.05,1.04,1.05,8621000000,,8621000000,21621840098,11.0,7.854,270000000.0,0.667,1.0,1515000000.0,0.703,0,126000000.0,29848000000,,125000000,1740000000,184000000,1556000000,16286000000,1620000000,14666000000,15060840098,-433000000.0,0.0,6000000.0,-689000000.0,-44000000.0,-727000000.0,-158000000.0,24000000.0,452000000.0,0.0,424000000.0,424000000.0,424000000.0,0.0,0.0,0.197,923000000.0,592000000.0,1065000000,0.105,1.747,12.873,12.75,20471000000,0.0,37.23,1.901,1.901,885000000,7423000000,2154000000.0,2154000000.0,0.0,,,,,0.0,624000000.0,1.0,404535055,404535055,,5.325,24907000000,176000000,51000000.0,6699000000,61.569,350000000
65,NSC,ARQ,2005-03-31,2005-04-29,2005-03-31,2021-07-28,-2000000,25487000000,,2595000000,22892000000,,20.417,-140000000.0,864000000,864000000,621000000.0,194000000.0,1.192,2.088,7682000000,557000000,7125000000,7682000000,0,197000000.0,0,0.012,0.11,405000000.0,602000000.0,0.307,602000000.0,405000000.0,277000000.0,0.48,0.47,0.48,8254000000,,8254000000,19512213774,11.0,7.761,268000000.0,0.663,1.0,1340000000.0,0.683,0,128000000.0,30128000000,,114000000,1780000000,255000000,1525000000,17233000000,2177000000,15056000000,12694213774,397000000.0,0.0,66000000.0,194000000.0,-44000000.0,216000000.0,-227000000.0,-87000000.0,408000000.0,0.0,194000000.0,194000000.0,194000000.0,0.0,0.0,0.099,937000000.0,403000000.0,1098000000,0.229,1.538,13.237,12.975,20474000000,0.0,31.4,1.675,1.675,890000000,7043000000,1961000000.0,1961000000.0,0.0,,,,,0.0,604000000.0,1.0,404274324,404274324,,4.851,25487000000,216000000,83000000.0,6845000000,63.044,418000000
66,NSC,ARQ,2004-12-31,2005-03-02,2004-12-31,2021-07-28,-24000000,24750000000,,1967000000,22783000000,,19.961,-342000000.0,579000000,579000000,611000000.0,264000000.0,0.894,2.098,7525000000,662000000,6863000000,7525000000,0,192000000.0,0,0.011,0.11,501000000.0,693000000.0,0.356,693000000.0,501000000.0,375000000.0,0.66,0.65,0.66,7990000000,,7990000000,21391994729,12.0,8.913,108000000.0,0.27,1.0,1338000000.0,0.687,0,126000000.0,29495000000,,104000000,895000000,90000000,805000000,16760000000,2201000000,14559000000,14445994729,104000000.0,0.0,91000000.0,-29000000.0,-40000000.0,22000000.0,-368000000.0,-26000000.0,450000000.0,0.0,264000000.0,264000000.0,264000000.0,0.0,0.0,0.135,876000000.0,462000000.0,1090000000,0.167,1.808,15.651,15.423,20526000000,0.0,36.09,1.976,1.976,767000000,6893000000,1949000000.0,1949000000.0,0.0,,,,,0.0,592000000.0,1.0,400276939,400276939,,4.869,24750000000,187000000,111000000.0,6760000000,61.832,-234000000
67,NSC,ARQ,2004-09-30,2004-10-28,2004-09-30,2021-07-28,11000000,24429000000,,1806000000,22623000000,,19.414,-228000000.0,475000000,475000000,588000000.0,288000000.0,0.851,2.178,7548000000,529000000,7019000000,7548000000,0,152000000.0,0,0.01,0.1,509000000.0,661000000.0,0.356,661000000.0,509000000.0,388000000.0,0.73,0.72,0.73,7688000000,,7688000000,20244182875,14.0,9.992,357000000.0,0.901,1.0,1269000000.0,0.683,0,121000000.0,29380000000,,102000000,848000000,55000000,793000000,16741000000,2122000000,14619000000,13171182875,272000000.0,0.0,42000000.0,6000000.0,-39000000.0,9000000.0,-322000000.0,-94000000.0,585000000.0,0.0,288000000.0,288000000.0,288000000.0,0.0,0.0,0.155,800000000.0,469000000.0,1072000000,0.137,1.713,18.525,18.376,20368000000,0.0,33.26,1.871,1.871,806000000,6669000000,1857000000.0,1857000000.0,0.0,,,,,0.0,570000000.0,1.0,396006701,396006701,,4.689,24429000000,191000000,100000000.0,6729000000,61.688,-316000000
68,NSC,ARQ,2004-06-30,2004-07-30,2004-06-30,2021-07-28,-21000000,20829000000,,1431000000,19398000000,,18.682,-225000000.0,203000000,203000000,596000000.0,213000000.0,0.737,1.832,6847000000,511000000,6336000000,6847000000,0,133000000.0,0,0.009,0.08,425000000.0,558000000.0,0.308,558000000.0,425000000.0,304000000.0,0.55,0.54,0.55,7355000000,,7355000000,17151509073,13.0,9.424,143000000.0,0.363,1.0,1217000000.0,0.671,0,121000000.0,25531000000,,100000000,6293000000,0,6293000000,13474000000,1942000000,11532000000,10507509073,96000000.0,0.0,24000000.0,-15000000.0,-31000000.0,-22000000.0,-250000000.0,-25000000.0,368000000.0,0.0,213000000.0,213000000.0,213000000.0,0.0,0.0,0.117,792000000.0,425000000.0,1808000000,0.145,1.429,18.763,18.664,11915000000,0.0,26.69,1.55,1.55,782000000,6421000000,1813000000.0,1813000000.0,0.0,,,,,0.0,565000000.0,1.0,393687114,393687114,,4.605,20829000000,191000000,91000000.0,3528000000,52.907,-511000000
69,NSC,ARQ,2004-03-31,2004-04-28,2004-03-31,2021-07-28,-37000000,20592000000,,1322000000,19270000000,,18.165,-171000000.0,107000000,107000000,574000000.0,158000000.0,0.784,1.891,6881000000,210000000,6671000000,6881000000,0,132000000.0,0,0.013,0.0,356000000.0,488000000.0,0.288,488000000.0,356000000.0,235000000.0,0.4,0.4,0.4,7122000000,,7122000000,16313036726,14.0,9.506,87000000.0,0.222,1.0,1119000000.0,0.661,0,121000000.0,25680000000,,97000000,6275000000,0,6275000000,13470000000,1686000000,11784000000,9539036726,-177000000.0,0.0,5000000.0,-215000000.0,-32000000.0,-242000000.0,-193000000.0,-22000000.0,258000000.0,0.0,158000000.0,158000000.0,158000000.0,0.0,0.0,0.093,773000000.0,346000000.0,1758000000,0.0,1.339,19.709,19.78,11819000000,0.0,24.33,1.445,1.445,765000000,6239000000,1693000000.0,1693000000.0,0.0,,,,,0.0,545000000.0,1.0,392068916,392068916,,4.318,20592000000,197000000,77000000.0,3496000000,52.521,-364000000
70,NSC,ARQ,2003-12-31,2004-02-13,2003-12-31,2021-07-28,-44000000,20596000000,,1425000000,19171000000,,17.803,-146000000.0,284000000,284000000,546000000.0,52000000.0,0.791,1.952,7160000000,360000000,6800000000,7160000000,0,133000000.0,0,0.014,0.16,186000000.0,319000000.0,0.19,319000000.0,186000000.0,62000000.0,0.13,0.13,0.13,6976000000,,6976000000,15614316325,13.0,9.0,108000000.0,0.276,1.0,1130000000.0,0.674,0,124000000.0,25671000000,,92000000,6259000000,0,6259000000,13620000000,1801000000,11819000000,8738316325,126000000.0,0.0,8000000.0,0.0,-31000000.0,-66000000.0,-62000000.0,84000000.0,254000000.0,0.0,52000000.0,52000000.0,52000000.0,0.0,0.0,0.031,906000000.0,224000000.0,1745000000,1.231,1.253,16.333,16.277,11779000000,0.0,22.3,1.351,1.351,695000000,6112000000,1676000000.0,1676000000.0,0.0,,,,,0.0,683000000.0,1.0,391852750,391852750,,4.277,20596000000,189000000,10000000.0,3422000000,52.561,-376000000
71,NSC,ARQ,2003-09-30,2003-10-31,2003-09-30,2021-07-28,-69000000,20559000000,,1284000000,19275000000,,17.712,-125000000.0,158000000,158000000,537000000.0,137000000.0,0.693,1.973,7186000000,363000000,6823000000,7186000000,0,132000000.0,0,0.011,0.0,323000000.0,455000000.0,0.285,455000000.0,323000000.0,200000000.0,0.35,0.35,0.35,6915000000,,6915000000,14894946316,11.0,7.991,309000000.0,0.791,1.0,1061000000.0,0.664,0,123000000.0,25733000000,,92000000,6232000000,3000000,6229000000,13644000000,1854000000,11790000000,7866946316,48000000.0,0.0,1000000.0,-210000000.0,-31000000.0,-240000000.0,-146000000.0,-21000000.0,434000000.0,0.0,137000000.0,137000000.0,137000000.0,0.0,0.0,0.086,750000000.0,311000000.0,1691000000,0.0,1.138,12.854,12.834,11821000000,0.0,20.15,1.234,1.234,785000000,6091000000,1598000000.0,1598000000.0,0.0,,,,,0.0,531000000.0,1.0,390419172,390419172,,4.093,20559000000,198000000,63000000.0,3421000000,52.659,-570000000
72,NSC,ARQ,2003-06-30,2003-07-30,2003-06-30,2021-07-28,-64000000,20538000000,,1306000000,19232000000,,17.45,-177000000.0,110000000,110000000,572000000.0,137000000.0,0.631,2.016,7461000000,613000000,6848000000,7461000000,0,132000000.0,0,0.019,0.08,322000000.0,454000000.0,0.278,454000000.0,322000000.0,199000000.0,0.35,0.35,0.35,6809000000,,6809000000,14718104157,11.0,7.926,56000000.0,0.144,1.0,1061000000.0,0.65,0,123000000.0,25820000000,,102000000,6215000000,0,6215000000,13729000000,2069000000,11660000000,7367104157,-18000000.0,0.0,3000000.0,-4000000.0,-28000000.0,-29000000.0,-222000000.0,-45000000.0,233000000.0,0.0,137000000.0,137000000.0,137000000.0,0.0,0.0,0.084,763000000.0,298000000.0,1619000000,0.229,1.082,12.258,12.26,11823000000,0.0,18.88,1.156,1.156,806000000,5985000000,1633000000.0,1633000000.0,0.0,,,,,0.0,535000000.0,1.0,390206788,390206788,,4.185,20538000000,202000000,62000000.0,3370000000,52.634,-763000000
73,NSC,ARQ,2003-03-31,2003-04-30,2003-03-31,2021-07-28,-68000000,20434000000,,1331000000,19103000000,,17.155,-194000000.0,128000000,128000000,571000000.0,209000000.0,0.613,2.056,7489000000,616000000,6873000000,7489000000,0,131000000.0,0,0.016,0.07,376000000.0,507000000.0,0.325,507000000.0,376000000.0,249000000.0,0.54,0.54,0.54,6687000000,,6687000000,15628608135,12.0,8.412,-61000000.0,-0.156,1.0,990000000.0,0.634,0,127000000.0,25624000000,,101000000,6199000000,0,6199000000,13747000000,2171000000,11576000000,8267608135,-56000000.0,0.0,1000000.0,47000000.0,-27000000.0,21000000.0,-210000000.0,-16000000.0,133000000.0,0.0,209000000.0,209000000.0,209000000.0,-10000000.0,0.0,0.134,759000000.0,231000000.0,1576000000,0.13,1.236,14.181,14.14,11772000000,0.0,21.21,1.305,1.305,792000000,5876000000,1561000000.0,1561000000.0,0.0,,,,,0.0,526000000.0,1.0,389797649,389797649,,4.005,20434000000,193000000,40000000.0,3350000000,52.422,-840000000
74,NSC,ARQ,2002-12-31,2003-02-24,2002-12-31,2021-07-28,-65000000,19956000000,,1299000000,18657000000,,16.707,-156000000.0,184000000,184000000,560000000.0,129000000.0,0.701,2.07,7364000000,358000000,7006000000,7364000000,0,134000000.0,0,0.015,0.07,314000000.0,448000000.0,0.283,448000000.0,314000000.0,186000000.0,0.33,0.33,0.33,6500000000,,6500000000,14350323717,12.0,8.186,25000000.0,0.064,1.0,1021000000.0,0.646,0,128000000.0,25283000000,,97000000,6178000000,0,6178000000,13456000000,1853000000,11603000000,7170323717,52000000.0,0.0,3000000.0,23000000.0,-27000000.0,-1000000.0,-128000000.0,28000000.0,181000000.0,0.0,129000000.0,129000000.0,129000000.0,0.0,0.0,0.082,733000000.0,288000000.0,1507000000,0.212,1.103,15.588,15.619,11370000000,0.0,18.43,1.144,1.144,689000000,5694000000,1581000000.0,1581000000.0,0.0,,,,,0.0,513000000.0,1.0,389057174,389057174,,4.064,19956000000,187000000,57000000.0,3279000000,51.293,-554000000
75,NSC,ARQ,2002-09-30,2002-11-05,2002-09-30,2021-07-28,-33000000,19794000000,,1144000000,18650000000,,16.532,-154000000.0,132000000,132000000,567000000.0,126000000.0,0.623,2.081,7383000000,356000000,7027000000,7383000000,0,133000000.0,0,0.012,0.07,315000000.0,448000000.0,0.28,448000000.0,315000000.0,189000000.0,0.32,0.32,0.32,6425000000,,6425000000,15630218885,13.0,8.962,83000000.0,0.214,1.0,1031000000.0,0.645,0,126000000.0,25210000000,,91000000,6190000000,0,6190000000,13369000000,1835000000,11534000000,8379218885,38000000.0,0.0,3000000.0,-8000000.0,-28000000.0,-33000000.0,-166000000.0,-12000000.0,237000000.0,0.0,126000000.0,126000000.0,126000000.0,0.0,0.0,0.079,720000000.0,311000000.0,1433000000,0.219,1.304,18.787,18.748,11332000000,0.0,21.56,1.347,1.347,689000000,5593000000,1598000000.0,1598000000.0,0.0,,,,,0.0,489000000.0,1.0,388646516,388646516,,4.112,19794000000,167000000,63000000.0,3192000000,50.931,-691000000
76,NSC,ARQ,2002-06-30,2002-08-08,2002-06-30,2021-07-28,-41000000,19524000000,,958000000,18566000000,,16.249,-152000000.0,94000000,94000000,551000000.0,119000000.0,0.631,2.093,7444000000,106000000,7338000000,7444000000,0,131000000.0,0,0.012,0.13,324000000.0,455000000.0,0.286,455000000.0,324000000.0,194000000.0,0.31,0.31,0.31,6312000000,,6312000000,15577279629,13.0,9.217,170000000.0,0.438,1.0,1042000000.0,0.654,0,130000000.0,25356000000,,100000000,6178000000,0,6178000000,13212000000,1518000000,11694000000,8227279629,-70000000.0,0.0,1000000.0,-197000000.0,-23000000.0,-219000000.0,-173000000.0,-21000000.0,322000000.0,0.0,119000000.0,119000000.0,119000000.0,0.0,0.0,0.075,720000000.0,322000000.0,1320000000,0.419,1.303,20.62,20.563,11305000000,0.0,21.18,1.342,1.342,528000000,5494000000,1593000000.0,1593000000.0,0.0,,,,,0.0,497000000.0,1.0,388445686,388445686,,4.101,19524000000,166000000,75000000.0,3143000000,50.262,-560000000
77,NSC,ARQ,2002-03-31,2002-04-24,2002-03-31,2021-07-28,-40000000,19641000000,,1142000000,18499000000,,16.004,-196000000.0,164000000,164000000,533000000.0,86000000.0,0.606,2.162,7656000000,410000000,7246000000,7656000000,0,131000000.0,0,0.011,0.0,271000000.0,402000000.0,0.268,402000000.0,271000000.0,137000000.0,0.22,0.22,0.22,6211000000,,6211000000,15595281950,14.0,9.322,-133000000.0,-0.343,1.0,965000000.0,0.644,0,134000000.0,25250000000,,94000000,6167000000,0,6167000000,13430000000,1883000000,11547000000,8103281950,-40000000.0,0.0,35000000.0,91000000.0,-23000000.0,103000000.0,-206000000.0,-10000000.0,63000000.0,0.0,86000000.0,86000000.0,86000000.0,0.0,0.0,0.057,728000000.0,237000000.0,1278000000,0.0,1.305,20.939,20.88,11280000000,0.0,20.88,1.322,1.322,620000000,5397000000,1498000000.0,1498000000.0,0.0,,,,,0.0,523000000.0,1.0,388088216,388088216,,3.86,19641000000,169000000,51000000.0,3099000000,50.61,-741000000
78,NSC,ARQ,2001-12-31,2002-02-21,2001-12-31,2021-07-28,-55000000,19418000000,,1047000000,18371000000,,15.755,-34000000.0,204000000,204000000,525000000.0,115000000.0,0.439,2.189,8005000000,978000000,7027000000,8005000000,0,132000000.0,0,0.011,0.06,307000000.0,439000000.0,0.287,439000000.0,307000000.0,171000000.0,0.3,0.3,0.3,6090000000,,6090000000,16266154672,15.0,9.882,43000000.0,0.111,1.0,1005000000.0,0.657,0,136000000.0,24833000000,,90000000,6161000000,0,6161000000,13328000000,2386000000,10942000000,8465154672,70000000.0,0.0,0.0,16000000.0,-24000000.0,-8000000.0,1000000.0,35000000.0,77000000.0,0.0,115000000.0,115000000.0,115000000.0,0.0,0.0,0.075,730000000.0,275000000.0,848000000,0.2,1.39,22.574,22.577,11208000000,0.0,21.9,1.372,1.372,483000000,5335000000,1530000000.0,1530000000.0,0.0,,,,,0.0,515000000.0,1.0,386536743,386536743,,3.958,19418000000,162000000,56000000.0,3093000000,50.236,-1339000000
79,NSC,ARQ,2001-09-30,2001-11-09,2001-09-30,2021-07-28,-14000000,19385000000,,893000000,18492000000,,15.649,-156000000.0,134000000,134000000,569000000.0,79000000.0,0.375,2.213,8019000000,955000000,7064000000,8019000000,0,133000000.0,0,0.013,0.06,261000000.0,394000000.0,0.261,394000000.0,261000000.0,124000000.0,0.2,0.2,0.2,6033000000,,6033000000,14793666598,16.0,10.084,111000000.0,0.288,1.0,939000000.0,0.623,0,137000000.0,24887000000,,89000000,6188000000,0,6188000000,13352000000,2383000000,10969000000,6908666598,87000000.0,0.0,1000000.0,17000000.0,-23000000.0,-5000000.0,-175000000.0,-19000000.0,267000000.0,0.0,79000000.0,79000000.0,79000000.0,0.0,0.0,0.052,694000000.0,245000000.0,869000000,0.3,1.145,26.07,26.353,11276000000,0.0,17.92,1.113,1.113,462000000,5244000000,1508000000.0,1508000000.0,0.0,,,,,0.0,478000000.0,1.0,385528270,385528270,,3.912,19385000000,170000000,45000000.0,3040000000,50.282,-1490000000
80,NSC,ARQ,2001-06-30,2001-08-09,2001-06-30,2021-07-28,-10000000,19239000000,,811000000,18428000000,,15.512,-116000000.0,47000000,47000000,589000000.0,107000000.0,0.354,2.219,7986000000,914000000,7072000000,7986000000,0,132000000.0,0,0.019,0.06,306000000.0,438000000.0,0.275,438000000.0,306000000.0,167000000.0,0.28,0.28,0.28,5977000000,,5977000000,15633953850,16.0,10.464,76000000.0,0.197,1.0,1003000000.0,0.63,0,139000000.0,24887000000,,96000000,6180000000,0,6180000000,13262000000,2291000000,10971000000,7694953850,-7000000.0,0.0,9000000.0,-75000000.0,-23000000.0,-89000000.0,-110000000.0,6000000.0,192000000.0,0.0,107000000.0,107000000.0,107000000.0,0.0,0.0,0.067,721000000.0,282000000.0,861000000,0.214,1.287,27.0,26.986,11249000000,0.0,19.97,1.238,1.238,438000000,5188000000,1592000000.0,1592000000.0,0.0,,,,,0.0,502000000.0,1.0,385325681,385325681,,4.132,19239000000,175000000,60000000.0,3011000000,49.929,-1480000000
81,NSC,ARQ,2001-03-31,2001-05-09,2001-03-31,2021-07-28,-7000000,19240000000,,854000000,18386000000,,15.291,-284000000.0,54000000,54000000,594000000.0,74000000.0,0.434,2.271,8060000000,525000000,7535000000,8060000000,0,130000000.0,0,0.025,0.06,245000000.0,375000000.0,0.244,375000000.0,245000000.0,104000000.0,0.19,0.19,0.19,5882000000,,5882000000,16038035486,16.0,10.635,-166000000.0,-0.432,1.0,946000000.0,0.614,0,141000000.0,25280000000,,93000000,6167000000,1000000,6166000000,13358000000,1966000000,11392000000,8032035486,54000000.0,0.0,4000000.0,272000000.0,-23000000.0,253000000.0,-317000000.0,-33000000.0,118000000.0,0.0,74000000.0,74000000.0,74000000.0,-13000000.0,0.0,0.048,741000000.0,205000000.0,866000000,0.316,1.366,27.32,27.474,11268000000,0.0,20.88,1.295,1.295,460000000,5104000000,1540000000.0,1540000000.0,0.0,,,,,0.0,519000000.0,1.0,384676029,384676029,,4.003,19240000000,171000000,30000000.0,2949000000,50.016,-1112000000
82,NSC,ARQ,2000-12-31,2001-03-05,2000-12-31,2021-07-28,-6000000,18976000000,,849000000,18127000000,,15.15,-202000000.0,0,0,665000000.0,5000000.0,0.45,2.258,7791000000,452000000,7339000000,7791000000,0,130000000.0,0,0.038,0.06,130000000.0,260000000.0,0.166,260000000.0,130000000.0,-6000000.0,0.01,0.01,0.01,5824000000,,5824000000,14483886100,18.0,10.989,-83000000.0,-0.216,1.0,904000000.0,0.576,0,136000000.0,24880000000,,91000000,6156000000,2000000,6154000000,13152000000,1887000000,11265000000,6692886100,-151000000.0,0.0,1000000.0,-27000000.0,-76000000.0,-102000000.0,-168000000.0,34000000.0,119000000.0,0.0,5000000.0,5000000.0,5000000.0,0.0,0.0,0.003,788000000.0,116000000.0,925000000,6.0,1.149,38.912,38.689,11105000000,0.0,17.41,1.087,1.087,442000000,5053000000,1569000000.0,1569000000.0,0.0,,,,,0.0,556000000.0,1.0,384427691,384427691,,4.081,18976000000,182000000,-11000000.0,2996000000,49.362,-1038000000
83,NSC,ARQ,2000-09-30,2000-11-13,2000-09-30,2021-07-28,-6000000,19089000000,,1003000000,18086000000,,15.348,-123000000.0,151000000,151000000,579000000.0,99000000.0,0.504,2.242,7796000000,444000000,7352000000,7796000000,0,129000000.0,0,0.054,0.2,292000000.0,421000000.0,0.278,421000000.0,292000000.0,156000000.0,0.26,0.26,0.26,5888000000,,5888000000,13376338885,16.0,9.807,214000000.0,0.558,1.0,938000000.0,0.618,0,136000000.0,24745000000,,116000000,6147000000,1000000,6146000000,13201000000,1989000000,11212000000,5731338885,106000000.0,0.0,0.0,-15000000.0,-77000000.0,-92000000.0,-139000000.0,-16000000.0,337000000.0,0.0,99000000.0,99000000.0,99000000.0,0.0,0.0,0.065,727000000.0,211000000.0,962000000,0.769,0.973,28.946,28.731,11013000000,0.0,14.94,0.946,0.946,496000000,5124000000,1517000000.0,1517000000.0,0.0,,,,,0.0,507000000.0,1.0,383623754,383623754,,3.954,19089000000,169000000,57000000.0,2967000000,49.76,-986000000
84,NSC,ARQ,2000-06-30,2000-08-10,2000-06-30,2021-07-28,-9000000,18879000000,,908000000,17971000000,,15.285,-129000000.0,45000000,45000000,563000000.0,116000000.0,0.581,2.222,7802000000,206000000,7596000000,7802000000,0,129000000.0,0,0.043,0.2,323000000.0,452000000.0,0.286,452000000.0,323000000.0,184000000.0,0.3,0.3,0.3,5860000000,,5860000000,14872487291,20.0,12.023,465000000.0,1.213,1.0,1015000000.0,0.643,0,139000000.0,25074000000,,136000000,6148000000,5000000,6143000000,13019000000,1562000000,11457000000,7115487291,-15000000.0,0.0,1000000.0,-386000000.0,-76000000.0,-461000000.0,-148000000.0,-19000000.0,594000000.0,0.0,116000000.0,116000000.0,116000000.0,0.0,0.0,0.074,737000000.0,278000000.0,887000000,0.667,1.214,60.301,59.871,11011000000,0.0,18.56,1.177,1.177,444000000,5102000000,1578000000.0,1578000000.0,0.0,,,,,0.0,516000000.0,1.0,383377548,383377548,,4.116,18879000000,160000000,68000000.0,2904000000,49.244,-654000000
85,NSC,ARQ,2000-03-31,2000-05-10,2000-03-31,2021-07-28,-9000000,19211000000,,1348000000,17863000000,,15.181,-140000000.0,60000000,60000000,594000000.0,-48000000.0,0.644,2.303,8212000000,719000000,7493000000,8212000000,0,129000000.0,0,0.043,0.2,56000000.0,185000000.0,0.124,185000000.0,56000000.0,-84000000.0,-0.12,-0.12,-0.12,5816000000,,5816000000,15289296954,23.0,13.272,152000000.0,0.397,1.0,901000000.0,0.603,0,140000000.0,25271000000,,120000000,6155000000,12000000,6143000000,13395000000,2092000000,11303000000,7137296954,23000000.0,0.0,0.0,-66000000.0,-77000000.0,-143000000.0,-126000000.0,14000000.0,292000000.0,0.0,-48000000.0,-48000000.0,-48000000.0,0.0,0.0,-0.032,873000000.0,28000000.0,876000000,-1.667,1.227,90.346,88.714,10978000000,0.0,18.63,1.261,1.261,865000000,5063000000,1495000000.0,1495000000.0,0.0,,,,,0.0,655000000.0,1.0,383107727,383107727,,3.902,19211000000,151000000,-36000000.0,2831000000,50.145,-744000000
86,NSC,ARQ,1999-12-31,2000-03-06,1999-12-31,2021-07-28,-11000000,19250000000,,1371000000,17879000000,,15.497,-169000000.0,37000000,37000000,605000000.0,31000000.0,0.713,2.245,8243000000,687000000,7556000000,8243000000,0,126000000.0,0,0.06,0.2,180000000.0,306000000.0,0.208,306000000.0,180000000.0,42000000.0,0.08,0.08,0.08,5932000000,,5932000000,13327600909,15.0,9.721,-202000000.0,-0.528,1.0,866000000.0,0.589,0,138000000.0,25532000000,,100000000,6146000000,14000000,6132000000,13318000000,1924000000,11394000000,5121600909,-4000000.0,-1000000.0,-4000000.0,136000000.0,-76000000.0,56000000.0,-27000000.0,143000000.0,-33000000.0,0.0,31000000.0,31000000.0,31000000.0,0.0,0.0,0.021,729000000.0,137000000.0,818000000,2.5,0.863,21.429,21.238,10956000000,0.0,13.38,0.986,0.986,934000000,5187000000,1471000000.0,1471000000.0,0.0,,,,,0.0,500000000.0,1.0,382780337,382780337,,3.843,19250000000,134000000,11000000.0,2850000000,50.29,-553000000
87,NSC,ARQ,1999-09-30,1999-11-12,1999-09-30,2021-07-28,-12000000,19117000000,,1316000000,17801000000,,15.566,-143000000.0,41000000,41000000,569000000.0,19000000.0,0.641,2.226,7984000000,655000000,7329000000,7984000000,0,124000000.0,0,0.033,0.2,170000000.0,294000000.0,0.196,294000000.0,170000000.0,36000000.0,0.05,0.05,0.05,5925000000,,5925000000,17222705252,17.0,11.398,-3000000.0,-0.008,1.0,931000000.0,0.621,0,134000000.0,25006000000,,77000000,6156000000,15000000,6141000000,13192000000,2054000000,11138000000,9279705252,-64000000.0,0.0,3000000.0,17000000.0,-76000000.0,-56000000.0,-148000000.0,-5000000.0,140000000.0,0.0,19000000.0,19000000.0,19000000.0,0.0,0.0,0.013,785000000.0,146000000.0,896000000,4.0,1.566,25.217,25.134,10903000000,0.0,24.38,1.953,1.953,906000000,5231000000,1500000000.0,1500000000.0,0.0,,,,,0.0,574000000.0,1.0,380627779,380627779,,3.941,19117000000,143000000,17000000.0,2831000000,50.225,-738000000
88,NSC,ARQ,1999-06-30,1999-08-11,1999-06-30,2021-07-28,-10000000,18874000000,,1187000000,17687000000,,15.72,-243000000.0,105000000,105000000,386000000.0,77000000.0,0.653,2.156,7964000000,571000000,7393000000,7964000000,0,121000000.0,0,0.029,0.2,246000000.0,367000000.0,0.307,367000000.0,246000000.0,115000000.0,0.2,0.2,0.2,5981000000,,5981000000,18299303423,15.0,10.964,-45000000.0,-0.118,1.0,808000000.0,0.677,0,131000000.0,24914000000,,54000000,6278000000,17000000,6261000000,12893000000,1819000000,11074000000,10440303423,19000000.0,-1000000.0,11000000.0,46000000.0,-76000000.0,-19000000.0,-160000000.0,84000000.0,198000000.0,0.0,77000000.0,77000000.0,77000000.0,0.0,0.0,0.064,610000000.0,198000000.0,810000000,1.0,1.746,20.592,20.478,10869000000,0.0,27.44,2.428,2.428,716000000,5289000000,1194000000.0,1194000000.0,0.0,,,,,0.0,413000000.0,1.0,380477530,380477530,,3.138,18874000000,137000000,38000000.0,2753000000,49.606,-632000000
89,NSC,ARQ,1999-03-31,1999-05-12,1999-03-31,2021-07-28,-9000000,18480000000,,999000000,17481000000,,15.705,-253000000.0,86000000,86000000,233000000.0,112000000.0,0.838,2.097,7807000000,147000000,7660000000,7807000000,0,118000000.0,0,0.022,0.2,286000000.0,404000000.0,0.392,404000000.0,286000000.0,158000000.0,0.3,0.3,0.3,5967000000,,5967000000,21281331343,16.0,11.849,-25000000.0,-0.066,1.0,797000000.0,0.774,0,128000000.0,25009000000,,55000000,6254000000,17000000,6237000000,12513000000,1192000000,11321000000,13560331343,81000000.0,-1000000.0,4000000.0,181000000.0,-76000000.0,109000000.0,-256000000.0,-2000000.0,228000000.0,0.0,112000000.0,112000000.0,112000000.0,0.0,0.0,0.109,560000000.0,237000000.0,577000000,0.667,2.273,21.978,21.896,10618000000,0.0,35.69,3.24,3.24,569000000,5288000000,1030000000.0,1030000000.0,0.0,,,,,0.0,368000000.0,1.0,379947642,379947642,,2.711,18480000000,140000000,46000000.0,2731000000,48.638,-193000000
90,NSC,ARQ,1998-12-31,1999-03-24,1998-12-31,2021-07-28,-8000000,18180000000,,913000000,17267000000,,15.592,-247000000.0,5000000,5000000,244000000.0,160000000.0,0.817,2.07,7624000000,141000000,7483000000,7624000000,0,113000000.0,0,0.029,0.2,333000000.0,446000000.0,0.434,446000000.0,333000000.0,201000000.0,0.42,0.14,0.42,5921000000,,5921000000,18133973325,12.0,9.469,-116000000.0,-0.305,1.0,784000000.0,0.763,0,132000000.0,24682000000,,59000000,6268000000,58000000,6210000000,12259000000,1117000000,11142000000,10514973325,-102000000.0,-2000000.0,5000000.0,48000000.0,-76000000.0,-23000000.0,-210000000.0,39000000.0,131000000.0,0.0,160000000.0,160000000.0,160000000.0,0.0,0.0,0.156,534000000.0,250000000.0,600000000,0.476,1.776,14.326,14.273,10477000000,0.0,27.69,2.491,2.491,519000000,5252000000,1028000000.0,1028000000.0,0.0,,,,,0.0,361000000.0,1.0,379739015,379739015,,2.707,18180000000,141000000,41000000.0,2696000000,47.875,-204000000
91,NSC,ARQ,1998-09-30,1998-11-13,1998-09-30,2021-07-28,0,18016000000,,1003000000,17013000000,,15.406,-185000000.0,107000000,107000000,247000000.0,158000000.0,0.883,2.084,7575000000,67000000,7508000000,7575000000,0,115000000.0,0,0.024,0.2,337000000.0,452000000.0,0.431,452000000.0,337000000.0,208000000.0,0.42,0.42,0.42,5842000000,,5842000000,19887147052,,,122000000.0,0.322,1.0,801000000.0,0.764,0,129000000.0,24348000000,,57000000,6613000000,84000000,6529000000,12174000000,1136000000,11038000000,12419147052,21000000.0,2000000.0,1000000.0,-29000000.0,-76000000.0,-104000000.0,-182000000.0,1000000.0,307000000.0,0.0,158000000.0,158000000.0,158000000.0,-7000000.0,0.0,0.151,543000000.0,258000000.0,613000000,0.476,2.126,,,10328000000,0.0,32.75,,,544000000,5173000000,1048000000.0,1048000000.0,0.0,,,,,0.0,370000000.0,1.0,379210597,379210597,,2.764,18016000000,124000000,50000000.0,2639000000,47.509,-133000000
92,NSC,ARQ,1998-06-30,1998-08-11,1998-06-30,2021-07-28,0,17746000000,,977000000,16769000000,,15.2,-236000000.0,86000000,86000000,251000000.0,187000000.0,0.963,2.081,7603000000,64000000,7539000000,7603000000,0,112000000.0,0,0.029,0.2,382000000.0,494000000.0,0.458,494000000.0,382000000.0,255000000.0,0.49,0.48,0.49,5760000000,,5760000000,18104882362,,,-54000000.0,-0.142,1.0,828000000.0,0.767,0,127000000.0,24248000000,,61000000,6458000000,99000000,6359000000,11986000000,1015000000,10971000000,10587882362,-90000000.0,-16000000.0,8000000.0,38000000.0,-75000000.0,-29000000.0,-243000000.0,9000000.0,182000000.0,0.0,187000000.0,187000000.0,187000000.0,0.0,0.0,0.173,535000000.0,293000000.0,602000000,0.408,1.838,,,10242000000,0.0,27.94,,,535000000,5092000000,1079000000.0,1079000000.0,0.0,,,,,0.0,365000000.0,1.0,378950693,378950693,,2.847,17746000000,98000000,68000000.0,2643000000,46.829,-38000000
93,NSC,ARQ,1998-03-31,1998-05-12,1998-03-31,2021-07-28,0,17647000000,,1140000000,16507000000,,14.873,-205000000.0,176000000,176000000,238000000.0,229000000.0,0.984,2.133,7517000000,91000000,7426000000,7517000000,0,110000000.0,0,0.024,0.2,413000000.0,523000000.0,0.491,523000000.0,413000000.0,285000000.0,0.61,0.61,0.61,5633000000,,5633000000,19983378085,,,65000000.0,0.172,1.0,828000000.0,0.777,0,128000000.0,23829000000,,64000000,6399000000,110000000,6289000000,12014000000,1159000000,10855000000,12642378085,142000000.0,183000000.0,20000000.0,-40000000.0,-76000000.0,-96000000.0,-32000000.0,-10000000.0,270000000.0,0.0,229000000.0,229000000.0,229000000.0,-97000000.0,0.0,0.215,577000000.0,251000000.0,624000000,0.328,2.244,,,10075000000,0.0,33.38,,,558000000,4980000000,1066000000.0,1066000000.0,0.0,,,,,0.0,396000000.0,1.0,378741105,378741105,,2.815,17647000000,115000000,56000000.0,2668000000,46.594,-19000000
94,NSC,ARQ,1997-12-31,1998-03-25,1997-12-31,2021-07-28,0,17350000000,,1103000000,16247000000,,14.403,,34000000,34000000,,,1.009,2.186,7486000000,88000000,7398000000,7486000000,0,,0,0.021,0.2,,,,,,,,,,5445000000,,5445000000,22101019542,16.0,12.031,,,1.0,,,0,,23709000000,,58000000,6346000000,125000000,6221000000,11905000000,1093000000,10812000000,14649019542,,,,,,,,,,,,,,,,,,,624000000,,2.69,20.318,20.288,9904000000,,38.75,3.469,3.469,552000000,4826000000,,,,,,,,,,1.0,378039214,378039214,,,17350000000,114000000,,2649000000,45.895,10000000
0,NSC,ART,2021-06-30,2021-07-28,2021-06-30,2021-07-28,-578000000,38754000000,38208000000.0,3012000000,35742000000,0.275,57.97,-1245000000.0,1670000000,1670000000,2945000000.0,2732000000.0,1.077,1.707,13717000000,1048000000,12669000000,13717000000,0,1166000000.0,0,0.015,3.86,4130000000.0,5296000000.0,0.504,5296000000.0,4130000000.0,3498000000.0,10.83,10.79,10.83,14317000000,14673000000.0,14317000000,76983405016,19.0,14.536,2731000000.0,11.058,1.0,7572000000.0,0.72,0,632000000.0,48005000000,47554500000.0,246000000,3658000000,0,3658000000,24437000000,2796000000,21641000000,64936405016,527000000.0,0.0,-2246000000.0,935000000.0,-974000000.0,-2285000000.0,-1164000000.0,81000000.0,3976000000.0,0.0,2732000000.0,2732000000.0,2732000000.0,0.0,0.0,0.26,3566000000.0,4006000000.0,1116000000,0.356,4.536,23.769,24.278,31355000000,0.0,262.93,6.174,6.174,941000000,12407000000,10517000000.0,10517000000.0,0.0,0.072,0.186,0.087,0.393,0.0,2400000000.0,1.0,246972217,246972217,,42.584,38754000000,0,766000000.0,7337000000,156.916,216000000
1,NSC,ART,2021-03-31,2021-04-28,2021-03-31,2021-07-28,-586000000,37937000000,38010000000.0,2303000000,35634000000,0.258,58.516,-1181000000.0,998000000,998000000,2838000000.0,2305000000.0,1.024,1.591,12617000000,501000000,12116000000,12617000000,0,1154000000.0,0,0.013,3.81,3587000000.0,4741000000.0,0.484,4741000000.0,3587000000.0,2960000000.0,9.07,9.04,9.07,14643000000,14809000000.0,14643000000,82709968247,23.0,17.446,2516000000.0,10.054,1.0,6965000000.0,0.71,0,627000000.0,47307000000,47448500000.0,241000000,3604000000,0,3604000000,23294000000,2249000000,21045000000,71090968247,390000000.0,0.0,-1515000000.0,319000000.0,-967000000.0,-2163000000.0,-1144000000.0,37000000.0,3697000000.0,0.0,2305000000.0,2305000000.0,2305000000.0,0.0,0.0,0.235,3516000000.0,3449000000.0,1043000000,0.42,4.855,30.842,31.322,31312000000,0.0,284.09,7.252,7.252,944000000,12737000000,9803000000.0,9803000000.0,0.0,0.061,0.156,0.076,0.366,0.0,2362000000.0,1.0,250241009,250241009,,39.174,37937000000,0,655000000.0,7338000000,151.602,54000000
2,NSC,ART,2020-12-31,2021-02-04,2020-12-31,2021-07-28,-594000000,37962000000,37885250000.0,2318000000,35644000000,0.258,58.715,-1161000000.0,1115000000,1115000000,2875000000.0,2013000000.0,1.073,1.567,12681000000,579000000,12102000000,12681000000,0,1154000000.0,0,0.019,4.75,3155000000.0,4309000000.0,0.44,4309000000.0,3155000000.0,2530000000.0,7.88,7.84,7.88,14791000000,14869250000.0,14791000000,73427939961,23.0,17.041,2476000000.0,9.829,1.0,6914000000.0,0.706,0,625000000.0,47368000000,47322000000.0,221000000,3590000000,0,3590000000,23171000000,2160000000,21011000000,61861939961,535000000.0,0.0,-1370000000.0,403000000.0,-960000000.0,-1927000000.0,-1175000000.0,-14000000.0,3637000000.0,0.0,2013000000.0,2013000000.0,2013000000.0,0.0,0.0,0.206,3912000000.0,3002000000.0,1016000000,0.603,4.182,30.731,31.164,31345000000,0.0,245.57,6.32,6.32,848000000,12883000000,9789000000.0,9789000000.0,0.0,0.053,0.135,0.067,0.322,0.0,2373000000.0,1.0,251911634,251911634,,38.859,37962000000,0,517000000.0,7185000000,150.696,158000000
3,NSC,ART,2020-09-30,2020-10-28,2020-09-30,2021-07-28,-471000000,38179000000,37875500000.0,2579000000,35600000000,0.262,58.826,-1192000000.0,1359000000,1359000000,2973000000.0,2008000000.0,1.286,1.555,12723000000,89000000,12634000000,12723000000,0,1152000000.0,0,0.019,3.76,3108000000.0,4260000000.0,0.43,4260000000.0,3108000000.0,2491000000.0,7.8,7.77,7.8,14941000000,14967500000.0,14941000000,61681035311,20.0,14.479,2470000000.0,9.725,1.0,6933000000.0,0.7,0,617000000.0,47538000000,47289750000.0,247000000,3566000000,0,3566000000,23238000000,2005000000,21233000000,50317035311,819000000.0,0.0,-1450000000.0,809000000.0,-966000000.0,-1584000000.0,-1259000000.0,-67000000.0,3662000000.0,0.0,2008000000.0,2008000000.0,2008000000.0,0.0,0.0,0.203,3953000000.0,2980000000.0,1273000000,0.482,3.368,25.058,25.399,31239000000,0.0,198.11,5.079,5.079,883000000,12911000000,9906000000.0,9906000000.0,0.0,0.053,0.134,0.066,0.314,0.0,2416000000.0,1.0,253985338,253985338,,39.002,38179000000,0,483000000.0,7155000000,150.32,574000000
4,NSC,ART,2020-06-30,2020-07-29,2020-06-30,2021-07-28,-475000000,37962000000,37705750000.0,2350000000,35612000000,0.272,58.253,-1354000000.0,1143000000,1143000000,3055000000.0,2096000000.0,1.214,1.554,12697000000,85000000,12612000000,12697000000,0,1146000000.0,0,0.02,3.76,3247000000.0,4393000000.0,0.429,4393000000.0,3247000000.0,2635000000.0,8.07,8.04,8.07,14861000000,15041750000.0,14861000000,60744165007,19.0,13.827,2344000000.0,9.188,1.0,7186000000.0,0.702,0,612000000.0,47581000000,46936000000.0,257000000,3590000000,0,3590000000,23101000000,1935000000,21166000000,49190165007,783000000.0,0.0,-1683000000.0,1170000000.0,-973000000.0,-1463000000.0,-1452000000.0,-98000000.0,3698000000.0,0.0,2096000000.0,2096000000.0,2096000000.0,0.0,0.0,0.205,4050000000.0,3136000000.0,1268000000,0.466,3.31,23.469,23.893,31217000000,0.0,192.82,4.803,4.803,822000000,12863000000,10241000000.0,10241000000.0,0.0,0.056,0.139,0.069,0.317,0.0,2520000000.0,1.0,255109247,255109247,,40.144,37962000000,0,539000000.0,7113000000,148.807,415000000
5,NSC,ART,2020-03-31,2020-04-29,2020-03-31,2021-07-28,-481000000,37438000000,37508250000.0,2002000000,35436000000,0.295,58.1,-1535000000.0,608000000,608000000,3312000000.0,2426000000.0,0.895,1.515,12207000000,400000000,11807000000,12207000000,0,1148000000.0,0,0.02,3.68,3675000000.0,4823000000.0,0.435,4823000000.0,3675000000.0,3066000000.0,9.26,9.21,9.26,14884000000,15154250000.0,14884000000,57795782513,16.0,11.983,2431000000.0,9.489,1.0,7769000000.0,0.701,0,609000000.0,46801000000,46521750000.0,265000000,3470000000,0,3470000000,22554000000,2236000000,20318000000,46196782513,109000000.0,0.0,-2026000000.0,754000000.0,-961000000.0,-2210000000.0,-1647000000.0,-112000000.0,3966000000.0,0.0,2426000000.0,2426000000.0,2426000000.0,0.0,0.0,0.219,4178000000.0,3591000000.0,1284000000,0.397,3.104,19.042,19.474,31179000000,0.0,180.33,4.169,4.169,889000000,12902000000,11081000000.0,11081000000.0,0.0,0.065,0.16,0.079,0.332,0.0,2646000000.0,1.0,256179130,256179130,,43.255,37438000000,0,640000000.0,7028000000,146.14,-234000000
6,NSC,ART,2019-12-31,2020-02-06,2019-12-31,2021-07-28,-491000000,37923000000,37414250000.0,2081000000,35842000000,0.302,58.888,-1642000000.0,580000000,580000000,3418000000.0,2722000000.0,0.905,1.498,12196000000,316000000,11880000000,12196000000,0,1139000000.0,0,0.017,3.68,4095000000.0,5234000000.0,0.463,5234000000.0,4095000000.0,3491000000.0,10.32,10.25,10.32,15184000000,15266000000.0,15184000000,66454300202,16.0,12.697,2250000000.0,8.726,1.0,7878000000.0,0.697,0,604000000.0,47239000000,46114000000.0,244000000,3428000000,0,3428000000,22739000000,2300000000,20439000000,54838300202,134000000.0,0.0,-2072000000.0,1004000000.0,-949000000.0,-1994000000.0,-1764000000.0,-122000000.0,3892000000.0,0.0,2722000000.0,2722000000.0,2722000000.0,0.0,0.0,0.241,3889000000.0,3989000000.0,1428000000,0.357,3.612,20.146,20.609,31614000000,0.0,212.68,4.855,4.855,920000000,13207000000,11296000000.0,11296000000.0,0.0,0.073,0.178,0.089,0.363,0.0,2751000000.0,1.0,257844180,257844180,,43.809,37923000000,0,769000000.0,7044000000,147.077,-219000000
7,NSC,ART,2019-09-30,2019-10-23,2019-09-30,2021-07-28,-553000000,37500000000,36993250000.0,2016000000,35484000000,0.311,58.44,-1726000000.0,452000000,452000000,3385000000.0,2758000000.0,0.73,1.461,11836000000,751000000,11085000000,11836000000,0,1136000000.0,0,0.019,3.46,4193000000.0,5329000000.0,0.463,5329000000.0,4193000000.0,3593000000.0,10.33,10.26,10.33,15238000000,15310500000.0,15238000000,59588235589,14.0,11.182,2113000000.0,8.104,1.0,8117000000.0,0.706,0,600000000.0,46123000000,45413000000.0,266000000,3376000000,0,3376000000,22262000000,2761000000,19501000000,48204235589,-277000000.0,0.0,-2008000000.0,654000000.0,-922000000.0,-2276000000.0,-1840000000.0,-114000000.0,3839000000.0,0.0,2758000000.0,2758000000.0,2758000000.0,0.0,0.0,0.24,4012000000.0,4105000000.0,1407000000,0.335,3.163,17.478,17.896,31394000000,0.0,184.87,4.191,4.191,973000000,13310000000,11502000000.0,11502000000.0,0.0,0.075,0.18,0.092,0.365,0.0,2878000000.0,1.0,260746663,260746663,,44.112,37500000000,0,835000000.0,6891000000,143.818,-745000000
8,NSC,ART,2019-06-30,2019-07-24,2019-06-30,2021-07-28,-557000000,37172000000,36698750000.0,1914000000,35258000000,0.316,58.127,-1724000000.0,274000000,274000000,3434000000.0,2803000000.0,0.781,1.428,11477000000,401000000,11076000000,11477000000,0,1125000000.0,0,0.018,3.32,4225000000.0,5350000000.0,0.461,5350000000.0,4225000000.0,3633000000.0,10.37,10.29,10.37,15311000000,15371000000.0,15311000000,59930618937,14.0,11.202,2128000000.0,8.079,1.0,8174000000.0,0.704,0,592000000.0,45924000000,44954000000.0,256000000,3301000000,0,3301000000,21861000000,2451000000,19410000000,48727618937,-70000000.0,0.0,-3088000000.0,1784000000.0,-894000000.0,-2198000000.0,-1724000000.0,0.0,3852000000.0,0.0,2803000000.0,2803000000.0,2803000000.0,0.0,0.0,0.241,4045000000.0,4129000000.0,1407000000,0.32,3.183,17.384,17.839,31201000000,0.0,184.99,4.198,4.198,1039000000,13377000000,11608000000.0,11608000000.0,0.0,0.076,0.182,0.094,0.364,0.0,2921000000.0,1.0,263406773,263406773,,44.069,37172000000,0,830000000.0,6866000000,141.12,-537000000
9,NSC,ART,2019-03-31,2019-04-24,2019-03-31,2021-07-28,-560000000,37062000000,36352750000.0,1922000000,35140000000,0.319,57.642,-1692000000.0,411000000,411000000,3463000000.0,2791000000.0,0.666,1.417,11404000000,835000000,10569000000,11404000000,0,1115000000.0,0,0.015,3.18,4193000000.0,5308000000.0,0.458,5308000000.0,4193000000.0,3623000000.0,10.17,10.09,10.17,15331000000,15683000000.0,15331000000,65968386961,16.0,12.428,2099000000.0,7.892,1.0,8118000000.0,0.701,0,570000000.0,45170000000,44136000000.0,228000000,3198000000,0,3198000000,21731000000,2885000000,18846000000,54975386961,-573000000.0,0.0,-2938000000.0,1080000000.0,-869000000.0,-2727000000.0,-1637000000.0,55000000.0,3791000000.0,0.0,2791000000.0,2791000000.0,2791000000.0,0.0,0.0,0.241,4028000000.0,4090000000.0,1334000000,0.313,3.586,19.697,20.324,31158000000,0.0,206.7,4.747,4.747,1048000000,13411000000,11581000000.0,11581000000.0,0.0,0.077,0.178,0.095,0.362,0.0,2915000000.0,1.0,265967039,265967039,,43.543,37062000000,0,832000000.0,6856000000,139.348,-963000000
10,NSC,ART,2018-12-31,2019-02-08,2018-12-31,2021-07-28,-563000000,36239000000,36127750000.0,1862000000,34377000000,0.317,57.438,-1747000000.0,358000000,358000000,3472000000.0,2666000000.0,0.719,1.359,11145000000,585000000,10560000000,11145000000,0,1104000000.0,0,0.019,3.18,4026000000.0,5130000000.0,0.448,5130000000.0,4026000000.0,3469000000.0,9.58,9.51,9.58,15362000000,15954750000.0,15362000000,56644890196,14.0,11.042,1979000000.0,7.399,1.0,7986000000.0,0.697,0,557000000.0,44435000000,43590750000.0,207000000,3109000000,0,3109000000,20877000000,2591000000,18286000000,45857890196,-244000000.0,0.0,-2741000000.0,1273000000.0,-844000000.0,-2312000000.0,-1658000000.0,89000000.0,3726000000.0,0.0,2666000000.0,2666000000.0,2666000000.0,0.0,0.0,0.233,4027000000.0,3959000000.0,1505000000,0.332,2.985,17.201,17.898,31091000000,0.0,171.46,4.002,4.002,1009000000,13440000000,11458000000.0,11458000000.0,0.0,0.074,0.167,0.092,0.351,0.0,2925000000.0,1.0,267455326,267455326,,42.841,36239000000,0,803000000.0,6715000000,135.496,-729000000
11,NSC,ART,2018-09-30,2018-10-24,2018-09-30,2021-07-28,-435000000,36322000000,35995750000.0,2109000000,34213000000,0.312,56.839,-1576000000.0,729000000,729000000,3366000000.0,5932000000.0,0.864,1.346,11135000000,500000000,10635000000,11135000000,0,1090000000.0,0,0.018,2.85,3975000000.0,5065000000.0,0.451,5065000000.0,3975000000.0,3432000000.0,20.8,20.63,20.8,15480000000,16204000000.0,15480000000,54033256319,14.0,10.668,2096000000.0,7.696,1.0,7865000000.0,0.7,0,543000000.0,44287000000,43060000000.0,267000000,3109000000,0,3109000000,20842000000,2441000000,18401000000,43627256319,93000000.0,0.0,-2548000000.0,1218000000.0,-801000000.0,-2131000000.0,-1448000000.0,128000000.0,3672000000.0,0.0,5932000000.0,5932000000.0,5932000000.0,0.0,0.0,0.528,3970000000.0,3895000000.0,1394000000,0.137,2.818,7.355,7.701,30712000000,0.0,160.19,3.885,3.885,1043000000,13645000000,11231000000.0,11231000000.0,0.0,0.165,0.366,0.092,0.354,0.0,2882000000.0,1.0,272346940,272346940,,41.238,36322000000,0,-2500000000.0,6694000000,133.367,-332000000
12,NSC,ART,2018-06-30,2018-07-25,2018-06-30,2021-07-28,-441000000,35788000000,35703500000.0,1904000000,33884000000,0.307,59.133,-1486000000.0,430000000,430000000,3179000000.0,5736000000.0,0.81,1.161,9646000000,500000000,9146000000,9646000000,0,1080000000.0,0,0.016,2.66,3859000000.0,4939000000.0,0.451,4939000000.0,3859000000.0,3324000000.0,20.02,19.86,20.02,16559000000,15515750000.0,16559000000,56361811067,15.0,11.412,2017000000.0,7.203,1.0,7775000000.0,0.71,0,535000000.0,42652000000,42462250000.0,260000000,3058000000,0,3058000000,19229000000,2352000000,16877000000,47145811067,-212000000.0,0.0,-1248000000.0,-267000000.0,-757000000.0,-2272000000.0,-1443000000.0,43000000.0,3503000000.0,0.0,5736000000.0,5736000000.0,5736000000.0,0.0,0.0,0.524,3989000000.0,3786000000.0,1323000000,0.133,2.847,8.219,8.41,30540000000,0.0,168.36,4.304,4.304,1035000000,14456000000,10954000000.0,10954000000.0,0.0,0.161,0.37,0.091,0.352,0.0,2912000000.0,1.0,280029764,280029764,,39.117,35788000000,0,-2412000000.0,6683000000,127.801,-448000000
13,NSC,ART,2018-03-31,2018-04-25,2018-03-31,2021-07-28,-448000000,36162000000,35487000000.0,2479000000,33683000000,0.301,58.108,-1488000000.0,1072000000,1072000000,3068000000.0,5523000000.0,1.038,1.203,10287000000,650000000,9637000000,10287000000,0,1071000000.0,0,0.017,2.55,3724000000.0,4795000000.0,0.448,4795000000.0,3724000000.0,3180000000.0,19.22,19.07,19.22,16418000000,14541500000.0,16418000000,50454813681,14.0,10.522,1735000000.0,6.141,1.0,7625000000.0,0.713,0,544000000.0,42989000000,42251750000.0,245000000,3020000000,0,3020000000,19744000000,2388000000,17356000000,41239813681,117000000.0,0.0,-1058000000.0,131000000.0,-731000000.0,-1658000000.0,-1448000000.0,40000000.0,3223000000.0,0.0,5523000000.0,5523000000.0,5523000000.0,0.0,0.0,0.517,3977000000.0,3648000000.0,1217000000,0.133,2.512,7.467,7.594,30396000000,0.0,145.96,3.857,3.857,973000000,14327000000,10693000000.0,10693000000.0,0.0,0.156,0.38,0.088,0.348,0.0,2909000000.0,1.0,282541886,282541886,,37.846,36162000000,0,-2343000000.0,6584000000,127.988,91000000
14,NSC,ART,2017-12-31,2018-02-05,2017-12-31,2021-07-28,-356000000,35711000000,35232750000.0,2149000000,33562000000,0.299,57.603,-1521000000.0,690000000,690000000,2995000000.0,5404000000.0,0.844,1.183,9836000000,700000000,9136000000,9836000000,0,1059000000.0,0,0.018,2.55,3678000000.0,4737000000.0,0.449,4737000000.0,3678000000.0,3128000000.0,18.76,18.61,18.76,16359000000,13568750000.0,16359000000,48510857714,13.0,10.241,1732000000.0,6.099,1.0,7556000000.0,0.716,0,550000000.0,42312000000,41971000000.0,222000000,2981000000,0,2981000000,19352000000,2545000000,16807000000,39364857714,-266000000.0,0.0,-923000000.0,-412000000.0,-703000000.0,-2038000000.0,-1481000000.0,40000000.0,3253000000.0,0.0,5404000000.0,5404000000.0,5404000000.0,0.0,0.0,0.512,3970000000.0,3586000000.0,1401000000,0.136,2.406,7.284,7.389,30330000000,0.0,138.61,3.731,3.731,955000000,14176000000,10551000000.0,10551000000.0,0.0,0.153,0.398,0.088,0.349,0.0,2915000000.0,1.0,283997242,283997242,,37.152,35711000000,0,-2276000000.0,6535000000,125.744,-396000000
15,NSC,ART,2017-09-30,2017-10-25,2017-09-30,2021-07-28,-475000000,35153000000,35028000000.0,1999000000,33154000000,0.296,44.477,-1718000000.0,724000000,724000000,3129000000.0,1852000000.0,0.828,1.762,9880000000,600000000,9280000000,9880000000,0,1051000000.0,0,0.019,2.42,3434000000.0,4485000000.0,0.432,4485000000.0,3434000000.0,2876000000.0,6.4,6.35,6.4,12727000000,12581250000.0,12727000000,46029129987,13.0,10.263,1469000000.0,5.134,1.0,7243000000.0,0.698,0,558000000.0,41896000000,41845250000.0,245000000,2888000000,0,2888000000,22426000000,2413000000,20013000000,36873129987,-260000000.0,0.0,-813000000.0,-257000000.0,-701000000.0,-1771000000.0,-1676000000.0,42000000.0,3187000000.0,0.0,1852000000.0,1852000000.0,1852000000.0,0.0,0.0,0.179,3910000000.0,3333000000.0,1287000000,0.378,2.897,19.91,20.134,30163000000,0.0,128.86,3.555,3.555,973000000,10665000000,10372000000.0,10372000000.0,0.0,0.053,0.147,0.082,0.331,0.0,2863000000.0,1.0,286148766,286148766,,36.247,35153000000,0,1024000000.0,9573000000,122.849,-414000000
16,NSC,ART,2017-06-30,2017-07-26,2017-06-30,2021-07-28,-480000000,34922000000,34897750000.0,1936000000,32986000000,0.293,43.938,-1688000000.0,642000000,642000000,3145000000.0,1806000000.0,0.826,1.758,9873000000,600000000,9273000000,9873000000,0,1044000000.0,0,0.021,2.4,3349000000.0,4393000000.0,0.43,4393000000.0,3349000000.0,2781000000.0,6.2,6.15,6.2,12662000000,12498500000.0,12662000000,42778249391,13.0,9.738,1490000000.0,5.17,1.0,7081000000.0,0.692,0,568000000.0,41810000000,41751500000.0,289000000,2848000000,0,2848000000,22260000000,2343000000,19917000000,33547249391,-224000000.0,0.0,-707000000.0,-252000000.0,-699000000.0,-1658000000.0,-1744000000.0,-56000000.0,3178000000.0,0.0,1806000000.0,1806000000.0,1806000000.0,0.0,0.0,0.177,3839000000.0,3242000000.0,1223000000,0.387,2.649,18.575,18.776,30033000000,0.0,116.41,3.281,3.281,926000000,10624000000,10226000000.0,10226000000.0,0.0,0.052,0.144,0.08,0.327,0.0,2799000000.0,1.0,288181852,288181852,,35.485,34922000000,0,975000000.0,9527000000,121.18,-407000000
17,NSC,ART,2017-03-31,2017-04-26,2017-03-31,2021-07-28,-485000000,35145000000,34750750000.0,2327000000,32818000000,0.289,43.229,-1774000000.0,955000000,955000000,3123000000.0,1714000000.0,0.953,1.806,10119000000,550000000,9569000000,10119000000,0,1037000000.0,0,0.02,2.38,3203000000.0,4240000000.0,0.422,4240000000.0,3203000000.0,2637000000.0,5.85,5.8,5.85,12527000000,12401250000.0,12527000000,43306193001,14.0,10.214,1227000000.0,4.234,1.0,6920000000.0,0.689,0,566000000.0,41866000000,41664000000.0,281000000,2809000000,0,2809000000,22618000000,2443000000,20175000000,34142193001,366000000.0,0.0,-705000000.0,594000000.0,-696000000.0,-807000000.0,-1828000000.0,-54000000.0,3001000000.0,0.0,1714000000.0,1714000000.0,1714000000.0,0.0,0.0,0.171,3796000000.0,3124000000.0,1211000000,0.407,2.725,19.92,20.14,29927000000,0.0,117.82,3.4,3.4,998000000,10493000000,10043000000.0,10043000000.0,0.0,0.049,0.138,0.077,0.319,0.0,2763000000.0,1.0,289782660,289782660,,34.657,35145000000,0,923000000.0,9578000000,121.281,-116000000
18,NSC,ART,2016-12-31,2017-02-06,2016-12-31,2021-07-28,-487000000,34892000000,34410750000.0,2291000000,32601000000,0.287,42.708,-1757000000.0,956000000,956000000,3045000000.0,1668000000.0,0.979,1.812,10212000000,650000000,9562000000,10212000000,0,1030000000.0,0,0.02,2.38,3145000000.0,4175000000.0,0.422,4175000000.0,3145000000.0,2582000000.0,5.66,5.62,5.66,12409000000,12325250000.0,12409000000,44084673577,14.0,10.559,1277000000.0,4.395,1.0,6843000000.0,0.692,0,563000000.0,41809000000,41413250000.0,257000000,2777000000,0,2777000000,22483000000,2339000000,20144000000,34828673577,-145000000.0,0.0,-746000000.0,94000000.0,-695000000.0,-1347000000.0,-1832000000.0,-75000000.0,3034000000.0,0.0,1668000000.0,1668000000.0,1668000000.0,0.0,0.0,0.169,3769000000.0,3074000000.0,1215000000,0.42,2.807,20.88,21.178,29751000000,0.0,119.87,3.522,3.522,945000000,10425000000,9888000000.0,9888000000.0,0.0,0.048,0.135,0.076,0.318,0.0,2743000000.0,1.0,290553713,290553713,,34.032,34892000000,0,914000000.0,9385000000,120.088,-48000000
19,NSC,ART,2016-09-30,2016-10-26,2016-09-30,2021-07-28,-433000000,34632000000,34252750000.0,2317000000,32315000000,0.289,42.46,-1805000000.0,984000000,984000000,3124000000.0,1613000000.0,1.038,1.794,10105000000,550000000,9555000000,10105000000,0,1059000000.0,0,0.026,2.36,3028000000.0,4087000000.0,0.412,4087000000.0,3028000000.0,2465000000.0,5.43,5.4,5.43,12396000000,12270000000.0,12396000000,35404559417,12.0,8.663,1205000000.0,4.128,1.0,6792000000.0,0.685,0,563000000.0,41521000000,41216250000.0,301000000,2779000000,0,2779000000,22236000000,2232000000,20004000000,26283559417,551000000.0,0.0,-635000000.0,585000000.0,-699000000.0,-749000000.0,-1710000000.0,95000000.0,3010000000.0,0.0,1613000000.0,1613000000.0,1613000000.0,0.0,0.0,0.163,3837000000.0,2955000000.0,1131000000,0.435,2.12,16.295,16.58,29467000000,0.0,90.03,2.651,2.651,960000000,10367000000,9916000000.0,9916000000.0,0.0,0.047,0.131,0.073,0.305,0.0,2783000000.0,1.0,291942235,291942235,,33.966,34632000000,0,852000000.0,9345000000,118.626,85000000
20,NSC,ART,2016-06-30,2016-07-27,2016-06-30,2021-07-28,-437000000,34334000000,33976500000.0,2239000000,32095000000,0.297,41.809,-2360000000.0,866000000,866000000,3283000000.0,1605000000.0,1.063,1.798,10099000000,550000000,9549000000,10099000000,0,1076000000.0,0,0.026,2.36,3040000000.0,4116000000.0,0.407,4116000000.0,3040000000.0,2484000000.0,5.37,5.34,5.37,12273000000,12203250000.0,12273000000,35693575997,12.0,8.672,476000000.0,1.622,1.0,6822000000.0,0.675,0,556000000.0,41460000000,40891750000.0,306000000,2639000000,0,2639000000,22061000000,2107000000,19954000000,26460575997,-23000000.0,0.0,-694000000.0,685000000.0,-703000000.0,-712000000.0,-2147000000.0,213000000.0,2836000000.0,0.0,1605000000.0,1605000000.0,1605000000.0,0.0,0.0,0.159,3865000000.0,2957000000.0,1085000000,0.439,2.156,16.486,16.786,29387000000,0.0,90.14,2.619,2.619,985000000,10269000000,10105000000.0,10105000000.0,0.0,0.047,0.132,0.074,0.301,0.0,2794000000.0,1.0,293549767,293549767,,34.423,34334000000,0,879000000.0,9252000000,116.961,132000000
21,NSC,ART,2016-03-31,2016-04-22,2016-03-31,2021-07-28,-442000000,33785000000,33720500000.0,1966000000,31819000000,0.307,41.331,-2332000000.0,589000000,589000000,3451000000.0,1633000000.0,1.074,1.764,9498000000,100000000,9398000000,9498000000,0,1066000000.0,0,0.026,2.36,3099000000.0,4165000000.0,0.402,4165000000.0,3099000000.0,2547000000.0,5.43,5.39,5.43,12223000000,12154250000.0,12223000000,35918735192,12.0,8.624,819000000.0,2.769,1.0,6913000000.0,0.667,0,552000000.0,40863000000,40428750000.0,315000000,2617000000,0,2617000000,21562000000,1831000000,19731000000,27009735192,65000000.0,0.0,-845000000.0,584000000.0,-708000000.0,-969000000.0,-2117000000.0,215000000.0,3151000000.0,0.0,1633000000.0,1633000000.0,1633000000.0,0.0,0.0,0.158,3912000000.0,3001000000.0,1119000000,0.435,2.21,16.54,16.82,29135000000,0.0,91.33,2.606,2.606,961000000,10221000000,10364000000.0,10364000000.0,0.0,0.048,0.134,0.077,0.299,0.0,2851000000.0,1.0,295737821,295737821,,35.045,33785000000,0,914000000.0,9288000000,114.24,135000000
22,NSC,ART,2015-12-31,2016-02-08,2015-12-31,2021-07-28,-445000000,34260000000,33468000000.0,2633000000,31627000000,0.314,40.872,-2322000000.0,1101000000,1101000000,3662000000.0,1556000000.0,1.18,1.811,10093000000,700000000,9393000000,10093000000,0,1059000000.0,0,0.033,2.36,2987000000.0,4046000000.0,0.385,4046000000.0,2987000000.0,2442000000.0,5.13,5.1,5.13,12188000000,12138000000.0,12188000000,30012022909,10.0,7.418,555000000.0,1.861,1.0,6849000000.0,0.652,0,545000000.0,41021000000,39982500000.0,271000000,2572000000,0,2572000000,22072000000,2231000000,19841000000,21020022909,128000000.0,0.0,-1032000000.0,1083000000.0,-713000000.0,-662000000.0,-2087000000.0,235000000.0,2877000000.0,0.0,1556000000.0,1556000000.0,1556000000.0,0.0,0.0,0.148,3965000000.0,2884000000.0,1091000000,0.46,1.725,13.509,13.741,28992000000,0.0,70.49,2.0,2.0,946000000,10191000000,10511000000.0,10511000000.0,0.0,0.046,0.128,0.075,0.284,0.0,2911000000.0,1.0,298198651,298198651,,35.248,34260000000,121000000,886000000.0,9266000000,114.89,402000000
23,NSC,ART,2015-09-30,2015-10-28,2015-09-30,2021-07-28,-382000000,33527000000,33213250000.0,2002000000,31525000000,0.327,40.624,-2428000000.0,433000000,433000000,3800000000.0,1706000000.0,0.846,1.764,9496000000,600000000,8896000000,9496000000,0,1011000000.0,0,0.029,2.34,3240000000.0,4251000000.0,0.391,4251000000.0,3240000000.0,2708000000.0,5.58,5.54,5.58,12129000000,12193000000.0,12129000000,33426292824,10.0,7.863,257000000.0,0.861,1.0,7063000000.0,0.65,0,532000000.0,40223000000,39605750000.0,288000000,2740000000,0,2740000000,21398000000,2367000000,19031000000,24363292824,-999000000.0,0.0,-1108000000.0,592000000.0,-713000000.0,-1229000000.0,-2455000000.0,-27000000.0,2685000000.0,0.0,1706000000.0,1706000000.0,1706000000.0,0.0,0.0,0.157,3930000000.0,3133000000.0,1160000000,0.419,2.009,14.281,14.624,28682000000,0.0,81.6,2.243,2.243,1103000000,10079000000,10863000000.0,10863000000.0,0.0,0.051,0.14,0.082,0.298,0.0,2923000000.0,1.0,298569765,298569765,,36.383,33527000000,123000000,1002000000.0,9113000000,112.292,-365000000
24,NSC,ART,2015-06-30,2015-07-27,2015-06-30,2021-07-28,-389000000,33310000000,33133000000.0,2413000000,30897000000,0.337,40.071,-2093000000.0,889000000,889000000,3947000000.0,1813000000.0,1.095,1.758,9390000000,500000000,8890000000,9390000000,0,972000000.0,0,0.028,2.32,3409000000.0,4381000000.0,0.392,4381000000.0,3409000000.0,2876000000.0,5.88,5.84,5.88,12077000000,12270500000.0,12077000000,33455831097,10.0,7.637,795000000.0,2.638,1.0,7226000000.0,0.647,0,533000000.0,39608000000,39203250000.0,277000000,2724000000,0,2724000000,21233000000,2203000000,19030000000,24954831097,-778000000.0,0.0,-907000000.0,160000000.0,-712000000.0,-1459000000.0,-2207000000.0,-114000000.0,2888000000.0,0.0,1813000000.0,1813000000.0,1813000000.0,0.0,0.0,0.162,3917000000.0,3309000000.0,1144000000,0.395,2.066,13.764,14.082,28075000000,0.0,82.8,2.233,2.233,1055000000,10017000000,11173000000.0,11173000000.0,0.0,0.055,0.148,0.087,0.305,0.0,2949000000.0,1.0,301386849,301386849,,37.072,33310000000,125000000,1063000000.0,9113000000,110.522,210000000
25,NSC,ART,2015-03-31,2015-04-29,2015-03-31,2021-07-28,-395000000,32775000000,33065500000.0,2115000000,30660000000,0.348,39.882,-2021000000.0,524000000,524000000,4089000000.0,1942000000.0,1.006,1.696,8930000000,501000000,8429000000,8930000000,0,964000000.0,0,0.022,2.27,3613000000.0,4577000000.0,0.398,4577000000.0,3613000000.0,3075000000.0,6.26,6.22,6.26,12158000000,12270500000.0,12158000000,39860366664,11.0,8.709,848000000.0,2.782,1.0,7413000000.0,0.644,0,538000000.0,39078000000,38864250000.0,268000000,2701000000,0,2701000000,20617000000,2103000000,18514000000,31454366664,-998000000.0,0.0,-594000000.0,-446000000.0,-701000000.0,-1741000000.0,-2126000000.0,-105000000.0,2869000000.0,0.0,1942000000.0,1942000000.0,1942000000.0,0.0,0.0,0.169,3899000000.0,3514000000.0,1094000000,0.363,2.587,16.197,16.482,27829000000,0.0,103.18,2.735,2.735,1032000000,10087000000,11502000000.0,11502000000.0,0.0,0.059,0.158,0.093,0.314,0.0,2940000000.0,1.0,304849454,304849454,,37.73,32775000000,118000000,1133000000.0,8993000000,107.512,12000000
26,NSC,ART,2014-12-31,2015-02-11,2014-12-31,2021-07-28,-398000000,33241000000,33046750000.0,2778000000,30463000000,0.352,40.363,-2004000000.0,973000000,973000000,4201000000.0,2000000000.0,1.561,1.679,9026000000,102000000,8924000000,9026000000,0,956000000.0,0,0.021,2.27,3679000000.0,4635000000.0,0.399,4635000000.0,3679000000.0,3134000000.0,6.44,6.39,6.44,12408000000,12154250000.0,12408000000,41594719501,11.0,8.974,848000000.0,2.759,1.0,7423000000.0,0.639,0,545000000.0,39514000000,38647500000.0,236000000,2679000000,0,2679000000,20833000000,1780000000,19053000000,33541719501,-470000000.0,0.0,-188000000.0,-445000000.0,-687000000.0,-1320000000.0,-2002000000.0,2000000.0,2852000000.0,0.0,2000000000.0,2000000000.0,2000000000.0,0.0,0.0,0.172,3848000000.0,3575000000.0,1233000000,0.352,2.703,16.771,16.943,27694000000,0.0,109.11,2.886,2.886,1055000000,10348000000,11624000000.0,11624000000.0,0.0,0.061,0.165,0.095,0.317,0.0,2897000000.0,1.0,307411965,307411965,,37.812,33241000000,167000000,1134000000.0,9034000000,108.132,998000000
27,NSC,ART,2014-09-30,2014-10-22,2014-09-30,2021-07-28,-178000000,33206000000,32857250000.0,3012000000,30194000000,0.354,40.198,-1776000000.0,1432000000,1432000000,4182000000.0,2002000000.0,1.447,1.67,8921000000,2000000,8919000000,8921000000,0,950000000.0,0,0.02,2.17,3680000000.0,4630000000.0,0.398,4630000000.0,3680000000.0,3127000000.0,6.44,6.39,6.44,12439000000,11874500000.0,12439000000,40444558836,11.0,8.735,1244000000.0,4.02,1.0,7453000000.0,0.641,0,553000000.0,38613000000,38314750000.0,249000000,2610000000,0,2610000000,20767000000,2082000000,18685000000,32955558836,448000000.0,0.0,-71000000.0,-50000000.0,-672000000.0,-793000000.0,-1779000000.0,-3000000.0,3020000000.0,0.0,2002000000.0,2002000000.0,2002000000.0,0.0,0.0,0.172,3888000000.0,3565000000.0,1387000000,0.337,2.649,16.461,16.537,27230000000,0.0,106.5,2.832,2.832,1103000000,10156000000,11635000000.0,11635000000.0,0.0,0.061,0.169,0.096,0.316,0.0,2944000000.0,1.0,309441867,309441867,,37.6,33206000000,178000000,1125000000.0,8983000000,107.309,930000000
28,NSC,ART,2014-06-30,2014-07-23,2014-06-30,2021-07-28,-183000000,33040000000,32397000000.0,3266000000,29774000000,0.353,39.019,-1776000000.0,1667000000,1667000000,4131000000.0,1925000000.0,1.379,1.736,9247000000,433000000,8814000000,9247000000,0,944000000.0,0,0.02,2.12,3529000000.0,4473000000.0,0.391,4473000000.0,3529000000.0,2983000000.0,6.19,6.13,6.19,12077000000,11338250000.0,12077000000,40648604823,12.0,9.088,1233000000.0,3.984,1.0,7305000000.0,0.639,0,546000000.0,38252000000,37910250000.0,251000000,2505000000,0,2505000000,20963000000,2368000000,18595000000,33068604823,1080000000.0,0.0,-280000000.0,742000000.0,-657000000.0,-195000000.0,-1734000000.0,42000000.0,3009000000.0,0.0,1925000000.0,1925000000.0,1925000000.0,0.0,0.0,0.168,3889000000.0,3416000000.0,1245000000,0.342,2.738,17.178,17.26,26927000000,0.0,106.84,2.892,2.892,1122000000,9836000000,11436000000.0,11436000000.0,0.0,0.059,0.17,0.093,0.309,0.0,2951000000.0,1.0,309515208,309515208,,36.948,33040000000,161000000,1058000000.0,9018000000,106.748,898000000
29,NSC,ART,2014-03-31,2014-04-23,2014-03-31,2021-07-28,-193000000,32700000000,31788250000.0,3130000000,29570000000,0.352,37.762,-1826000000.0,1522000000,1522000000,4075000000.0,1828000000.0,1.349,1.797,9354000000,445000000,8909000000,9354000000,0,932000000.0,0,0.022,2.08,3357000000.0,4289000000.0,0.383,4289000000.0,3357000000.0,2822000000.0,5.85,5.8,5.85,11693000000,10866000000.0,11693000000,37251474631,11.0,8.685,1117000000.0,3.607,1.0,7121000000.0,0.636,0,535000000.0,38211000000,37517250000.0,240000000,2476000000,10000000,2466000000,21007000000,2321000000,18686000000,29419474631,850000000.0,0.0,-506000000.0,842000000.0,-647000000.0,-311000000.0,-1782000000.0,44000000.0,2943000000.0,0.0,1828000000.0,1828000000.0,1828000000.0,0.0,0.0,0.163,3888000000.0,3233000000.0,1194000000,0.356,2.516,16.094,16.241,26768000000,0.0,95.01,2.628,2.628,1109000000,9490000000,11196000000.0,11196000000.0,0.0,0.058,0.168,0.089,0.3,0.0,2962000000.0,1.0,309646086,309646086,,36.157,32700000000,179000000,994000000.0,8970000000,105.604,809000000
30,NSC,ART,2013-12-31,2014-02-14,2013-12-31,2021-07-28,-381000000,32483000000,31263000000.0,3075000000,29408000000,0.36,36.45,-1827000000.0,1443000000,1443000000,4070000000.0,1910000000.0,1.334,1.877,9448000000,545000000,8903000000,9448000000,0,922000000.0,0,0.022,2.08,3490000000.0,4412000000.0,0.392,4412000000.0,3490000000.0,2965000000.0,6.1,6.04,6.1,11289000000,10470250000.0,11289000000,36758954433,11.0,8.332,1251000000.0,4.039,1.0,7175000000.0,0.638,0,525000000.0,38183000000,37091500000.0,223000000,2557000000,118000000,2439000000,21194000000,2305000000,18889000000,28753954433,790000000.0,0.0,-496000000.0,739000000.0,-637000000.0,-394000000.0,-1894000000.0,-67000000.0,3078000000.0,0.0,1910000000.0,1910000000.0,1910000000.0,0.0,0.0,0.17,3918000000.0,3257000000.0,1265000000,0.341,2.547,15.054,15.22,26645000000,0.0,92.84,2.557,2.557,1024000000,9339000000,11245000000.0,11245000000.0,0.0,0.061,0.182,0.094,0.31,0.0,3002000000.0,1.0,309715149,309715149,,36.308,32483000000,180000000,1055000000.0,8767000000,104.88,770000000
31,NSC,ART,2013-09-30,2013-10-23,2013-09-30,2021-07-28,-1040000000,31365000000,30727750000.0,2494000000,28871000000,0.36,33.324,-1935000000.0,984000000,984000000,4075000000.0,1810000000.0,1.069,2.047,8946000000,447000000,8499000000,8946000000,0,921000000.0,0,0.023,2.02,3320000000.0,4241000000.0,0.384,4241000000.0,3320000000.0,2803000000.0,5.75,5.7,5.75,10294000000,10088000000.0,10294000000,34546822828,10.0,8.146,1058000000.0,3.425,1.0,6973000000.0,0.631,0,517000000.0,36995000000,36618250000.0,224000000,2415000000,20000000,2395000000,21071000000,2332000000,18739000000,26584822828,291000000.0,0.0,-598000000.0,440000000.0,-633000000.0,-791000000.0,-1911000000.0,24000000.0,2993000000.0,0.0,1810000000.0,1810000000.0,1810000000.0,0.0,0.0,0.164,3883000000.0,3090000000.0,1267000000,0.351,2.583,14.688,14.967,26413000000,0.0,86.06,2.406,2.406,1083000000,9045000000,11048000000.0,11048000000.0,0.0,0.059,0.179,0.091,0.301,0.0,2967000000.0,1.0,308910328,308910328,,35.764,31365000000,149000000,993000000.0,8315000000,101.534,162000000
32,NSC,ART,2013-06-30,2013-07-24,2013-06-30,2021-07-28,-1063000000,30605000000,30346500000.0,2078000000,28527000000,0.36,32.659,-1912000000.0,587000000,587000000,4073000000.0,1730000000.0,1.145,2.004,8477000000,47000000,8430000000,8477000000,0,922000000.0,0,0.027,2.0,3205000000.0,4127000000.0,0.378,4127000000.0,3205000000.0,2695000000.0,5.46,5.41,5.46,10188000000,9956250000.0,10188000000,31180394555,10.0,7.555,996000000.0,3.193,1.0,6844000000.0,0.627,0,510000000.0,36680000000,36320250000.0,228000000,2366000000,0,2366000000,20417000000,1815000000,18602000000,23290394555,231000000.0,0.0,-630000000.0,453000000.0,-631000000.0,-808000000.0,-1869000000.0,43000000.0,2908000000.0,0.0,1730000000.0,1730000000.0,1730000000.0,0.0,0.0,0.158,3872000000.0,2972000000.0,1180000000,0.366,2.286,13.463,13.674,26098000000,0.0,74.66,2.133,2.133,1072000000,8954000000,10917000000.0,10917000000.0,0.0,0.057,0.174,0.088,0.294,0.0,2956000000.0,1.0,311952780,311952780,,34.996,30605000000,137000000,965000000.0,8258000000,98.108,263000000
33,NSC,ART,2013-03-31,2013-04-24,2013-03-31,2021-07-28,-1086000000,30599000000,29993000000.0,2323000000,28276000000,0.366,32.086,-1950000000.0,672000000,672000000,4046000000.0,1789000000.0,1.22,2.027,8485000000,47000000,8438000000,8485000000,0,924000000.0,0,0.026,1.97,3305000000.0,4229000000.0,0.385,4229000000.0,3305000000.0,2801000000.0,5.61,5.55,5.61,10110000000,9853750000.0,10110000000,31419421355,10.0,7.43,803000000.0,2.548,1.0,6943000000.0,0.632,0,504000000.0,36508000000,35915250000.0,246000000,2356000000,15000000,2341000000,20489000000,1904000000,18585000000,23606421355,-157000000.0,0.0,-808000000.0,448000000.0,-626000000.0,-986000000.0,-1924000000.0,26000000.0,2753000000.0,0.0,1789000000.0,1789000000.0,1789000000.0,0.0,0.0,0.163,3873000000.0,3070000000.0,1188000000,0.351,2.335,13.195,13.355,25870000000,0.0,74.92,2.148,2.148,1158000000,8904000000,10989000000.0,10989000000.0,0.0,0.06,0.182,0.092,0.301,0.0,2954000000.0,1.0,315088379,315088379,,34.876,30599000000,167000000,1012000000.0,8240000000,97.112,419000000
34,NSC,ART,2012-12-31,2013-02-15,2012-12-31,2021-07-28,-1109000000,30342000000,29687000000.0,2242000000,28100000000,0.372,31.032,-2049000000.0,653000000,653000000,4040000000.0,1749000000.0,1.077,2.109,8682000000,250000000,8432000000,8682000000,0,922000000.0,0,0.028,1.97,3253000000.0,4175000000.0,0.378,4175000000.0,3253000000.0,2758000000.0,5.42,5.37,5.42,9760000000,9780000000.0,9760000000,30516920741,9.0,7.309,1016000000.0,3.23,1.0,7000000000.0,0.634,0,495000000.0,36290000000,35446000000.0,216000000,2315000000,15000000,2300000000,20582000000,2081000000,18501000000,22487920741,377000000.0,0.0,-1199000000.0,1129000000.0,-624000000.0,-694000000.0,-1994000000.0,55000000.0,3065000000.0,0.0,1749000000.0,1749000000.0,1749000000.0,0.0,0.0,0.158,3876000000.0,3124000000.0,1362000000,0.363,2.304,12.858,13.192,25736000000,0.0,71.5,2.037,2.037,1109000000,8643000000,11040000000.0,11040000000.0,0.0,0.059,0.179,0.092,0.295,0.0,2960000000.0,1.0,314516374,314516374,,35.102,30342000000,167000000,1009000000.0,8038000000,96.472,161000000
35,NSC,ART,2012-09-30,2012-10-25,2012-09-30,2021-07-28,-971000000,29840000000,29236000000.0,2199000000,27641000000,0.381,30.904,-2188000000.0,693000000,693000000,4071000000.0,1816000000.0,1.206,2.055,8480000000,52000000,8428000000,8480000000,0,911000000.0,0,0.03,1.87,3342000000.0,4253000000.0,0.381,4253000000.0,3342000000.0,2860000000.0,5.55,5.49,5.55,9767000000,9817750000.0,9767000000,27561822085,8.0,6.481,751000000.0,2.376,1.0,7082000000.0,0.635,0,482000000.0,35803000000,34898750000.0,236000000,2330000000,15000000,2315000000,20073000000,1824000000,18249000000,19774822085,451000000.0,0.0,-1488000000.0,1630000000.0,-611000000.0,-469000000.0,-2019000000.0,169000000.0,2939000000.0,0.0,1816000000.0,1816000000.0,1816000000.0,0.0,0.0,0.163,3872000000.0,3210000000.0,1260000000,0.337,2.025,10.889,11.274,25260000000,0.0,62.57,1.773,1.773,1078000000,8512000000,11153000000.0,11153000000.0,0.0,0.062,0.185,0.096,0.3,0.0,2968000000.0,1.0,316043185,316043185,,35.289,29840000000,144000000,1044000000.0,7953000000,94.417,375000000
36,NSC,ART,2012-06-30,2012-07-27,2012-06-30,2021-07-28,-991000000,29191000000,28853750000.0,1884000000,27307000000,0.393,30.602,-2161000000.0,356000000,356000000,4061000000.0,1968000000.0,1.062,1.985,7999000000,27000000,7972000000,7999000000,0,897000000.0,0,0.024,1.8,3576000000.0,4473000000.0,0.394,4473000000.0,3576000000.0,3104000000.0,5.9,5.84,5.9,9778000000,9939750000.0,9778000000,31507703443,9.0,7.044,1029000000.0,3.22,1.0,7288000000.0,0.642,0,472000000.0,35060000000,34190500000.0,242000000,2293000000,15000000,2278000000,19413000000,1774000000,17639000000,23864703443,-322000000.0,0.0,-2011000000.0,1003000000.0,-601000000.0,-1609000000.0,-1903000000.0,258000000.0,3190000000.0,0.0,1968000000.0,1968000000.0,1968000000.0,0.0,0.0,0.173,3871000000.0,3417000000.0,1126000000,0.305,2.441,12.126,12.659,24968000000,0.0,74.69,2.103,2.103,1086000000,8544000000,11349000000.0,11349000000.0,0.0,0.068,0.198,0.105,0.315,0.0,2980000000.0,1.0,319516715,319516715,,35.519,29191000000,133000000,1136000000.0,7961000000,91.36,110000000
37,NSC,ART,2012-03-31,2012-04-27,2012-03-31,2021-07-28,-1010000000,29375000000,28675500000.0,2332000000,27043000000,0.395,30.129,-2102000000.0,829000000,829000000,4113000000.0,2001000000.0,1.207,1.993,8017000000,32000000,7985000000,8017000000,0,882000000.0,0,0.024,1.73,3520000000.0,4402000000.0,0.388,4402000000.0,3520000000.0,3057000000.0,5.86,5.8,5.86,9815000000,10152000000.0,9815000000,31089243343,9.0,7.063,1508000000.0,4.629,1.0,7228000000.0,0.637,0,463000000.0,34631000000,33683750000.0,228000000,2265000000,2000000,2263000000,19560000000,1932000000,17628000000,23901243343,593000000.0,0.0,-1989000000.0,1387000000.0,-589000000.0,-1191000000.0,-1826000000.0,276000000.0,3610000000.0,0.0,2001000000.0,2001000000.0,2001000000.0,0.0,0.0,0.176,3870000000.0,3358000000.0,1243000000,0.295,2.435,11.945,12.52,24703000000,0.0,73.37,2.108,2.108,1056000000,8581000000,11341000000.0,11341000000.0,0.0,0.07,0.197,0.105,0.31,0.0,2995000000.0,1.0,325763164,325763164,,34.814,29375000000,146000000,1056000000.0,7910000000,90.173,400000000
38,NSC,ART,2011-12-31,2012-02-15,2011-12-31,2021-07-28,-1026000000,28538000000,28263750000.0,1751000000,26787000000,0.395,30.02,-2076000000.0,276000000,276000000,4123000000.0,1916000000.0,1.029,1.879,7540000000,150000000,7390000000,7540000000,0,869000000.0,0,0.026,1.73,3373000000.0,4242000000.0,0.38,4242000000.0,3373000000.0,2918000000.0,5.52,5.45,5.52,9911000000,10348500000.0,9911000000,29660786199,9.0,6.992,1151000000.0,3.486,1.0,7049000000.0,0.631,0,455000000.0,34101000000,33161500000.0,209000000,2259000000,25000000,2234000000,18627000000,1701000000,16926000000,22396786199,-551000000.0,0.0,-1931000000.0,501000000.0,-576000000.0,-2006000000.0,-1772000000.0,304000000.0,3227000000.0,0.0,1916000000.0,1916000000.0,1916000000.0,0.0,0.0,0.172,3836000000.0,3213000000.0,1092000000,0.313,2.26,11.689,12.29,24469000000,0.0,67.84,2.005,2.005,1022000000,8693000000,11172000000.0,11172000000.0,0.0,0.068,0.185,0.102,0.302,0.0,2974000000.0,1.0,330141306,330141306,,33.84,28538000000,143000000,1002000000.0,7693000000,86.442,50000000
39,NSC,ART,2011-09-30,2011-10-28,2011-09-30,2021-07-28,-753000000,28311000000,28179000000.0,1825000000,26486000000,0.382,30.511,-1910000000.0,242000000,242000000,3965000000.0,1838000000.0,0.943,1.761,6837000000,55000000,6782000000,6837000000,0,855000000.0,0,0.021,1.59,3211000000.0,4066000000.0,0.378,4066000000.0,3211000000.0,2757000000.0,5.21,5.14,5.21,10255000000,10538000000.0,10255000000,31796244151,10.0,7.82,1440000000.0,4.284,1.0,6802000000.0,0.632,0,454000000.0,32970000000,32715000000.0,212000000,2392000000,152000000,2240000000,18056000000,1936000000,16120000000,25201244151,-887000000.0,0.0,-1912000000.0,-108000000.0,-562000000.0,-2582000000.0,-1655000000.0,255000000.0,3350000000.0,0.0,1838000000.0,1838000000.0,1838000000.0,0.0,0.0,0.171,3747000000.0,3055000000.0,1329000000,0.305,2.457,13.711,14.392,23978000000,0.0,74.98,2.341,2.341,1029000000,8759000000,10767000000.0,10767000000.0,0.0,0.065,0.174,0.098,0.298,0.0,2899000000.0,1.0,336106217,336106217,,32.035,28311000000,160000000,919000000.0,7771000000,84.232,-111000000
40,NSC,ART,2011-06-30,2011-07-29,2011-06-30,2021-07-28,-770000000,28478000000,28116750000.0,2315000000,26163000000,0.368,30.557,-1693000000.0,678000000,678000000,3793000000.0,1729000000.0,1.321,1.68,6986000000,55000000,6931000000,6986000000,0,843000000.0,0,0.02,1.52,3040000000.0,3883000000.0,0.376,3883000000.0,3040000000.0,2587000000.0,4.81,4.74,4.81,10627000000,10671500000.0,10627000000,32634460006,11.0,8.404,1339000000.0,3.85,1.0,6541000000.0,0.633,0,453000000.0,33033000000,32450750000.0,201000000,2463000000,228000000,2235000000,17851000000,1753000000,16098000000,26326460006,-177000000.0,0.0,-1425000000.0,287000000.0,-545000000.0,-1683000000.0,-1526000000.0,167000000.0,3032000000.0,0.0,1729000000.0,1729000000.0,1729000000.0,0.0,0.0,0.167,3678000000.0,2863000000.0,1254000000,0.316,2.477,15.226,15.738,23671000000,0.0,75.7,2.548,2.548,991000000,9097000000,10334000000.0,10334000000.0,0.0,0.061,0.162,0.094,0.294,0.0,2843000000.0,1.0,347773580,347773580,,29.715,28478000000,163000000,858000000.0,7532000000,81.887,562000000
41,NSC,ART,2011-03-31,2011-04-29,2011-03-31,2021-07-28,-786000000,27728000000,27905500000.0,1832000000,25896000000,0.355,30.013,-1550000000.0,236000000,236000000,3577000000.0,1564000000.0,1.169,1.616,6617000000,63000000,6554000000,6617000000,0,833000000.0,0,0.02,1.46,2881000000.0,3714000000.0,0.375,3714000000.0,2881000000.0,2426000000.0,4.29,4.22,4.29,10601000000,10705000000.0,10601000000,32759220243,11.0,8.82,1058000000.0,2.995,1.0,6321000000.0,0.639,0,455000000.0,32542000000,32075000000.0,190000000,2451000000,252000000,2199000000,17127000000,1567000000,15560000000,26378220243,-925000000.0,0.0,-1106000000.0,-419000000.0,-530000000.0,-2055000000.0,-1478000000.0,72000000.0,2608000000.0,0.0,1564000000.0,1564000000.0,1564000000.0,0.0,0.0,0.158,3600000000.0,2721000000.0,1093000000,0.34,2.488,16.866,17.408,23451000000,0.0,74.68,2.665,2.665,934000000,9094000000,9898000000.0,9898000000.0,0.0,0.056,0.146,0.09,0.291,0.0,2774000000.0,1.0,353216661,353216661,,28.022,27728000000,148000000,862000000.0,7314000000,78.501,265000000
42,NSC,ART,2010-12-31,2011-02-17,2010-12-31,2021-07-28,-805000000,28199000000,27906000000.0,2471000000,25728000000,0.341,29.96,-1373000000.0,827000000,827000000,3313000000.0,1496000000.0,1.187,1.643,7025000000,458000000,6567000000,7025000000,0,826000000.0,0,0.022,1.46,2829000000.0,3655000000.0,0.384,3655000000.0,2829000000.0,2367000000.0,4.06,4.0,4.06,10669000000,10695750000.0,10669000000,29416329685,10.0,8.048,1341000000.0,3.766,1.0,6203000000.0,0.652,0,462000000.0,32315000000,31790250000.0,169000000,2476000000,283000000,2193000000,17530000000,2082000000,15448000000,23218329685,-169000000.0,0.0,-774000000.0,-139000000.0,-514000000.0,-1427000000.0,-1456000000.0,-83000000.0,2714000000.0,0.0,1496000000.0,1496000000.0,1496000000.0,0.0,0.0,0.157,3527000000.0,2676000000.0,1181000000,0.36,2.176,15.52,16.059,23231000000,0.0,65.2,2.44,2.44,807000000,9224000000,9516000000.0,9516000000.0,0.0,0.054,0.14,0.089,0.297,0.0,2708000000.0,1.0,356109351,356109351,,26.722,28199000000,145000000,871000000.0,7287000000,79.186,389000000
43,NSC,ART,2010-09-30,2010-10-29,2010-09-30,2021-07-28,-804000000,28062000000,27698500000.0,2633000000,25429000000,0.333,29.691,-1183000000.0,1129000000,1129000000,3160000000.0,1401000000.0,1.347,1.601,6935000000,361000000,6574000000,6935000000,0,832000000.0,0,0.022,1.38,2738000000.0,3570000000.0,0.387,3570000000.0,2738000000.0,2272000000.0,3.78,3.73,3.78,10789000000,10616750000.0,10789000000,28149751659,10.0,7.885,1430000000.0,3.935,1.0,6070000000.0,0.658,0,466000000.0,31913000000,31645750000.0,179000000,2536000000,229000000,2307000000,17273000000,1955000000,15318000000,22343751659,130000000.0,0.0,-344000000.0,-139000000.0,-510000000.0,-993000000.0,-1490000000.0,-307000000.0,2613000000.0,0.0,1401000000.0,1401000000.0,1401000000.0,0.0,0.0,0.152,3487000000.0,2583000000.0,1131000000,0.365,2.071,15.948,16.267,22893000000,0.0,61.49,2.421,2.421,908000000,9339000000,9230000000.0,9230000000.0,0.0,0.051,0.132,0.087,0.297,0.0,2662000000.0,1.0,363372120,363372120,,25.401,28062000000,153000000,871000000.0,7076000000,77.227,678000000
44,NSC,ART,2010-06-30,2010-07-30,2010-06-30,2021-07-28,-820000000,27633000000,27451750000.0,2328000000,25305000000,0.322,29.193,-1224000000.0,855000000,855000000,3027000000.0,1259000000.0,1.202,1.568,6689000000,363000000,6326000000,6689000000,0,838000000.0,0,0.024,1.36,2510000000.0,3348000000.0,0.379,3348000000.0,2510000000.0,2039000000.0,3.39,3.35,3.39,10761000000,10436000000.0,10761000000,26575993960,11.0,7.938,1375000000.0,3.73,1.0,5810000000.0,0.657,0,471000000.0,31530000000,31486250000.0,179000000,2498000000,205000000,2293000000,16872000000,1937000000,14935000000,20741993960,133000000.0,0.0,-30000000.0,-401000000.0,-502000000.0,-933000000.0,-1533000000.0,-309000000.0,2599000000.0,0.0,1259000000.0,1259000000.0,1259000000.0,0.0,0.0,0.142,3411000000.0,2399000000.0,1064000000,0.401,1.928,16.475,16.599,22786000000,0.0,56.27,2.347,2.347,892000000,9317000000,8837000000.0,8837000000.0,0.0,0.046,0.121,0.08,0.284,0.0,2580000000.0,1.0,368615496,368615496,,23.973,27633000000,148000000,780000000.0,7044000000,74.964,391000000
45,NSC,ART,2010-03-31,2010-04-30,2010-03-31,2021-07-28,-834000000,27730000000,27201750000.0,2646000000,25084000000,0.304,28.547,-1229000000.0,1161000000,1161000000,2835000000.0,1114000000.0,1.207,1.625,7027000000,648000000,6379000000,7027000000,0,842000000.0,0,0.017,1.02,2264000000.0,3106000000.0,0.376,3106000000.0,2264000000.0,1795000000.0,3.0,2.97,3.0,10564000000,10210500000.0,10564000000,27821420819,12.0,8.957,1035000000.0,2.797,1.0,5429000000.0,0.657,0,469000000.0,31403000000,31417500000.0,180000000,2391000000,225000000,2166000000,17166000000,2193000000,14973000000,21955420819,277000000.0,0.0,81000000.0,0.0,-501000000.0,-420000000.0,-1567000000.0,-338000000.0,2264000000.0,0.0,1114000000.0,1114000000.0,1114000000.0,0.0,0.0,0.135,3295000000.0,2134000000.0,987000000,0.34,2.078,19.709,19.777,22697000000,0.0,59.33,2.657,2.657,867000000,9156000000,8264000000.0,8264000000.0,0.0,0.041,0.109,0.072,0.274,0.0,2461000000.0,1.0,370055972,370055972,,22.332,27730000000,145000000,681000000.0,7052000000,74.935,453000000
46,NSC,ART,2009-12-31,2010-02-17,2009-12-31,2021-07-28,-853000000,27369000000,26905750000.0,2246000000,25123000000,0.296,28.007,-1215000000.0,996000000,996000000,2769000000.0,1034000000.0,1.255,1.644,7153000000,474000000,6679000000,7153000000,0,845000000.0,0,0.028,1.36,2089000000.0,2934000000.0,0.368,2934000000.0,2089000000.0,1622000000.0,2.79,2.76,2.79,10353000000,9997000000.0,10353000000,24366211655,12.0,8.305,645000000.0,1.745,1.0,5200000000.0,0.653,0,467000000.0,31737000000,31211500000.0,164000000,2254000000,90000000,2164000000,17016000000,1789000000,15227000000,18209211655,378000000.0,0.0,66000000.0,403000000.0,-500000000.0,-31000000.0,-1451000000.0,-236000000.0,1860000000.0,0.0,1034000000.0,1034000000.0,1034000000.0,0.0,0.0,0.13,3238000000.0,1962000000.0,974000000,0.487,1.759,17.61,17.656,22643000000,0.0,49.26,2.285,2.285,766000000,9027000000,7969000000.0,7969000000.0,0.0,0.038,0.103,0.067,0.262,0.0,2401000000.0,1.0,369655129,369655129,,21.558,27369000000,142000000,588000000.0,6856000000,74.039,457000000
47,NSC,ART,2009-09-30,2009-10-30,2009-09-30,2021-07-28,-912000000,27075000000,26637750000.0,2233000000,24842000000,0.314,27.361,-1277000000.0,999000000,999000000,2912000000.0,1179000000.0,1.197,1.69,7065000000,380000000,6685000000,7065000000,0,839000000.0,0,0.029,1.34,2334000000.0,3173000000.0,0.379,3173000000.0,2334000000.0,1874000000.0,3.2,3.16,3.2,10066000000,9810500000.0,10066000000,23217214317,10.0,7.317,738000000.0,2.006,1.0,5453000000.0,0.652,0,460000000.0,31275000000,30837500000.0,172000000,2067000000,0,2067000000,17009000000,1866000000,15143000000,17151214317,442000000.0,0.0,-192000000.0,496000000.0,-492000000.0,-188000000.0,-1385000000.0,-108000000.0,2015000000.0,0.0,1179000000.0,1179000000.0,1179000000.0,0.0,0.0,0.141,3227000000.0,2226000000.0,980000000,0.419,1.704,14.547,14.569,22490000000,0.0,46.62,2.05,2.05,855000000,8848000000,8365000000.0,8365000000.0,0.0,0.044,0.12,0.076,0.279,0.0,2397000000.0,1.0,367893915,367893915,,22.738,27075000000,152000000,695000000.0,6785000000,73.595,367000000
48,NSC,ART,2009-06-30,2009-08-03,2009-06-30,2021-07-28,-922000000,26633000000,26548250000.0,1936000000,24697000000,0.346,26.817,-1378000000.0,722000000,722000000,3310000000.0,1396000000.0,1.114,1.701,7082000000,394000000,6688000000,7082000000,0,831000000.0,0,0.023,1.0,2668000000.0,3499000000.0,0.38,3499000000.0,2668000000.0,2215000000.0,3.77,3.72,3.77,9859000000,9805500000.0,9859000000,22668361350,8.0,6.479,922000000.0,2.508,1.0,5886000000.0,0.64,0,453000000.0,31255000000,30600750000.0,188000000,2027000000,0,2027000000,16774000000,1738000000,15036000000,16308361350,268000000.0,0.0,-558000000.0,498000000.0,-488000000.0,-548000000.0,-1484000000.0,-106000000.0,2300000000.0,0.0,1396000000.0,1396000000.0,1396000000.0,0.0,0.0,0.152,3328000000.0,2558000000.0,945000000,0.265,1.654,11.682,11.767,22375000000,0.0,44.36,1.773,1.773,800000000,8671000000,9196000000.0,9196000000.0,0.0,0.053,0.142,0.087,0.29,0.0,2507000000.0,1.0,367636640,367636640,,25.014,26633000000,136000000,819000000.0,6605000000,72.444,198000000
49,NSC,ART,2009-03-31,2009-04-24,2009-03-31,2021-07-28,-933000000,26546000000,26493500000.0,2194000000,24352000000,0.381,26.455,-1390000000.0,884000000,884000000,3784000000.0,1602000000.0,1.087,1.734,6935000000,468000000,6467000000,6935000000,0,824000000.0,0,0.034,1.27,3009000000.0,3833000000.0,0.379,3833000000.0,3009000000.0,2557000000.0,4.3,4.24,4.3,9710000000,9838750000.0,9710000000,19921360314,7.0,5.197,1075000000.0,2.929,1.0,6320000000.0,0.625,0,452000000.0,30579000000,30367250000.0,191000000,1806000000,0,1806000000,16836000000,2018000000,14818000000,13870360314,520000000.0,0.0,-688000000.0,440000000.0,-472000000.0,-720000000.0,-1225000000.0,165000000.0,2465000000.0,0.0,1602000000.0,1602000000.0,1602000000.0,0.0,0.0,0.159,3431000000.0,2889000000.0,952000000,0.295,1.428,8.658,8.788,22292000000,0.0,37.79,1.373,1.373,831000000,8551000000,10104000000.0,10104000000.0,0.0,0.06,0.163,0.099,0.298,0.0,2618000000.0,1.0,367037849,367037849,,27.528,26546000000,161000000,955000000.0,6717000000,72.325,176000000
50,NSC,ART,2008-12-31,2009-02-18,2008-12-31,2021-07-28,-942000000,26297000000,26473250000.0,1999000000,24298000000,0.403,26.216,-1449000000.0,618000000,618000000,4089000000.0,1716000000.0,0.95,1.737,6667000000,484000000,6183000000,6667000000,0,815000000.0,0,0.036,1.27,3194000000.0,4009000000.0,0.376,4009000000.0,3194000000.0,2750000000.0,4.6,4.52,4.6,9607000000,9848250000.0,9607000000,19080345337,6.0,4.759,1266000000.0,3.455,1.0,6572000000.0,0.616,0,444000000.0,30241000000,30314250000.0,194000000,1779000000,0,1779000000,16690000000,2105000000,14585000000,13031345337,412000000.0,0.0,-899000000.0,280000000.0,-456000000.0,-1075000000.0,-1228000000.0,221000000.0,2715000000.0,0.0,1716000000.0,1716000000.0,1716000000.0,0.0,0.0,0.161,3488000000.0,3084000000.0,1140000000,0.276,1.356,7.594,7.73,22247000000,0.0,35.56,1.222,1.222,870000000,8501000000,10661000000.0,10661000000.0,0.0,0.065,0.174,0.105,0.3,0.0,2684000000.0,1.0,366460780,366460780,,29.092,26297000000,149000000,1034000000.0,6633000000,71.759,-106000000
51,NSC,ART,2008-09-30,2008-10-24,2008-09-30,2021-07-28,-389000000,26717000000,26435000000.0,2082000000,24635000000,0.401,27.131,-1457000000.0,557000000,557000000,4511000000.0,1663000000.0,0.904,1.659,6471000000,488000000,5983000000,6471000000,0,805000000.0,0,0.022,1.16,3083000000.0,3888000000.0,0.366,3888000000.0,3083000000.0,2643000000.0,4.39,4.33,4.39,10046000000,9878250000.0,10046000000,25583235938,8.0,6.58,1140000000.0,3.079,1.0,6102000000.0,0.575,0,440000000.0,30328000000,30343500000.0,210000000,1827000000,0,1827000000,16671000000,2303000000,14368000000,19669235938,152000000.0,0.0,-1085000000.0,314000000.0,-439000000.0,-1210000000.0,-1235000000.0,222000000.0,2597000000.0,0.0,1663000000.0,1663000000.0,1663000000.0,0.0,0.0,0.157,3145000000.0,2957000000.0,1225000000,0.264,1.958,11.828,12.1,22032000000,0.0,53.12,1.853,1.853,1076000000,8375000000,10613000000.0,10613000000.0,0.0,0.063,0.168,0.102,0.29,0.0,2698000000.0,1.0,370279291,370279291,,28.662,26717000000,172000000,980000000.0,6899000000,72.154,-221000000
52,NSC,ART,2008-06-30,2008-07-24,2008-06-30,2021-07-28,-392000000,26414000000,26245750000.0,2026000000,24388000000,0.384,26.631,-1321000000.0,454000000,454000000,4183000000.0,1529000000.0,0.952,1.644,6489000000,486000000,6003000000,6489000000,0,798000000.0,0,0.016,1.1,2862000000.0,3660000000.0,0.363,3660000000.0,2862000000.0,2426000000.0,3.99,3.93,3.99,9992000000,9836500000.0,9992000000,32276433027,11.0,8.819,933000000.0,2.487,1.0,5889000000.0,0.585,0,436000000.0,30321000000,30181500000.0,203000000,1804000000,0,1804000000,16422000000,2128000000,14294000000,26241433027,55000000.0,0.0,-1057000000.0,312000000.0,-421000000.0,-1166000000.0,-1033000000.0,288000000.0,2254000000.0,0.0,1529000000.0,1529000000.0,1529000000.0,0.0,0.0,0.152,3145000000.0,2744000000.0,1114000000,0.276,2.626,17.162,17.529,21824000000,0.0,69.94,2.605,2.605,1084000000,8351000000,10072000000.0,10072000000.0,0.0,0.058,0.155,0.095,0.284,0.0,2609000000.0,1.0,375199214,375199214,,26.844,26414000000,169000000,897000000.0,6761000000,70.4,-102000000
53,NSC,ART,2008-03-31,2008-04-23,2008-03-31,2021-07-28,-395000000,26465000000,26125000000.0,2036000000,24429000000,0.371,25.942,-1318000000.0,364000000,364000000,3823000000.0,1470000000.0,0.914,1.715,6493000000,276000000,6217000000,6493000000,0,792000000.0,0,0.018,1.03,2728000000.0,3520000000.0,0.363,3520000000.0,2728000000.0,2293000000.0,3.79,3.73,3.79,9748000000,9816500000.0,9748000000,28200864149,10.0,8.012,1033000000.0,2.749,1.0,5862000000.0,0.605,0,435000000.0,30367000000,30031000000.0,194000000,1937000000,0,1937000000,16717000000,2227000000,14490000000,22071864149,-106000000.0,0.0,-983000000.0,-60000000.0,-398000000.0,-1441000000.0,-1016000000.0,302000000.0,2351000000.0,0.0,1470000000.0,1470000000.0,1470000000.0,0.0,0.0,0.152,3227000000.0,2635000000.0,1337000000,0.272,2.264,15.015,15.499,21697000000,0.0,58.74,2.279,2.279,1125000000,8210000000,9685000000.0,9685000000.0,0.0,0.056,0.15,0.091,0.282,0.0,2576000000.0,1.0,375755263,375755263,,25.775,26465000000,230000000,823000000.0,6822000000,70.431,-191000000
54,NSC,ART,2007-12-31,2008-02-15,2007-12-31,2021-07-28,-399000000,26144000000,26016250000.0,1675000000,24469000000,0.363,25.847,-1217000000.0,206000000,206000000,3520000000.0,1464000000.0,0.86,1.688,6368000000,369000000,5999000000,6368000000,0,786000000.0,0,0.019,1.03,2678000000.0,3464000000.0,0.367,3464000000.0,2678000000.0,2237000000.0,3.74,3.68,3.74,9727000000,9786500000.0,9727000000,26461384112,10.0,7.639,1116000000.0,2.965,1.0,5912000000.0,0.627,0,441000000.0,30358000000,29925250000.0,176000000,1974000000,0,1974000000,16417000000,1948000000,14469000000,20299384112,-321000000.0,0.0,-1013000000.0,-239000000.0,-377000000.0,-1629000000.0,-1025000000.0,192000000.0,2333000000.0,0.0,1464000000.0,1464000000.0,1464000000.0,0.0,0.0,0.155,3327000000.0,2585000000.0,1139000000,0.275,2.087,13.866,14.422,21583000000,0.0,53.94,2.152,2.152,942000000,8280000000,9432000000.0,9432000000.0,0.0,0.056,0.15,0.089,0.284,0.0,2552000000.0,1.0,376332668,376332668,,25.063,26144000000,190000000,773000000.0,6634000000,69.47,-273000000
55,NSC,ART,2007-09-30,2007-10-25,2007-09-30,2021-07-28,-353000000,25960000000,25987250000.0,1851000000,24109000000,0.358,25.511,-1073000000.0,405000000,405000000,2967000000.0,1450000000.0,0.915,1.628,6147000000,383000000,5764000000,6147000000,0,777000000.0,0,0.017,0.88,2612000000.0,3389000000.0,0.365,3389000000.0,2612000000.0,2164000000.0,3.66,3.61,3.66,9879000000,9758500000.0,9879000000,25661651011,10.0,7.572,1227000000.0,3.169,1.0,6330000000.0,0.681,0,448000000.0,29680000000,29837750000.0,173000000,1947000000,13000000,1934000000,16081000000,2022000000,14059000000,19919651011,135000000.0,0.0,-594000000.0,-481000000.0,-347000000.0,-1422000000.0,-743000000.0,330000000.0,2300000000.0,0.0,1450000000.0,1450000000.0,1450000000.0,0.0,0.0,0.156,3817000000.0,2513000000.0,1127000000,0.24,2.016,13.738,14.055,21345000000,0.0,51.44,2.143,2.143,1013000000,8373000000,9297000000.0,9297000000.0,0.0,0.056,0.149,0.088,0.281,0.0,2584000000.0,1.0,387240494,387240494,,24.008,25960000000,188000000,714000000.0,6610000000,67.038,-171000000
56,NSC,ART,2007-06-30,2007-07-27,2007-06-30,2021-07-28,-357000000,25931000000,25991750000.0,1949000000,23982000000,0.359,25.183,-1064000000.0,399000000,399000000,2963000000.0,1480000000.0,0.986,1.616,6164000000,388000000,5776000000,6164000000,0,768000000.0,0,0.015,0.8,2656000000.0,3424000000.0,0.367,3424000000.0,2656000000.0,2195000000.0,3.71,3.66,3.71,9912000000,9683500000.0,9912000000,26366114182,10.0,7.7,1181000000.0,3.0,1.0,6374000000.0,0.683,0,461000000.0,29719000000,29953750000.0,174000000,2010000000,93000000,1917000000,16019000000,1977000000,14042000000,20601114182,142000000.0,0.0,-988000000.0,-701000000.0,-319000000.0,-2008000000.0,-95000000.0,969000000.0,2245000000.0,0.0,1480000000.0,1480000000.0,1480000000.0,0.0,0.0,0.159,3827000000.0,2547000000.0,1158000000,0.216,2.078,13.92,14.108,21245000000,0.0,52.34,2.206,2.206,1001000000,8402000000,9337000000.0,9337000000.0,0.0,0.057,0.153,0.089,0.284,0.0,2589000000.0,1.0,393601723,393601723,,23.722,25931000000,199000000,715000000.0,6536000000,65.881,-28000000
57,NSC,ART,2007-03-31,2007-04-27,2007-03-31,2021-07-28,-364000000,26030000000,26148750000.0,2287000000,23743000000,0.358,24.485,-1055000000.0,470000000,470000000,2980000000.0,1461000000.0,1.064,1.704,6533000000,533000000,6000000000,6533000000,0,759000000.0,0,0.014,0.74,2655000000.0,3414000000.0,0.365,3414000000.0,2655000000.0,2184000000.0,3.62,3.57,3.62,9628000000,9693250000.0,9628000000,27147589592,10.0,7.952,1227000000.0,3.12,1.0,6371000000.0,0.681,0,471000000.0,29944000000,30230000000.0,161000000,2201000000,374000000,1827000000,16402000000,2149000000,14253000000,21084589592,-56000000.0,0.0,-1018000000.0,-371000000.0,-300000000.0,-1689000000.0,-649000000.0,406000000.0,2282000000.0,0.0,1461000000.0,1461000000.0,1461000000.0,0.0,0.0,0.156,3837000000.0,2534000000.0,1084000000,0.204,2.19,14.432,14.812,21128000000,0.0,53.62,2.255,2.255,991000000,8236000000,9351000000.0,9351000000.0,0.0,0.056,0.151,0.088,0.284,0.0,2597000000.0,1.0,393222484,393222484,,23.78,26030000000,185000000,723000000.0,6577000000,66.197,138000000
58,NSC,ART,2006-12-31,2007-02-22,2006-12-31,2021-07-28,-369000000,26028000000,26201500000.0,2400000000,23628000000,0.359,24.22,-1059000000.0,527000000,527000000,2998000000.0,1481000000.0,1.147,1.707,6600000000,491000000,6109000000,6600000000,0,750000000.0,0,0.014,0.74,2706000000.0,3456000000.0,0.367,3456000000.0,2706000000.0,2230000000.0,3.63,3.57,3.63,9615000000,9713500000.0,9615000000,26394726803,10.0,7.637,1147000000.0,2.889,1.0,6409000000.0,0.681,0,476000000.0,30008000000,30407000000.0,151000000,2146000000,391000000,1755000000,16413000000,2093000000,14320000000,20321726803,238000000.0,0.0,-667000000.0,-339000000.0,-278000000.0,-1284000000.0,-684000000.0,375000000.0,2206000000.0,0.0,1481000000.0,1481000000.0,1481000000.0,0.0,0.0,0.157,3852000000.0,2557000000.0,1181000000,0.204,2.114,13.722,14.102,21098000000,0.0,51.19,2.16,2.16,992000000,8283000000,9407000000.0,9407000000.0,0.0,0.057,0.152,0.089,0.288,0.0,2637000000.0,1.0,396986263,396986263,,23.696,26028000000,186000000,749000000.0,6649000000,65.564,307000000
59,NSC,ART,2006-09-30,2006-10-31,2006-09-30,2021-07-28,-87000000,25978000000,26159750000.0,2216000000,23762000000,0.357,24.135,-1168000000.0,270000000,270000000,2978000000.0,1458000000.0,1.012,1.712,6625000000,484000000,6141000000,6625000000,0,756000000.0,0,0.012,0.63,2677000000.0,3433000000.0,0.367,3433000000.0,2677000000.0,2195000000.0,3.58,3.5,3.58,9579000000,9632000000.0,9579000000,27148165174,10.0,7.908,1052000000.0,2.651,1.0,6367000000.0,0.681,0,482000000.0,30144000000,30550250000.0,158000000,2312000000,533000000,1779000000,16399000000,2189000000,14210000000,20793165174,-39000000.0,0.0,-596000000.0,-237000000.0,-260000000.0,-1093000000.0,-1166000000.0,2000000.0,2220000000.0,0.0,1458000000.0,1458000000.0,1458000000.0,0.0,0.0,0.156,3830000000.0,2537000000.0,1168000000,0.176,2.171,14.261,14.634,20970000000,0.0,52.39,2.225,2.225,1027000000,8028000000,9345000000.0,9345000000.0,0.0,0.056,0.151,0.088,0.286,0.0,2618000000.0,1.0,396891872,396891872,,23.545,25978000000,176000000,737000000.0,6852000000,65.454,27000000
60,NSC,ART,2006-06-30,2006-07-28,2006-06-30,2021-07-28,-89000000,26559000000,26023500000.0,2910000000,23649000000,0.35,24.047,-1094000000.0,257000000,257000000,2901000000.0,1343000000.0,1.242,1.669,6865000000,690000000,6175000000,6865000000,0,766000000.0,0,0.013,0.58,2481000000.0,3247000000.0,0.357,3247000000.0,2481000000.0,2000000000.0,3.28,3.21,3.28,9951000000,9466250000.0,9951000000,24716808404,10.0,7.612,1249000000.0,3.018,1.0,6206000000.0,0.681,0,481000000.0,30824000000,30539250000.0,146000000,3022000000,1278000000,1744000000,16608000000,2343000000,14265000000,18108808404,-174000000.0,0.0,170000000.0,-32000000.0,-239000000.0,-101000000.0,-2416000000.0,-1322000000.0,2343000000.0,0.0,1343000000.0,1343000000.0,1343000000.0,0.0,0.0,0.147,3856000000.0,2350000000.0,1115000000,0.177,1.82,13.484,13.341,20886000000,0.0,43.76,1.988,1.988,990000000,8350000000,9107000000.0,9107000000.0,0.0,0.052,0.142,0.081,0.272,0.0,2623000000.0,1.0,413821033,413821033,,22.007,26559000000,175000000,657000000.0,6908000000,64.18,567000000
61,NSC,ART,2006-03-31,2006-04-28,2006-03-31,2021-07-28,-85000000,26241000000,25610500000.0,2944000000,23297000000,0.346,23.413,-979000000.0,526000000,526000000,2778000000.0,1392000000.0,1.501,1.703,6898000000,348000000,6550000000,6898000000,0,775000000.0,0,0.01,0.53,2372000000.0,3147000000.0,0.355,3147000000.0,2372000000.0,1886000000.0,3.42,3.36,3.42,9709000000,9133750000.0,9709000000,28765393704,12.0,9.141,1228000000.0,2.961,1.0,6091000000.0,0.687,0,486000000.0,30652000000,30295250000.0,143000000,2639000000,1016000000,1623000000,16532000000,1961000000,14571000000,22393393704,-338000000.0,0.0,244000000.0,-682000000.0,-216000000.0,-654000000.0,-1891000000.0,-912000000.0,2207000000.0,0.0,1392000000.0,1392000000.0,1392000000.0,0.0,0.0,0.157,3826000000.0,2265000000.0,1036000000,0.155,2.306,16.087,15.789,20756000000,0.0,54.0,2.525,2.525,985000000,8158000000,8869000000.0,8869000000.0,0.0,0.054,0.152,0.078,0.267,0.0,2610000000.0,1.0,414692476,414692476,,21.387,26241000000,167000000,494000000.0,6914000000,63.278,983000000
62,NSC,ART,2005-12-31,2006-02-23,2005-12-31,2021-07-28,-77000000,25861000000,25422000000.0,2650000000,23211000000,0.335,22.856,-915000000.0,289000000,289000000,2665000000.0,1281000000.0,1.379,1.784,6930000000,314000000,6616000000,6930000000,0,787000000.0,0,0.011,0.53,2191000000.0,2978000000.0,0.349,2978000000.0,2191000000.0,1697000000.0,3.17,3.11,3.17,9289000000,8770000000.0,9289000000,27083936563,12.0,9.095,1190000000.0,2.928,1.0,5862000000.0,0.687,0,494000000.0,30581000000,30164250000.0,132000000,2558000000,968000000,1590000000,16572000000,1921000000,14651000000,20442936563,-178000000.0,0.0,194000000.0,-456000000.0,-194000000.0,-456000000.0,-1827000000.0,-912000000.0,2105000000.0,0.0,1281000000.0,1281000000.0,1281000000.0,0.0,0.0,0.15,3745000000.0,2117000000.0,1163000000,0.167,2.201,15.959,15.868,20705000000,0.0,50.3,2.397,2.397,931000000,7980000000,8527000000.0,8527000000.0,0.0,0.05,0.146,0.073,0.257,0.0,2493000000.0,1.0,406420210,406420210,,20.981,25861000000,167000000,416000000.0,6851000000,63.631,729000000
63,NSC,ART,2005-09-30,2005-10-28,2005-09-30,2021-07-28,-33000000,25433000000,25144250000.0,2436000000,22997000000,0.327,21.938,-865000000.0,309000000,309000000,2553000000.0,1183000000.0,1.229,1.853,6958000000,313000000,6645000000,6958000000,0,783000000.0,0,0.011,0.45,2067000000.0,2850000000.0,0.347,2850000000.0,2067000000.0,1568000000.0,2.93,2.89,2.93,8916000000,8445250000.0,8916000000,22808267550,11.0,8.003,1187000000.0,2.921,1.0,5666000000.0,0.689,0,499000000.0,30100000000,29892750000.0,137000000,2349000000,741000000,1608000000,16517000000,1982000000,14535000000,16159267550,-54000000.0,0.0,205000000.0,-560000000.0,-181000000.0,-536000000.0,-1570000000.0,-705000000.0,2052000000.0,0.0,1183000000.0,1183000000.0,1183000000.0,0.0,0.0,0.144,3681000000.0,1985000000.0,1132000000,0.154,1.812,13.66,13.57,20481000000,0.0,39.76,1.966,1.966,950000000,7671000000,8219000000.0,8219000000.0,0.0,0.047,0.14,0.069,0.251,0.0,2449000000.0,1.0,406420210,406420210,,20.223,25433000000,175000000,385000000.0,6829000000,62.578,454000000
64,NSC,ART,2005-06-30,2005-08-01,2005-06-30,2021-07-28,-25000000,24907000000,24893250000.0,1970000000,22937000000,0.318,21.311,-892000000.0,431000000,431000000,2459000000.0,1170000000.0,1.216,1.889,6992000000,115000000,6877000000,6992000000,0,737000000.0,0,0.011,0.42,2016000000.0,2753000000.0,0.348,2753000000.0,2016000000.0,1515000000.0,2.92,2.88,2.92,8621000000,8138250000.0,8621000000,21621840098,11.0,7.854,1003000000.0,2.479,1.0,5462000000.0,0.69,0,501000000.0,29848000000,29712750000.0,125000000,1740000000,184000000,1556000000,16286000000,1620000000,14666000000,15060840098,340000000.0,0.0,205000000.0,-518000000.0,-167000000.0,-480000000.0,-1075000000.0,-183000000.0,1895000000.0,0.0,1170000000.0,1170000000.0,1170000000.0,0.0,0.0,0.148,3536000000.0,1926000000.0,1065000000,0.144,1.747,12.873,12.75,20471000000,0.0,37.23,1.901,1.901,885000000,7423000000,7921000000.0,7921000000.0,0.0,0.047,0.144,0.068,0.255,0.0,2390000000.0,1.0,404535055,404535055,,19.581,24907000000,176000000,345000000.0,6699000000,61.569,350000000
65,NSC,ART,2005-03-31,2005-04-29,2005-03-31,2021-07-28,-2000000,25487000000,23873750000.0,2595000000,22892000000,0.318,20.417,-935000000.0,864000000,864000000,2416000000.0,959000000.0,1.192,2.088,7682000000,557000000,7125000000,7682000000,0,674000000.0,0,0.012,0.39,1840000000.0,2514000000.0,0.332,2514000000.0,1840000000.0,1344000000.0,2.42,2.38,2.42,8254000000,7821750000.0,8254000000,19512213774,11.0,7.761,876000000.0,2.167,1.0,5164000000.0,0.681,0,496000000.0,30128000000,28633500000.0,114000000,1780000000,255000000,1525000000,17233000000,2177000000,15056000000,12694213774,869000000.0,0.0,223000000.0,156000000.0,-154000000.0,225000000.0,-1167000000.0,-232000000.0,1811000000.0,0.0,959000000.0,959000000.0,959000000.0,0.0,0.0,0.127,3405000000.0,1759000000.0,1098000000,0.161,1.538,13.237,12.975,20474000000,0.0,31.4,1.675,1.675,890000000,7043000000,7580000000.0,7580000000.0,0.0,0.04,0.123,0.064,0.243,0.0,2331000000.0,1.0,404274324,404274324,,18.75,25487000000,216000000,385000000.0,6845000000,63.044,418000000
66,NSC,ART,2004-12-31,2005-03-02,2004-12-31,2021-07-28,-24000000,24750000000,22650000000.0,1967000000,22783000000,0.323,19.961,-966000000.0,579000000,579000000,2369000000.0,923000000.0,0.894,2.098,7525000000,662000000,6863000000,7525000000,0,609000000.0,0,0.011,0.39,1791000000.0,2400000000.0,0.328,2400000000.0,1791000000.0,1302000000.0,2.34,2.31,2.34,7990000000,7538750000.0,7990000000,21391994729,12.0,8.913,695000000.0,1.736,1.0,4943000000.0,0.676,0,489000000.0,29495000000,27521500000.0,104000000,895000000,90000000,805000000,16760000000,2201000000,14559000000,14445994729,295000000.0,0.0,162000000.0,-253000000.0,-142000000.0,-233000000.0,-1133000000.0,-167000000.0,1661000000.0,0.0,923000000.0,923000000.0,923000000.0,0.0,0.0,0.126,3241000000.0,1702000000.0,1090000000,0.167,1.808,15.651,15.423,20526000000,0.0,36.09,1.976,1.976,767000000,6893000000,7312000000.0,7312000000.0,0.0,0.041,0.122,0.065,0.245,0.0,2272000000.0,1.0,400276939,400276939,,18.267,24750000000,187000000,379000000.0,6760000000,61.832,-234000000
67,NSC,ART,2004-09-30,2004-10-28,2004-09-30,2021-07-28,11000000,24429000000,21611500000.0,1806000000,22623000000,0.326,19.414,-770000000.0,475000000,475000000,2304000000.0,711000000.0,0.851,2.178,7548000000,529000000,7019000000,7548000000,0,550000000.0,0,0.01,0.34,1476000000.0,2026000000.0,0.288,2026000000.0,1476000000.0,989000000.0,1.81,1.79,1.81,7688000000,7285250000.0,7688000000,20244182875,14.0,9.992,695000000.0,1.755,1.0,4735000000.0,0.673,0,487000000.0,29380000000,26565500000.0,102000000,848000000,55000000,793000000,16741000000,2122000000,14619000000,13171182875,317000000.0,0.0,79000000.0,-224000000.0,-133000000.0,-321000000.0,-827000000.0,-57000000.0,1465000000.0,0.0,711000000.0,711000000.0,711000000.0,0.0,0.0,0.101,3271000000.0,1464000000.0,1072000000,0.188,1.713,18.525,18.376,20368000000,0.0,33.26,1.871,1.871,806000000,6669000000,7039000000.0,7039000000.0,0.0,0.033,0.098,0.056,0.21,0.0,2363000000.0,1.0,396006701,396006701,,17.775,24429000000,191000000,278000000.0,6729000000,61.688,-316000000
68,NSC,ART,2004-06-30,2004-07-30,2004-06-30,2021-07-28,-21000000,20829000000,20644000000.0,1431000000,19398000000,0.328,18.682,-667000000.0,203000000,203000000,2253000000.0,560000000.0,0.737,1.832,6847000000,511000000,6336000000,6847000000,0,530000000.0,0,0.009,0.24,1290000000.0,1820000000.0,0.268,1820000000.0,1290000000.0,801000000.0,1.43,1.42,1.43,7355000000,7092000000.0,7355000000,17151509073,13.0,9.424,647000000.0,1.643,1.0,4527000000.0,0.668,0,489000000.0,25531000000,25653750000.0,100000000,6293000000,0,6293000000,13474000000,1942000000,11532000000,10507509073,93000000.0,0.0,38000000.0,-440000000.0,-125000000.0,-570000000.0,-651000000.0,16000000.0,1314000000.0,0.0,560000000.0,560000000.0,560000000.0,0.0,0.0,0.083,3221000000.0,1306000000.0,1808000000,0.168,1.429,18.763,18.664,11915000000,0.0,26.69,1.55,1.55,782000000,6421000000,6780000000.0,6780000000.0,0.0,0.027,0.079,0.05,0.19,0.0,2324000000.0,1.0,393687114,393687114,,17.222,20829000000,191000000,241000000.0,3528000000,52.907,-511000000
69,NSC,ART,2004-03-31,2004-04-28,2004-03-31,2021-07-28,-37000000,20592000000,20571250000.0,1322000000,19270000000,0.321,18.165,-619000000.0,107000000,107000000,2229000000.0,484000000.0,0.784,1.891,6881000000,210000000,6671000000,6881000000,0,529000000.0,0,0.013,0.31,1187000000.0,1716000000.0,0.26,1716000000.0,1187000000.0,696000000.0,1.23,1.23,1.23,7122000000,6955500000.0,7122000000,16313036726,14.0,9.506,560000000.0,1.428,1.0,4371000000.0,0.662,0,491000000.0,25680000000,25726000000.0,97000000,6275000000,0,6275000000,13470000000,1686000000,11784000000,9539036726,-21000000.0,0.0,17000000.0,-429000000.0,-122000000.0,-577000000.0,-623000000.0,-4000000.0,1179000000.0,0.0,484000000.0,484000000.0,484000000.0,0.0,0.0,0.073,3192000000.0,1179000000.0,1758000000,0.252,1.339,19.709,19.78,11819000000,0.0,24.33,1.445,1.445,765000000,6239000000,6600000000.0,6600000000.0,0.0,0.024,0.07,0.046,0.18,0.0,2294000000.0,1.0,392068916,392068916,,16.834,20592000000,197000000,212000000.0,3496000000,52.521,-364000000
70,NSC,ART,2003-12-31,2004-02-13,2003-12-31,2021-07-28,-44000000,20596000000,20531750000.0,1425000000,19171000000,0.315,17.803,-642000000.0,284000000,284000000,2226000000.0,535000000.0,0.791,1.952,7160000000,360000000,6800000000,7160000000,0,528000000.0,0,0.014,0.31,1207000000.0,1735000000.0,0.268,1735000000.0,1207000000.0,710000000.0,1.37,1.37,1.37,6976000000,6846750000.0,6976000000,15614316325,13.0,9.0,412000000.0,1.051,1.0,4242000000.0,0.656,0,497000000.0,25671000000,25712000000.0,92000000,6259000000,0,6259000000,13620000000,1801000000,11819000000,8738316325,100000000.0,0.0,13000000.0,-167000000.0,-117000000.0,-314000000.0,-640000000.0,2000000.0,1054000000.0,0.0,535000000.0,535000000.0,535000000.0,-10000000.0,0.0,0.083,3178000000.0,1064000000.0,1745000000,0.226,1.253,16.333,16.277,11779000000,0.0,22.3,1.351,1.351,695000000,6112000000,6468000000.0,6468000000.0,0.0,0.026,0.078,0.047,0.187,0.0,2275000000.0,1.0,391852750,391852750,,16.506,20596000000,189000000,175000000.0,3422000000,52.561,-376000000
71,NSC,ART,2003-09-30,2003-10-31,2003-09-30,2021-07-28,-69000000,20559000000,20371750000.0,1284000000,19275000000,0.313,17.712,-652000000.0,158000000,158000000,2240000000.0,612000000.0,0.693,1.973,7186000000,363000000,6823000000,7186000000,0,529000000.0,0,0.011,0.22,1335000000.0,1864000000.0,0.292,1864000000.0,1335000000.0,834000000.0,1.57,1.57,1.57,6915000000,6727750000.0,6915000000,14894946316,11.0,7.991,329000000.0,0.843,1.0,4133000000.0,0.649,0,501000000.0,25733000000,25615000000.0,92000000,6232000000,3000000,6229000000,13644000000,1854000000,11790000000,7866946316,26000000.0,0.0,8000000.0,-144000000.0,-113000000.0,-249000000.0,-706000000.0,-54000000.0,981000000.0,0.0,612000000.0,612000000.0,612000000.0,-10000000.0,0.0,0.096,3005000000.0,1128000000.0,1691000000,0.14,1.138,12.854,12.834,11821000000,0.0,20.15,1.234,1.234,785000000,6091000000,6373000000.0,6373000000.0,0.0,0.03,0.091,0.052,0.209,0.0,2105000000.0,1.0,390419172,390419172,,16.323,20559000000,198000000,222000000.0,3421000000,52.659,-570000000
72,NSC,ART,2003-06-30,2003-07-30,2003-06-30,2021-07-28,-64000000,20538000000,20180500000.0,1306000000,19232000000,0.316,17.45,-681000000.0,110000000,110000000,2270000000.0,601000000.0,0.631,2.016,7461000000,613000000,6848000000,7461000000,0,530000000.0,0,0.019,0.36,1327000000.0,1857000000.0,0.291,1857000000.0,1327000000.0,823000000.0,1.54,1.54,1.54,6809000000,6605250000.0,6809000000,14718104157,11.0,7.926,103000000.0,0.264,1.0,4103000000.0,0.644,0,504000000.0,25820000000,25484250000.0,102000000,6215000000,0,6215000000,13729000000,2069000000,11660000000,7367104157,16000000.0,0.0,10000000.0,58000000.0,-110000000.0,-42000000.0,-726000000.0,-45000000.0,784000000.0,0.0,601000000.0,601000000.0,601000000.0,-10000000.0,0.0,0.094,2975000000.0,1128000000.0,1619000000,0.234,1.082,12.258,12.26,11823000000,0.0,18.88,1.156,1.156,806000000,5985000000,6373000000.0,6373000000.0,0.0,0.03,0.091,0.052,0.208,0.0,2063000000.0,1.0,390206788,390206788,,16.332,20538000000,202000000,222000000.0,3370000000,52.634,-763000000
73,NSC,ART,2003-03-31,2003-04-30,2003-03-31,2021-07-28,-68000000,20434000000,19927000000.0,1331000000,19103000000,0.318,17.155,-656000000.0,128000000,128000000,2249000000.0,583000000.0,0.613,2.056,7489000000,616000000,6873000000,7489000000,0,529000000.0,0,0.016,0.34,1329000000.0,1858000000.0,0.293,1858000000.0,1329000000.0,818000000.0,1.5,1.5,1.5,6687000000,6481000000.0,6687000000,15628608135,12.0,8.412,217000000.0,0.557,1.0,4084000000.0,0.645,0,511000000.0,25624000000,25368250000.0,101000000,6199000000,0,6199000000,13747000000,2171000000,11576000000,8267608135,-36000000.0,0.0,8000000.0,-135000000.0,-105000000.0,-232000000.0,-677000000.0,-21000000.0,873000000.0,0.0,583000000.0,583000000.0,583000000.0,-10000000.0,0.0,0.092,2932000000.0,1152000000.0,1576000000,0.227,1.236,14.181,14.14,11772000000,0.0,21.21,1.305,1.305,792000000,5876000000,6333000000.0,6333000000.0,0.0,0.029,0.09,0.052,0.21,0.0,2025000000.0,1.0,389797649,389797649,,16.247,20434000000,193000000,235000000.0,3350000000,52.422,-840000000
74,NSC,ART,2002-12-31,2003-02-24,2002-12-31,2021-07-28,-65000000,19956000000,19728750000.0,1299000000,18657000000,0.318,16.707,-658000000.0,184000000,184000000,2211000000.0,460000000.0,0.701,2.07,7364000000,358000000,7006000000,7364000000,0,529000000.0,0,0.015,0.27,1224000000.0,1753000000.0,0.28,1753000000.0,1224000000.0,706000000.0,1.18,1.18,1.18,6500000000,6362000000.0,6500000000,14350323717,12.0,8.186,145000000.0,0.373,1.0,4059000000.0,0.647,0,518000000.0,25283000000,25274750000.0,97000000,6178000000,0,6178000000,13456000000,1853000000,11603000000,7170323717,-20000000.0,0.0,42000000.0,-91000000.0,-101000000.0,-150000000.0,-673000000.0,-15000000.0,803000000.0,0.0,460000000.0,460000000.0,460000000.0,0.0,0.0,0.073,2901000000.0,1158000000.0,1507000000,0.229,1.103,15.588,15.619,11370000000,0.0,18.43,1.144,1.144,689000000,5694000000,6270000000.0,6270000000.0,0.0,0.023,0.072,0.048,0.195,0.0,2022000000.0,1.0,389057174,389057174,,16.116,19956000000,187000000,246000000.0,3279000000,51.293,-554000000
75,NSC,ART,2002-09-30,2002-11-05,2002-09-30,2021-07-28,-33000000,19794000000,19594250000.0,1144000000,18650000000,0.317,16.532,-536000000.0,132000000,132000000,2176000000.0,446000000.0,0.623,2.081,7383000000,356000000,7027000000,7383000000,0,527000000.0,0,0.012,0.26,1217000000.0,1744000000.0,0.28,1744000000.0,1217000000.0,691000000.0,1.15,1.15,1.15,6425000000,6259500000.0,6425000000,15630218885,13.0,8.962,163000000.0,0.419,1.0,4043000000.0,0.65,0,526000000.0,25210000000,25162250000.0,91000000,6190000000,0,6190000000,13369000000,1835000000,11534000000,8379218885,-2000000.0,0.0,39000000.0,-98000000.0,-98000000.0,-157000000.0,-544000000.0,-8000000.0,699000000.0,0.0,446000000.0,446000000.0,446000000.0,0.0,0.0,0.072,2898000000.0,1145000000.0,1433000000,0.226,1.304,18.787,18.748,11332000000,0.0,21.56,1.347,1.347,689000000,5593000000,6219000000.0,6219000000.0,0.0,0.023,0.071,0.048,0.196,0.0,2024000000.0,1.0,388646516,388646516,,16.002,19794000000,167000000,245000000.0,3192000000,50.931,-691000000
76,NSC,ART,2002-06-30,2002-08-08,2002-06-30,2021-07-28,-41000000,19524000000,19492000000.0,958000000,18566000000,0.314,16.249,-538000000.0,94000000,94000000,2178000000.0,399000000.0,0.631,2.093,7444000000,106000000,7338000000,7444000000,0,527000000.0,0,0.012,0.25,1163000000.0,1690000000.0,0.276,1690000000.0,1163000000.0,626000000.0,1.03,1.03,1.03,6312000000,6161500000.0,6312000000,15577279629,13.0,9.217,191000000.0,0.492,1.0,3951000000.0,0.645,0,537000000.0,25356000000,25081500000.0,100000000,6178000000,0,6178000000,13212000000,1518000000,11694000000,8227279629,47000000.0,0.0,37000000.0,-73000000.0,-93000000.0,-129000000.0,-553000000.0,-15000000.0,729000000.0,0.0,399000000.0,399000000.0,399000000.0,0.0,0.0,0.065,2872000000.0,1079000000.0,1320000000,0.243,1.303,20.62,20.563,11305000000,0.0,21.18,1.342,1.342,528000000,5494000000,6129000000.0,6129000000.0,0.0,0.02,0.065,0.046,0.19,0.0,2013000000.0,1.0,388445686,388445686,,15.778,19524000000,166000000,227000000.0,3143000000,50.262,-560000000
77,NSC,ART,2002-03-31,2002-04-24,2002-03-31,2021-07-28,-40000000,19641000000,19420750000.0,1142000000,18499000000,0.316,16.004,-502000000.0,164000000,164000000,2216000000.0,387000000.0,0.606,2.162,7656000000,410000000,7246000000,7656000000,0,528000000.0,0,0.011,0.24,1145000000.0,1673000000.0,0.273,1673000000.0,1145000000.0,599000000.0,1.0,1.0,1.0,6211000000,6077750000.0,6211000000,15595281950,14.0,9.322,97000000.0,0.25,1.0,3912000000.0,0.638,0,546000000.0,25250000000,24964250000.0,94000000,6167000000,0,6167000000,13430000000,1883000000,11547000000,8103281950,110000000.0,0.0,45000000.0,49000000.0,-93000000.0,1000000.0,-490000000.0,12000000.0,599000000.0,0.0,387000000.0,387000000.0,387000000.0,0.0,0.0,0.063,2873000000.0,1039000000.0,1278000000,0.24,1.305,20.939,20.88,11280000000,0.0,20.88,1.322,1.322,620000000,5397000000,6128000000.0,6128000000.0,0.0,0.02,0.064,0.046,0.187,0.0,2018000000.0,1.0,388088216,388088216,,15.79,19641000000,169000000,212000000.0,3099000000,50.61,-741000000
78,NSC,ART,2001-12-31,2002-02-21,2001-12-31,2021-07-28,-55000000,19418000000,19320500000.0,1047000000,18371000000,0.319,15.755,-590000000.0,204000000,204000000,2277000000.0,375000000.0,0.439,2.189,8005000000,978000000,7027000000,8005000000,0,527000000.0,0,0.011,0.24,1119000000.0,1646000000.0,0.267,1646000000.0,1119000000.0,566000000.0,0.97,0.97,0.97,6090000000,5995500000.0,6090000000,16266154672,15.0,9.882,64000000.0,0.166,1.0,3893000000.0,0.631,0,553000000.0,24833000000,24971750000.0,90000000,6161000000,0,6161000000,13328000000,2386000000,10942000000,8465154672,204000000.0,0.0,14000000.0,230000000.0,-93000000.0,151000000.0,-601000000.0,-11000000.0,654000000.0,0.0,375000000.0,375000000.0,375000000.0,-13000000.0,0.0,0.061,2886000000.0,1007000000.0,848000000,0.247,1.39,22.574,22.577,11208000000,0.0,21.9,1.372,1.372,483000000,5335000000,6170000000.0,6170000000.0,0.0,0.019,0.063,0.045,0.181,0.0,2014000000.0,1.0,386536743,386536743,,15.962,19418000000,162000000,191000000.0,3093000000,50.236,-1339000000
79,NSC,ART,2001-09-30,2001-11-09,2001-09-30,2021-07-28,-14000000,19385000000,19210000000.0,893000000,18492000000,0.323,15.649,-758000000.0,134000000,134000000,2417000000.0,265000000.0,0.375,2.213,8019000000,955000000,7064000000,8019000000,0,525000000.0,0,0.013,0.24,942000000.0,1467000000.0,0.236,1467000000.0,942000000.0,389000000.0,0.68,0.68,0.68,6033000000,5929000000.0,6033000000,14793666598,16.0,10.084,-62000000.0,-0.161,1.0,3792000000.0,0.611,0,553000000.0,24887000000,24983500000.0,89000000,6188000000,0,6188000000,13352000000,2383000000,10969000000,6908666598,-17000000.0,0.0,15000000.0,187000000.0,-145000000.0,57000000.0,-770000000.0,-12000000.0,696000000.0,0.0,265000000.0,265000000.0,265000000.0,-13000000.0,0.0,0.043,2944000000.0,848000000.0,869000000,0.353,1.145,26.07,26.353,11276000000,0.0,17.92,1.113,1.113,462000000,5244000000,6209000000.0,6209000000.0,0.0,0.014,0.045,0.038,0.152,0.0,2055000000.0,1.0,385528270,385528270,,16.105,19385000000,170000000,124000000.0,3040000000,50.282,-1490000000
80,NSC,ART,2001-06-30,2001-08-09,2001-06-30,2021-07-28,-10000000,19239000000,19136000000.0,811000000,18428000000,0.325,15.512,-725000000.0,47000000,47000000,2427000000.0,285000000.0,0.354,2.219,7986000000,914000000,7072000000,7986000000,0,521000000.0,0,0.019,0.38,973000000.0,1494000000.0,0.24,1494000000.0,973000000.0,421000000.0,0.74,0.74,0.74,5977000000,5892750000.0,5977000000,15633953850,16.0,10.464,41000000.0,0.106,1.0,3791000000.0,0.61,0,552000000.0,24887000000,24948000000.0,96000000,6180000000,0,6180000000,13262000000,2291000000,10971000000,7694953850,2000000.0,0.0,14000000.0,155000000.0,-199000000.0,-30000000.0,-734000000.0,-9000000.0,766000000.0,0.0,285000000.0,285000000.0,285000000.0,-13000000.0,0.0,0.046,2977000000.0,814000000.0,861000000,0.514,1.287,27.0,26.986,11249000000,0.0,19.97,1.238,1.238,438000000,5188000000,6218000000.0,6218000000.0,0.0,0.015,0.048,0.039,0.156,0.0,2084000000.0,1.0,385325681,385325681,,16.137,19239000000,175000000,136000000.0,3011000000,49.929,-1480000000
81,NSC,ART,2001-03-31,2001-05-09,2001-03-31,2021-07-28,-7000000,19240000000,19046000000.0,854000000,18386000000,0.326,15.291,-738000000.0,54000000,54000000,2401000000.0,294000000.0,0.434,2.271,8060000000,525000000,7535000000,8060000000,0,518000000.0,0,0.025,0.52,990000000.0,1508000000.0,0.243,1508000000.0,990000000.0,438000000.0,0.76,0.76,0.76,5882000000,5863500000.0,5882000000,16038035486,16.0,10.635,430000000.0,1.118,1.0,3803000000.0,0.613,0,552000000.0,25280000000,24994750000.0,93000000,6167000000,1000000,6166000000,13358000000,1966000000,11392000000,8032035486,-6000000.0,0.0,6000000.0,-156000000.0,-252000000.0,-402000000.0,-772000000.0,-34000000.0,1168000000.0,0.0,294000000.0,294000000.0,294000000.0,-13000000.0,0.0,0.047,2993000000.0,810000000.0,866000000,0.684,1.366,27.32,27.474,11268000000,0.0,20.88,1.295,1.295,460000000,5104000000,6204000000.0,6204000000.0,0.0,0.015,0.05,0.04,0.16,0.0,2098000000.0,1.0,384676029,384676029,,16.128,19240000000,171000000,144000000.0,2949000000,50.016,-1112000000
82,NSC,ART,2000-12-31,2001-03-05,2000-12-31,2021-07-28,-6000000,18976000000,19038750000.0,849000000,18127000000,0.323,15.15,-594000000.0,0,0,2401000000.0,172000000.0,0.45,2.258,7791000000,452000000,7339000000,7791000000,0,517000000.0,0,0.038,0.66,801000000.0,1318000000.0,0.214,1318000000.0,801000000.0,250000000.0,0.45,0.45,0.45,5824000000,5847000000.0,5824000000,14483886100,18.0,10.989,748000000.0,1.946,1.0,3758000000.0,0.61,0,551000000.0,24880000000,24992500000.0,91000000,6156000000,2000000,6154000000,13152000000,1887000000,11265000000,6692886100,-37000000.0,0.0,2000000.0,-494000000.0,-306000000.0,-798000000.0,-581000000.0,13000000.0,1342000000.0,0.0,172000000.0,172000000.0,172000000.0,0.0,0.0,0.028,3125000000.0,633000000.0,925000000,1.467,1.149,38.912,38.689,11105000000,0.0,17.41,1.087,1.087,442000000,5053000000,6159000000.0,6159000000.0,0.0,0.009,0.029,0.032,0.13,0.0,2234000000.0,1.0,384427691,384427691,,16.021,18976000000,182000000,78000000.0,2996000000,49.362,-1038000000
83,NSC,ART,2000-09-30,2000-11-13,2000-09-30,2021-07-28,-6000000,19089000000,19107250000.0,1003000000,18086000000,0.317,15.348,-561000000.0,151000000,151000000,2341000000.0,198000000.0,0.504,2.242,7796000000,444000000,7352000000,7796000000,0,513000000.0,0,0.054,0.8,851000000.0,1364000000.0,0.225,1364000000.0,851000000.0,298000000.0,0.52,0.52,0.52,5888000000,5874000000.0,5888000000,13376338885,16.0,9.807,629000000.0,1.64,1.0,3720000000.0,0.614,0,553000000.0,24745000000,25155500000.0,116000000,6147000000,1000000,6146000000,13201000000,1989000000,11212000000,5731338885,110000000.0,-1000000.0,-3000000.0,-331000000.0,-306000000.0,-640000000.0,-440000000.0,122000000.0,1190000000.0,0.0,198000000.0,198000000.0,198000000.0,0.0,0.0,0.033,3066000000.0,654000000.0,962000000,1.538,0.973,28.946,28.731,11013000000,0.0,14.94,0.946,0.946,496000000,5124000000,6061000000.0,6061000000.0,0.0,0.01,0.034,0.034,0.14,0.0,2178000000.0,1.0,383623754,383623754,,15.799,19089000000,169000000,100000000.0,2967000000,49.76,-986000000
84,NSC,ART,2000-06-30,2000-08-10,2000-06-30,2021-07-28,-9000000,18879000000,19114250000.0,908000000,17971000000,0.316,15.285,-581000000.0,45000000,45000000,2331000000.0,118000000.0,0.581,2.222,7802000000,206000000,7596000000,7802000000,0,508000000.0,0,0.043,0.8,729000000.0,1237000000.0,0.205,1237000000.0,729000000.0,178000000.0,0.31,0.31,0.31,5860000000,5883250000.0,5860000000,14872487291,20.0,12.023,412000000.0,1.075,1.0,3713000000.0,0.614,0,551000000.0,25074000000,25220750000.0,136000000,6148000000,5000000,6143000000,13019000000,1562000000,11457000000,7115487291,-60000000.0,-1000000.0,0.0,-299000000.0,-305000000.0,-604000000.0,-449000000.0,133000000.0,993000000.0,0.0,118000000.0,118000000.0,118000000.0,0.0,0.0,0.02,3124000000.0,589000000.0,887000000,2.581,1.214,60.301,59.871,11011000000,0.0,18.56,1.177,1.177,444000000,5102000000,6044000000.0,6044000000.0,0.0,0.006,0.02,0.029,0.121,0.0,2245000000.0,1.0,383377548,383377548,,15.765,18879000000,160000000,60000000.0,2904000000,49.244,-654000000
85,NSC,ART,2000-03-31,2000-05-10,2000-03-31,2021-07-28,-9000000,19211000000,19113000000.0,1348000000,17863000000,0.296,15.181,-695000000.0,60000000,60000000,2154000000.0,79000000.0,0.644,2.303,8212000000,719000000,7493000000,8212000000,0,500000000.0,0,0.043,0.8,652000000.0,1152000000.0,0.204,1152000000.0,652000000.0,109000000.0,0.21,0.21,0.21,5816000000,5913500000.0,5816000000,15289296954,23.0,13.272,-98000000.0,-0.256,1.0,3506000000.0,0.619,0,543000000.0,25271000000,25180750000.0,120000000,6155000000,12000000,6143000000,13395000000,2092000000,11303000000,7137296954,-26000000.0,-2000000.0,10000000.0,133000000.0,-305000000.0,-162000000.0,-461000000.0,236000000.0,597000000.0,0.0,79000000.0,79000000.0,79000000.0,0.0,0.0,0.014,2997000000.0,509000000.0,876000000,3.81,1.227,90.346,88.714,10978000000,0.0,18.63,1.261,1.261,865000000,5063000000,5660000000.0,5660000000.0,0.0,0.004,0.013,0.026,0.115,0.0,2142000000.0,1.0,383107727,383107727,,14.774,19211000000,151000000,30000000.0,2831000000,50.145,-744000000
86,NSC,ART,1999-12-31,2000-03-06,1999-12-31,2021-07-28,-11000000,19250000000,18930250000.0,1371000000,17879000000,0.274,15.497,-808000000.0,37000000,37000000,1793000000.0,239000000.0,0.713,2.245,8243000000,687000000,7556000000,8243000000,0,489000000.0,0,0.06,0.8,882000000.0,1371000000.0,0.264,1371000000.0,882000000.0,351000000.0,0.63,0.63,0.63,5932000000,5951250000.0,5932000000,13327600909,15.0,9.721,-275000000.0,-0.718,1.0,3402000000.0,0.655,0,531000000.0,25532000000,25115250000.0,100000000,6146000000,14000000,6132000000,13318000000,1924000000,11394000000,5121600909,32000000.0,-3000000.0,14000000.0,380000000.0,-304000000.0,90000000.0,-591000000.0,220000000.0,533000000.0,0.0,239000000.0,239000000.0,239000000.0,0.0,0.0,0.046,2684000000.0,718000000.0,818000000,1.27,0.863,21.429,21.238,10956000000,0.0,13.38,0.986,0.986,934000000,5187000000,5195000000.0,5195000000.0,0.0,0.013,0.04,0.035,0.17,0.0,1855000000.0,1.0,382780337,382780337,,13.572,19250000000,134000000,112000000.0,2850000000,50.29,-553000000
87,NSC,ART,1999-09-30,1999-11-12,1999-09-30,2021-07-28,-12000000,19117000000,18662750000.0,1316000000,17801000000,0.255,15.566,-886000000.0,41000000,41000000,1432000000.0,368000000.0,0.641,2.226,7984000000,655000000,7329000000,7984000000,0,476000000.0,0,0.033,0.8,1035000000.0,1511000000.0,0.318,1511000000.0,1035000000.0,510000000.0,0.97,0.69,0.97,5925000000,5948500000.0,5925000000,17222705252,17.0,11.398,-189000000.0,-0.497,1.0,3320000000.0,0.699,0,525000000.0,25006000000,24902750000.0,77000000,6156000000,15000000,6141000000,13192000000,2054000000,11138000000,9279705252,-66000000.0,-4000000.0,23000000.0,292000000.0,-304000000.0,11000000.0,-774000000.0,116000000.0,697000000.0,0.0,368000000.0,368000000.0,368000000.0,0.0,0.0,0.077,2489000000.0,831000000.0,896000000,0.825,1.566,25.217,25.134,10903000000,0.0,24.38,1.953,1.953,906000000,5231000000,4752000000.0,4752000000.0,0.0,0.02,0.062,0.042,0.218,0.0,1716000000.0,1.0,380627779,380627779,,12.485,19117000000,143000000,142000000.0,2831000000,50.225,-738000000
88,NSC,ART,1999-06-30,1999-08-11,1999-06-30,2021-07-28,-10000000,18874000000,18387500000.0,1187000000,17687000000,0.234,15.72,-928000000.0,105000000,105000000,1110000000.0,507000000.0,0.653,2.156,7964000000,571000000,7393000000,7964000000,0,467000000.0,0,0.029,0.8,1202000000.0,1669000000.0,0.388,1669000000.0,1202000000.0,682000000.0,1.34,1.06,1.34,5981000000,5927750000.0,5981000000,18299303423,15.0,10.964,-64000000.0,-0.168,1.0,3190000000.0,0.742,0,520000000.0,24914000000,24738250000.0,54000000,6278000000,17000000,6261000000,12893000000,1819000000,11074000000,10440303423,19000000.0,-2000000.0,21000000.0,246000000.0,-304000000.0,-37000000.0,-808000000.0,122000000.0,864000000.0,0.0,507000000.0,507000000.0,507000000.0,-7000000.0,0.0,0.118,2247000000.0,943000000.0,810000000,0.597,1.746,20.592,20.478,10869000000,0.0,27.44,2.428,2.428,716000000,5289000000,4300000000.0,4300000000.0,0.0,0.028,0.086,0.049,0.28,0.0,1512000000.0,1.0,380477530,380477530,,11.302,18874000000,137000000,175000000.0,2753000000,49.606,-632000000
89,NSC,ART,1999-03-31,1999-05-12,1999-03-31,2021-07-28,-9000000,18480000000,18105500000.0,999000000,17481000000,0.231,15.705,-921000000.0,86000000,86000000,975000000.0,617000000.0,0.838,2.097,7807000000,147000000,7660000000,7807000000,0,458000000.0,0,0.022,0.8,1338000000.0,1796000000.0,0.429,1796000000.0,1338000000.0,822000000.0,1.63,1.34,1.63,5967000000,5872500000.0,5967000000,21281331343,16.0,11.849,-73000000.0,-0.192,1.0,3210000000.0,0.767,0,516000000.0,25009000000,24571750000.0,55000000,6254000000,17000000,6237000000,12513000000,1192000000,11321000000,13560331343,-90000000.0,-17000000.0,18000000.0,238000000.0,-303000000.0,-47000000.0,-891000000.0,47000000.0,848000000.0,0.0,617000000.0,617000000.0,617000000.0,-7000000.0,0.0,0.147,2172000000.0,1038000000.0,577000000,0.491,2.273,21.978,21.896,10618000000,0.0,35.69,3.24,3.24,569000000,5288000000,4185000000.0,4185000000.0,0.0,0.034,0.105,0.054,0.32,0.0,1464000000.0,1.0,379947642,379947642,,11.015,18480000000,140000000,205000000.0,2731000000,48.638,-193000000
90,NSC,ART,1998-12-31,1999-03-24,1998-12-31,2021-07-28,-8000000,18180000000,17897250000.0,913000000,17267000000,0.236,15.592,-873000000.0,5000000,5000000,980000000.0,734000000.0,0.817,2.07,7624000000,141000000,7483000000,7624000000,0,450000000.0,0,0.029,0.8,1465000000.0,1915000000.0,0.454,1915000000.0,1465000000.0,949000000.0,1.94,1.65,1.94,5921000000,5789000000.0,5921000000,18133973325,12.0,9.469,17000000.0,0.045,1.0,3241000000.0,0.768,0,516000000.0,24682000000,24276750000.0,59000000,6268000000,58000000,6210000000,12259000000,1117000000,11142000000,10514973325,-29000000.0,167000000.0,34000000.0,17000000.0,-303000000.0,-252000000.0,-667000000.0,39000000.0,890000000.0,0.0,734000000.0,734000000.0,734000000.0,-104000000.0,0.0,0.174,2189000000.0,1052000000.0,600000000,0.412,1.776,14.326,14.273,10477000000,0.0,27.69,2.491,2.491,519000000,5252000000,4221000000.0,4221000000.0,0.0,0.041,0.127,0.06,0.347,0.0,1492000000.0,1.0,379739015,379739015,,11.116,18180000000,141000000,215000000.0,2696000000,47.875,-204000000
91,NSC,ART,1998-09-30,1998-11-13,1998-09-30,2021-07-28,0,18016000000,17689750000.0,1003000000,17013000000,,15.406,,107000000,107000000,,,0.883,2.084,7575000000,67000000,7508000000,7575000000,0,,0,0.024,0.8,,,,,,,,,,5842000000,5670000000.0,5842000000,19887147052,,,,,1.0,,,0,,24348000000,24033500000.0,57000000,6613000000,84000000,6529000000,12174000000,1136000000,11038000000,12419147052,,,,,,,,,,,,,,,,,,,613000000,,2.126,,,10328000000,,32.75,,,544000000,5173000000,,,,,,,,,,1.0,379210597,379210597,,,18016000000,124000000,,2639000000,47.509,-133000000
92,NSC,ART,1998-06-30,1998-08-11,1998-06-30,2021-07-28,0,17746000000,,977000000,16769000000,,15.2,,86000000,86000000,,,0.963,2.081,7603000000,64000000,7539000000,7603000000,0,,0,0.029,0.8,,,,,,,,,,5760000000,,5760000000,18104882362,,,,,1.0,,,0,,24248000000,,61000000,6458000000,99000000,6359000000,11986000000,1015000000,10971000000,10587882362,,,,,,,,,,,,,,,,,,,602000000,,1.838,,,10242000000,,27.94,,,535000000,5092000000,,,,,,,,,,1.0,378950693,378950693,,,17746000000,98000000,,2643000000,46.829,-38000000
93,NSC,ART,1998-03-31,1998-05-12,1998-03-31,2021-07-28,0,17647000000,,1140000000,16507000000,,14.873,,176000000,176000000,,,0.984,2.133,7517000000,91000000,7426000000,7517000000,0,,0,0.024,0.8,,,,,,,,,,5633000000,,5633000000,19983378085,,,,,1.0,,,0,,23829000000,,64000000,6399000000,110000000,6289000000,12014000000,1159000000,10855000000,12642378085,,,,,,,,,,,,,,,,,,,624000000,,2.244,,,10075000000,,33.38,,,558000000,4980000000,,,,,,,,,,1.0,378741105,378741105,,,17647000000,115000000,,2668000000,46.594,-19000000
94,NSC,ART,1997-12-31,1998-03-25,1997-12-31,2021-07-28,0,17350000000,,1103000000,16247000000,,14.403,-801000000.0,34000000,34000000,912000000.0,721000000.0,1.009,2.186,7486000000,88000000,7398000000,7486000000,0,432000000.0,0,0.021,0.8,1405000000.0,1837000000.0,0.435,1837000000.0,1405000000.0,1020000000.0,1.91,1.84,1.91,5445000000,,5445000000,22101019542,16.0,12.031,349000000.0,0.923,1.0,3311000000.0,0.784,0,385000000.0,23709000000,,58000000,6346000000,125000000,6221000000,11905000000,1093000000,10812000000,14649019542,-173000000.0,-5741000000.0,24000000.0,5536000000.0,-301000000.0,5187000000.0,-6510000000.0,32000000.0,1150000000.0,0.0,721000000.0,721000000.0,721000000.0,-22000000.0,0.0,0.171,2098000000.0,1213000000.0,624000000,0.419,2.69,20.318,20.288,9904000000,0.0,38.75,3.469,3.469,552000000,4826000000,4223000000.0,4223000000.0,0.0,,,,0.333,0.0,1405000000.0,1.0,378039214,378039214,,11.171,17350000000,114000000,299000000.0,2649000000,45.895,10000000
