None,ticker,dimension,calendardate,datekey,reportperiod,lastupdated,accoci,assets,assetsavg,assetsc,assetsnc,assetturnover,bvps,capex,cashneq,cashnequsd,cor,consolinc,currentratio,de,debt,debtc,debtnc,debtusd,deferredrev,depamor,deposits,divyield,dps,ebit,ebitda,ebitdamargin,ebitdausd,ebitusd,ebt,eps,epsdil,epsusd,equity,equityavg,equityusd,ev,evebit,evebitda,fcf,fcfps,fxusd,gp,grossmargin,intangibles,intexp,invcap,invcapavg,inventory,investments,investmentsc,investmentsnc,liabilities,liabilitiesc,liabilitiesnc,marketcap,ncf,ncfbus,ncfcommon,ncfdebt,ncfdiv,ncff,ncfi,ncfinv,ncfo,ncfx,netinc,netinccmn,netinccmnusd,netincdis,netincnci,netmargin,opex,opinc,payables,payoutratio,pb,pe,pe1,ppnenet,prefdivis,price,ps,ps1,receivables,retearn,revenue,revenueusd,rnd,roa,roe,roic,ros,sbcomp,sgna,sharefactor,sharesbas,shareswa,shareswadil,sps,tangibles,taxassets,taxexp,taxliabilities,tbvps,workingcapital
0,GRA,MRY,2020-12-31,2020-12-31,2020-12-31,2021-08-25,29300000.0,3765500000.0,3941225000.0,875300000.0,2890200000.0,0.439,3.49,-155500000.0,306200000.0,306200000.0,1113300000.0,-1700000.0,1.565,15.259,1990400000.0,15300000.0,1975100000.0,1990400000.0,0.0,105000000.0,0.0,0.022,1.2,76400000.0,181400000.0,0.105,181400000.0,76400000.0,400000.0,-0.03,-0.03,-0.03,231400000.0,317625000.0,231400000.0,5364051150.0,70.0,29.57,194100000.0,2.928,1.0,616500000.0,0.356,883500000.0,76000000.0,4006900000.0,4006525000.0,253800000.0,175500000.0,0.0,175500000.0,3531000000.0,559300000.0,2971700000.0,3628551150.0,23300000.0,-2000000.0,-40400000.0,-29800000.0,-80100000.0,-157900000.0,-175800000.0,0.0,349600000.0,7400000.0,-1800000.0,-1800000.0,-1800000.0,0.0,100000.0,-0.001,514100000.0,102400000.0,262100000.0,-40.0,15.681,-2015.862,-1827.333,1208800000.0,0.0,54.82,2.098,2.101,264100000.0,648800000.0,1729800000.0,1729800000.0,65900000.0,0.0,-0.006,0.019,0.044,10700000.0,282900000.0,1.0,66190280.0,66300000.0,66300000.0,26.09,2882000000.0,567100000.0,2200000.0,0.0,43.469,316000000.0
1,GRA,MRY,2019-12-31,2019-12-31,2019-12-31,2021-08-25,78800000.0,3932600000.0,3771300000.0,1134900000.0,2797700000.0,0.519,5.924,-194100000.0,282900000.0,282900000.0,1164400000.0,126700000.0,1.523,8.922,1980400000.0,23100000.0,1957300000.0,1980400000.0,0.0,100300000.0,0.0,0.015,1.08,259800000.0,360100000.0,0.184,360100000.0,259800000.0,183100000.0,1.89,1.89,1.89,395700000.0,392500000.0,395700000.0,6424791788.0,25.0,17.842,198000000.0,2.964,1.0,793700000.0,0.405,899700000.0,76700000.0,3985300000.0,3944275000.0,309900000.0,181900000.0,0.0,181900000.0,3530400000.0,745100000.0,2785300000.0,4661491788.0,81900000.0,-22800000.0,-10700000.0,-11200000.0,-72600000.0,-99400000.0,-210100000.0,0.0,392100000.0,-700000.0,126300000.0,126300000.0,126300000.0,0.0,400000.0,0.065,561300000.0,232400000.0,302300000.0,0.571,11.78,36.908,36.958,1143800000.0,0.0,69.85,2.381,2.383,307000000.0,730500000.0,1958100000.0,1958100000.0,64500000.0,0.033,0.322,0.066,0.133,14600000.0,299000000.0,1.0,66735745.0,66800000.0,66900000.0,29.313,3032900000.0,517600000.0,56800000.0,0.0,45.403,389800000.0
2,GRA,MRY,2018-12-31,2018-12-31,2018-12-31,2021-08-25,67900000.0,3565300000.0,3356475000.0,857300000.0,2708000000.0,0.576,4.924,-216300000.0,201000000.0,201000000.0,1165400000.0,166800000.0,1.667,9.756,1983300000.0,22300000.0,1961000000.0,1983300000.0,0.0,100800000.0,0.0,0.015,0.96,325900000.0,426700000.0,0.221,426700000.0,325900000.0,245700000.0,2.49,2.49,2.49,330900000.0,283100000.0,330900000.0,6181493638.0,19.0,14.487,125700000.0,1.871,1.0,766700000.0,0.397,896900000.0,80200000.0,3936300000.0,3727625000.0,281100000.0,156100000.0,0.0,156100000.0,3228300000.0,514400000.0,2713900000.0,4348293638.0,37500000.0,-418000000.0,-73300000.0,424400000.0,-64600000.0,316500000.0,-618500000.0,0.0,342000000.0,-2500000.0,167600000.0,167600000.0,167600000.0,0.0,-800000.0,0.087,468600000.0,298100000.0,248600000.0,0.386,13.141,25.944,26.068,1011700000.0,0.0,64.91,2.251,2.258,288500000.0,676700000.0,1932100000.0,1932100000.0,62700000.0,0.05,0.592,0.087,0.169,18600000.0,300400000.0,1.0,66989580.0,67200000.0,67300000.0,28.751,2668400000.0,529400000.0,78100000.0,0.0,39.708,342900000.0
3,GRA,MRY,2017-12-31,2017-12-31,2017-12-31,2021-08-25,39900000.0,2907000000.0,2943400000.0,728600000.0,2178400000.0,0.583,3.765,-125200000.0,163500000.0,163500000.0,1040400000.0,10400000.0,1.626,10.311,1543900000.0,20100000.0,1523800000.0,1543900000.0,0.0,111500000.0,0.0,0.012,0.84,291200000.0,402700000.0,0.235,402700000.0,291200000.0,211700000.0,0.16,0.16,0.16,256400000.0,360950000.0,256400000.0,6134133286.0,21.0,15.233,194000000.0,2.849,1.0,676100000.0,0.394,657800000.0,79500000.0,3181400000.0,3248800000.0,230900000.0,125900000.0,0.0,125900000.0,2643700000.0,448200000.0,2195500000.0,4752233286.0,62900000.0,-3500000.0,-48600000.0,-29500000.0,-57300000.0,-134800000.0,-129200000.0,0.0,319200000.0,7700000.0,11200000.0,11200000.0,11200000.0,0.0,-800000.0,0.007,411600000.0,264500000.0,210300000.0,5.25,18.534,424.307,438.312,799100000.0,0.0,70.13,2.769,2.782,285200000.0,573100000.0,1716500000.0,1716500000.0,56300000.0,0.004,0.031,0.09,0.17,11000000.0,268400000.0,1.0,67763201.0,68100000.0,68200000.0,25.206,2249200000.0,556500000.0,200500000.0,0.0,33.028,280400000.0
4,GRA,MRY,2016-12-31,2016-12-31,2016-12-31,2021-08-25,66400000.0,2911800000.0,2947325000.0,654800000.0,2257000000.0,0.542,5.261,-116900000.0,100600000.0,100600000.0,928800000.0,94100000.0,1.362,6.886,1584100000.0,76500000.0,1507600000.0,1584100000.0,0.0,100300000.0,0.0,0.008,0.51,234600000.0,334900000.0,0.209,334900000.0,234600000.0,153100000.0,1.34,1.33,1.34,368800000.0,434325000.0,368800000.0,6117266722.0,26.0,18.266,150600000.0,2.148,1.0,669800000.0,0.419,663300000.0,81500000.0,3251200000.0,3190425000.0,228000000.0,117600000.0,0.0,117600000.0,2539400000.0,480800000.0,2058600000.0,4741266722.0,-95300000.0,-246500000.0,-178100000.0,-593600000.0,-36000000.0,-60200000.0,-344400000.0,0.0,267500000.0,-3000000.0,94100000.0,94100000.0,94100000.0,12900000.0,0.0,0.059,452100000.0,217700000.0,195400000.0,0.381,12.856,50.385,50.478,729600000.0,0.0,67.64,2.966,2.966,273900000.0,619300000.0,1598600000.0,1598600000.0,51600000.0,0.032,0.217,0.074,0.147,11600000.0,271800000.0,1.0,70095605.0,70100000.0,70500000.0,22.805,2248500000.0,709400000.0,59000000.0,0.0,32.076,174000000.0
5,GRA,MRY,2015-12-31,2015-12-31,2015-12-31,2021-08-25,-66800000.0,3645700000.0,3733825000.0,1184500000.0,2461200000.0,0.436,2.886,-118800000.0,240700000.0,240700000.0,976500000.0,144100000.0,1.674,16.522,2169600000.0,58100000.0,2111500000.0,2169600000.0,0.0,99200000.0,0.0,0.0,0.0,313400000.0,412600000.0,0.253,412600000.0,313400000.0,214000000.0,2.0,1.99,2.0,207800000.0,301750000.0,207800000.0,8919522486.0,28.0,21.618,-106100000.0,-1.474,1.0,651700000.0,0.4,564000000.0,99400000.0,4303200000.0,4256850000.0,198800000.0,103200000.0,0.0,103200000.0,3433200000.0,707400000.0,2725800000.0,7034822486.0,-227600000.0,0.0,-274600000.0,242400000.0,0.0,-37600000.0,-144400000.0,0.0,12700000.0,-58300000.0,144200000.0,144200000.0,144200000.0,-20200000.0,-100000.0,0.089,379000000.0,272700000.0,157800000.0,0.0,33.854,48.785,49.795,621700000.0,0.0,99.59,4.321,4.404,254500000.0,436300000.0,1628200000.0,1628200000.0,47100000.0,0.039,0.478,0.074,0.192,0.0,318900000.0,1.0,70637840.0,72000000.0,72600000.0,22.614,3081700000.0,714300000.0,69800000.0,11000000.0,42.801,477100000.0
6,GRA,MRY,2014-12-31,2014-12-31,2014-12-31,2021-08-25,-23800000.0,4093600000.0,4054125000.0,1455500000.0,2638100000.0,0.433,4.859,-132300000.0,557500000.0,557500000.0,1093300000.0,276200000.0,1.233,10.179,2015800000.0,96800000.0,1919000000.0,2015800000.0,0.0,102700000.0,0.0,0.0,0.0,321500000.0,424200000.0,0.241,424200000.0,321500000.0,263900000.0,3.67,3.63,3.67,365900000.0,499575000.0,365900000.0,8460900898.0,26.0,19.946,-1605600000.0,-21.323,1.0,664000000.0,0.378,740900000.0,57600000.0,3630400000.0,3133725000.0,332800000.0,113100000.0,0.0,113100000.0,3724600000.0,1180600000.0,2544000000.0,7041900898.0,-407300000.0,0.0,-446100000.0,1314300000.0,0.0,851100000.0,235300000.0,0.0,-1473300000.0,-20400000.0,276300000.0,276300000.0,276300000.0,-159300000.0,-100000.0,0.157,495400000.0,168600000.0,255300000.0,0.0,19.245,25.486,25.992,833500000.0,0.0,95.39,4.007,4.087,481100000.0,292100000.0,1757300000.0,1757300000.0,51300000.0,0.068,0.553,0.103,0.183,0.0,415100000.0,1.0,73822213.0,75300000.0,76200000.0,23.337,3352700000.0,845800000.0,-12400000.0,43200000.0,44.525,274900000.0
7,GRA,MRY,2013-12-31,2013-12-31,2013-12-31,2021-08-25,10600000.0,5396100000.0,5210250000.0,2294400000.0,3101700000.0,0.587,7.338,-156200000.0,1360200000.0,1360200000.0,1918600000.0,257700000.0,3.61,8.607,110700000.0,81100000.0,29600000.0,110700000.0,0.0,123100000.0,0.0,0.0,0.0,402800000.0,525900000.0,0.172,525900000.0,402800000.0,359000000.0,3.35,3.3,3.35,560600000.0,521800000.0,560600000.0,7482577520.0,19.0,14.228,359700000.0,4.708,1.0,1142100000.0,0.373,773000000.0,43800000.0,2738000000.0,3727300000.0,295300000.0,96200000.0,0.0,96200000.0,4824900000.0,635600000.0,4189300000.0,7602777520.0,-372100000.0,-526200000.0,34400000.0,-11900000.0,0.0,-8400000.0,-880700000.0,0.0,515900000.0,1100000.0,256100000.0,256100000.0,256100000.0,0.0,1600000.0,0.084,623100000.0,519000000.0,262500000.0,0.0,13.562,29.687,29.513,829900000.0,0.0,98.87,2.484,2.468,481800000.0,15800000.0,3060700000.0,3060700000.0,65200000.0,0.049,0.491,0.108,0.132,0.0,505700000.0,1.0,76896708.0,76400000.0,77700000.0,40.062,4623100000.0,904000000.0,102900000.0,23200000.0,60.512,1658800000.0
8,GRA,MRY,2012-12-31,2012-12-31,2012-12-31,2021-08-25,29700000.0,5090400000.0,4715525000.0,2445200000.0,2645200000.0,0.669,4.138,-138500000.0,1534500000.0,1534500000.0,2041100000.0,41000000.0,3.783,15.394,1096100000.0,87000000.0,1009100000.0,1096100000.0,0.0,119000000.0,0.0,0.0,0.0,24900000.0,143900000.0,0.046,143900000.0,24900000.0,-21600000.0,0.53,0.52,0.53,309900000.0,308225000.0,309900000.0,4728017462.0,190.0,32.856,315100000.0,4.207,1.0,1114400000.0,0.353,279400000.0,46500000.0,3726300000.0,3588775000.0,283600000.0,85500000.0,0.0,85500000.0,4770600000.0,646300000.0,4124300000.0,5063317462.0,288600000.0,-80000000.0,32200000.0,40200000.0,0.0,110300000.0,-280300000.0,0.0,453600000.0,5000000.0,40000000.0,40000000.0,40000000.0,0.0,1000000.0,0.013,1107000000.0,7400000.0,252000000.0,0.0,16.339,126.583,126.849,770500000.0,0.0,67.23,1.605,1.596,490400000.0,-240300000.0,3155500000.0,3155500000.0,64500000.0,0.008,0.13,0.007,0.008,-36800000.0,635200000.0,1.0,75313364.0,74900000.0,76300000.0,42.13,4811000000.0,1011500000.0,-61600000.0,114700000.0,64.232,1798900000.0
9,GRA,MRY,2011-12-31,2011-12-31,2011-12-31,2021-08-25,-578500000.0,4494000000.0,4374525000.0,2146400000.0,2347600000.0,0.734,2.166,-144000000.0,1184800000.0,1184800000.0,2099000000.0,219100000.0,3.391,27.142,1024700000.0,61300000.0,963400000.0,1024700000.0,0.0,120000000.0,0.0,0.0,0.0,350900000.0,470900000.0,0.147,470900000.0,350900000.0,307600000.0,2.99,2.91,2.99,159400000.0,82275000.0,159400000.0,3344725324.0,10.0,7.103,75400000.0,1.024,1.0,1112900000.0,0.346,218800000.0,43300000.0,3482200000.0,3553600000.0,329100000.0,70800000.0,0.0,70800000.0,4326500000.0,632900000.0,3693600000.0,3390125324.0,32600000.0,-45800000.0,12100000.0,21600000.0,0.0,39700000.0,-220900000.0,0.0,219400000.0,-5600000.0,219700000.0,219700000.0,219700000.0,0.0,-600000.0,0.068,777800000.0,335100000.0,257600000.0,0.0,21.268,15.431,15.358,723500000.0,0.0,45.92,1.055,1.052,473000000.0,301100000.0,3211900000.0,3211900000.0,68500000.0,0.05,2.67,0.099,0.109,0.0,659900000.0,1.0,73826771.0,73600000.0,75500000.0,43.64,4275200000.0,825900000.0,87900000.0,89100000.0,58.087,1513500000.0
10,GRA,MRY,2010-12-31,2010-12-31,2010-12-31,2021-08-25,-518100000.0,4271700000.0,4123125000.0,1904200000.0,2367500000.0,0.649,-1.041,-111100000.0,1113500000.0,1113500000.0,1726400000.0,207400000.0,3.573,-57.338,966200000.0,39300000.0,926900000.0,966200000.0,0.0,115600000.0,0.0,0.0,0.0,280900000.0,396500000.0,0.148,396500000.0,280900000.0,239600000.0,2.85,2.78,2.85,-75700000.0,-185525000.0,-75700000.0,2495362635.0,9.0,6.293,214800000.0,2.955,1.0,948600000.0,0.355,125500000.0,41300000.0,3466000000.0,3476625000.0,259300000.0,56400000.0,0.0,56400000.0,4340500000.0,532900000.0,3807600000.0,2567262635.0,122700000.0,-34700000.0,10400000.0,28900000.0,0.0,41500000.0,-243100000.0,0.0,325900000.0,-1600000.0,207100000.0,207100000.0,207100000.0,0.0,300000.0,0.077,685200000.0,263400000.0,215600000.0,0.0,-33.914,12.396,12.326,702500000.0,0.0,35.13,0.96,0.955,386100000.0,31700000.0,2675000000.0,2675000000.0,60300000.0,0.05,-1.116,0.081,0.105,0.0,514400000.0,1.0,73078925.0,72700000.0,74400000.0,36.795,4146200000.0,899700000.0,32500000.0,128400000.0,57.032,1371300000.0
11,GRA,MRY,2009-12-31,2009-12-31,2009-12-31,2021-08-25,-514500000.0,3968200000.0,3861700000.0,1628700000.0,2339500000.0,0.732,-4.144,-93800000.0,893000000.0,893000000.0,1900500000.0,81200000.0,3.292,-14.234,905500000.0,12600000.0,892900000.0,905500000.0,0.0,113000000.0,0.0,0.0,0.0,121000000.0,234000000.0,0.083,234000000.0,121000000.0,82700000.0,0.99,0.98,0.99,-299200000.0,-382125000.0,-299200000.0,1947395731.0,16.0,8.322,339600000.0,4.704,1.0,924500000.0,0.327,118600000.0,38300000.0,3367400000.0,3431075000.0,220600000.0,45700000.0,0.0,45700000.0,4258700000.0,494700000.0,3764000000.0,1831195731.0,432900000.0,23100000.0,1400000.0,-400000.0,0.0,-41300000.0,26100000.0,22500000.0,433400000.0,14700000.0,71200000.0,71200000.0,71200000.0,0.0,10000000.0,0.025,829100000.0,95400000.0,174200000.0,0.0,-6.12,25.719,25.606,690100000.0,0.0,25.35,0.648,0.648,373200000.0,-175400000.0,2825000000.0,2825000000.0,70100000.0,0.018,-0.186,0.035,0.043,0.0,574600000.0,1.0,72236518.0,72200000.0,72600000.0,39.127,3849600000.0,904900000.0,11500000.0,152100000.0,53.319,1134000000.0
12,GRA,MRY,2008-12-31,2008-12-31,2008-12-31,2021-08-25,-560300000.0,3875500000.0,3853950000.0,1498200000.0,2377300000.0,0.861,-5.929,-132200000.0,460100000.0,460100000.0,2333500000.0,136900000.0,2.81,-9.907,865300000.0,11200000.0,854100000.0,865300000.0,0.0,118700000.0,0.0,0.0,0.0,180000000.0,298700000.0,0.09,298700000.0,180000000.0,125800000.0,1.69,1.68,1.69,-426900000.0,-342075000.0,-426900000.0,957180382.0,5.0,3.204,-117200000.0,-1.628,1.0,983500000.0,0.297,117100000.0,54200000.0,3630500000.0,3611150000.0,354800000.0,29500000.0,21600000.0,7900000.0,4229300000.0,533100000.0,3696200000.0,430780382.0,-20400000.0,0.0,9600000.0,6700000.0,0.0,600000.0,-31100000.0,70700000.0,15000000.0,-4900000.0,121500000.0,121500000.0,121500000.0,0.0,15400000.0,0.037,788700000.0,194800000.0,207600000.0,0.0,-1.009,3.546,3.533,710600000.0,0.0,5.97,0.13,0.13,462600000.0,-246600000.0,3317000000.0,3317000000.0,82700000.0,0.032,-0.355,0.05,0.054,0.0,589700000.0,1.0,72157518.0,72000000.0,72500000.0,46.069,3758400000.0,897500000.0,4300000.0,128100000.0,52.2,965100000.0
13,GRA,MRY,2007-12-31,2007-12-31,2007-12-31,2021-08-25,-350100000.0,3908400000.0,3759225000.0,1637900000.0,2270500000.0,0.829,-4.987,-136900000.0,480500000.0,480500000.0,2128500000.0,113300000.0,3.143,-12.18,814900000.0,4700000.0,810200000.0,814900000.0,0.0,113400000.0,0.0,0.0,0.0,159800000.0,273200000.0,0.088,273200000.0,159800000.0,87700000.0,1.27,1.24,1.27,-349600000.0,-431750000.0,-349600000.0,1312713510.0,8.0,4.805,-36700000.0,-0.524,1.0,986700000.0,0.317,122300000.0,72100000.0,3599400000.0,2859225000.0,362900000.0,98300000.0,98300000.0,0.0,4258000000.0,521100000.0,3736900000.0,1843313510.0,-55800000.0,16300000.0,40100000.0,8200000.0,0.0,33700000.0,-206900000.0,-106000000.0,100200000.0,17200000.0,88800000.0,88800000.0,88800000.0,0.0,24500000.0,0.029,801400000.0,185300000.0,191300000.0,0.0,-5.273,20.758,20.614,706100000.0,0.0,26.18,0.592,0.589,500600000.0,-368100000.0,3115200000.0,3115200000.0,79500000.0,0.024,-0.206,0.056,0.051,0.0,600600000.0,1.0,70409225.0,70100000.0,71600000.0,44.439,3786100000.0,785200000.0,-1100000.0,122000000.0,54.01,1116800000.0
14,GRA,MRY,2006-12-31,2006-12-31,2006-12-31,2021-08-25,-390800000.0,3637400000.0,3598950000.0,1368800000.0,2268600000.0,0.785,-8.097,-119200000.0,536300000.0,536300000.0,1946800000.0,8600000.0,3.051,-7.616,743000000.0,3300000.0,739700000.0,743000000.0,0.0,113500000.0,0.0,0.0,0.0,84600000.0,198100000.0,0.07,198100000.0,84600000.0,11400000.0,0.13,0.13,0.13,-549800000.0,-564300000.0,-549800000.0,901467107.0,11.0,4.551,33500000.0,0.493,1.0,879700000.0,0.311,116500000.0,73200000.0,3279000000.0,2818050000.0,284600000.0,2400000.0,2400000.0,0.0,4187200000.0,448600000.0,3738600000.0,1351567107.0,61600000.0,-19600000.0,24100000.0,300000.0,0.0,21900000.0,-129400000.0,9600000.0,152700000.0,16400000.0,8600000.0,8600000.0,8600000.0,0.0,0.0,0.003,768700000.0,111000000.0,172700000.0,0.0,-2.458,157.159,152.308,664500000.0,0.0,19.8,0.478,0.476,426300000.0,-487600000.0,2826500000.0,2826500000.0,65600000.0,0.002,-0.015,0.03,0.03,0.0,593800000.0,1.0,68260965.0,67900000.0,68300000.0,41.627,3520900000.0,766300000.0,2800000.0,200100000.0,51.854,920200000.0
15,GRA,MRY,2005-12-31,2005-12-31,2005-12-31,2021-08-25,-393900000.0,3538600000.0,3472650000.0,1266300000.0,2272300000.0,0.74,-8.912,-94000000.0,474700000.0,474700000.0,1774900000.0,67300000.0,3.244,-6.944,2700000.0,2300000.0,400000.0,2700000.0,0.0,120900000.0,0.0,0.0,0.0,143900000.0,264800000.0,0.103,264800000.0,143900000.0,88600000.0,1.01,1.0,1.01,-595300000.0,-600850000.0,-595300000.0,168763942.0,1.0,0.637,-26700000.0,-0.4,1.0,794600000.0,0.309,103900000.0,55300000.0,2572400000.0,2548300000.0,278300000.0,0.0,0.0,0.0,4133900000.0,390300000.0,3743600000.0,629063942.0,-35700000.0,-1000000.0,3100000.0,-10400000.0,0.0,-10100000.0,-77900000.0,1800000.0,67300000.0,-15000000.0,67300000.0,67300000.0,67300000.0,0.0,0.0,0.026,629600000.0,165000000.0,166800000.0,0.0,-1.057,9.347,9.307,632900000.0,0.0,9.4,0.245,0.244,401700000.0,-505900000.0,2569500000.0,2569500000.0,63700000.0,0.019,-0.112,0.056,0.056,0.0,505500000.0,1.0,66921696.0,66800000.0,67300000.0,38.466,3434700000.0,705900000.0,21300000.0,62500000.0,51.418,876000000.0
16,GRA,MRY,2004-12-31,2004-12-31,2004-12-31,2021-08-25,-350000000.0,3538900000.0,3125975000.0,1228500000.0,2310400000.0,0.723,-9.45,-75300000.0,510400000.0,510400000.0,1431500000.0,-402300000.0,3.301,-6.691,13500000.0,12400000.0,1100000.0,13500000.0,0.0,115300000.0,0.0,0.0,0.0,-292700000.0,-177400000.0,-0.078,-177400000.0,-292700000.0,-403800000.0,-6.11,-6.11,-6.11,-621800000.0,-265350000.0,-621800000.0,530862164.0,-2.0,-2.992,250100000.0,3.801,1.0,828400000.0,0.367,111700000.0,111100000.0,2558100000.0,2327325000.0,248300000.0,0.0,0.0,0.0,4160700000.0,372200000.0,3788500000.0,898262164.0,201200000.0,-66300000.0,4200000.0,1200000.0,0.0,-700000.0,-138000000.0,1800000.0,325400000.0,14500000.0,-402300000.0,-402300000.0,-402300000.0,0.0,0.0,-0.178,1112400000.0,-284000000.0,146000000.0,0.0,-1.445,-2.233,-2.227,645300000.0,0.0,13.61,0.397,0.396,390900000.0,-573200000.0,2259900000.0,2259900000.0,51100000.0,-0.129,1.516,-0.126,-0.13,0.0,436300000.0,1.0,66000159.0,65800000.0,65800000.0,34.345,3427200000.0,683700000.0,-1500000.0,71800000.0,52.085,856300000.0
17,GRA,MRY,2003-12-31,2003-12-31,2003-12-31,2021-08-25,-289900000.0,2875300000.0,2809850000.0,930000000.0,1945300000.0,0.705,-2.501,-86400000.0,309200000.0,309200000.0,1287800000.0,-55200000.0,3.64,-18.554,6800000.0,6800000.0,0.0,6800000.0,0.0,102900000.0,0.0,0.0,0.0,-51900000.0,51000000.0,0.026,51000000.0,-51900000.0,-67500000.0,-0.84,-0.84,-0.84,-163800000.0,-180325000.0,-163800000.0,-120514629.0,2.0,-2.363,24400000.0,0.373,1.0,692700000.0,0.35,85200000.0,15600000.0,2232200000.0,2186600000.0,214600000.0,0.0,0.0,0.0,3039100000.0,255500000.0,2783600000.0,168485371.0,25600000.0,-26900000.0,0.0,-1600000.0,0.0,-4700000.0,-109100000.0,3900000.0,110800000.0,28600000.0,-55200000.0,-55200000.0,-55200000.0,0.0,0.0,-0.028,762500000.0,-69800000.0,101800000.0,0.0,-1.029,-3.052,-3.06,656600000.0,0.0,2.57,0.085,0.085,331500000.0,-170900000.0,1980500000.0,1980500000.0,52000000.0,-0.02,0.306,-0.024,-0.026,0.0,362200000.0,1.0,65558510.0,65500000.0,65500000.0,30.237,2790100000.0,618000000.0,-12300000.0,51900000.0,42.597,674500000.0
18,GRA,MRY,2002-12-31,2002-12-31,2002-12-31,2021-08-25,-403300000.0,2691700000.0,2755600000.0,830300000.0,1861400000.0,0.66,-3.398,-91100000.0,283600000.0,283600000.0,1146400000.0,22100000.0,3.357,-13.114,4300000.0,4300000.0,0.0,4300000.0,0.0,94900000.0,0.0,0.0,0.0,80100000.0,175000000.0,0.096,175000000.0,80100000.0,60100000.0,0.34,0.34,0.34,-222200000.0,-126450000.0,-222200000.0,-116385219.0,-1.0,-0.665,104400000.0,1.596,1.0,673300000.0,0.37,65200000.0,20000000.0,2099900000.0,2230875000.0,173600000.0,0.0,0.0,0.0,2913900000.0,247300000.0,2666600000.0,128314781.0,91700000.0,-28500000.0,0.0,-4100000.0,0.0,-9200000.0,-110700000.0,5900000.0,195500000.0,16100000.0,22100000.0,22100000.0,22100000.0,0.0,0.0,0.012,613300000.0,60000000.0,100300000.0,0.0,-0.577,5.806,5.765,622200000.0,0.0,1.96,0.071,0.07,316600000.0,-115700000.0,1819700000.0,1819700000.0,51500000.0,0.008,-0.175,0.036,0.044,0.0,340800000.0,1.0,65466725.0,65400000.0,65500000.0,27.824,2626500000.0,594700000.0,38000000.0,41900000.0,40.161,583000000.0
19,GRA,MRY,2001-12-31,2001-12-31,2001-12-31,2021-08-25,-300700000.0,2518400000.0,2594425000.0,735900000.0,1782500000.0,0.676,-2.17,-62900000.0,191400000.0,191400000.0,1076300000.0,78600000.0,3.154,-18.773,6300000.0,6300000.0,0.0,6300000.0,0.0,89200000.0,0.0,0.0,0.0,179400000.0,268600000.0,0.153,268600000.0,179400000.0,142300000.0,1.2,1.2,1.2,-141700000.0,-74100000.0,-141700000.0,2319257583.0,13.0,8.635,-48300000.0,-0.74,1.0,677400000.0,0.386,55800000.0,37100000.0,2044200000.0,3262400000.0,180000000.0,0.0,0.0,0.0,2660100000.0,233300000.0,2426800000.0,101457583.0,0.0,-84400000.0,-600000.0,90600000.0,0.0,123700000.0,-131400000.0,15500000.0,14600000.0,-6900000.0,78600000.0,78600000.0,78600000.0,0.0,0.0,0.045,494300000.0,183100000.0,86300000.0,0.0,-0.716,1.291,1.292,589000000.0,0.0,1.55,0.058,0.058,302100000.0,-137800000.0,1753700000.0,1753700000.0,49500000.0,0.03,-1.061,0.055,0.102,0.0,343600000.0,1.0,65456505.0,65300000.0,65400000.0,26.856,2462600000.0,525400000.0,63700000.0,35200000.0,37.712,502600000.0
20,GRA,MRY,2000-12-31,2000-12-31,2000-12-31,2021-08-25,-151500000.0,2584900000.0,2480650000.0,773900000.0,1811000000.0,0.664,-1.067,-64800000.0,191900000.0,191900000.0,973900000.0,-89700000.0,0.708,-37.254,418300000.0,418300000.0,0.0,418300000.0,0.0,87800000.0,0.0,0.0,0.0,8400000.0,96200000.0,0.058,96200000.0,8400000.0,-19700000.0,-1.34,-1.34,-1.34,-71300000.0,61100000.0,-71300000.0,370620614.0,44.0,3.853,-208500000.0,-3.121,1.0,673000000.0,0.409,34100000.0,28100000.0,1684300000.0,1753575000.0,144200000.0,0.0,0.0,0.0,2656200000.0,1092900000.0,1563300000.0,208520614.0,-7900000.0,-49000000.0,-41500000.0,286600000.0,0.0,239900000.0,-94000000.0,19000000.0,-143700000.0,-10100000.0,-89700000.0,-89700000.0,-89700000.0,0.0,0.0,-0.054,664600000.0,8400000.0,117500000.0,0.0,-2.925,-2.325,-2.379,601700000.0,0.0,3.188,0.127,0.129,197200000.0,-216400000.0,1646900000.0,1646900000.0,45700000.0,-0.036,-1.468,0.005,0.005,0.0,312700000.0,1.0,65418232.0,66800000.0,66800000.0,24.654,2550800000.0,487200000.0,70000000.0,143300000.0,38.186,-319000000.0
21,GRA,MRY,1999-12-31,1999-12-31,1999-12-31,2021-08-25,-95900000.0,2475100000.0,2455300000.0,779800000.0,1695300000.0,0.655,1.571,-82500000.0,199800000.0,199800000.0,929300000.0,135900000.0,1.014,21.278,136200000.0,13000000.0,123200000.0,136200000.0,0.0,89200000.0,0.0,0.0,0.0,225200000.0,314400000.0,0.196,314400000.0,225200000.0,209100000.0,1.92,1.84,1.92,111100000.0,104050000.0,111100000.0,1013162066.0,4.0,3.223,48000000.0,0.679,1.0,678300000.0,0.422,25400000.0,16100000.0,1616700000.0,1741550000.0,128200000.0,0.0,0.0,0.0,2364000000.0,769400000.0,1594600000.0,1013962066.0,134500000.0,175200000.0,-68700000.0,18700000.0,0.0,-80900000.0,89400000.0,9300000.0,130500000.0,-4500000.0,135900000.0,135900000.0,135900000.0,-5700000.0,0.0,0.085,458800000.0,219500000.0,124100000.0,0.0,9.127,7.461,7.357,617300000.0,0.0,14.125,0.631,0.621,193600000.0,-126700000.0,1607600000.0,1607600000.0,42400000.0,0.055,1.306,0.129,0.14,0.0,327200000.0,1.0,71784925.0,70700000.0,73800000.0,22.738,2449700000.0,440000000.0,73200000.0,167200000.0,34.649,10400000.0
22,GRA,MRY,1998-12-31,1998-12-31,1998-12-31,2021-08-25,-80900000.0,2556300000.0,2627400000.0,625600000.0,1930700000.0,0.602,0.564,-100900000.0,65300000.0,65300000.0,961700000.0,-229100000.0,0.934,59.72,113400000.0,80600000.0,32800000.0,113400000.0,0.0,92100000.0,0.0,4.149,65.08,-237800000.0,-145700000.0,-0.092,-145700000.0,-237800000.0,-257600000.0,-3.07,-3.07,-3.07,42100000.0,241875000.0,42100000.0,1347307491.0,-6.0,-9.247,-167800000.0,-2.249,1.0,620900000.0,0.392,37800000.0,19800000.0,1896800000.0,1737400000.0,130100000.0,0.0,0.0,0.0,2514200000.0,669800000.0,1844400000.0,1153107491.0,17700000.0,3900000.0,-30200000.0,-1029800000.0,0.0,196600000.0,-114000000.0,0.0,-66900000.0,2000000.0,-229100000.0,-229100000.0,-229100000.0,-900000.0,0.0,-0.145,824300000.0,-203400000.0,123700000.0,-21.199,27.39,-5.033,-5.11,661400000.0,0.0,15.688,0.729,0.739,196900000.0,-203100000.0,1582600000.0,1582600000.0,47400000.0,-0.087,-0.947,-0.137,-0.15,0.0,325900000.0,1.0,73504860.0,74600000.0,74600000.0,21.214,2518500000.0,470400000.0,-28500000.0,187800000.0,33.76,-44200000.0
23,GRA,MRY,1997-12-31,1997-12-31,1997-12-31,2021-08-25,-198800000.0,3773000000.0,4359400000.0,2175500000.0,1597500000.0,0.352,6.323,-258700000.0,47600000.0,47600000.0,915900000.0,261000000.0,1.602,7.064,1072300000.0,413600000.0,658700000.0,1072300000.0,0.0,94800000.0,0.0,0.007,0.56,333700000.0,428500000.0,0.279,428500000.0,333700000.0,312500000.0,3.53,3.45,3.53,467900000.0,550150000.0,467900000.0,,,,-22300000.0,-0.301,1.0,617300000.0,0.403,42900000.0,21200000.0,3397100000.0,4067550000.0,129600000.0,0.0,0.0,0.0,3305100000.0,1357700000.0,1947400000.0,6061125293.0,-20700000.0,678300000.0,-275800000.0,-304300000.0,-41200000.0,-621300000.0,370100000.0,0.0,236400000.0,-5900000.0,261000000.0,261000000.0,261000000.0,-175100000.0,0.0,0.17,458700000.0,158600000.0,106500000.0,0.159,12.954,23.223,22.787,663300000.0,0.0,80.438,3.953,3.882,273300000.0,108300000.0,1533200000.0,1533200000.0,42400000.0,0.06,0.474,0.082,0.218,0.0,376800000.0,1.0,75351985.0,74000000.0,75700000.0,20.719,3730100000.0,447700000.0,51500000.0,195800000.0,50.407,817800000.0
24,GRA,MRY,1996-12-31,1996-12-31,1996-12-31,2021-08-25,-64600000.0,4945800000.0,,1774900000.0,3170900000.0,,,-456600000.0,68300000.0,68300000.0,1003400000.0,2857700000.0,1.194,6.821,1388200000.0,315200000.0,1073000000.0,1388200000.0,0.0,95900000.0,0.0,0.01,0.5,2958600000.0,3054500000.0,1.728,3054500000.0,2958600000.0,2928100000.0,31.06,1.2,31.06,632400000.0,,632400000.0,,,,-233300000.0,,1.0,763800000.0,0.432,40600000.0,30500000.0,4738000000.0,,376100000.0,0.0,0.0,0.0,4313400000.0,1487100000.0,2826300000.0,,27700000.0,2688200000.0,-1545600000.0,-539800000.0,-46000000.0,-2267800000.0,2072900000.0,0.0,223300000.0,-700000.0,2857700000.0,2857700000.0,2857700000.0,-2744800000.0,0.0,1.617,550000000.0,213800000.0,274700000.0,0.016,,,1.666,1871300000.0,0.0,51.75,,,831400000.0,172600000.0,1767200000.0,1767200000.0,55400000.0,,,,1.674,0.0,461300000.0,1.0,,,,,4905200000.0,493100000.0,70400000.0,166800000.0,,287800000.0
25,GRA,MRY,1995-12-31,1995-12-31,1995-12-31,2021-08-25,,,,,,,,-537600000.0,,,1127000000.0,-325900000.0,,,,,,,,113800000.0,,0.02,1.175,-491400000.0,-377600000.0,-0.199,-377600000.0,-491400000.0,-518300000.0,-3.4,-3.39,-3.4,,,,,,,-430600000.0,,1.0,770400000.0,0.406,,26900000.0,,,,,,,,,,,-37700000.0,19300000.0,152000000.0,495300000.0,-112600000.0,655700000.0,-801600000.0,0.0,107000000.0,1200000.0,-325900000.0,-325900000.0,-325900000.0,1100000.0,0.0,-0.172,1260700000.0,-490300000.0,,-0.346,,,-17.39,,0.0,59.125,,,,,1897400000.0,1897400000.0,73200000.0,,,,-0.259,0.0,647400000.0,1.0,,,,,,,-192400000.0,,,
0,GRA,MRQ,2021-06-30,2021-06-30,2021-06-30,2021-08-25,53000000.0,4387800000.0,,1018500000.0,3369300000.0,,5.228,-21100000.0,312700000.0,312700000.0,318200000.0,45500000.0,1.707,10.904,2285400000.0,17200000.0,2268200000.0,2285400000.0,0.0,29300000.0,0.0,0.013,0.0,83400000.0,112700000.0,0.22,112700000.0,83400000.0,63600000.0,0.68,0.68,0.68,346600000.0,,346600000.0,6276010730.0,37.0,22.2,25400000.0,0.383,1.0,194700000.0,0.38,1309400000.0,19800000.0,4454300000.0,,358000000.0,174700000.0,0.0,174700000.0,3779300000.0,596800000.0,3182500000.0,4579310730.0,20200000.0,-297900000.0,500000.0,291100000.0,0.0,291500000.0,-319400000.0,0.0,46500000.0,1600000.0,45400000.0,45400000.0,45400000.0,0.0,100000.0,0.089,116300000.0,78400000.0,290100000.0,0.0,13.212,59.241,59.586,1267400000.0,0.0,69.12,2.463,2.465,297000000.0,740300000.0,512900000.0,512900000.0,17800000.0,,,,,0.0,78700000.0,1.0,66251602.0,66300000.0,66400000.0,7.736,3078400000.0,550500000.0,18200000.0,0.0,46.431,421700000.0
1,GRA,MRQ,2021-03-31,2021-03-31,2021-03-31,2021-08-25,56300000.0,3758400000.0,,886400000.0,2872000000.0,,4.607,-55000000.0,292500000.0,292500000.0,286700000.0,68600000.0,1.585,11.312,1989200000.0,14400000.0,1974800000.0,1989200000.0,0.0,28100000.0,0.0,0.021,0.33,105700000.0,133800000.0,0.293,133800000.0,105700000.0,86700000.0,1.03,1.03,1.03,305000000.0,,305000000.0,5646418760.0,53.0,26.422,14000000.0,0.211,1.0,170000000.0,0.372,875600000.0,19000000.0,4020400000.0,,273600000.0,177400000.0,0.0,177400000.0,3450100000.0,559100000.0,2891000000.0,3962218760.0,-13700000.0,0.0,0.0,-2000000.0,-22000000.0,-26200000.0,-52400000.0,0.0,69000000.0,-4100000.0,68400000.0,68400000.0,68400000.0,0.0,200000.0,0.15,67300000.0,102700000.0,262000000.0,0.32,12.991,161.066,161.784,1193100000.0,0.0,59.86,2.245,2.245,267100000.0,695400000.0,456700000.0,456700000.0,17400000.0,,,,,0.0,74600000.0,1.0,66191426.0,66200000.0,66300000.0,6.899,2882800000.0,557600000.0,18300000.0,0.0,43.547,327300000.0
2,GRA,MRQ,2020-12-31,2020-12-31,2020-12-31,2021-08-25,29300000.0,3765500000.0,,875300000.0,2890200000.0,,3.49,-31700000.0,306200000.0,306200000.0,289000000.0,-40900000.0,1.565,15.259,1990400000.0,15300000.0,1975100000.0,1990400000.0,0.0,27900000.0,0.0,0.022,0.3,-14500000.0,13400000.0,0.028,13400000.0,-14500000.0,-33200000.0,-0.66,-0.66,-0.66,231400000.0,,231400000.0,5364051150.0,70.0,29.57,58800000.0,0.887,1.0,181200000.0,0.385,883500000.0,18700000.0,4006900000.0,,253800000.0,175500000.0,0.0,175500000.0,3531000000.0,559300000.0,2971700000.0,3628551150.0,37300000.0,0.0,0.0,-14900000.0,-19900000.0,-38200000.0,-22100000.0,0.0,90500000.0,7100000.0,-43500000.0,-43500000.0,-43500000.0,0.0,2600000.0,-0.093,200700000.0,-19500000.0,262100000.0,-0.455,15.681,-2015.862,-1827.333,1208800000.0,0.0,54.82,2.098,2.101,264100000.0,648800000.0,470200000.0,470200000.0,16600000.0,,,,,10700000.0,71800000.0,1.0,66190280.0,66300000.0,66300000.0,7.092,2882000000.0,567100000.0,10300000.0,0.0,43.469,316000000.0
3,GRA,MRQ,2020-09-30,2020-09-30,2020-09-30,2021-08-25,53900000.0,3650400000.0,,833600000.0,2816800000.0,,4.781,-28800000.0,268900000.0,268900000.0,263000000.0,6700000.0,1.683,10.521,2004400000.0,18800000.0,1985600000.0,2004400000.0,0.0,26200000.0,0.0,0.029,0.3,-3400000.0,22800000.0,0.054,22800000.0,-3400000.0,-23200000.0,0.11,0.11,0.11,316500000.0,,316500000.0,4386339540.0,54.0,23.969,45700000.0,0.69,1.0,156400000.0,0.373,885300000.0,19800000.0,4005400000.0,,255700000.0,167400000.0,0.0,167400000.0,3329900000.0,495200000.0,2834700000.0,2666739540.0,-728900000.0,-2000000.0,0.0,-750900000.0,-19800000.0,-770700000.0,-34500000.0,0.0,74500000.0,1800000.0,7000000.0,7000000.0,7000000.0,0.0,-300000.0,0.017,122000000.0,34400000.0,210200000.0,2.727,8.426,199.01,191.857,1156500000.0,0.0,40.29,1.512,1.512,239800000.0,712100000.0,419400000.0,419400000.0,15600000.0,,,,,0.0,68100000.0,1.0,66188621.0,66200000.0,66200000.0,6.335,2765100000.0,555800000.0,-30200000.0,0.0,41.769,338400000.0
4,GRA,MRQ,2020-06-30,2020-06-30,2020-06-30,2021-08-25,71800000.0,4505000000.0,,1719600000.0,2785400000.0,,5.216,-37900000.0,997800000.0,997800000.0,299400000.0,-9600000.0,1.264,12.034,2717400000.0,724300000.0,1993100000.0,2717400000.0,0.0,25400000.0,0.0,0.022,0.3,18300000.0,43700000.0,0.104,43700000.0,18300000.0,-900000.0,-0.11,-0.11,-0.11,345300000.0,,345300000.0,5146806230.0,28.0,18.04,92100000.0,1.391,1.0,119300000.0,0.285,888600000.0,19200000.0,3975400000.0,,267100000.0,186000000.0,0.0,186000000.0,4155400000.0,1360600000.0,2794800000.0,3362206230.0,804100000.0,0.0,0.0,737900000.0,-19900000.0,718000000.0,-45500000.0,0.0,130000000.0,1600000.0,-7300000.0,-7300000.0,-7300000.0,0.0,-2300000.0,-0.017,106700000.0,12600000.0,207600000.0,-2.727,9.737,55.944,55.835,1144400000.0,0.0,50.81,1.852,1.853,218600000.0,725000000.0,418700000.0,418700000.0,16700000.0,,,,,0.0,71900000.0,1.0,66172136.0,66200000.0,66200000.0,6.325,3616400000.0,515300000.0,6400000.0,0.0,54.628,359000000.0
5,GRA,MRQ,2020-03-31,2020-03-31,2020-03-31,2021-08-25,80200000.0,3844000000.0,,1036200000.0,2807800000.0,,5.674,-57100000.0,193700000.0,193700000.0,261900000.0,42100000.0,1.487,9.171,1978300000.0,23500000.0,1954800000.0,1978300000.0,0.0,25500000.0,0.0,0.031,0.3,76000000.0,101500000.0,0.241,101500000.0,76000000.0,57700000.0,0.63,0.63,0.63,377300000.0,,377300000.0,4072762545.0,15.0,10.687,-2500000.0,-0.038,1.0,159600000.0,0.379,893500000.0,18300000.0,4038400000.0,,339100000.0,182600000.0,0.0,182600000.0,3460100000.0,696700000.0,2763400000.0,2375262545.0,-89200000.0,0.0,-40400000.0,-1900000.0,-20500000.0,-67000000.0,-73700000.0,0.0,54600000.0,-3100000.0,42000000.0,42000000.0,42000000.0,0.0,100000.0,0.1,84700000.0,74900000.0,258600000.0,0.476,6.295,16.541,16.481,1153200000.0,0.0,35.6,1.244,1.239,258300000.0,752300000.0,421500000.0,421500000.0,17000000.0,,,,,0.0,71100000.0,1.0,66720858.0,66500000.0,66500000.0,6.338,2950500000.0,511700000.0,15700000.0,0.0,44.368,339500000.0
6,GRA,MRQ,2019-12-31,2019-12-31,2019-12-31,2021-08-25,78800000.0,3932600000.0,,1134900000.0,2797700000.0,,5.924,-51500000.0,282900000.0,282900000.0,299800000.0,-28100000.0,1.523,8.922,1980400000.0,23100000.0,1957300000.0,1980400000.0,0.0,25000000.0,0.0,0.015,0.27,-10000000.0,15000000.0,0.03,15000000.0,-10000000.0,-28500000.0,-0.42,-0.42,-0.42,395700000.0,,395700000.0,6424791788.0,25.0,17.842,72200000.0,1.081,1.0,204700000.0,0.406,899700000.0,18500000.0,3985300000.0,,309900000.0,181900000.0,0.0,181900000.0,3530400000.0,745100000.0,2785300000.0,4661491788.0,64000000.0,0.0,0.0,-4000000.0,-18000000.0,-22000000.0,-40300000.0,0.0,123700000.0,2600000.0,-28300000.0,-28300000.0,-28300000.0,0.0,200000.0,-0.056,228400000.0,-23700000.0,302300000.0,-0.643,11.78,36.908,36.958,1143800000.0,0.0,69.85,2.381,2.383,307000000.0,730500000.0,504500000.0,504500000.0,16300000.0,,,,,14600000.0,75300000.0,1.0,66735745.0,66800000.0,66900000.0,7.552,3032900000.0,517600000.0,-200000.0,0.0,45.403,389800000.0
7,GRA,MRQ,2019-09-30,2019-09-30,2019-09-30,2021-08-25,85300000.0,3779700000.0,,1051500000.0,2728200000.0,,6.678,-41100000.0,218900000.0,218900000.0,279500000.0,53800000.0,1.492,7.472,1982200000.0,22900000.0,1959300000.0,1982200000.0,0.0,25500000.0,0.0,0.016,0.27,99600000.0,125100000.0,0.266,125100000.0,99600000.0,81000000.0,0.81,0.8,0.81,445400000.0,,445400000.0,6278374331.0,16.0,12.889,82400000.0,1.235,1.0,191000000.0,0.406,904100000.0,18600000.0,3934200000.0,,336500000.0,168500000.0,0.0,168500000.0,3328000000.0,704700000.0,2623300000.0,4455274331.0,59000000.0,0.0,1100000.0,-1800000.0,-18000000.0,-18700000.0,-42500000.0,0.0,123500000.0,-3300000.0,53700000.0,53700000.0,53700000.0,0.0,100000.0,0.114,95100000.0,95900000.0,266400000.0,0.333,10.003,19.916,19.928,1098800000.0,0.0,66.76,2.257,2.256,265600000.0,776900000.0,470500000.0,470500000.0,14900000.0,,,,,0.0,74200000.0,1.0,66735685.0,66700000.0,66800000.0,7.054,2875600000.0,505000000.0,27300000.0,0.0,43.112,346800000.0
8,GRA,MRQ,2019-06-30,2019-06-30,2019-06-30,2021-08-25,63500000.0,3726500000.0,,1007700000.0,2718800000.0,,5.705,-63300000.0,159900000.0,159900000.0,304200000.0,76400000.0,1.483,8.762,1983000000.0,23000000.0,1960000000.0,1983000000.0,0.0,24900000.0,0.0,0.013,0.27,114600000.0,139500000.0,0.272,139500000.0,114600000.0,95000000.0,1.14,1.14,1.14,381100000.0,,381100000.0,6873140675.0,21.0,16.195,10600000.0,0.159,1.0,209400000.0,0.408,911800000.0,19600000.0,3958300000.0,,318200000.0,165700000.0,0.0,165700000.0,3339200000.0,679500000.0,2659700000.0,5092840675.0,-43900000.0,-22800000.0,-16200000.0,-1900000.0,-18200000.0,-36900000.0,-81200000.0,0.0,73900000.0,300000.0,76200000.0,76200000.0,76200000.0,0.0,200000.0,0.148,100600000.0,108800000.0,270300000.0,0.237,13.364,27.366,27.378,1076700000.0,0.0,76.11,2.549,2.545,310000000.0,741300000.0,513600000.0,513600000.0,16300000.0,,,,,0.0,76300000.0,1.0,66914212.0,66800000.0,67000000.0,7.689,2814700000.0,520100000.0,18800000.0,0.0,42.136,328200000.0
9,GRA,MRQ,2019-03-31,2019-03-31,2019-03-31,2021-08-25,76500000.0,3646400000.0,,980600000.0,2665800000.0,,5.207,-38200000.0,203800000.0,203800000.0,280900000.0,24600000.0,1.542,9.467,1984100000.0,22500000.0,1961600000.0,1984100000.0,0.0,24900000.0,0.0,0.013,0.27,55600000.0,80500000.0,0.171,80500000.0,55600000.0,35600000.0,0.37,0.37,0.37,347800000.0,,347800000.0,6990655028.0,24.0,17.72,32800000.0,0.491,1.0,188600000.0,0.402,891400000.0,20000000.0,3899300000.0,,316200000.0,159500000.0,0.0,159500000.0,3292600000.0,636000000.0,2656600000.0,5208355028.0,2800000.0,0.0,4400000.0,-3500000.0,-18400000.0,-21800000.0,-46100000.0,0.0,71000000.0,-300000.0,24700000.0,24700000.0,24700000.0,0.0,-100000.0,0.053,137200000.0,51400000.0,257500000.0,0.73,14.975,35.026,35.153,1043700000.0,0.0,78.04,2.644,2.646,257800000.0,683300000.0,469500000.0,469500000.0,17000000.0,,,,,0.0,73200000.0,1.0,66739557.0,66800000.0,66900000.0,7.028,2755000000.0,525600000.0,10900000.0,0.0,41.243,344600000.0
10,GRA,MRQ,2018-12-31,2018-12-31,2018-12-31,2021-08-25,67900000.0,3565300000.0,,857300000.0,2708000000.0,,4.946,-54600000.0,201000000.0,201000000.0,323700000.0,68900000.0,1.667,9.756,1983300000.0,22300000.0,1961000000.0,1983300000.0,0.0,24700000.0,0.0,0.015,0.24,117300000.0,142000000.0,0.273,142000000.0,117300000.0,96700000.0,1.03,1.03,1.03,330900000.0,,330900000.0,6181493638.0,19.0,14.487,53400000.0,0.798,1.0,196300000.0,0.378,896900000.0,20600000.0,3936300000.0,,281100000.0,156100000.0,0.0,156100000.0,3228300000.0,514400000.0,2713900000.0,4348293638.0,47700000.0,0.0,-19900000.0,-4200000.0,-16100000.0,-6700000.0,-52600000.0,0.0,108000000.0,-1000000.0,69100000.0,69100000.0,69100000.0,0.0,-200000.0,0.133,86700000.0,109600000.0,248600000.0,0.233,13.141,25.944,26.068,1011700000.0,0.0,64.91,2.251,2.258,288500000.0,676700000.0,520000000.0,520000000.0,16200000.0,,,,,18600000.0,76900000.0,1.0,66989580.0,66900000.0,67000000.0,7.773,2668400000.0,529400000.0,27600000.0,0.0,39.886,342900000.0
11,GRA,MRQ,2018-09-30,2018-09-30,2018-09-30,2021-08-25,46500000.0,3513300000.0,,845900000.0,2667400000.0,,4.082,-70900000.0,153300000.0,153300000.0,292700000.0,15900000.0,1.585,11.804,1986500000.0,22800000.0,1963700000.0,1986500000.0,0.0,25200000.0,0.0,0.013,0.24,37200000.0,62400000.0,0.126,62400000.0,37200000.0,16800000.0,0.24,0.24,0.24,273900000.0,,273900000.0,6658632268.0,26.0,18.409,44100000.0,0.657,1.0,202200000.0,0.409,903800000.0,20400000.0,3909100000.0,,319000000.0,144400000.0,0.0,144400000.0,3233100000.0,533600000.0,2699500000.0,4804832268.0,20500000.0,2900000.0,-10000000.0,-1000000.0,-16100000.0,-27100000.0,-66900000.0,0.0,115000000.0,-500000.0,16100000.0,16100000.0,16100000.0,0.0,-200000.0,0.033,171100000.0,31100000.0,245100000.0,1.0,17.542,-196.116,-204.171,984100000.0,0.0,71.46,2.567,2.562,279200000.0,625400000.0,494900000.0,494900000.0,15700000.0,,,,,0.0,74700000.0,1.0,67238067.0,67100000.0,67200000.0,7.376,2609500000.0,543600000.0,700000.0,0.0,38.89,312300000.0
12,GRA,MRQ,2018-06-30,2018-06-30,2018-06-30,2021-08-25,55800000.0,3402200000.0,,788400000.0,2613800000.0,,4.285,-40700000.0,132800000.0,132800000.0,287000000.0,38600000.0,1.567,10.774,1986600000.0,23300000.0,1963300000.0,1986600000.0,0.0,25900000.0,0.0,0.012,0.24,83700000.0,109600000.0,0.226,109600000.0,83700000.0,63800000.0,0.58,0.58,0.58,288400000.0,,288400000.0,6328692339.0,21.0,15.557,-10700000.0,-0.159,1.0,198700000.0,0.409,905700000.0,19900000.0,3847200000.0,,307400000.0,138700000.0,0.0,138700000.0,3107300000.0,503100000.0,2604200000.0,4933492339.0,-18500000.0,-420900000.0,-9200000.0,432700000.0,-16200000.0,405400000.0,-450500000.0,0.0,30000000.0,-3400000.0,38800000.0,38800000.0,38800000.0,0.0,-200000.0,0.08,123400000.0,75300000.0,262500000.0,0.414,17.106,725.514,666.455,955900000.0,0.0,73.31,2.731,2.732,277500000.0,625500000.0,485700000.0,485700000.0,16100000.0,,,,,0.0,80400000.0,1.0,67296308.0,67300000.0,67400000.0,7.217,2496500000.0,535400000.0,25000000.0,0.0,37.095,285300000.0
13,GRA,MRQ,2018-03-31,2018-03-31,2018-03-31,2021-08-25,23300000.0,2945100000.0,,727600000.0,2217500000.0,,3.538,-50100000.0,151300000.0,151300000.0,262000000.0,43400000.0,1.563,11.284,1546500000.0,14800000.0,1531700000.0,1546500000.0,0.0,25000000.0,0.0,0.014,0.24,87700000.0,112700000.0,0.261,112700000.0,87700000.0,68400000.0,0.64,0.64,0.64,239200000.0,,239200000.0,5525257146.0,19.0,13.546,38900000.0,0.575,1.0,169500000.0,0.393,656800000.0,19300000.0,3217900000.0,,256200000.0,132200000.0,0.0,132200000.0,2699200000.0,465600000.0,2233600000.0,4144857146.0,-12200000.0,0.0,-34200000.0,-3100000.0,-16200000.0,-55100000.0,-48500000.0,0.0,89000000.0,2400000.0,43600000.0,43600000.0,43600000.0,0.0,-200000.0,0.101,87400000.0,82100000.0,217300000.0,0.375,17.328,348.307,360.176,829400000.0,0.0,61.23,2.368,2.365,269100000.0,603700000.0,431500000.0,431500000.0,14700000.0,,,,,0.0,68400000.0,1.0,67693241.0,67600000.0,67700000.0,6.383,2288300000.0,550600000.0,24800000.0,0.0,33.851,262000000.0
14,GRA,MRQ,2017-12-31,2017-12-31,2017-12-31,2021-08-25,39900000.0,2907000000.0,,728600000.0,2178400000.0,,3.782,-39600000.0,163500000.0,163500000.0,275100000.0,-123100000.0,1.626,10.311,1543900000.0,20100000.0,1523800000.0,1543900000.0,0.0,28900000.0,0.0,0.012,0.21,48100000.0,77000000.0,0.168,77000000.0,48100000.0,28300000.0,-1.81,-1.8,-1.81,256400000.0,,256400000.0,6134133286.0,21.0,15.233,12100000.0,0.178,1.0,184400000.0,0.401,657800000.0,19800000.0,3181400000.0,,230900000.0,125900000.0,0.0,125900000.0,2643700000.0,448200000.0,2195500000.0,4752233286.0,-23000000.0,0.0,1600000.0,-26900000.0,-14300000.0,-35200000.0,-40000000.0,0.0,51700000.0,500000.0,-123000000.0,-123000000.0,-123000000.0,0.0,-100000.0,-0.268,144400000.0,40000000.0,210300000.0,-0.116,18.534,424.307,438.312,799100000.0,0.0,70.13,2.769,2.782,285200000.0,573100000.0,459500000.0,459500000.0,14800000.0,,,,,11000000.0,64300000.0,1.0,67763201.0,67800000.0,67900000.0,6.777,2249200000.0,556500000.0,151300000.0,0.0,33.174,280400000.0
15,GRA,MRQ,2017-09-30,2017-09-30,2017-09-30,2021-08-25,43700000.0,2985900000.0,,715400000.0,2270500000.0,,5.786,-26500000.0,186500000.0,186500000.0,258200000.0,47100000.0,1.591,6.589,1568400000.0,46500000.0,1521900000.0,1568400000.0,0.0,28400000.0,0.0,0.011,0.21,79100000.0,107500000.0,0.25,107500000.0,79100000.0,59000000.0,0.7,0.7,0.7,392900000.0,,392900000.0,6352975236.0,23.0,16.531,100500000.0,1.48,1.0,171300000.0,0.399,660900000.0,20100000.0,3257300000.0,,239500000.0,118000000.0,0.0,118000000.0,2588900000.0,449600000.0,2139300000.0,4922575236.0,13900000.0,-3500000.0,-32400000.0,-39700000.0,-14300000.0,-86400000.0,-30400000.0,0.0,127000000.0,3700000.0,47400000.0,47400000.0,47400000.0,0.0,-300000.0,0.11,97300000.0,74000000.0,195200000.0,0.3,12.529,32.927,32.945,762800000.0,0.0,72.15,2.899,2.885,253100000.0,710300000.0,429500000.0,429500000.0,14000000.0,,,,,0.0,69300000.0,1.0,68226961.0,67900000.0,68000000.0,6.325,2325000000.0,694100000.0,11600000.0,0.0,34.242,265800000.0
16,GRA,MRQ,2017-06-30,2017-06-30,2017-06-30,2021-08-25,56500000.0,2989900000.0,,715500000.0,2274400000.0,,5.892,-28100000.0,172600000.0,172600000.0,262300000.0,43500000.0,1.522,6.422,1603000000.0,86500000.0,1516500000.0,1603000000.0,0.0,27100000.0,0.0,0.011,0.21,83600000.0,110700000.0,0.258,110700000.0,83600000.0,63500000.0,0.64,0.64,0.64,402400000.0,,402400000.0,6391904464.0,23.0,16.706,76500000.0,1.12,1.0,167200000.0,0.389,659400000.0,20100000.0,3290900000.0,,236500000.0,131900000.0,0.0,131900000.0,2584300000.0,470000000.0,2114300000.0,4922604464.0,86200000.0,0.0,-13800000.0,39900000.0,-14400000.0,8200000.0,-27900000.0,0.0,104600000.0,1300000.0,43900000.0,43900000.0,43900000.0,0.0,-400000.0,0.102,90100000.0,77100000.0,199900000.0,0.328,12.233,34.74,35.127,749700000.0,0.0,72.01,2.943,2.94,265000000.0,677300000.0,429500000.0,429500000.0,13600000.0,,,,,0.0,69300000.0,1.0,68360012.0,68300000.0,68400000.0,6.288,2330500000.0,700300000.0,19600000.0,0.0,34.122,245500000.0
17,GRA,MRQ,2017-03-31,2017-03-31,2017-03-31,2021-08-25,65400000.0,2890800000.0,,628800000.0,2262000000.0,,5.741,-31000000.0,86400000.0,86400000.0,244800000.0,42900000.0,1.449,6.363,1555700000.0,44700000.0,1511000000.0,1555700000.0,0.0,27100000.0,0.0,0.01,0.21,80400000.0,107500000.0,0.27,107500000.0,80400000.0,60900000.0,0.63,0.63,0.63,392100000.0,,392100000.0,6243316785.0,23.0,16.627,4900000.0,0.072,1.0,153200000.0,0.385,660500000.0,19500000.0,3265600000.0,,234100000.0,124900000.0,0.0,124900000.0,2495100000.0,434000000.0,2061100000.0,4759816785.0,-14200000.0,0.0,-4000000.0,-2800000.0,-14300000.0,-21400000.0,-30900000.0,0.0,35900000.0,2200000.0,42900000.0,42900000.0,42900000.0,0.0,0.0,0.108,79800000.0,73400000.0,199700000.0,0.333,12.139,34.87,35.566,740200000.0,0.0,69.71,2.913,2.914,244500000.0,647800000.0,398000000.0,398000000.0,13900000.0,,,,,0.0,65500000.0,1.0,68280258.0,68300000.0,68500000.0,5.827,2230300000.0,703100000.0,18000000.0,0.0,32.654,194800000.0
18,GRA,MRQ,2016-12-31,2016-12-31,2016-12-31,2021-08-25,66400000.0,2911800000.0,,654800000.0,2257000000.0,,5.353,-27500000.0,100600000.0,100600000.0,265100000.0,15600000.0,1.362,6.886,1584100000.0,76500000.0,1507600000.0,1584100000.0,0.0,26500000.0,0.0,0.008,0.17,32100000.0,58600000.0,0.133,58600000.0,32100000.0,12200000.0,0.22,0.22,0.22,368800000.0,,368800000.0,6117266722.0,26.0,18.266,8500000.0,0.123,1.0,175700000.0,0.399,663300000.0,19900000.0,3251200000.0,,228000000.0,117600000.0,0.0,117600000.0,2539400000.0,480800000.0,2058600000.0,4741266722.0,-113200000.0,-1400000.0,-136300000.0,700000.0,-11900000.0,-179000000.0,-10300000.0,0.0,36000000.0,-4700000.0,15300000.0,15300000.0,15300000.0,2000000.0,300000.0,0.035,153100000.0,22600000.0,195400000.0,0.773,12.856,50.385,50.478,729600000.0,0.0,67.64,2.966,2.966,273900000.0,619300000.0,440800000.0,440800000.0,15400000.0,,,,,11600000.0,70300000.0,1.0,70095605.0,68900000.0,69300000.0,6.398,2248500000.0,709400000.0,-3100000.0,0.0,32.634,174000000.0
19,GRA,MRQ,2016-09-30,2016-09-30,2016-09-30,2021-08-25,58400000.0,3007500000.0,,748300000.0,2259200000.0,,6.989,-32100000.0,214200000.0,214200000.0,236300000.0,39700000.0,1.581,5.115,1590200000.0,77100000.0,1513100000.0,1590200000.0,0.0,27000000.0,0.0,0.005,0.17,78800000.0,105800000.0,0.262,105800000.0,78800000.0,59000000.0,0.56,0.56,0.56,491300000.0,,491300000.0,6575694587.0,25.0,18.135,38700000.0,0.55,1.0,168200000.0,0.416,665500000.0,19800000.0,3244800000.0,,236100000.0,107500000.0,0.0,107500000.0,2512900000.0,473200000.0,2039700000.0,5190694587.0,10100000.0,-11300000.0,-15900000.0,-900000.0,-12100000.0,-28600000.0,-32900000.0,0.0,70800000.0,800000.0,39600000.0,39600000.0,39600000.0,1600000.0,100000.0,0.098,96200000.0,72000000.0,162200000.0,0.304,10.565,52.378,52.34,731700000.0,0.0,73.8,3.28,3.278,252700000.0,616100000.0,404500000.0,404500000.0,12100000.0,,,,,0.0,67100000.0,1.0,70334615.0,70300000.0,70700000.0,5.754,2342000000.0,717000000.0,19400000.0,12000000.0,33.314,275100000.0
20,GRA,MRQ,2016-06-30,2016-06-30,2016-06-30,2021-08-25,60400000.0,2981600000.0,,710100000.0,2271500000.0,,6.891,-22900000.0,204000000.0,204000000.0,217300000.0,38500000.0,1.56,5.131,1589000000.0,80200000.0,1508800000.0,1589000000.0,0.0,23600000.0,0.0,0.002,0.17,80000000.0,103600000.0,0.265,103600000.0,80000000.0,60200000.0,0.55,0.55,0.55,485800000.0,,485800000.0,6324285028.0,26.0,18.705,39600000.0,0.562,1.0,173200000.0,0.444,671300000.0,19800000.0,3240200000.0,,233800000.0,99000000.0,0.0,99000000.0,2492600000.0,455100000.0,2037500000.0,5161585028.0,-220200000.0,-233800000.0,-14700000.0,2600000.0,-12000000.0,-24400000.0,-257600000.0,0.0,62500000.0,-700000.0,38700000.0,38700000.0,38700000.0,-600000.0,-200000.0,0.099,96600000.0,76600000.0,163800000.0,0.309,10.625,70.417,70.394,729000000.0,0.0,73.21,3.272,3.272,216500000.0,595700000.0,390500000.0,390500000.0,12400000.0,,,,,0.0,66400000.0,1.0,70503825.0,70500000.0,70900000.0,5.539,2310300000.0,736400000.0,21500000.0,12100000.0,32.77,255000000.0
21,GRA,MRQ,2016-03-31,2016-03-31,2016-03-31,2021-08-25,59800000.0,2888400000.0,,893900000.0,1994500000.0,,5.544,-34400000.0,423900000.0,423900000.0,210100000.0,300000.0,1.923,6.371,1586600000.0,78900000.0,1507700000.0,1586600000.0,0.0,23200000.0,0.0,0.0,0.0,43700000.0,66900000.0,0.184,66900000.0,43700000.0,21700000.0,0.01,0.01,0.01,391400000.0,,391400000.0,6910526515.0,26.0,19.228,63800000.0,0.904,1.0,152700000.0,0.421,560800000.0,22000000.0,3025500000.0,,211800000.0,110600000.0,0.0,110600000.0,2493600000.0,464800000.0,2028800000.0,5020926515.0,228000000.0,0.0,-11200000.0,-596000000.0,0.0,171800000.0,-43600000.0,0.0,98200000.0,1600000.0,500000.0,500000.0,500000.0,0.0,-200000.0,0.001,106200000.0,46500000.0,159800000.0,0.0,12.828,54.575,55.609,627400000.0,0.0,71.18,3.15,3.153,209100000.0,490900000.0,362800000.0,362800000.0,11700000.0,,,,,0.0,68000000.0,1.0,70538445.0,70600000.0,71100000.0,5.139,2327600000.0,664000000.0,21200000.0,13900000.0,32.969,429100000.0
22,GRA,MRQ,2015-12-31,2015-12-31,2015-12-31,2021-08-25,-66800000.0,3645700000.0,,1184500000.0,2461200000.0,,2.948,-32600000.0,240700000.0,240700000.0,254000000.0,20300000.0,1.674,16.522,2169600000.0,58100000.0,2111500000.0,2169600000.0,0.0,24400000.0,0.0,0.0,0.0,61900000.0,86300000.0,0.203,86300000.0,61900000.0,37000000.0,0.29,0.3,0.29,207800000.0,,207800000.0,8919522486.0,28.0,21.618,61200000.0,0.868,1.0,170800000.0,0.402,564000000.0,24900000.0,4303200000.0,,198800000.0,103200000.0,0.0,103200000.0,3433200000.0,707400000.0,2725800000.0,7034822486.0,-1200000.0,0.0,-79400000.0,8400000.0,0.0,-62900000.0,-30300000.0,0.0,93800000.0,-1800000.0,20300000.0,20300000.0,20300000.0,7200000.0,0.0,0.048,110000000.0,60800000.0,157800000.0,0.0,33.854,48.785,49.795,621700000.0,0.0,99.59,4.321,4.404,254500000.0,436300000.0,424800000.0,424800000.0,10900000.0,,,,,0.0,97900000.0,1.0,70637840.0,70500000.0,71100000.0,6.026,3081700000.0,714300000.0,16700000.0,11000000.0,43.712,477100000.0
23,GRA,MRQ,2015-09-30,2015-09-30,2015-09-30,2021-08-25,-73600000.0,3707500000.0,,1426300000.0,2281200000.0,,3.509,-29000000.0,331100000.0,331100000.0,233100000.0,13700000.0,1.995,13.637,2215800000.0,72000000.0,2143800000.0,2215800000.0,0.0,24600000.0,0.0,0.0,0.0,56700000.0,81300000.0,0.204,81300000.0,56700000.0,31500000.0,0.19,0.19,0.19,253000000.0,,253000000.0,8587190546.0,41.0,30.269,134000000.0,1.859,1.0,166100000.0,0.416,705600000.0,25200000.0,4171500000.0,,323100000.0,112100000.0,0.0,112100000.0,3450100000.0,715100000.0,2735000000.0,6730790546.0,-35800000.0,0.0,-108300000.0,-4000000.0,0.0,-113500000.0,-40200000.0,0.0,163000000.0,-45100000.0,13800000.0,13800000.0,13800000.0,19900000.0,-100000.0,0.035,93200000.0,72900000.0,262300000.0,0.0,26.604,48.284,48.212,813900000.0,0.0,93.05,12.899,12.857,455200000.0,416000000.0,399200000.0,399200000.0,11800000.0,,,,,0.0,70500000.0,1.0,72335202.0,72100000.0,72700000.0,5.537,3001900000.0,785200000.0,17700000.0,40200000.0,41.635,711200000.0
24,GRA,MRQ,2015-06-30,2015-06-30,2015-06-30,2021-08-25,-36800000.0,3814000000.0,,1503500000.0,2310500000.0,,5.252,-24200000.0,366900000.0,366900000.0,239400000.0,57400000.0,2.183,8.992,2223300000.0,76800000.0,2146500000.0,2223300000.0,0.0,25000000.0,0.0,0.0,0.0,99900000.0,124900000.0,0.307,124900000.0,99900000.0,75300000.0,0.79,0.78,0.79,381300000.0,,381300000.0,9204212849.0,32.0,24.843,105300000.0,1.45,1.0,167800000.0,0.412,718400000.0,24600000.0,4263200000.0,,322800000.0,108700000.0,0.0,108700000.0,3428700000.0,688800000.0,2739900000.0,7298412849.0,40100000.0,0.0,-45000000.0,-13500000.0,0.0,-60000000.0,-33300000.0,0.0,129500000.0,3900000.0,57400000.0,57400000.0,57400000.0,-24800000.0,0.0,0.141,95000000.0,72800000.0,273000000.0,0.0,19.141,36.474,36.606,825400000.0,0.0,100.3,7.455,7.438,480900000.0,402200000.0,407200000.0,407200000.0,12300000.0,,,,,0.0,73500000.0,1.0,72765831.0,72600000.0,73200000.0,5.609,3095600000.0,796200000.0,17900000.0,42700000.0,42.639,814700000.0
25,GRA,MRQ,2015-03-31,2015-03-31,2015-03-31,2021-08-25,-36900000.0,3768100000.0,,1338800000.0,2429300000.0,,5.012,-33000000.0,326800000.0,326800000.0,250000000.0,52700000.0,2.02,9.317,2232600000.0,88800000.0,2143800000.0,2232600000.0,0.0,25200000.0,0.0,0.0,0.0,94900000.0,120100000.0,0.303,120100000.0,94900000.0,70200000.0,0.72,0.72,0.72,364900000.0,,364900000.0,8636245489.0,27.0,20.602,-406600000.0,-5.585,1.0,147000000.0,0.37,721500000.0,24700000.0,4289500000.0,,325100000.0,106600000.0,0.0,106600000.0,3399900000.0,662900000.0,2737000000.0,7177945489.0,-230700000.0,0.0,-41900000.0,251500000.0,0.0,198800000.0,-40600000.0,0.0,-373600000.0,-15300000.0,52700000.0,52700000.0,52700000.0,-22500000.0,0.0,0.133,80800000.0,66200000.0,258200000.0,0.0,19.671,25.737,26.436,813100000.0,0.0,98.87,5.091,5.106,447900000.0,344800000.0,397000000.0,397000000.0,12100000.0,,,,,0.0,77000000.0,1.0,72599833.0,72800000.0,73500000.0,5.453,3046600000.0,826400000.0,17500000.0,40900000.0,41.849,675900000.0
26,GRA,MRQ,2014-12-31,2014-12-31,2014-12-31,2021-08-25,-23800000.0,4093600000.0,,1455500000.0,2638100000.0,,4.978,-10600000.0,557500000.0,557500000.0,-427700000.0,14200000.0,1.233,10.179,2015800000.0,96800000.0,1919000000.0,2015800000.0,0.0,400000.0,0.0,0.0,0.0,-43000000.0,-42600000.0,0.062,-42600000.0,-43000000.0,-63600000.0,0.23,0.23,0.23,365900000.0,,365900000.0,8460900898.0,26.0,19.946,152500000.0,2.075,1.0,-253900000.0,0.373,740900000.0,20600000.0,3630400000.0,,332800000.0,113100000.0,0.0,113100000.0,3724600000.0,1180600000.0,2544000000.0,7041900898.0,-50500000.0,0.0,-129300000.0,-11500000.0,0.0,-158800000.0,-44100000.0,0.0,163100000.0,-10700000.0,15500000.0,15500000.0,15500000.0,-159300000.0,-1300000.0,-0.023,-35100000.0,-218800000.0,255300000.0,0.0,19.245,25.486,25.992,833500000.0,0.0,95.39,4.007,4.087,481100000.0,292100000.0,-681600000.0,-681600000.0,-10000000.0,,,,,700000.0,-13400000.0,1.0,73822213.0,73500000.0,74400000.0,-9.273,3352700000.0,845800000.0,-79100000.0,43200000.0,45.615,274900000.0
27,GRA,MRQ,2014-09-30,2014-09-30,2014-09-30,2021-08-25,6000000.0,4180400000.0,,1799900000.0,2380500000.0,,6.861,-40200000.0,608000000.0,608000000.0,528600000.0,75000000.0,1.463,7.134,2027000000.0,97700000.0,1929300000.0,2027000000.0,0.0,34300000.0,0.0,0.0,0.0,133800000.0,168100000.0,0.196,168100000.0,133800000.0,119100000.0,1.0,0.99,1.0,512500000.0,,512500000.0,7594458809.0,19.0,14.466,-490300000.0,-6.564,1.0,327800000.0,0.383,756400000.0,14700000.0,3612700000.0,,337300000.0,108800000.0,0.0,108800000.0,3656000000.0,1230300000.0,2425700000.0,6804958809.0,324100000.0,0.0,-95600000.0,910800000.0,0.0,815000000.0,-32900000.0,0.0,-450100000.0,-7900000.0,74500000.0,74500000.0,74500000.0,0.0,500000.0,0.087,178900000.0,148900000.0,298500000.0,0.0,13.278,23.425,23.806,826400000.0,0.0,90.94,2.116,2.113,527300000.0,276600000.0,856400000.0,856400000.0,20500000.0,,,,,-700000.0,147700000.0,1.0,74829105.0,74700000.0,75600000.0,11.465,3424000000.0,815200000.0,44600000.0,35700000.0,45.837,569600000.0
28,GRA,MRQ,2014-06-30,2014-06-30,2014-06-30,2021-08-25,35400000.0,3903800000.0,,1466000000.0,2437800000.0,,7.37,-41400000.0,283900000.0,283900000.0,517100000.0,136700000.0,1.146,5.958,1073400000.0,157400000.0,916000000.0,1073400000.0,0.0,34000000.0,0.0,0.0,0.0,139600000.0,173600000.0,0.207,173600000.0,139600000.0,128500000.0,1.79,1.77,1.79,559400000.0,,559400000.0,7860092857.0,20.0,15.168,25600000.0,0.337,1.0,320900000.0,0.383,772900000.0,11100000.0,2641000000.0,,334600000.0,102700000.0,0.0,102700000.0,3333000000.0,1279400000.0,2053600000.0,7212492857.0,-139000000.0,0.0,-168400000.0,2700000.0,0.0,-165900000.0,-40400000.0,0.0,67000000.0,300000.0,136200000.0,136200000.0,136200000.0,0.0,500000.0,0.163,178200000.0,142700000.0,311500000.0,0.0,12.893,24.616,24.746,835200000.0,0.0,94.53,2.304,2.292,539900000.0,202100000.0,838000000.0,838000000.0,20300000.0,,,,,0.0,144000000.0,1.0,76298454.0,75900000.0,76800000.0,11.041,3130900000.0,835200000.0,-7700000.0,37500000.0,41.25,186600000.0
29,GRA,MRQ,2014-03-31,2014-03-31,2014-03-31,2021-08-25,9200000.0,4038700000.0,,1597600000.0,2441100000.0,,7.279,-40100000.0,422900000.0,422900000.0,475300000.0,50300000.0,1.258,6.186,1070500000.0,149000000.0,921500000.0,1070500000.0,0.0,34000000.0,0.0,0.0,0.0,91100000.0,125100000.0,0.168,125100000.0,91100000.0,79900000.0,0.65,0.64,0.65,560500000.0,,560500000.0,7530675890.0,19.0,14.51,-1293400000.0,-16.797,1.0,269200000.0,0.362,765800000.0,11200000.0,2650800000.0,,324800000.0,99700000.0,0.0,99700000.0,3467300000.0,1269700000.0,2197600000.0,7642375890.0,-541900000.0,0.0,-52800000.0,412300000.0,0.0,360800000.0,352700000.0,0.0,-1253300000.0,-2100000.0,50100000.0,50100000.0,50100000.0,0.0,200000.0,0.067,173400000.0,95800000.0,305400000.0,0.0,13.635,30.928,30.894,832700000.0,0.0,99.17,2.469,2.467,504700000.0,65900000.0,744500000.0,744500000.0,20500000.0,,,,,0.0,136800000.0,1.0,77063385.0,77000000.0,78100000.0,9.669,3272900000.0,892900000.0,29800000.0,98400000.0,42.505,327900000.0
30,GRA,MRQ,2013-12-31,2013-12-31,2013-12-31,2021-08-25,10600000.0,5396100000.0,,2294400000.0,3101700000.0,,7.281,-38300000.0,1360200000.0,1360200000.0,476900000.0,30200000.0,3.61,8.607,110700000.0,81100000.0,29600000.0,110700000.0,0.0,31300000.0,0.0,0.0,0.0,26900000.0,58200000.0,0.075,58200000.0,26900000.0,15200000.0,0.38,0.38,0.38,560600000.0,,560600000.0,7482577520.0,19.0,14.228,135000000.0,1.753,1.0,299800000.0,0.386,773000000.0,11700000.0,2738000000.0,,295300000.0,96200000.0,0.0,96200000.0,4824900000.0,635600000.0,4189300000.0,7602777520.0,-89900000.0,-512200000.0,3500000.0,-8900000.0,0.0,-8700000.0,-265400000.0,500000000.0,173300000.0,10900000.0,29700000.0,29700000.0,29700000.0,0.0,500000.0,0.038,140700000.0,159100000.0,262500000.0,0.0,13.562,29.687,29.513,829900000.0,0.0,98.87,2.484,2.468,481800000.0,15800000.0,776700000.0,776700000.0,16700000.0,,,,,-33700000.0,100600000.0,1.0,76896708.0,77000000.0,78000000.0,10.087,4623100000.0,904000000.0,-14500000.0,23200000.0,60.04,1658800000.0
31,GRA,MRQ,2013-09-30,2013-09-30,2013-09-30,2021-08-25,-527700000.0,5230000000.0,,2689600000.0,2540400000.0,,7.846,-44200000.0,1239900000.0,1239900000.0,488900000.0,77300000.0,4.201,7.674,1119700000.0,90700000.0,1029000000.0,1119700000.0,0.0,30000000.0,0.0,0.0,0.0,131300000.0,161300000.0,0.209,161300000.0,131300000.0,120600000.0,1.0,0.99,1.0,601800000.0,,601800000.0,6683821390.0,113.0,36.948,128100000.0,1.67,1.0,282400000.0,0.366,280900000.0,10700000.0,4188600000.0,,314800000.0,590800000.0,500000000.0,90800000.0,4618100000.0,640300000.0,3977800000.0,6698421390.0,112300000.0,1800000.0,5700000.0,14000000.0,0.0,-9700000.0,-57200000.0,0.0,172300000.0,6900000.0,77000000.0,77000000.0,77000000.0,0.0,300000.0,0.1,153600000.0,128800000.0,260300000.0,0.0,11.131,110.353,118.108,787800000.0,0.0,87.4,2.174,2.175,483900000.0,600300000.0,771300000.0,771300000.0,15000000.0,,,,,33700000.0,129700000.0,1.0,76640977.0,76700000.0,77900000.0,10.056,4949100000.0,825200000.0,43600000.0,109300000.0,64.525,2049300000.0
32,GRA,MRQ,2013-06-30,2013-06-30,2013-06-30,2021-08-25,-561500000.0,5165500000.0,,2549800000.0,2615700000.0,,6.862,-35400000.0,1110900000.0,1110900000.0,501900000.0,90800000.0,4.032,8.845,1096300000.0,75200000.0,1021100000.0,1096300000.0,0.0,30700000.0,0.0,0.0,0.0,143700000.0,174400000.0,0.217,174400000.0,143700000.0,132800000.0,1.18,1.16,1.18,523600000.0,,523600000.0,5946765894.0,119.0,34.635,84800000.0,1.111,1.0,300900000.0,0.375,280100000.0,10900000.0,4238400000.0,,313400000.0,599500000.0,500000000.0,99500000.0,4631400000.0,632400000.0,3999000000.0,6381665894.0,-377400000.0,-15800000.0,18900000.0,700000.0,0.0,20600000.0,-515800000.0,-500000000.0,120200000.0,-2400000.0,90300000.0,90300000.0,90300000.0,0.0,500000.0,0.112,165900000.0,135000000.0,282700000.0,0.0,12.188,107.798,112.053,772600000.0,0.0,84.04,2.067,2.077,481500000.0,530900000.0,802800000.0,802800000.0,16600000.0,,,,,0.0,142100000.0,1.0,75936053.0,76300000.0,77600000.0,10.522,4885400000.0,953500000.0,42500000.0,112800000.0,64.029,1917400000.0
33,GRA,MRQ,2013-03-31,2013-03-31,2013-03-31,2021-08-25,-577200000.0,5049400000.0,,2429600000.0,2619800000.0,,5.3,-38300000.0,1521400000.0,1521400000.0,450900000.0,59400000.0,4.069,11.56,1086500000.0,72000000.0,1014500000.0,1086500000.0,0.0,31100000.0,0.0,0.0,0.0,100900000.0,132000000.0,0.186,132000000.0,100900000.0,90400000.0,0.78,0.77,0.78,401200000.0,,401200000.0,5420765451.0,238.0,37.775,11800000.0,0.156,1.0,259000000.0,0.365,273200000.0,10500000.0,3744200000.0,,317800000.0,90500000.0,0.0,90500000.0,4637800000.0,597100000.0,4040700000.0,5859165451.0,-17100000.0,0.0,6300000.0,-17700000.0,0.0,-10600000.0,-42300000.0,0.0,50100000.0,-14300000.0,59100000.0,59100000.0,59100000.0,0.0,300000.0,0.083,162900000.0,96100000.0,286200000.0,0.0,14.604,153.381,155.02,762500000.0,0.0,77.51,1.883,1.886,443400000.0,448100000.0,709900000.0,709900000.0,16900000.0,,,,,0.0,133300000.0,1.0,75592381.0,75700000.0,77200000.0,9.378,4776200000.0,979800000.0,31300000.0,117300000.0,63.094,1832500000.0
34,GRA,MRQ,2012-12-31,2012-12-31,2012-12-31,2021-08-25,29700000.0,5090400000.0,,2445200000.0,2645200000.0,,4.105,-34900000.0,1534500000.0,1534500000.0,549400000.0,-166000000.0,3.783,15.394,1096100000.0,87000000.0,1009100000.0,1096100000.0,0.0,30100000.0,0.0,0.0,0.0,-316900000.0,-286800000.0,-0.359,-286800000.0,-316900000.0,-329300000.0,-2.22,-2.18,-2.22,309900000.0,,309900000.0,4728017462.0,190.0,32.856,126300000.0,1.673,1.0,248400000.0,0.311,279400000.0,12400000.0,3726300000.0,,283600000.0,85500000.0,0.0,85500000.0,4770600000.0,646300000.0,4124300000.0,5063317462.0,85700000.0,-39500000.0,6500000.0,15600000.0,0.0,31900000.0,-112600000.0,0.0,161200000.0,5200000.0,-165700000.0,-165700000.0,-165700000.0,0.0,-300000.0,-0.208,570300000.0,-321900000.0,252000000.0,0.0,16.339,126.583,126.849,770500000.0,0.0,67.23,1.605,1.596,490400000.0,-240300000.0,797800000.0,797800000.0,16600000.0,,,,,-13800000.0,234000000.0,1.0,75313364.0,75500000.0,76600000.0,10.567,4811000000.0,1011500000.0,-163600000.0,114700000.0,63.722,1798900000.0
35,GRA,MRQ,2012-09-30,2012-09-30,2012-09-30,2021-08-25,-610700000.0,4756500000.0,,2358100000.0,2398400000.0,,5.237,-37200000.0,1411800000.0,1411800000.0,491800000.0,76000000.0,3.718,11.085,1076500000.0,75900000.0,1000600000.0,1076500000.0,0.0,29700000.0,0.0,0.0,0.0,122400000.0,152100000.0,0.196,152100000.0,122400000.0,110900000.0,1.01,0.99,1.01,392800000.0,,392800000.0,4217926850.0,12.0,9.063,135500000.0,1.807,1.0,284800000.0,0.367,254500000.0,11500000.0,3532500000.0,,309000000.0,81200000.0,0.0,81200000.0,4354300000.0,634200000.0,3720100000.0,4427726850.0,139800000.0,-40500000.0,7900000.0,25600000.0,0.0,57800000.0,-97800000.0,0.0,172700000.0,7100000.0,75500000.0,75500000.0,75500000.0,0.0,500000.0,0.097,166800000.0,118000000.0,253200000.0,0.0,11.272,20.681,20.514,735400000.0,0.0,59.08,1.391,1.392,483400000.0,506800000.0,776600000.0,776600000.0,15400000.0,,,,,-23000000.0,130800000.0,1.0,74944598.0,75000000.0,76400000.0,10.355,4502000000.0,815300000.0,35400000.0,104800000.0,60.027,1723900000.0
36,GRA,MRQ,2012-06-30,2012-06-30,2012-06-30,2021-08-25,-613700000.0,4555200000.0,,2234700000.0,2320500000.0,,3.74,-29100000.0,1251600000.0,1251600000.0,522600000.0,69700000.0,3.616,15.271,1041800000.0,61100000.0,980700000.0,1041800000.0,0.0,29800000.0,0.0,0.0,0.0,116400000.0,146200000.0,0.177,146200000.0,116400000.0,105100000.0,0.93,0.9,0.93,279400000.0,,279400000.0,3651201307.0,10.0,7.653,110000000.0,1.473,1.0,304100000.0,0.368,210100000.0,11300000.0,3517300000.0,,317000000.0,76800000.0,0.0,76800000.0,4266600000.0,618000000.0,3648600000.0,3764501307.0,103200000.0,0.0,5800000.0,-1900000.0,0.0,6000000.0,-29600000.0,0.0,139100000.0,-12300000.0,69300000.0,69300000.0,69300000.0,0.0,400000.0,0.084,190500000.0,113600000.0,259900000.0,0.0,13.474,17.119,16.987,720300000.0,0.0,50.45,1.151,1.152,510500000.0,431300000.0,826700000.0,826700000.0,16000000.0,,,,,0.0,133800000.0,1.0,74618460.0,74700000.0,76600000.0,11.067,4345100000.0,800100000.0,35800000.0,88400000.0,58.167,1616700000.0
37,GRA,MRQ,2012-03-31,2012-03-31,2012-03-31,2021-08-25,-562300000.0,4460000000.0,,2133200000.0,2326800000.0,,3.376,-37300000.0,1147800000.0,1147800000.0,477300000.0,61300000.0,3.456,16.749,1034500000.0,62600000.0,971900000.0,1034500000.0,0.0,29400000.0,0.0,0.0,0.0,103000000.0,132400000.0,0.176,132400000.0,103000000.0,91700000.0,0.82,0.8,0.82,250800000.0,,250800000.0,4113583159.0,11.0,8.499,-56700000.0,-0.763,1.0,277100000.0,0.367,150400000.0,11300000.0,3579000000.0,,358500000.0,76400000.0,0.0,76400000.0,4200600000.0,617300000.0,3583300000.0,4273683159.0,-40100000.0,0.0,12000000.0,900000.0,0.0,14600000.0,-40300000.0,0.0,-19400000.0,5000000.0,60900000.0,60900000.0,60900000.0,0.0,400000.0,0.081,179400000.0,97700000.0,263600000.0,0.0,17.04,18.877,18.827,726800000.0,0.0,57.8,1.307,1.313,471700000.0,362000000.0,754400000.0,754400000.0,16500000.0,,,,,0.0,136600000.0,1.0,73939155.0,74300000.0,76400000.0,10.153,4309600000.0,803700000.0,30800000.0,89400000.0,58.003,1515900000.0
38,GRA,MRQ,2011-12-31,2011-12-31,2011-12-31,2021-08-25,-578500000.0,4494000000.0,,2146400000.0,2347600000.0,,2.157,-46900000.0,1184800000.0,1184800000.0,586100000.0,8400000.0,3.391,27.142,1024700000.0,61300000.0,963400000.0,1024700000.0,0.0,30100000.0,0.0,0.0,0.0,4600000.0,34700000.0,0.042,34700000.0,4600000.0,-6200000.0,0.12,0.11,0.12,159400000.0,,159400000.0,3344725324.0,10.0,7.103,117800000.0,1.594,1.0,239500000.0,0.29,218800000.0,10800000.0,3482200000.0,,329100000.0,70800000.0,0.0,70800000.0,4326500000.0,632900000.0,3693600000.0,3390125324.0,124500000.0,10000000.0,1800000.0,11600000.0,0.0,14700000.0,-47100000.0,0.0,164700000.0,-7800000.0,8400000.0,8400000.0,8400000.0,0.0,0.0,0.01,236900000.0,2600000.0,257600000.0,0.0,21.268,15.431,15.358,723500000.0,0.0,45.92,1.055,1.052,473000000.0,301100000.0,825600000.0,825600000.0,19400000.0,,,,,0.0,235900000.0,1.0,73826771.0,73900000.0,75500000.0,11.172,4275200000.0,825900000.0,-14600000.0,89100000.0,57.851,1513500000.0
39,GRA,MRQ,2011-09-30,2011-09-30,2011-09-30,2021-08-25,-605100000.0,4501400000.0,,2063800000.0,2437600000.0,,0.939,-39400000.0,1049300000.0,1049300000.0,547800000.0,81200000.0,3.068,63.955,1003900000.0,49200000.0,954700000.0,1003900000.0,0.0,31000000.0,0.0,0.0,0.0,132800000.0,163800000.0,0.19,163800000.0,132800000.0,121700000.0,1.1,1.07,1.1,69200000.0,,69200000.0,2431361115.0,6.0,4.574,87600000.0,1.189,1.0,316400000.0,0.366,149000000.0,11100000.0,3634400000.0,,355100000.0,69300000.0,0.0,69300000.0,4425700000.0,672600000.0,3753100000.0,2454461115.0,29100000.0,-55800000.0,4900000.0,11100000.0,0.0,17800000.0,-107600000.0,0.0,127000000.0,-8100000.0,81300000.0,81300000.0,81300000.0,0.0,-100000.0,0.094,189200000.0,127200000.0,270700000.0,0.0,35.469,9.58,9.542,719100000.0,0.0,33.3,0.797,0.797,480200000.0,243000000.0,864200000.0,864200000.0,16800000.0,,,,,0.0,148200000.0,1.0,73707541.0,73700000.0,75700000.0,11.726,4352400000.0,915200000.0,40400000.0,126800000.0,59.056,1391200000.0
40,GRA,MRQ,2011-06-30,2011-06-30,2011-06-30,2021-08-25,-481300000.0,4314800000.0,,1947400000.0,2367400000.0,,1.403,-34300000.0,1006900000.0,1006900000.0,521800000.0,75500000.0,3.233,40.825,983800000.0,39300000.0,944500000.0,983800000.0,0.0,29700000.0,0.0,0.0,0.0,123400000.0,153100000.0,0.185,153100000.0,123400000.0,112400000.0,1.03,1.0,1.03,103000000.0,,103000000.0,3405218492.0,9.0,7.136,73800000.0,1.005,1.0,304600000.0,0.369,130200000.0,11000000.0,3559200000.0,,313200000.0,63600000.0,0.0,63600000.0,4205000000.0,602300000.0,3602700000.0,3350918492.0,75300000.0,0.0,3500000.0,2100000.0,0.0,6900000.0,-42100000.0,0.0,108100000.0,2400000.0,75800000.0,75800000.0,75800000.0,0.0,-300000.0,0.092,185700000.0,118900000.0,262900000.0,0.0,32.533,14.582,14.532,719700000.0,0.0,45.63,1.157,1.156,501000000.0,161700000.0,826400000.0,826400000.0,16700000.0,,,,,0.0,145900000.0,1.0,73436741.0,73400000.0,75600000.0,11.259,4184600000.0,871300000.0,36600000.0,125200000.0,57.011,1345100000.0
41,GRA,MRQ,2011-03-31,2011-03-31,2011-03-31,2021-08-25,-502400000.0,4187900000.0,,1818500000.0,2369400000.0,,-0.034,-23400000.0,917800000.0,917800000.0,443300000.0,54000000.0,3.166,-1673.48,972100000.0,36400000.0,935700000.0,972100000.0,0.0,29200000.0,0.0,0.0,0.0,90100000.0,119300000.0,0.171,119300000.0,90100000.0,79700000.0,0.74,0.72,0.74,-2500000.0,,-2500000.0,2653152871.0,8.0,6.077,-203800000.0,-2.784,1.0,252400000.0,0.363,129200000.0,10400000.0,3538600000.0,,303600000.0,59400000.0,0.0,59400000.0,4183700000.0,574400000.0,3609300000.0,2800452871.0,-196300000.0,0.0,1900000.0,-3200000.0,0.0,300000.0,-24100000.0,0.0,-180400000.0,7900000.0,54200000.0,54200000.0,54200000.0,0.0,-200000.0,0.078,166000000.0,86400000.0,264200000.0,0.0,-1120.181,13.661,13.626,713000000.0,0.0,38.29,1.016,1.017,446300000.0,85900000.0,695700000.0,695700000.0,15600000.0,,,,,0.0,129900000.0,1.0,73137970.0,73200000.0,75100000.0,9.504,4058700000.0,892700000.0,25500000.0,128700000.0,55.447,1244100000.0
42,GRA,MRQ,2010-12-31,2010-12-31,2010-12-31,2021-08-25,-518100000.0,4271700000.0,,1904200000.0,2367500000.0,,-1.041,-42100000.0,1113500000.0,1113500000.0,448100000.0,44800000.0,3.573,-57.338,966200000.0,39300000.0,926900000.0,966200000.0,0.0,28700000.0,0.0,0.0,0.0,66700000.0,95400000.0,0.138,95400000.0,66700000.0,56500000.0,0.62,0.61,0.62,-75700000.0,,-75700000.0,2495362635.0,9.0,6.293,117700000.0,1.619,1.0,244900000.0,0.353,125500000.0,10200000.0,3466000000.0,,259300000.0,56400000.0,0.0,56400000.0,4340500000.0,532900000.0,3807600000.0,2567262635.0,96400000.0,-32000000.0,2500000.0,29300000.0,0.0,32700000.0,-93500000.0,0.0,159800000.0,-2600000.0,44900000.0,44900000.0,44900000.0,0.0,-100000.0,0.065,183100000.0,61800000.0,215600000.0,0.0,-33.914,12.396,12.326,702500000.0,0.0,35.13,0.96,0.955,386100000.0,31700000.0,693000000.0,693000000.0,15400000.0,,,,,0.0,138200000.0,1.0,73078925.0,72700000.0,73800000.0,9.532,4146200000.0,899700000.0,11600000.0,128400000.0,57.032,1371300000.0
43,GRA,MRQ,2010-09-30,2010-09-30,2010-09-30,2021-08-25,-575700000.0,4209600000.0,,1835200000.0,2374400000.0,,-2.525,-26800000.0,1000400000.0,1000400000.0,436600000.0,54900000.0,3.659,-23.856,928500000.0,9200000.0,919300000.0,928500000.0,0.0,27200000.0,0.0,0.0,0.0,82200000.0,109400000.0,0.16,109400000.0,82200000.0,72000000.0,0.75,0.74,0.75,-183800000.0,,-183800000.0,2026577167.0,8.0,5.329,56000000.0,0.769,1.0,245500000.0,0.36,116600000.0,10200000.0,3519600000.0,,267400000.0,58400000.0,0.0,58400000.0,4384700000.0,501500000.0,3883200000.0,2033477167.0,77700000.0,-2700000.0,1100000.0,4800000.0,0.0,6100000.0,-26400000.0,0.0,82800000.0,15200000.0,54900000.0,54900000.0,54900000.0,0.0,0.0,0.08,165000000.0,80500000.0,217700000.0,0.0,-11.064,9.748,9.701,673800000.0,0.0,27.94,0.764,0.765,420600000.0,-13200000.0,682100000.0,682100000.0,14800000.0,,,,,0.0,123900000.0,1.0,72780142.0,72800000.0,74300000.0,9.37,4093000000.0,945900000.0,17100000.0,139300000.0,56.223,1333700000.0
44,GRA,MRQ,2010-06-30,2010-06-30,2010-06-30,2021-08-25,-571600000.0,4053300000.0,,1711500000.0,2341800000.0,,-3.285,-24300000.0,923100000.0,923100000.0,440500000.0,51000000.0,3.771,-17.935,916200000.0,7300000.0,908900000.0,916200000.0,0.0,30200000.0,0.0,0.0,0.0,82300000.0,112500000.0,0.164,112500000.0,82300000.0,71300000.0,0.7,0.69,0.7,-238800000.0,,-238800000.0,1574442959.0,6.0,4.18,64600000.0,0.889,1.0,244500000.0,0.357,110000000.0,11000000.0,3482600000.0,,244500000.0,56800000.0,0.0,56800000.0,4282800000.0,453800000.0,3829000000.0,1529342959.0,58700000.0,0.0,2500000.0,2000000.0,0.0,6400000.0,-28300000.0,0.0,88900000.0,-8300000.0,51000000.0,51000000.0,51000000.0,0.0,0.0,0.074,168400000.0,76100000.0,200000000.0,0.0,-6.404,7.72,7.679,650100000.0,0.0,21.04,0.56,0.56,400700000.0,-68200000.0,685000000.0,685000000.0,14800000.0,,,,,0.0,129800000.0,1.0,72687403.0,72700000.0,74400000.0,9.422,3943300000.0,933600000.0,20300000.0,133000000.0,54.241,1257700000.0
45,GRA,MRQ,2010-03-31,2010-03-31,2010-03-31,2021-08-25,-520600000.0,3957900000.0,,1627800000.0,2330100000.0,,-3.367,-17900000.0,859900000.0,859900000.0,401200000.0,56700000.0,3.615,-17.196,905000000.0,4700000.0,900300000.0,905000000.0,0.0,29500000.0,0.0,0.0,0.0,49700000.0,79200000.0,0.129,79200000.0,49700000.0,39800000.0,0.78,0.76,0.78,-243800000.0,,-243800000.0,2020161996.0,9.0,5.963,-23500000.0,-0.325,1.0,213700000.0,0.348,114400000.0,9900000.0,3438300000.0,,237000000.0,50600000.0,0.0,50600000.0,4192300000.0,450300000.0,3742000000.0,2007661996.0,-110100000.0,0.0,4300000.0,-7200000.0,0.0,-3700000.0,-94900000.0,0.0,-5600000.0,-5900000.0,56300000.0,56300000.0,56300000.0,0.0,400000.0,0.092,168700000.0,45000000.0,196300000.0,0.0,-8.235,12.065,12.017,668200000.0,0.0,27.76,0.728,0.729,385500000.0,-119100000.0,614900000.0,614900000.0,15300000.0,,,,,0.0,122500000.0,1.0,72322118.0,72400000.0,74400000.0,8.493,3843500000.0,911200000.0,-16500000.0,137800000.0,53.087,1177500000.0
46,GRA,MRQ,2009-12-31,2009-12-31,2009-12-31,2021-08-25,-514500000.0,3968200000.0,,1628700000.0,2339500000.0,,-4.144,-40200000.0,893000000.0,893000000.0,429900000.0,46500000.0,3.292,-14.234,905500000.0,12600000.0,892900000.0,905500000.0,0.0,28500000.0,0.0,0.0,0.0,50700000.0,79200000.0,0.117,79200000.0,50700000.0,40900000.0,0.65,0.64,0.65,-299200000.0,,-299200000.0,1947395731.0,16.0,8.322,147700000.0,2.046,1.0,248400000.0,0.366,118600000.0,9800000.0,3367400000.0,,220600000.0,45700000.0,0.0,45700000.0,4258700000.0,494700000.0,3764000000.0,1831195731.0,127600000.0,-3600000.0,800000.0,4400000.0,0.0,-21400000.0,-39400000.0,4800000.0,187900000.0,500000.0,46400000.0,46400000.0,46400000.0,0.0,100000.0,0.068,211600000.0,36800000.0,174200000.0,0.0,-6.12,25.719,25.606,690100000.0,0.0,25.35,0.648,0.648,373200000.0,-175400000.0,678300000.0,678300000.0,17300000.0,,,,,0.0,148800000.0,1.0,72236518.0,72200000.0,73500000.0,9.395,3849600000.0,904900000.0,-5500000.0,152100000.0,53.319,1134000000.0
47,GRA,MRQ,2009-09-30,2009-09-30,2009-09-30,2021-08-25,-544500000.0,3936800000.0,,1591300000.0,2345500000.0,,-5.27,-17100000.0,765400000.0,765400000.0,491100000.0,50800000.0,3.207,-11.167,881600000.0,6600000.0,875000000.0,881600000.0,0.0,28100000.0,0.0,0.0,0.0,77700000.0,105800000.0,0.14,105800000.0,77700000.0,68000000.0,0.61,0.61,0.61,-380500000.0,,-380500000.0,1835739245.0,20.0,9.048,109800000.0,1.521,1.0,262500000.0,0.348,120200000.0,9700000.0,3436600000.0,,261200000.0,4800000.0,4800000.0,0.0,4249100000.0,496200000.0,3752900000.0,1569239245.0,157700000.0,26700000.0,600000.0,200000.0,0.0,-300000.0,20900000.0,9400000.0,126900000.0,10200000.0,44400000.0,44400000.0,44400000.0,0.0,6400000.0,0.059,200600000.0,61900000.0,177600000.0,0.0,-4.124,23.009,22.884,686600000.0,0.0,21.74,0.538,0.538,442100000.0,-221800000.0,753600000.0,753600000.0,16600000.0,,,,,0.0,136700000.0,1.0,72182118.0,72200000.0,72900000.0,10.438,3816600000.0,922900000.0,23600000.0,129700000.0,52.861,1095100000.0
48,GRA,MRQ,2009-06-30,2009-06-30,2009-06-30,2021-08-25,-531700000.0,3815100000.0,,1458300000.0,2356800000.0,,-5.745,-19900000.0,607700000.0,607700000.0,467900000.0,22700000.0,3.031,-10.045,874200000.0,6300000.0,867900000.0,874200000.0,0.0,28900000.0,0.0,0.0,0.0,45700000.0,74600000.0,0.105,74600000.0,45700000.0,36100000.0,0.27,0.26,0.27,-414800000.0,,-414800000.0,1212310764.0,24.0,7.383,44000000.0,0.609,1.0,243100000.0,0.342,118100000.0,9600000.0,3482400000.0,,275400000.0,14200000.0,14200000.0,0.0,4166800000.0,481100000.0,3685700000.0,892610764.0,54000000.0,0.0,0.0,-5000000.0,0.0,-6700000.0,-15200000.0,2100000.0,63900000.0,12000000.0,19300000.0,19300000.0,19300000.0,0.0,3400000.0,0.027,193300000.0,49800000.0,213400000.0,0.0,-2.152,17.133,16.945,688500000.0,0.0,12.37,0.293,0.293,452200000.0,-266200000.0,711000000.0,711000000.0,17600000.0,,,,,0.0,139400000.0,1.0,72159318.0,72200000.0,72900000.0,9.848,3697000000.0,920900000.0,16800000.0,128300000.0,51.205,977200000.0
49,GRA,MRQ,2009-03-31,2009-03-31,2009-03-31,2021-08-25,-529800000.0,3726700000.0,,1387200000.0,2339500000.0,,-6.011,-16600000.0,553700000.0,553700000.0,511600000.0,-38800000.0,2.802,-9.451,873400000.0,12500000.0,860900000.0,873400000.0,0.0,27500000.0,0.0,0.0,0.0,-53100000.0,-25600000.0,-0.038,-25600000.0,-53100000.0,-62300000.0,-0.54,-0.54,-0.54,-434000000.0,,-434000000.0,861235514.0,11.0,4.481,38100000.0,0.528,1.0,170500000.0,0.25,113500000.0,9200000.0,3437900000.0,,288600000.0,15600000.0,15600000.0,0.0,4101600000.0,495000000.0,3606600000.0,456035514.0,93600000.0,0.0,0.0,0.0,0.0,-12900000.0,59800000.0,6200000.0,54700000.0,-8000000.0,-38900000.0,-38900000.0,-38900000.0,0.0,100000.0,-0.057,223600000.0,-53100000.0,215300000.0,0.0,-1.051,7.027,6.945,680500000.0,0.0,6.32,0.141,0.141,407400000.0,-285500000.0,682100000.0,682100000.0,18600000.0,,,,,0.0,149700000.0,1.0,72157518.0,72200000.0,72200000.0,9.447,3613200000.0,894800000.0,-23400000.0,114200000.0,50.044,892200000.0
50,GRA,MRQ,2008-12-31,2008-12-31,2008-12-31,2021-08-25,-560300000.0,3875500000.0,,1498200000.0,2377300000.0,,-5.929,-39100000.0,460100000.0,460100000.0,559500000.0,47400000.0,2.81,-9.907,865300000.0,11200000.0,854100000.0,865300000.0,0.0,27900000.0,0.0,0.0,0.0,20200000.0,48100000.0,0.063,48100000.0,20200000.0,8800000.0,0.61,0.61,0.61,-426900000.0,,-426900000.0,957180382.0,5.0,3.204,144600000.0,2.008,1.0,208900000.0,0.272,117100000.0,11400000.0,3630500000.0,,354800000.0,29500000.0,21600000.0,7900000.0,4229300000.0,533100000.0,3696200000.0,430780382.0,134900000.0,0.0,0.0,5200000.0,0.0,-35600000.0,-7200000.0,12200000.0,183700000.0,-6000000.0,43400000.0,43400000.0,43400000.0,0.0,4000000.0,0.056,185300000.0,23600000.0,207600000.0,0.0,-1.009,3.546,3.533,710600000.0,0.0,5.97,0.13,0.13,462600000.0,-246600000.0,768400000.0,768400000.0,19300000.0,,,,,0.0,148000000.0,1.0,72157518.0,72000000.0,71900000.0,10.672,3758400000.0,897500000.0,-34600000.0,128100000.0,52.2,965100000.0
51,GRA,MRQ,2008-09-30,2008-09-30,2008-09-30,2021-08-25,-336900000.0,3754200000.0,,1487200000.0,2267000000.0,,-3.443,-34400000.0,325200000.0,325200000.0,630800000.0,32400000.0,2.876,-16.101,851600000.0,6100000.0,845500000.0,851600000.0,0.0,29900000.0,0.0,0.0,0.0,37200000.0,67100000.0,0.075,67100000.0,37200000.0,24000000.0,0.39,0.39,0.39,-248600000.0,,-248600000.0,1534230952.0,9.0,5.203,-117200000.0,-1.623,1.0,258600000.0,0.291,122000000.0,13200000.0,3641500000.0,,431400000.0,35100000.0,35100000.0,0.0,4002800000.0,517100000.0,3485700000.0,1090930952.0,-70200000.0,0.0,0.0,2400000.0,0.0,42100000.0,-19700000.0,14800000.0,-82800000.0,-9800000.0,28300000.0,28300000.0,28300000.0,0.0,4100000.0,0.032,217300000.0,41300000.0,219400000.0,0.0,-4.388,9.462,9.333,710100000.0,0.0,15.12,0.325,0.326,531100000.0,-290000000.0,889400000.0,889400000.0,20500000.0,,,,,0.0,150700000.0,1.0,72151518.0,72200000.0,72800000.0,12.319,3632200000.0,772300000.0,-4300000.0,122000000.0,50.307,970100000.0
52,GRA,MRQ,2008-06-30,2008-06-30,2008-06-30,2021-08-25,-347800000.0,3858800000.0,,1603100000.0,2255700000.0,,-4.662,-32800000.0,395400000.0,395400000.0,624300000.0,36500000.0,2.394,-12.481,838700000.0,3800000.0,834900000.0,838700000.0,0.0,30700000.0,0.0,0.0,0.0,71900000.0,102600000.0,0.114,102600000.0,71900000.0,57400000.0,0.45,0.44,0.45,-336100000.0,,-336100000.0,2058738484.0,11.0,6.837,-71000000.0,-0.985,1.0,275700000.0,0.306,126700000.0,14500000.0,3505800000.0,,368700000.0,50500000.0,50500000.0,0.0,4194900000.0,669600000.0,3525300000.0,1693838484.0,-65400000.0,0.0,700000.0,600000.0,0.0,-12600000.0,-10900000.0,13600000.0,-38200000.0,-3700000.0,32100000.0,32100000.0,32100000.0,0.0,4400000.0,0.036,199400000.0,76300000.0,228900000.0,0.0,-5.04,15.965,15.66,724400000.0,0.0,23.49,0.522,0.522,534900000.0,-366500000.0,900000000.0,900000000.0,21200000.0,,,,,0.0,148200000.0,1.0,72108918.0,72100000.0,72900000.0,12.483,3732100000.0,804200000.0,25300000.0,135800000.0,51.763,933500000.0
53,GRA,MRQ,2008-03-31,2008-03-31,2008-03-31,2021-08-25,-342700000.0,3927300000.0,,1588100000.0,2339200000.0,,-4.975,-25900000.0,460800000.0,460800000.0,519800000.0,20600000.0,3.193,-12.01,825700000.0,3200000.0,822500000.0,825700000.0,0.0,30200000.0,0.0,0.0,0.0,50700000.0,80900000.0,0.107,80900000.0,50700000.0,35600000.0,0.25,0.24,0.25,-356700000.0,,-356700000.0,1969124415.0,12.0,7.129,-73600000.0,-1.026,1.0,239400000.0,0.315,128100000.0,15100000.0,3666800000.0,,371900000.0,64000000.0,64000000.0,0.0,4284000000.0,497300000.0,3786700000.0,1634724415.0,-19700000.0,0.0,8900000.0,-1500000.0,0.0,6700000.0,6700000.0,30100000.0,-47700000.0,14600000.0,17700000.0,17700000.0,17700000.0,0.0,2900000.0,0.023,185800000.0,53600000.0,203600000.0,0.0,-4.583,17.299,17.03,722900000.0,0.0,22.82,0.518,0.518,488100000.0,-391500000.0,759200000.0,759200000.0,21700000.0,,,,,0.0,142800000.0,1.0,71635601.0,71700000.0,72400000.0,10.589,3799200000.0,802800000.0,17900000.0,120300000.0,52.987,1090800000.0
54,GRA,MRQ,2007-12-31,2007-12-31,2007-12-31,2021-08-25,-350100000.0,3908400000.0,,1637900000.0,2270500000.0,,-4.945,-47100000.0,480500000.0,480500000.0,563800000.0,61700000.0,3.143,-12.18,814900000.0,4700000.0,810200000.0,814900000.0,0.0,29900000.0,0.0,0.0,0.0,14400000.0,44300000.0,0.055,44300000.0,14400000.0,-600000.0,0.53,0.52,0.53,-349600000.0,,-349600000.0,1312713510.0,8.0,4.805,-12700000.0,-0.18,1.0,239900000.0,0.298,122300000.0,15000000.0,3599400000.0,,362900000.0,98300000.0,98300000.0,0.0,4258000000.0,521100000.0,3736900000.0,1843313510.0,-54500000.0,0.0,19900000.0,7500000.0,0.0,14900000.0,-106400000.0,-74700000.0,34400000.0,2600000.0,37200000.0,37200000.0,37200000.0,0.0,24500000.0,0.046,218800000.0,21100000.0,191300000.0,0.0,-5.273,20.758,20.614,706100000.0,0.0,26.18,0.592,0.589,500600000.0,-368100000.0,803700000.0,803700000.0,21700000.0,,,,,0.0,168800000.0,1.0,70409225.0,70700000.0,71900000.0,11.368,3786100000.0,785200000.0,-37800000.0,122000000.0,53.552,1116800000.0
55,GRA,MRQ,2007-09-30,2007-09-30,2007-09-30,2021-08-25,-311200000.0,3794400000.0,,1471000000.0,2323400000.0,,-5.781,-37500000.0,535000000.0,535000000.0,532600000.0,19100000.0,2.827,-10.35,4400000.0,4100000.0,300000.0,4400000.0,0.0,28300000.0,0.0,0.0,0.0,45000000.0,73300000.0,0.094,73300000.0,45000000.0,27700000.0,0.27,0.27,0.27,-405800000.0,,-405800000.0,1402572863.0,10.0,5.46,23100000.0,0.329,1.0,250500000.0,0.32,120800000.0,17300000.0,2622700000.0,,298700000.0,28500000.0,28500000.0,0.0,4200200000.0,520300000.0,3679900000.0,1883772863.0,40700000.0,16300000.0,800000.0,-8900000.0,0.0,-8900000.0,-20100000.0,0.0,60600000.0,9100000.0,19100000.0,19100000.0,19100000.0,0.0,0.0,0.024,200500000.0,50000000.0,223500000.0,0.0,-4.642,47.45,47.964,681200000.0,0.0,26.86,0.626,0.627,492900000.0,-443400000.0,783100000.0,783100000.0,20400000.0,,,,,0.0,150600000.0,1.0,70133018.0,70200000.0,71500000.0,11.155,3673600000.0,755200000.0,8600000.0,153700000.0,52.33,950700000.0
56,GRA,MRQ,2007-06-30,2007-06-30,2007-06-30,2021-08-25,-337300000.0,3706400000.0,,1411400000.0,2295000000.0,,-6.411,-28200000.0,494300000.0,494300000.0,552900000.0,20500000.0,2.884,-9.247,13100000.0,12800000.0,300000.0,13100000.0,0.0,27600000.0,0.0,0.0,0.0,50100000.0,77700000.0,0.096,77700000.0,50100000.0,29800000.0,0.29,0.29,0.29,-449400000.0,,-449400000.0,1239317609.0,9.0,5.005,26000000.0,0.371,1.0,259900000.0,0.32,117800000.0,20300000.0,2618000000.0,,287000000.0,28100000.0,28100000.0,0.0,4155800000.0,489400000.0,3666400000.0,1716317609.0,15000000.0,0.0,5200000.0,10700000.0,0.0,15300000.0,-57200000.0,-31300000.0,54200000.0,2700000.0,20500000.0,20500000.0,20500000.0,0.0,0.0,0.025,205700000.0,54200000.0,200200000.0,0.0,-3.819,44.008,43.732,671100000.0,0.0,24.49,0.578,0.579,493800000.0,-460100000.0,812800000.0,812800000.0,18700000.0,,,,,0.0,146000000.0,1.0,70082385.0,70100000.0,71800000.0,11.595,3588600000.0,749600000.0,9300000.0,54000000.0,51.193,922000000.0
57,GRA,MRQ,2007-03-31,2007-03-31,2007-03-31,2021-08-25,-384400000.0,3627700000.0,,1348400000.0,2279300000.0,,-7.524,-24100000.0,479300000.0,479300000.0,497700000.0,4800000.0,3.087,-7.947,2300000.0,2100000.0,200000.0,2300000.0,0.0,27600000.0,0.0,0.0,0.0,39100000.0,66700000.0,0.093,66700000.0,39100000.0,19700000.0,0.07,0.07,0.07,-522200000.0,,-522200000.0,1295634013.0,13.0,5.99,-73100000.0,-1.053,1.0,217900000.0,0.304,117100000.0,19400000.0,2596800000.0,,306800000.0,0.0,0.0,0.0,4149900000.0,436800000.0,3713100000.0,1828434013.0,-57000000.0,0.0,14200000.0,-1100000.0,0.0,12400000.0,-23200000.0,0.0,-49000000.0,2800000.0,4800000.0,4800000.0,4800000.0,0.0,0.0,0.007,176400000.0,41500000.0,203200000.0,0.0,-3.501,137.476,139.053,665800000.0,0.0,26.42,0.634,0.636,446700000.0,-480600000.0,715600000.0,715600000.0,18700000.0,,,,,0.0,135200000.0,1.0,69206435.0,69400000.0,70500000.0,10.311,3510600000.0,756900000.0,14900000.0,61300000.0,50.585,911600000.0
58,GRA,MRQ,2006-12-31,2006-12-31,2006-12-31,2021-08-25,-390800000.0,3637400000.0,,1368800000.0,2268600000.0,,-8.026,-36700000.0,536300000.0,536300000.0,555400000.0,-4700000.0,3.051,-7.616,743000000.0,3300000.0,739700000.0,743000000.0,0.0,27800000.0,0.0,0.0,0.0,11400000.0,39200000.0,0.056,39200000.0,11400000.0,-7300000.0,-0.07,-0.07,-0.07,-549800000.0,,-549800000.0,901467107.0,11.0,4.551,66600000.0,0.972,1.0,142000000.0,0.204,116500000.0,18700000.0,3279000000.0,,284600000.0,2400000.0,2400000.0,0.0,4187200000.0,448600000.0,3738600000.0,1351567107.0,82600000.0,400000.0,8300000.0,-200000.0,0.0,7500000.0,-34400000.0,2300000.0,103300000.0,6200000.0,-4700000.0,-4700000.0,-4700000.0,0.0,0.0,-0.007,130400000.0,11600000.0,172700000.0,0.0,-2.458,157.159,152.308,664500000.0,0.0,19.8,0.478,0.476,426300000.0,-487600000.0,697400000.0,697400000.0,21300000.0,,,,,0.0,173100000.0,1.0,68260965.0,68500000.0,68900000.0,10.181,3520900000.0,766300000.0,-2600000.0,200100000.0,51.4,920200000.0
59,GRA,MRQ,2006-09-30,2006-09-30,2006-09-30,2021-08-25,-371700000.0,3640700000.0,,1313200000.0,2327500000.0,,-7.966,-30600000.0,453700000.0,453700000.0,483600000.0,18400000.0,3.194,-7.691,3600000.0,3200000.0,400000.0,3600000.0,0.0,29200000.0,0.0,0.0,0.0,34800000.0,64000000.0,0.086,64000000.0,34800000.0,16000000.0,0.27,0.27,0.27,-544100000.0,,-544100000.0,465501942.0,6.0,2.359,7700000.0,0.113,1.0,257800000.0,0.348,114000000.0,18800000.0,2665400000.0,,287400000.0,0.0,0.0,0.0,4184800000.0,411200000.0,3773600000.0,905101942.0,10500000.0,0.0,0.0,-100000.0,0.0,-900000.0,-30200000.0,100000.0,38300000.0,3300000.0,18400000.0,18400000.0,18400000.0,0.0,0.0,0.025,215100000.0,42700000.0,179800000.0,0.0,-1.663,71.268,73.667,650800000.0,0.0,13.26,0.327,0.327,486500000.0,-492600000.0,741400000.0,741400000.0,14900000.0,,,,,0.0,149400000.0,1.0,68258065.0,68300000.0,68500000.0,10.855,3526700000.0,766500000.0,-2400000.0,69000000.0,51.635,902000000.0
60,GRA,MRQ,2006-06-30,2006-06-30,2006-06-30,2021-08-25,-379600000.0,3611700000.0,,1305800000.0,2305900000.0,,-8.401,-27800000.0,443200000.0,443200000.0,470000000.0,-5200000.0,3.469,-7.332,3600000.0,3200000.0,400000.0,3600000.0,0.0,28400000.0,0.0,0.0,0.0,18000000.0,46400000.0,0.064,46400000.0,18000000.0,-1900000.0,-0.08,-0.08,-0.08,-570400000.0,,-570400000.0,381024186.0,4.0,1.843,20400000.0,0.3,1.0,259100000.0,0.355,103600000.0,19900000.0,2692100000.0,,309300000.0,0.0,0.0,0.0,4182100000.0,376400000.0,3805700000.0,793824186.0,27800000.0,-20000000.0,13800000.0,800000.0,0.0,14000000.0,-40600000.0,7100000.0,48200000.0,6200000.0,-5200000.0,-5200000.0,-5200000.0,0.0,0.0,-0.007,229600000.0,29500000.0,164800000.0,0.0,-1.392,30.069,30.0,640200000.0,0.0,11.7,0.296,0.297,472400000.0,-511000000.0,729100000.0,729100000.0,14500000.0,,,,,0.0,142300000.0,1.0,67848221.0,67900000.0,67900000.0,10.738,3508100000.0,753000000.0,3300000.0,76800000.0,51.666,929400000.0
61,GRA,MRQ,2006-03-31,2006-03-31,2006-03-31,2021-08-25,-393500000.0,3506000000.0,,1233600000.0,2272400000.0,,-8.849,-24100000.0,415400000.0,415400000.0,437800000.0,100000.0,3.495,-6.913,2600000.0,2200000.0,400000.0,2600000.0,0.0,28100000.0,0.0,0.0,0.0,20400000.0,48500000.0,0.074,48500000.0,20400000.0,4600000.0,0.0,0.0,0.0,-592900000.0,,-592900000.0,419780960.0,3.0,1.626,-61200000.0,-0.913,1.0,220800000.0,0.335,104500000.0,15800000.0,2635700000.0,,301200000.0,0.0,0.0,0.0,4098900000.0,353000000.0,3745900000.0,891780960.0,-59300000.0,0.0,2000000.0,-200000.0,0.0,1300000.0,-24200000.0,100000.0,-37100000.0,700000.0,100000.0,100000.0,100000.0,0.0,0.0,0.0,193600000.0,27200000.0,167400000.0,,-1.504,13.869,13.854,631400000.0,0.0,13.3,0.34,0.339,432400000.0,-505800000.0,658600000.0,658600000.0,14900000.0,,,,,0.0,129000000.0,1.0,67051200.0,67000000.0,67300000.0,9.83,3401500000.0,741900000.0,4500000.0,75000000.0,50.769,880600000.0
62,GRA,MRQ,2005-12-31,2005-12-31,2005-12-31,2021-08-25,-393900000.0,3538600000.0,,1266300000.0,2272300000.0,,-8.912,-34800000.0,474700000.0,474700000.0,516500000.0,-600000.0,3.244,-6.944,2700000.0,2300000.0,400000.0,2700000.0,0.0,29700000.0,0.0,0.0,0.0,8700000.0,38400000.0,0.06,38400000.0,8700000.0,-5300000.0,-0.01,-0.01,-0.01,-595300000.0,,-595300000.0,168763942.0,1.0,0.637,17700000.0,0.265,1.0,119900000.0,0.188,103900000.0,14000000.0,2572400000.0,,278300000.0,0.0,0.0,0.0,4133900000.0,390300000.0,3743600000.0,629063942.0,11200000.0,-3000000.0,0.0,-700000.0,0.0,-1500000.0,-37600000.0,100000.0,52500000.0,-2200000.0,-600000.0,-600000.0,-600000.0,0.0,0.0,-0.001,74100000.0,45800000.0,166800000.0,0.0,-1.057,9.347,9.307,632900000.0,0.0,9.4,0.245,0.244,401700000.0,-505900000.0,636400000.0,636400000.0,18600000.0,,,,,0.0,160600000.0,1.0,66921696.0,66800000.0,67300000.0,9.527,3434700000.0,705900000.0,-4700000.0,62500000.0,51.418,876000000.0
63,GRA,MRQ,2005-09-30,2005-09-30,2005-09-30,2021-08-25,-373300000.0,3465100000.0,,1243500000.0,2221600000.0,,-8.581,-22400000.0,463500000.0,463500000.0,426000000.0,32100000.0,3.142,-7.036,3200000.0,2700000.0,500000.0,3200000.0,0.0,30500000.0,0.0,0.0,0.0,42900000.0,73400000.0,0.112,73400000.0,42900000.0,29500000.0,0.48,0.48,0.48,-574100000.0,,-574100000.0,206392794.0,-1.0,-1.142,67000000.0,1.001,1.0,227400000.0,0.348,104300000.0,13400000.0,2504700000.0,,261100000.0,0.0,0.0,0.0,4039200000.0,395800000.0,3643400000.0,598892794.0,59500000.0,4500000.0,100000.0,-8500000.0,0.0,-8700000.0,-20100000.0,-200000.0,89400000.0,-1100000.0,32100000.0,32100000.0,32100000.0,0.0,0.0,0.049,181500000.0,45900000.0,156500000.0,0.0,-1.043,-1.428,-1.401,588800000.0,0.0,8.95,0.237,0.237,426000000.0,-505300000.0,653400000.0,653400000.0,14900000.0,,,,,0.0,109500000.0,1.0,66915396.0,66900000.0,67200000.0,9.767,3360800000.0,697200000.0,-2600000.0,70300000.0,50.236,847700000.0
64,GRA,MRQ,2005-06-30,2005-06-30,2005-06-30,2021-08-25,-372400000.0,3423300000.0,,1182300000.0,2241000000.0,,-9.048,-24400000.0,404000000.0,404000000.0,439700000.0,32700000.0,3.183,-6.656,11500000.0,11000000.0,500000.0,11500000.0,0.0,31900000.0,0.0,0.0,0.0,66000000.0,97900000.0,0.145,97900000.0,66000000.0,52700000.0,0.49,0.49,0.49,-605300000.0,,-605300000.0,57593814.0,0.0,-0.393,-67600000.0,-1.01,1.0,236800000.0,0.35,104000000.0,13300000.0,2555400000.0,,266400000.0,0.0,0.0,0.0,4028600000.0,371400000.0,3657200000.0,521193814.0,-70800000.0,0.0,0.0,800000.0,0.0,200000.0,-22200000.0,1800000.0,-43200000.0,-5600000.0,32700000.0,32700000.0,32700000.0,0.0,0.0,0.048,187200000.0,49600000.0,160200000.0,0.0,-0.861,-1.291,-1.269,599700000.0,0.0,7.79,0.213,0.213,435400000.0,-537400000.0,676500000.0,676500000.0,15100000.0,,,,,0.0,117800000.0,1.0,66905496.0,66900000.0,67200000.0,10.112,3319300000.0,696700000.0,20000000.0,72000000.0,49.616,810900000.0
65,GRA,MRQ,2005-03-31,2005-03-31,2005-03-31,2021-08-25,-363000000.0,3463600000.0,,1206800000.0,2256800000.0,,-9.44,-12400000.0,474800000.0,474800000.0,392700000.0,3100000.0,3.65,-6.509,11200000.0,10100000.0,1100000.0,11200000.0,0.0,28800000.0,0.0,0.0,0.0,26300000.0,55100000.0,0.091,55100000.0,26300000.0,11700000.0,0.05,0.05,0.05,-628700000.0,,-628700000.0,71072100.0,0.0,-0.395,-43800000.0,-0.658,1.0,210500000.0,0.349,108700000.0,14600000.0,2560700000.0,,258300000.0,0.0,0.0,0.0,4092300000.0,330600000.0,3761700000.0,567972100.0,-35600000.0,-2500000.0,3000000.0,-2000000.0,0.0,-100000.0,2000000.0,100000.0,-31400000.0,-6100000.0,3100000.0,3100000.0,3100000.0,0.0,0.0,0.005,186800000.0,23700000.0,147000000.0,0.0,-0.903,-1.369,-1.35,620500000.0,0.0,8.52,0.242,0.242,400100000.0,-570100000.0,603200000.0,603200000.0,15100000.0,,,,,0.0,119300000.0,1.0,66663392.0,66600000.0,67300000.0,9.057,3354900000.0,681500000.0,8600000.0,70600000.0,50.374,876200000.0
66,GRA,MRQ,2004-12-31,2004-12-31,2004-12-31,2021-08-25,-350000000.0,3538900000.0,,1228500000.0,2310400000.0,,-9.407,-35300000.0,510400000.0,510400000.0,381800000.0,-487400000.0,3.301,-6.691,13500000.0,12400000.0,1100000.0,13500000.0,0.0,34900000.0,0.0,0.0,0.0,-442000000.0,-407100000.0,-0.691,-407100000.0,-442000000.0,-540800000.0,-7.41,-7.4,-7.41,-621800000.0,,-621800000.0,530862164.0,-2.0,-2.992,122700000.0,1.856,1.0,207300000.0,0.352,111700000.0,98800000.0,2558100000.0,,248300000.0,0.0,0.0,0.0,4160700000.0,372200000.0,3788500000.0,898262164.0,125300000.0,-13300000.0,3400000.0,-4800000.0,0.0,-2700000.0,-45400000.0,100000.0,158000000.0,15400000.0,-487400000.0,-487400000.0,-487400000.0,0.0,0.0,-0.827,597900000.0,-390600000.0,146000000.0,0.0,-1.445,-2.233,-2.227,645300000.0,0.0,13.61,0.397,0.396,390900000.0,-573200000.0,589100000.0,589100000.0,12300000.0,,,,,0.0,118700000.0,1.0,66000159.0,66100000.0,65200000.0,8.912,3427200000.0,683700000.0,-53400000.0,71800000.0,51.849,856300000.0
67,GRA,MRQ,2004-09-30,2004-09-30,2004-09-30,2021-08-25,-329800000.0,3086500000.0,,1140100000.0,1946400000.0,,-1.789,-17500000.0,385100000.0,385100000.0,361300000.0,48000000.0,3.113,-27.223,17700000.0,16400000.0,1300000.0,17700000.0,0.0,26900000.0,0.0,0.0,0.0,80500000.0,107400000.0,0.185,107400000.0,80500000.0,76000000.0,0.73,0.72,0.73,-117700000.0,,-117700000.0,262759377.0,3.0,1.429,64100000.0,0.974,1.0,218600000.0,0.377,87500000.0,4500000.0,2265400000.0,,237800000.0,0.0,0.0,0.0,3204200000.0,366200000.0,2838000000.0,621459377.0,13400000.0,-53000000.0,600000.0,-300000.0,0.0,-800000.0,-70500000.0,400000.0,81600000.0,3100000.0,48000000.0,48000000.0,48000000.0,0.0,0.0,0.083,185300000.0,33300000.0,127700000.0,0.0,-5.28,17.457,17.5,623900000.0,0.0,9.45,0.285,0.285,391700000.0,-85800000.0,579900000.0,579900000.0,13100000.0,,,,,0.0,104700000.0,1.0,65762897.0,65800000.0,66300000.0,8.813,2999000000.0,603500000.0,28000000.0,59100000.0,45.578,773900000.0
68,GRA,MRQ,2004-06-30,2004-06-30,2004-06-30,2021-08-25,-332700000.0,2987000000.0,,1048900000.0,1938100000.0,,-2.578,-13400000.0,371700000.0,371700000.0,357200000.0,21300000.0,3.514,-18.664,13000000.0,13000000.0,0.0,13000000.0,0.0,26300000.0,0.0,0.0,0.0,38200000.0,64500000.0,0.113,64500000.0,38200000.0,34300000.0,0.32,0.32,0.32,-169100000.0,,-169100000.0,97421246.0,-11.0,0.999,51700000.0,0.788,1.0,215200000.0,0.376,84800000.0,3900000.0,2245000000.0,,224300000.0,0.0,0.0,0.0,3156100000.0,298500000.0,2857600000.0,406821246.0,46400000.0,0.0,200000.0,-2100000.0,0.0,-4300000.0,-13800000.0,1200000.0,65100000.0,-600000.0,21300000.0,21300000.0,21300000.0,0.0,0.0,0.037,169800000.0,45400000.0,114800000.0,0.0,-2.406,-18.243,-18.235,621700000.0,0.0,6.2,0.192,0.192,400800000.0,-133800000.0,572400000.0,572400000.0,13000000.0,,,,,0.0,111400000.0,1.0,65616330.0,65600000.0,65800000.0,8.726,2902200000.0,643200000.0,13000000.0,59600000.0,44.241,750400000.0
69,GRA,MRQ,2004-03-31,2004-03-31,2004-03-31,2021-08-25,-294900000.0,2891500000.0,,962100000.0,1929400000.0,,-2.329,-9100000.0,325300000.0,325300000.0,331200000.0,15800000.0,3.742,-19.923,15900000.0,15900000.0,0.0,15900000.0,0.0,27200000.0,0.0,0.0,0.0,30600000.0,57800000.0,0.111,57800000.0,30600000.0,26700000.0,0.24,0.24,0.24,-152800000.0,,-152800000.0,-97684120.0,4.0,-1.235,11600000.0,0.177,1.0,187300000.0,0.361,84200000.0,3900000.0,2240800000.0,,226200000.0,0.0,0.0,0.0,3044300000.0,257100000.0,2787200000.0,204715880.0,16100000.0,0.0,0.0,8400000.0,0.0,7100000.0,-8300000.0,100000.0,20700000.0,-3400000.0,15800000.0,15800000.0,15800000.0,0.0,0.0,0.03,159400000.0,27900000.0,110100000.0,0.0,-1.34,-5.518,-5.571,635100000.0,0.0,3.12,0.1,0.1,353800000.0,-155100000.0,518500000.0,518500000.0,12700000.0,,,,,0.0,101500000.0,1.0,65614064.0,65600000.0,65800000.0,7.904,2807300000.0,621200000.0,10900000.0,55000000.0,42.794,705000000.0
70,GRA,MRQ,2003-12-31,2003-12-31,2003-12-31,2021-08-25,-289900000.0,2875300000.0,,930000000.0,1945300000.0,,-2.501,-20700000.0,309200000.0,309200000.0,324900000.0,-49500000.0,3.64,-18.554,6800000.0,6800000.0,0.0,6800000.0,0.0,26800000.0,0.0,0.0,0.0,-72600000.0,-45800000.0,-0.09,-45800000.0,-72600000.0,-75800000.0,-0.75,-0.75,-0.75,-163800000.0,,-163800000.0,-120514629.0,2.0,-2.363,26200000.0,0.4,1.0,186400000.0,0.365,85200000.0,3200000.0,2232200000.0,,214600000.0,0.0,0.0,0.0,3039100000.0,255500000.0,2783600000.0,168485371.0,9300000.0,-23300000.0,0.0,-4800000.0,0.0,-5300000.0,-42100000.0,200000.0,46900000.0,9800000.0,-49500000.0,-49500000.0,-49500000.0,0.0,0.0,-0.097,265700000.0,-79300000.0,101800000.0,0.0,-1.029,-3.052,-3.06,656600000.0,0.0,2.57,0.085,0.085,331500000.0,-170900000.0,511300000.0,511300000.0,11800000.0,,,,,0.0,85800000.0,1.0,65558510.0,65500000.0,65500000.0,7.806,2790100000.0,618000000.0,-26300000.0,51900000.0,42.597,674500000.0
71,GRA,MRQ,2003-09-30,2003-09-30,2003-09-30,2021-08-25,-349700000.0,2821700000.0,,934500000.0,1887200000.0,,-2.654,-20900000.0,299900000.0,299900000.0,336500000.0,-9900000.0,3.541,-17.207,10900000.0,10900000.0,0.0,10900000.0,0.0,26100000.0,0.0,0.0,0.0,-5100000.0,21000000.0,0.04,21000000.0,-5100000.0,-9200000.0,-0.15,-0.15,-0.15,-174100000.0,,-174100000.0,-77275644.0,12.0,-0.823,7300000.0,0.111,1.0,184500000.0,0.354,69600000.0,4100000.0,2199200000.0,,208900000.0,0.0,0.0,0.0,2995800000.0,263900000.0,2731900000.0,203224356.0,-18000000.0,-1400000.0,0.0,-28500000.0,0.0,-29700000.0,-17100000.0,2900000.0,28200000.0,600000.0,-9900000.0,-9900000.0,-9900000.0,0.0,0.0,-0.019,193400000.0,-8900000.0,109000000.0,0.0,-1.167,-6.514,-6.458,635100000.0,0.0,3.1,0.107,0.107,361700000.0,-121400000.0,521000000.0,521000000.0,11900000.0,,,,,0.0,90000000.0,1.0,65556244.0,65600000.0,65600000.0,7.942,2752100000.0,607500000.0,700000.0,47000000.0,41.953,670600000.0
72,GRA,MRQ,2003-06-30,2003-06-30,2003-06-30,2021-08-25,-353900000.0,2830700000.0,,928700000.0,1902000000.0,,-2.573,-26800000.0,317900000.0,317900000.0,329700000.0,6500000.0,3.158,-17.799,37400000.0,37400000.0,0.0,37400000.0,0.0,25300000.0,0.0,0.0,0.0,20800000.0,46100000.0,0.092,46100000.0,20800000.0,16700000.0,0.1,0.1,0.1,-168500000.0,,-168500000.0,17443214.0,1.0,0.133,-800000.0,-0.012,1.0,173700000.0,0.345,69400000.0,4100000.0,2186700000.0,,208000000.0,0.0,0.0,0.0,2999200000.0,294100000.0,2705100000.0,289043214.0,42500000.0,-2200000.0,0.0,34500000.0,0.0,34000000.0,-31300000.0,100000.0,26000000.0,13800000.0,6500000.0,6500000.0,6500000.0,0.0,0.0,0.013,154700000.0,19000000.0,117000000.0,0.0,-1.715,-39.595,-36.75,637400000.0,0.0,4.41,0.154,0.154,349200000.0,-111500000.0,503400000.0,503400000.0,14200000.0,,,,,0.0,94700000.0,1.0,65542679.0,65500000.0,65600000.0,7.685,2761300000.0,603800000.0,10200000.0,48400000.0,42.157,634600000.0
73,GRA,MRQ,2003-03-31,2003-03-31,2003-03-31,2021-08-25,-393800000.0,2711700000.0,,832600000.0,1879100000.0,,-3.281,-18000000.0,275000000.0,275000000.0,296700000.0,-2300000.0,3.386,-13.618,3400000.0,3400000.0,0.0,3400000.0,0.0,24700000.0,0.0,0.0,0.0,5000000.0,29700000.0,0.067,29700000.0,5000000.0,800000.0,-0.04,-0.04,-0.04,-214900000.0,,-214900000.0,-182596835.0,-3.0,-1.182,-8300000.0,-0.127,1.0,148100000.0,0.333,65900000.0,4200000.0,2128300000.0,,191700000.0,0.0,0.0,0.0,2926600000.0,245900000.0,2680700000.0,97003165.0,-8200000.0,0.0,0.0,-2800000.0,0.0,-3700000.0,-18600000.0,700000.0,9700000.0,4400000.0,-2300000.0,-2300000.0,-2300000.0,0.0,0.0,-0.005,135200000.0,12900000.0,118600000.0,0.0,-0.451,13.109,14.8,620600000.0,0.0,1.48,0.053,0.053,313200000.0,-118000000.0,444800000.0,444800000.0,14100000.0,,,,,0.0,91700000.0,1.0,65542679.0,65500000.0,65500000.0,6.791,2645800000.0,601100000.0,3100000.0,43000000.0,40.394,586700000.0
74,GRA,MRQ,2002-12-31,2002-12-31,2002-12-31,2021-08-25,-403300000.0,2691700000.0,,830300000.0,1861400000.0,,-3.398,-35700000.0,283600000.0,283600000.0,292300000.0,-25500000.0,3.357,-13.114,4300000.0,4300000.0,0.0,4300000.0,0.0,24100000.0,0.0,0.0,0.0,-27000000.0,-2900000.0,-0.007,-2900000.0,-27000000.0,-31800000.0,-0.39,-0.39,-0.39,-222200000.0,,-222200000.0,-116385219.0,-1.0,-0.665,18100000.0,0.277,1.0,142600000.0,0.328,65200000.0,4800000.0,2099900000.0,,173600000.0,0.0,0.0,0.0,2913900000.0,247300000.0,2666600000.0,128314781.0,29600000.0,0.0,0.0,-2400000.0,0.0,-3300000.0,-29900000.0,5000000.0,53800000.0,9000000.0,-25500000.0,-25500000.0,-25500000.0,0.0,0.0,-0.059,192000000.0,-49400000.0,100300000.0,0.0,-0.577,5.806,5.765,622200000.0,0.0,1.96,0.071,0.07,316600000.0,-115700000.0,434900000.0,434900000.0,11900000.0,,,,,0.0,85100000.0,1.0,65466725.0,65400000.0,65500000.0,6.65,2626500000.0,594700000.0,-6300000.0,41900000.0,40.161,583000000.0
75,GRA,MRQ,2002-09-30,2002-09-30,2002-09-30,2021-08-25,-277800000.0,2831100000.0,,843300000.0,1987800000.0,,-1.087,-23400000.0,251600000.0,251600000.0,300000000.0,14000000.0,3.096,-40.763,6900000.0,6900000.0,0.0,6900000.0,0.0,24600000.0,0.0,0.0,0.0,33900000.0,58500000.0,0.12,58500000.0,33900000.0,29100000.0,0.21,0.21,0.21,-71200000.0,,-71200000.0,-87053240.0,-1.0,-0.358,51400000.0,0.785,1.0,189000000.0,0.387,61100000.0,4800000.0,2252900000.0,,176700000.0,0.0,0.0,0.0,2902300000.0,272400000.0,2629900000.0,104746760.0,49100000.0,-3500000.0,0.0,-600000.0,0.0,-1800000.0,-20900000.0,900000.0,74800000.0,-3000000.0,14000000.0,14000000.0,14000000.0,0.0,0.0,0.029,153700000.0,35300000.0,94600000.0,0.0,-1.471,1.522,1.538,603800000.0,0.0,1.6,0.058,0.058,332000000.0,-90200000.0,489000000.0,489000000.0,13500000.0,,,,,0.0,88600000.0,1.0,65466725.0,65500000.0,65500000.0,7.466,2770000000.0,515500000.0,15100000.0,41300000.0,42.29,570900000.0
76,GRA,MRQ,2002-06-30,2002-06-30,2002-06-30,2021-08-25,-268200000.0,2797400000.0,,798100000.0,1999300000.0,,-1.156,-18800000.0,199100000.0,199100000.0,294200000.0,21200000.0,3.166,-38.003,7300000.0,7300000.0,0.0,7300000.0,0.0,23300000.0,0.0,0.0,0.0,45900000.0,69200000.0,0.145,69200000.0,45900000.0,40300000.0,0.32,0.32,0.32,-75600000.0,,-75600000.0,56938875.0,0.0,0.226,41200000.0,0.63,1.0,182400000.0,0.383,61600000.0,5600000.0,2291900000.0,,187000000.0,0.0,0.0,0.0,2873000000.0,252100000.0,2620900000.0,196438875.0,53200000.0,0.0,0.0,-700000.0,0.0,-1600000.0,-15900000.0,0.0,60000000.0,10700000.0,21200000.0,21200000.0,21200000.0,0.0,0.0,0.044,135200000.0,47200000.0,90000000.0,0.0,-2.598,2.633,2.655,612200000.0,0.0,3.0,0.11,0.11,336500000.0,-104200000.0,476600000.0,476600000.0,13300000.0,,,,,0.0,83600000.0,1.0,65479625.0,65400000.0,65600000.0,7.287,2735800000.0,517400000.0,19100000.0,38700000.0,41.832,546000000.0
77,GRA,MRQ,2002-03-31,2002-03-31,2002-03-31,2021-08-25,-308300000.0,2702200000.0,,726700000.0,1975500000.0,,-2.092,-13200000.0,146300000.0,146300000.0,259700000.0,12400000.0,3.208,-20.753,6800000.0,6800000.0,0.0,6800000.0,0.0,22900000.0,0.0,0.0,0.0,27300000.0,50200000.0,0.12,50200000.0,27300000.0,22500000.0,0.19,0.19,0.19,-136800000.0,,-136800000.0,-29446290.0,0.0,-0.113,-6300000.0,-0.096,1.0,159300000.0,0.38,57400000.0,4800000.0,2278800000.0,,180200000.0,0.0,0.0,0.0,2839000000.0,226500000.0,2612500000.0,144053710.0,-40200000.0,-25000000.0,0.0,-400000.0,0.0,-2500000.0,-44000000.0,0.0,6900000.0,-600000.0,12400000.0,12400000.0,12400000.0,0.0,0.0,0.03,132500000.0,26800000.0,84300000.0,0.0,-1.053,1.886,1.897,596500000.0,0.0,2.2,0.082,0.082,309000000.0,-125400000.0,419000000.0,419000000.0,12800000.0,,,,,0.0,83500000.0,1.0,65478959.0,65400000.0,65400000.0,6.407,2644800000.0,523200000.0,10100000.0,36700000.0,40.44,500200000.0
78,GRA,MRQ,2001-12-31,2001-12-31,2001-12-31,2021-08-25,-300700000.0,2518400000.0,,735900000.0,1782500000.0,,-2.17,-26600000.0,191400000.0,191400000.0,258700000.0,21200000.0,3.154,-18.773,6300000.0,6300000.0,0.0,6300000.0,0.0,20500000.0,0.0,0.0,0.0,44600000.0,65100000.0,0.152,65100000.0,44600000.0,37500000.0,0.32,0.32,0.32,-141700000.0,,-141700000.0,2319257583.0,13.0,8.635,71600000.0,1.096,1.0,169500000.0,0.396,55800000.0,7100000.0,2044200000.0,,180000000.0,0.0,0.0,0.0,2660100000.0,233300000.0,2426800000.0,101457583.0,0.0,0.0,-600000.0,-53700000.0,0.0,-54500000.0,-23800000.0,7600000.0,98200000.0,-3800000.0,21200000.0,21200000.0,21200000.0,0.0,0.0,0.05,121200000.0,48300000.0,86300000.0,0.0,-0.716,1.291,1.292,589000000.0,0.0,1.55,0.058,0.058,302100000.0,-137800000.0,428200000.0,428200000.0,15500000.0,,,,,0.0,85200000.0,1.0,65456505.0,65300000.0,65400000.0,6.557,2462600000.0,525400000.0,16300000.0,35200000.0,37.712,502600000.0
79,GRA,MRQ,2001-09-30,2001-09-30,2001-09-30,2021-08-25,-162500000.0,2713300000.0,,822100000.0,1891200000.0,,-0.371,-9500000.0,175800000.0,175800000.0,281900000.0,19800000.0,3.091,-113.12,2393600000.0,14000000.0,2379600000.0,2393600000.0,0.0,23600000.0,0.0,0.0,0.0,44300000.0,67900000.0,0.149,67900000.0,44300000.0,36000000.0,0.3,0.3,0.3,-24200000.0,,-24200000.0,2374357583.0,-108.0,34.612,80700000.0,1.236,1.0,172300000.0,0.379,73400000.0,8300000.0,4591700000.0,,178000000.0,0.0,0.0,0.0,2737500000.0,266000000.0,2471500000.0,101457583.0,33200000.0,-27900000.0,0.0,-24100000.0,0.0,-25100000.0,-35200000.0,200000.0,90200000.0,3300000.0,19800000.0,19800000.0,19800000.0,0.0,0.0,0.044,128000000.0,44300000.0,96900000.0,0.0,-4.192,-0.81,-0.838,584600000.0,0.0,1.55,0.059,0.058,346700000.0,-159000000.0,454200000.0,454200000.0,12100000.0,,,,,0.0,87500000.0,1.0,65456505.0,65300000.0,65400000.0,6.956,2639900000.0,468600000.0,16200000.0,35700000.0,40.427,556100000.0
80,GRA,MRQ,2001-06-30,2001-06-30,2001-06-30,2021-08-25,-174600000.0,2636900000.0,,758900000.0,1878000000.0,,-0.861,-15500000.0,142600000.0,142600000.0,283300000.0,23000000.0,3.817,-47.92,2415500000.0,7500000.0,2408000000.0,2415500000.0,0.0,22600000.0,0.0,0.0,0.0,55000000.0,77600000.0,0.17,77600000.0,55000000.0,42300000.0,0.35,0.35,0.35,-56200000.0,,-56200000.0,517348884.0,-101.0,6.196,-30200000.0,-0.462,1.0,173400000.0,0.38,71200000.0,12700000.0,4639800000.0,,158800000.0,0.0,0.0,0.0,2693100000.0,198800000.0,2494300000.0,114548884.0,26800000.0,0.0,0.0,68700000.0,0.0,57000000.0,-13900000.0,-200000.0,-14700000.0,-1600000.0,23000000.0,23000000.0,23000000.0,0.0,0.0,0.05,118400000.0,55000000.0,83500000.0,0.0,-2.038,-1.033,-1.067,583600000.0,0.0,1.75,0.067,0.067,352600000.0,-178800000.0,456700000.0,456700000.0,11400000.0,,,,,0.0,80100000.0,1.0,65456505.0,65300000.0,65400000.0,6.994,2565700000.0,473600000.0,19300000.0,33100000.0,39.291,560100000.0
81,GRA,MRQ,2001-03-31,2001-03-31,2001-03-31,2021-08-25,-169500000.0,2509100000.0,,672100000.0,1837000000.0,,-1.138,-11300000.0,115800000.0,115800000.0,252400000.0,14600000.0,0.627,-34.77,518600000.0,518600000.0,0.0,518600000.0,0.0,22500000.0,0.0,0.0,0.0,35500000.0,58000000.0,0.14,58000000.0,35500000.0,26500000.0,0.22,0.22,0.22,-74300000.0,,-74300000.0,312561934.0,391.0,3.516,-170400000.0,-2.609,1.0,162200000.0,0.391,66000000.0,9000000.0,1773900000.0,,162700000.0,0.0,0.0,0.0,2583400000.0,1072000000.0,1511400000.0,150461934.0,-76100000.0,-56500000.0,0.0,99700000.0,0.0,146300000.0,-58500000.0,7900000.0,-159100000.0,-4800000.0,14600000.0,14600000.0,14600000.0,0.0,0.0,0.035,126700000.0,35500000.0,93800000.0,0.0,-2.025,-1.515,-1.554,603400000.0,0.0,2.3,0.09,0.09,207100000.0,-201800000.0,414600000.0,414600000.0,10500000.0,,,,,0.0,90800000.0,1.0,65418232.0,65300000.0,65300000.0,6.349,2443100000.0,485600000.0,11900000.0,145000000.0,37.413,-399900000.0
82,GRA,MRQ,2000-12-31,2000-12-31,2000-12-31,2021-08-25,-151500000.0,2584900000.0,,773900000.0,1811000000.0,,-1.092,-23400000.0,191900000.0,191900000.0,249900000.0,-182600000.0,0.708,-37.254,418300000.0,418300000.0,0.0,418300000.0,0.0,21900000.0,0.0,0.0,0.0,-156800000.0,-134900000.0,-0.33,-134900000.0,-156800000.0,-164700000.0,-2.72,-2.7,-2.72,-71300000.0,,-71300000.0,370620614.0,44.0,3.853,-84600000.0,-1.296,1.0,158500000.0,0.388,34100000.0,7900000.0,1684300000.0,,144200000.0,0.0,0.0,0.0,2656200000.0,1092900000.0,1563300000.0,208520614.0,46200000.0,2800000.0,-4300000.0,114300000.0,0.0,109500000.0,-4100000.0,11100000.0,-61200000.0,2000000.0,-182600000.0,-182600000.0,-182600000.0,0.0,0.0,-0.447,315300000.0,-156800000.0,117500000.0,0.0,-2.925,-2.325,-2.379,601700000.0,0.0,3.188,0.127,0.129,197200000.0,-216400000.0,408400000.0,408400000.0,12400000.0,,,,,0.0,62600000.0,1.0,65418232.0,65300000.0,62000000.0,6.254,2550800000.0,487200000.0,17900000.0,143300000.0,39.063,-319000000.0
83,GRA,MRQ,2000-09-30,2000-09-30,2000-09-30,2021-08-25,-148100000.0,2404900000.0,,702000000.0,1702900000.0,,1.703,-14100000.0,145700000.0,145700000.0,252300000.0,34100000.0,0.982,20.17,307800000.0,49400000.0,258400000.0,307800000.0,0.0,21600000.0,0.0,0.0,0.0,61200000.0,82800000.0,0.196,82800000.0,61200000.0,53200000.0,0.51,0.51,0.51,113600000.0,,113600000.0,517121302.0,2.0,1.555,-92300000.0,-1.384,1.0,170400000.0,0.403,33000000.0,8000000.0,1818800000.0,,137200000.0,0.0,0.0,0.0,2291300000.0,715200000.0,1576100000.0,461021302.0,-21300000.0,-6900000.0,-7200000.0,85300000.0,0.0,77000000.0,-13400000.0,3600000.0,-78200000.0,-6700000.0,34100000.0,34100000.0,34100000.0,0.0,0.0,0.081,109200000.0,61200000.0,117800000.0,0.0,4.058,3.267,3.354,598300000.0,0.0,6.875,0.267,0.265,200700000.0,-33800000.0,422700000.0,422700000.0,11200000.0,,,,,0.0,76400000.0,1.0,67057644.0,66700000.0,67400000.0,6.337,2371900000.0,421000000.0,19100000.0,142700000.0,35.561,-13200000.0
84,GRA,MRQ,2000-06-30,2000-06-30,2000-06-30,2021-08-25,-129300000.0,2446500000.0,,739900000.0,1706600000.0,,1.607,-14800000.0,167000000.0,167000000.0,239800000.0,34600000.0,1.007,21.653,223100000.0,12700000.0,210400000.0,223100000.0,0.0,22100000.0,0.0,0.0,0.0,60900000.0,83000000.0,0.197,83000000.0,60900000.0,54000000.0,0.51,0.5,0.51,108000000.0,,108000000.0,858675287.0,3.0,2.551,7900000.0,0.118,1.0,181100000.0,0.43,33400000.0,6900000.0,1734400000.0,,136200000.0,0.0,0.0,0.0,2338500000.0,734800000.0,1603700000.0,818375287.0,-62900000.0,-19900000.0,-6300000.0,-47000000.0,0.0,-56500000.0,-27700000.0,4300000.0,22700000.0,-1400000.0,34600000.0,34600000.0,34600000.0,0.0,0.0,0.082,120200000.0,60900000.0,118300000.0,0.0,7.578,5.492,5.692,619400000.0,0.0,12.125,0.485,0.482,198400000.0,-67900000.0,420900000.0,420900000.0,10800000.0,,,,,0.0,87300000.0,1.0,67494869.0,67200000.0,68600000.0,6.263,2413100000.0,416000000.0,19400000.0,147600000.0,35.909,5100000.0
85,GRA,MRQ,2000-03-31,2000-03-31,2000-03-31,2021-08-25,-114100000.0,2486300000.0,,799100000.0,1687200000.0,,1.38,-12500000.0,229900000.0,229900000.0,231800000.0,24200000.0,1.117,25.422,270200000.0,13600000.0,256600000.0,270200000.0,0.0,22200000.0,0.0,0.0,0.0,43100000.0,65300000.0,0.165,65300000.0,43100000.0,37800000.0,0.35,0.35,0.35,94100000.0,,94100000.0,801422634.0,3.0,2.48,-39500000.0,-0.579,1.0,163100000.0,0.413,34200000.0,5300000.0,1776800000.0,,135400000.0,0.0,0.0,0.0,2392200000.0,715600000.0,1676600000.0,865022634.0,30100000.0,-25000000.0,-23700000.0,134000000.0,0.0,109900000.0,-48800000.0,0.0,-27000000.0,-4000000.0,24200000.0,24200000.0,24200000.0,0.0,0.0,0.061,120000000.0,43100000.0,111400000.0,0.0,9.193,6.174,6.47,611300000.0,0.0,12.875,0.525,0.533,190300000.0,-102500000.0,394900000.0,394900000.0,11300000.0,,,,,0.0,86500000.0,1.0,67186224.0,68200000.0,69400000.0,5.79,2452100000.0,427700000.0,13600000.0,152400000.0,35.955,83500000.0
86,GRA,MRQ,1999-12-31,1999-12-31,1999-12-31,2021-08-25,-95900000.0,2475100000.0,,779800000.0,1695300000.0,,1.578,-28100000.0,199800000.0,199800000.0,293600000.0,48200000.0,1.014,21.278,136200000.0,13000000.0,123200000.0,136200000.0,0.0,21400000.0,0.0,0.0,0.0,80000000.0,101400000.0,0.207,101400000.0,80000000.0,75300000.0,0.68,0.66,0.68,111100000.0,,111100000.0,1013162066.0,4.0,3.223,81200000.0,1.153,1.0,197100000.0,0.402,25400000.0,4700000.0,1616700000.0,,128200000.0,0.0,0.0,0.0,2364000000.0,769400000.0,1594600000.0,1013962066.0,114100000.0,-7300000.0,-35300000.0,50900000.0,0.0,12200000.0,-5100000.0,9300000.0,109300000.0,-2300000.0,48200000.0,48200000.0,48200000.0,0.0,0.0,0.098,117100000.0,80000000.0,124100000.0,0.0,9.127,7.461,7.357,617300000.0,0.0,14.125,0.631,0.621,193600000.0,-126700000.0,490700000.0,490700000.0,10600000.0,,,,,0.0,85100000.0,1.0,71784925.0,70400000.0,72900000.0,6.97,2449700000.0,440000000.0,27100000.0,167200000.0,34.797,10400000.0
87,GRA,MRQ,1999-09-30,1999-09-30,1999-09-30,2021-08-25,-94900000.0,2411400000.0,,592400000.0,1819000000.0,,1.983,-18300000.0,85700000.0,85700000.0,213300000.0,42000000.0,0.857,16.078,84900000.0,76800000.0,8100000.0,84900000.0,0.0,23000000.0,0.0,0.0,0.0,63900000.0,86900000.0,0.227,86900000.0,63900000.0,60400000.0,0.59,0.56,0.59,141200000.0,,141200000.0,1293633144.0,-8.0,-16.692,22200000.0,0.312,1.0,169300000.0,0.442,18800000.0,3500000.0,1700800000.0,,130100000.0,0.0,0.0,0.0,2270200000.0,691000000.0,1579200000.0,1165233144.0,29000000.0,183000000.0,5600000.0,-100700000.0,0.0,-122600000.0,110600000.0,0.0,40500000.0,500000.0,42000000.0,42000000.0,42000000.0,-9200000.0,0.0,0.11,114600000.0,54700000.0,113500000.0,0.0,8.252,-6.969,-7.546,621400000.0,0.0,16.375,0.735,0.735,206200000.0,-129400000.0,382600000.0,382600000.0,10600000.0,,,,,0.0,81000000.0,1.0,71159276.0,71200000.0,74600000.0,5.374,2392600000.0,455000000.0,18400000.0,101500000.0,33.604,-98600000.0
88,GRA,MRQ,1999-06-30,1999-06-30,1999-06-30,2021-08-25,-96000000.0,2444600000.0,,546000000.0,1898600000.0,,1.281,-19100000.0,56700000.0,56700000.0,214100000.0,25700000.0,0.786,26.467,185100000.0,177000000.0,8100000.0,185100000.0,0.0,22200000.0,0.0,0.0,0.0,47400000.0,69600000.0,0.183,69600000.0,47400000.0,42800000.0,0.37,0.35,0.37,89000000.0,,89000000.0,1402842818.0,-7.0,-14.373,-28100000.0,-0.404,1.0,165800000.0,0.436,35400000.0,4600000.0,1842600000.0,,130700000.0,0.0,0.0,0.0,2355600000.0,695000000.0,1660600000.0,1313842818.0,6800000.0,0.0,-13800000.0,46200000.0,0.0,32400000.0,-15800000.0,0.0,-9000000.0,-800000.0,25700000.0,25700000.0,25700000.0,4700000.0,0.0,0.068,113700000.0,52100000.0,111700000.0,0.0,14.762,-7.183,-7.884,624200000.0,0.0,19.0,0.826,0.83,203600000.0,-171400000.0,379900000.0,379900000.0,10100000.0,,,,,0.0,81400000.0,1.0,69149622.0,69500000.0,73000000.0,5.466,2409200000.0,483000000.0,17100000.0,113500000.0,34.665,-149000000.0
89,GRA,MRQ,1999-03-31,1999-03-31,1999-03-31,2021-08-25,-87900000.0,2490100000.0,,588200000.0,1901900000.0,,1.045,-17000000.0,49900000.0,49900000.0,208300000.0,20000000.0,0.799,32.246,138900000.0,130800000.0,8100000.0,138900000.0,0.0,22600000.0,0.0,5.367,0.0,33900000.0,56500000.0,0.159,56500000.0,33900000.0,30600000.0,0.28,0.27,0.28,74900000.0,,74900000.0,915327009.0,-5.0,-9.398,-27300000.0,-0.381,1.0,146100000.0,0.412,36500000.0,3300000.0,1806100000.0,,135500000.0,0.0,0.0,0.0,2415200000.0,736500000.0,1678700000.0,867227009.0,-15400000.0,-500000.0,-25200000.0,22300000.0,0.0,-2900000.0,-300000.0,0.0,-10300000.0,-1900000.0,20000000.0,20000000.0,20000000.0,-1200000.0,0.0,0.056,113400000.0,32700000.0,117800000.0,0.0,11.578,-4.736,-4.969,630100000.0,0.0,12.125,0.544,0.546,199600000.0,-197100000.0,354400000.0,354400000.0,11100000.0,,,,,0.0,79700000.0,1.0,71523877.0,71700000.0,74700000.0,4.943,2453600000.0,482600000.0,10600000.0,147500000.0,34.22,-148300000.0
90,GRA,MRQ,1998-12-31,1998-12-31,1998-12-31,2021-08-25,-80900000.0,2556300000.0,,625600000.0,1930700000.0,,0.576,-35800000.0,65300000.0,65300000.0,299600000.0,-254900000.0,0.934,59.72,113400000.0,80600000.0,32800000.0,113400000.0,0.0,25600000.0,0.0,4.149,0.0,-316100000.0,-290500000.0,-0.62,-290500000.0,-316100000.0,-320800000.0,-3.41,-3.39,-3.41,42100000.0,,42100000.0,1347307491.0,-6.0,-9.247,186300000.0,2.549,1.0,168900000.0,0.361,37800000.0,4700000.0,1896800000.0,,130100000.0,0.0,0.0,0.0,2514200000.0,669800000.0,1844400000.0,1153107491.0,-22100000.0,-100000.0,-38800000.0,-168200000.0,0.0,-207000000.0,-38600000.0,0.0,222100000.0,1400000.0,-254900000.0,-254900000.0,-254900000.0,-900000.0,0.0,-0.544,485800000.0,-316900000.0,123700000.0,0.0,27.39,-5.033,-5.11,661400000.0,0.0,15.688,0.729,0.739,196900000.0,-203100000.0,468500000.0,468500000.0,15500000.0,,,,,0.0,85800000.0,1.0,73504860.0,73100000.0,74600000.0,6.409,2518500000.0,470400000.0,-65900000.0,187800000.0,34.453,-44200000.0
91,GRA,MRQ,1998-09-30,1998-09-30,1998-09-30,2021-08-25,-87900000.0,2471500000.0,,878900000.0,1592600000.0,,4.359,-24400000.0,87400000.0,87400000.0,228300000.0,26300000.0,1.009,6.6,281600000.0,248800000.0,32800000.0,281600000.0,0.0,21100000.0,0.0,5.244,0.0,45700000.0,66800000.0,0.172,66800000.0,45700000.0,41800000.0,0.35,0.33,0.35,325200000.0,,325200000.0,1109592389.0,12.0,5.95,1200000.0,0.016,1.0,159100000.0,0.411,39000000.0,3900000.0,1755400000.0,,138500000.0,0.0,0.0,0.0,2146300000.0,871300000.0,1275000000.0,932792389.0,14800000.0,500000.0,-18800000.0,29700000.0,0.0,10900000.0,-24400000.0,0.0,25600000.0,2700000.0,26300000.0,26300000.0,26300000.0,-1000000.0,0.0,0.068,114400000.0,44700000.0,100000000.0,0.0,2.868,17.973,18.025,656800000.0,0.0,12.438,0.625,0.622,384900000.0,51800000.0,387400000.0,387400000.0,10900000.0,,,,,0.0,80800000.0,1.0,74998383.0,74600000.0,78500000.0,5.193,2432500000.0,503000000.0,15500000.0,199300000.0,32.607,7600000.0
92,GRA,MRQ,1998-06-30,1998-06-30,1998-06-30,2021-08-25,-96100000.0,2415100000.0,,831400000.0,1583700000.0,,4.094,-24000000.0,72600000.0,72600000.0,224200000.0,25500000.0,1.001,6.829,249400000.0,216600000.0,32800000.0,249400000.0,0.0,23600000.0,0.0,3.831,65.08,46200000.0,69800000.0,0.182,69800000.0,46200000.0,41800000.0,0.34,0.32,0.34,308500000.0,,308500000.0,1300893244.0,10.0,5.659,-79800000.0,-1.059,1.0,159100000.0,0.415,39900000.0,4400000.0,1721800000.0,,132400000.0,0.0,0.0,0.0,2106600000.0,830200000.0,1276400000.0,1285693244.0,-651500000.0,3500000.0,-14500000.0,-559500000.0,0.0,-574000000.0,-20500000.0,0.0,-55800000.0,-1200000.0,25500000.0,25500000.0,25500000.0,0.0,0.0,0.067,112900000.0,46200000.0,107200000.0,191.412,4.168,13.296,13.025,651400000.0,0.0,17.062,0.861,0.861,364000000.0,25500000.0,383300000.0,383300000.0,10600000.0,,,,,0.0,78700000.0,1.0,75351985.0,75351985.0,,5.087,2375200000.0,474600000.0,16300000.0,167400000.0,31.521,1200000.0
93,GRA,MRQ,1998-03-31,1998-03-31,1998-03-31,2021-08-25,-101900000.0,3066700000.0,,1499300000.0,1567400000.0,,3.871,-16700000.0,724100000.0,724100000.0,209600000.0,-26000000.0,1.024,9.513,739300000.0,706300000.0,33000000.0,739300000.0,0.0,21800000.0,0.0,0.005,0.0,-11600000.0,10200000.0,0.029,10200000.0,-11600000.0,-18400000.0,-0.35,-0.32,-0.35,291700000.0,,291700000.0,7330719245.0,28.0,20.592,-275500000.0,-3.656,1.0,139000000.0,0.399,42500000.0,6800000.0,1575600000.0,,131900000.0,0.0,0.0,0.0,2775000000.0,1463800000.0,1311200000.0,6306019245.0,676500000.0,0.0,41900000.0,-331800000.0,0.0,966700000.0,-30500000.0,0.0,-258800000.0,-900000.0,-26000000.0,-26000000.0,-26000000.0,2600000.0,0.0,-0.075,112800000.0,26200000.0,94200000.0,0.0,21.618,33.436,32.437,651000000.0,0.0,83.688,4.165,4.165,378400000.0,,348600000.0,348600000.0,10400000.0,,,,,0.0,80600000.0,1.0,75351985.0,75351985.0,,4.626,3024200000.0,473000000.0,7600000.0,154200000.0,40.134,35500000.0
94,GRA,MRQ,1997-12-31,1997-12-31,1997-12-31,2021-08-25,-198800000.0,3773000000.0,,2175500000.0,1597500000.0,,6.323,-94300000.0,47600000.0,47600000.0,231800000.0,26100000.0,1.602,7.064,1072300000.0,413600000.0,658700000.0,1072300000.0,0.0,25400000.0,0.0,0.007,0.145,14300000.0,39700000.0,0.106,39700000.0,14300000.0,11700000.0,0.35,0.37,0.35,467900000.0,,467900000.0,,,,5600000.0,0.076,1.0,141400000.0,0.379,42900000.0,2600000.0,3397100000.0,,129600000.0,0.0,0.0,0.0,3305100000.0,1357700000.0,1947400000.0,6061125293.0,-18600000.0,9800000.0,11000000.0,-34000000.0,-10700000.0,-33700000.0,-82800000.0,0.0,99900000.0,-2000000.0,26100000.0,26100000.0,26100000.0,-47500000.0,0.0,0.07,71500000.0,69900000.0,106500000.0,0.414,12.954,23.223,22.787,663300000.0,0.0,80.438,3.953,3.882,273300000.0,108300000.0,373200000.0,373200000.0,10900000.0,,,,,0.0,94500000.0,1.0,75351985.0,74000000.0,,5.043,3730100000.0,447700000.0,-14400000.0,195800000.0,50.407,817800000.0
95,GRA,MRQ,1997-09-30,1997-09-30,1997-09-30,2021-08-25,,,,,,,,-50800000.0,,,225900000.0,71100000.0,,,,,,,,22400000.0,,0.007,0.145,87800000.0,110200000.0,0.284,110200000.0,87800000.0,80000000.0,0.97,0.93,0.97,,,,,,,44900000.0,,1.0,162000000.0,0.418,,7800000.0,,,,,,,,,,,23000000.0,18100000.0,24800000.0,-57600000.0,-10700000.0,-43500000.0,-28100000.0,0.0,95700000.0,-1100000.0,71100000.0,71100000.0,71100000.0,-55500000.0,0.0,0.183,129700000.0,32300000.0,,0.149,,,,,0.0,73.625,,,,,387900000.0,387900000.0,9900000.0,,,,,0.0,97400000.0,1.0,,,,,,,8900000.0,,,
96,GRA,MRQ,1997-06-30,1997-06-30,1997-06-30,2021-08-25,,,,,,,,-63800000.0,,,235200000.0,117400000.0,,,,,,,,23500000.0,,0.009,0.145,172400000.0,195900000.0,0.484,195900000.0,172400000.0,168000000.0,1.61,1.57,1.61,,,,,,,23800000.0,,1.0,169300000.0,0.419,,4400000.0,,,,,,,,,,,-33700000.0,132300000.0,15100000.0,-210400000.0,-10600000.0,-205900000.0,85400000.0,0.0,87600000.0,-800000.0,117400000.0,117400000.0,117400000.0,-36800000.0,0.0,0.29,136800000.0,32500000.0,,0.09,,,,,0.0,55.125,,,,,404500000.0,404500000.0,11000000.0,,,,,0.0,98300000.0,1.0,,,,,,,50600000.0,,,
97,GRA,MRQ,1997-03-31,1997-03-31,1997-03-31,2021-08-25,,,,,,,,-49800000.0,,,223000000.0,46400000.0,,,,,,,,23500000.0,,0.011,0.125,59200000.0,82700000.0,0.225,82700000.0,59200000.0,52800000.0,0.62,0.6,0.62,,,,,,,-96600000.0,,1.0,144600000.0,0.393,,6400000.0,,,,,,,,,,,8600000.0,518100000.0,-326700000.0,-2300000.0,-9200000.0,-338200000.0,395600000.0,0.0,-46800000.0,-2000000.0,46400000.0,46400000.0,46400000.0,-35300000.0,0.0,0.126,120700000.0,23900000.0,,0.202,,,,,0.0,47.375,,,,,367600000.0,367600000.0,10600000.0,,,,,0.0,86600000.0,1.0,,,,,,,6400000.0,,,
98,GRA,MRQ,1996-12-31,1996-12-31,1996-12-31,2021-08-25,-64600000.0,4945800000.0,,1774900000.0,3170900000.0,,,,68300000.0,68300000.0,,,1.194,6.821,1388200000.0,315200000.0,1073000000.0,1388200000.0,0.0,,0.0,0.01,0.125,,,,,,,,,,632400000.0,,632400000.0,,,,,,1.0,,,40600000.0,,4738000000.0,,376100000.0,0.0,0.0,0.0,4313400000.0,1487100000.0,2826300000.0,,,,,,,,,,,,,,,,,,,,274700000.0,,,,1.666,1871300000.0,,51.75,,,831400000.0,172600000.0,,,,,,,,,,1.0,,,,,4905200000.0,493100000.0,,166800000.0,,287800000.0
0,GRA,MRT,2021-06-30,2021-06-30,2021-06-30,2021-08-25,53000000.0,4387800000.0,3890525000.0,1018500000.0,3369300000.0,0.478,5.228,-136600000.0,312700000.0,312700000.0,1156900000.0,79900000.0,1.707,10.904,2285400000.0,17200000.0,2268200000.0,2285400000.0,0.0,111500000.0,0.0,0.013,0.93,171200000.0,282700000.0,0.152,282700000.0,171200000.0,93900000.0,1.16,1.16,1.16,346600000.0,299875000.0,346600000.0,6276010730.0,37.0,22.2,143900000.0,2.17,1.0,702300000.0,0.378,1309400000.0,77300000.0,4454300000.0,4121750000.0,358000000.0,174700000.0,0.0,174700000.0,3779300000.0,596800000.0,3182500000.0,4579310730.0,-685100000.0,-299900000.0,500000.0,-476700000.0,-61700000.0,-543600000.0,-428400000.0,0.0,280500000.0,6400000.0,77300000.0,77300000.0,77300000.0,0.0,2600000.0,0.042,506300000.0,196000000.0,290100000.0,0.802,13.212,59.241,59.586,1267400000.0,0.0,69.12,2.463,2.465,297000000.0,740300000.0,1859200000.0,1859200000.0,67400000.0,0.02,0.258,0.042,0.092,10700000.0,293200000.0,1.0,66251602.0,66300000.0,66400000.0,28.042,3078400000.0,550500000.0,16600000.0,0.0,46.431,421700000.0
1,GRA,MRT,2021-03-31,2021-03-31,2021-03-31,2021-08-25,56300000.0,3758400000.0,3919825000.0,886400000.0,2872000000.0,0.45,4.607,-153400000.0,292500000.0,292500000.0,1138100000.0,24800000.0,1.585,11.312,1989200000.0,14400000.0,1974800000.0,1989200000.0,0.0,107600000.0,0.0,0.021,1.23,106100000.0,213700000.0,0.121,213700000.0,106100000.0,29400000.0,0.37,0.37,0.37,305000000.0,299550000.0,305000000.0,5646418760.0,53.0,26.422,210600000.0,3.181,1.0,626900000.0,0.355,875600000.0,76700000.0,4020400000.0,4002025000.0,273600000.0,177400000.0,0.0,177400000.0,3450100000.0,559100000.0,2891000000.0,3962218760.0,98800000.0,-2000000.0,0.0,-29900000.0,-81600000.0,-117100000.0,-154500000.0,0.0,364000000.0,6400000.0,24600000.0,24600000.0,24600000.0,0.0,200000.0,0.014,496700000.0,130200000.0,262000000.0,3.324,12.991,161.066,161.784,1193100000.0,0.0,59.86,2.245,2.245,267100000.0,695400000.0,1765000000.0,1765000000.0,66300000.0,0.006,0.082,0.027,0.06,10700000.0,286400000.0,1.0,66191426.0,66200000.0,66300000.0,26.662,2882800000.0,557600000.0,4800000.0,0.0,43.547,327300000.0
2,GRA,MRT,2020-12-31,2020-12-31,2020-12-31,2021-08-25,29300000.0,3765500000.0,3941225000.0,875300000.0,2890200000.0,0.439,3.49,-155500000.0,306200000.0,306200000.0,1113300000.0,-1700000.0,1.565,15.259,1990400000.0,15300000.0,1975100000.0,1990400000.0,0.0,105000000.0,0.0,0.022,1.2,76400000.0,181400000.0,0.105,181400000.0,76400000.0,400000.0,-0.03,-0.03,-0.03,231400000.0,317625000.0,231400000.0,5364051150.0,70.0,29.57,194100000.0,2.928,1.0,616500000.0,0.356,883500000.0,76000000.0,4006900000.0,4006525000.0,253800000.0,175500000.0,0.0,175500000.0,3531000000.0,559300000.0,2971700000.0,3628551150.0,23300000.0,-2000000.0,-40400000.0,-29800000.0,-80100000.0,-157900000.0,-175800000.0,0.0,349600000.0,7400000.0,-1800000.0,-1800000.0,-1800000.0,0.0,100000.0,-0.001,514100000.0,102400000.0,262100000.0,-40.0,15.681,-2015.862,-1827.333,1208800000.0,0.0,54.82,2.098,2.101,264100000.0,648800000.0,1729800000.0,1729800000.0,65900000.0,0.0,-0.006,0.019,0.044,10700000.0,282900000.0,1.0,66190280.0,66300000.0,66300000.0,26.09,2882000000.0,567100000.0,2200000.0,0.0,43.469,316000000.0
3,GRA,MRT,2020-09-30,2020-09-30,2020-09-30,2021-08-25,53900000.0,3650400000.0,3983000000.0,833600000.0,2816800000.0,0.443,4.781,-175300000.0,268900000.0,268900000.0,1124100000.0,11100000.0,1.683,10.521,2004400000.0,18800000.0,1985600000.0,2004400000.0,0.0,102100000.0,0.0,0.029,1.17,80900000.0,183000000.0,0.104,183000000.0,80900000.0,5100000.0,0.21,0.21,0.21,316500000.0,358700000.0,316500000.0,4386339540.0,54.0,23.969,207500000.0,3.134,1.0,640000000.0,0.363,885300000.0,75800000.0,4005400000.0,4001125000.0,255700000.0,167400000.0,0.0,167400000.0,3329900000.0,495200000.0,2834700000.0,2666739540.0,50000000.0,-2000000.0,-40400000.0,-18900000.0,-78200000.0,-141700000.0,-194000000.0,0.0,382800000.0,2900000.0,13400000.0,13400000.0,13400000.0,0.0,-2300000.0,0.008,541800000.0,98200000.0,210200000.0,5.571,8.426,199.01,191.857,1156500000.0,0.0,40.29,1.512,1.512,239800000.0,712100000.0,1764100000.0,1764100000.0,65600000.0,0.003,0.037,0.02,0.046,14600000.0,286400000.0,1.0,66188621.0,66200000.0,66200000.0,26.648,2765100000.0,555800000.0,-8300000.0,0.0,41.769,338400000.0
4,GRA,MRT,2020-06-30,2020-06-30,2020-06-30,2021-08-25,71800000.0,4505000000.0,4015325000.0,1719600000.0,2785400000.0,0.452,5.216,-187600000.0,997800000.0,997800000.0,1140600000.0,58200000.0,1.264,12.034,2717400000.0,724300000.0,1993100000.0,2717400000.0,0.0,101400000.0,0.0,0.022,1.14,183900000.0,285300000.0,0.157,285300000.0,183900000.0,109300000.0,0.91,0.9,0.91,345300000.0,390925000.0,345300000.0,5146806230.0,28.0,18.04,244200000.0,3.689,1.0,674600000.0,0.372,888600000.0,74600000.0,3975400000.0,3983325000.0,267100000.0,186000000.0,0.0,186000000.0,4155400000.0,1360600000.0,2794800000.0,3362206230.0,837900000.0,0.0,-39300000.0,730200000.0,-76400000.0,610300000.0,-202000000.0,0.0,431800000.0,-2200000.0,60100000.0,60100000.0,60100000.0,0.0,-1900000.0,0.033,514900000.0,159700000.0,207600000.0,1.253,9.737,55.944,55.835,1144400000.0,0.0,50.81,1.852,1.853,218600000.0,725000000.0,1815200000.0,1815200000.0,64900000.0,0.015,0.154,0.046,0.101,14600000.0,292500000.0,1.0,66172136.0,66200000.0,66200000.0,27.42,3616400000.0,515300000.0,49200000.0,0.0,54.628,359000000.0
5,GRA,MRT,2020-03-31,2020-03-31,2020-03-31,2021-08-25,80200000.0,3844000000.0,3820700000.0,1036200000.0,2807800000.0,0.5,5.674,-213000000.0,193700000.0,193700000.0,1145400000.0,144200000.0,1.487,9.171,1978300000.0,23500000.0,1954800000.0,1978300000.0,0.0,100900000.0,0.0,0.031,1.11,280200000.0,381100000.0,0.2,381100000.0,280200000.0,205200000.0,2.16,2.15,2.16,377300000.0,399875000.0,377300000.0,4072762545.0,15.0,10.687,162700000.0,2.447,1.0,764700000.0,0.4,893500000.0,75000000.0,4038400000.0,3979050000.0,339100000.0,182600000.0,0.0,182600000.0,3460100000.0,696700000.0,2763400000.0,2375262545.0,-10100000.0,-22800000.0,-55500000.0,-9600000.0,-74700000.0,-144600000.0,-237700000.0,0.0,375700000.0,-3500000.0,143600000.0,143600000.0,143600000.0,0.0,600000.0,0.075,508800000.0,255900000.0,258600000.0,0.514,6.295,16.541,16.481,1153200000.0,0.0,35.6,1.244,1.239,258300000.0,752300000.0,1910100000.0,1910100000.0,64500000.0,0.038,0.359,0.07,0.147,14600000.0,296900000.0,1.0,66720858.0,66500000.0,66500000.0,28.723,2950500000.0,511700000.0,61600000.0,0.0,44.368,339500000.0
6,GRA,MRT,2019-12-31,2019-12-31,2019-12-31,2021-08-25,78800000.0,3932600000.0,3771300000.0,1134900000.0,2797700000.0,0.519,5.924,-194100000.0,282900000.0,282900000.0,1164400000.0,126700000.0,1.523,8.922,1980400000.0,23100000.0,1957300000.0,1980400000.0,0.0,100300000.0,0.0,0.015,1.08,259800000.0,360100000.0,0.184,360100000.0,259800000.0,183100000.0,1.89,1.89,1.89,395700000.0,392500000.0,395700000.0,6424791788.0,25.0,17.842,198000000.0,2.964,1.0,793700000.0,0.405,899700000.0,76700000.0,3985300000.0,3944275000.0,309900000.0,181900000.0,0.0,181900000.0,3530400000.0,745100000.0,2785300000.0,4661491788.0,81900000.0,-22800000.0,-10700000.0,-11200000.0,-72600000.0,-99400000.0,-210100000.0,0.0,392100000.0,-700000.0,126300000.0,126300000.0,126300000.0,0.0,400000.0,0.065,561300000.0,232400000.0,302300000.0,0.571,11.78,36.908,36.958,1143800000.0,0.0,69.85,2.381,2.383,307000000.0,730500000.0,1958100000.0,1958100000.0,64500000.0,0.033,0.322,0.066,0.133,14600000.0,299000000.0,1.0,66735745.0,66800000.0,66900000.0,29.313,3032900000.0,517600000.0,56800000.0,0.0,45.403,389800000.0
7,GRA,MRT,2019-09-30,2019-09-30,2019-09-30,2021-08-25,85300000.0,3779700000.0,3679475000.0,1051500000.0,2728200000.0,0.536,6.678,-197200000.0,218900000.0,218900000.0,1188300000.0,223700000.0,1.492,7.472,1982200000.0,22900000.0,1959300000.0,1982200000.0,0.0,100000000.0,0.0,0.016,1.05,387100000.0,487100000.0,0.247,487100000.0,387100000.0,308300000.0,3.35,3.34,3.35,445400000.0,376300000.0,445400000.0,6278374331.0,16.0,12.889,179200000.0,2.687,1.0,785300000.0,0.398,904100000.0,78800000.0,3934200000.0,3932025000.0,336500000.0,168500000.0,0.0,168500000.0,3328000000.0,704700000.0,2623300000.0,4455274331.0,65600000.0,-22800000.0,-30600000.0,-11400000.0,-70700000.0,-84100000.0,-222400000.0,0.0,376400000.0,-4300000.0,223700000.0,223700000.0,223700000.0,0.0,0.0,0.113,419600000.0,365700000.0,266400000.0,0.313,10.003,19.916,19.928,1098800000.0,0.0,66.76,2.257,2.256,265600000.0,776900000.0,1973600000.0,1973600000.0,64400000.0,0.061,0.594,0.098,0.196,18600000.0,300600000.0,1.0,66735685.0,66700000.0,66800000.0,29.589,2875600000.0,505000000.0,84600000.0,0.0,43.112,346800000.0
8,GRA,MRT,2019-06-30,2019-06-30,2019-06-30,2021-08-25,63500000.0,3726500000.0,3612875000.0,1007700000.0,2718800000.0,0.553,5.705,-227000000.0,159900000.0,159900000.0,1201500000.0,185800000.0,1.483,8.762,1983000000.0,23000000.0,1960000000.0,1983000000.0,0.0,99700000.0,0.0,0.013,1.02,324700000.0,424400000.0,0.212,424400000.0,324700000.0,244100000.0,2.78,2.78,2.78,381100000.0,333425000.0,381100000.0,6873140675.0,21.0,16.195,140900000.0,2.109,1.0,796500000.0,0.399,911800000.0,80600000.0,3958300000.0,3925750000.0,318200000.0,165700000.0,0.0,165700000.0,3339200000.0,679500000.0,2659700000.0,5092840675.0,27100000.0,-19900000.0,-41700000.0,-10600000.0,-68800000.0,-92500000.0,-246800000.0,0.0,367900000.0,-1500000.0,186100000.0,186100000.0,186100000.0,0.0,-300000.0,0.093,495600000.0,300900000.0,270300000.0,0.367,13.364,27.366,27.378,1076700000.0,0.0,76.11,2.549,2.545,310000000.0,741300000.0,1998000000.0,1998000000.0,65200000.0,0.052,0.558,0.083,0.163,18600000.0,301100000.0,1.0,66914212.0,66800000.0,67000000.0,29.91,2814700000.0,520100000.0,58000000.0,0.0,42.136,328200000.0
9,GRA,MRT,2019-03-31,2019-03-31,2019-03-31,2021-08-25,76500000.0,3646400000.0,3531800000.0,980600000.0,2665800000.0,0.558,5.207,-204400000.0,203800000.0,203800000.0,1184300000.0,148000000.0,1.542,9.467,1984100000.0,22500000.0,1961600000.0,1984100000.0,0.0,100700000.0,0.0,0.013,0.99,293800000.0,394500000.0,0.2,394500000.0,293800000.0,212900000.0,2.22,2.22,2.22,347800000.0,310250000.0,347800000.0,6990655028.0,24.0,17.72,119600000.0,1.79,1.0,785800000.0,0.399,891400000.0,80900000.0,3899300000.0,3897975000.0,316200000.0,159500000.0,0.0,159500000.0,3292600000.0,636000000.0,2656600000.0,5208355028.0,52500000.0,-418000000.0,-34700000.0,424000000.0,-66800000.0,349800000.0,-616100000.0,0.0,324000000.0,-5200000.0,148700000.0,148700000.0,148700000.0,0.0,-700000.0,0.075,518400000.0,267400000.0,257500000.0,0.446,14.975,35.026,35.153,1043700000.0,0.0,78.04,2.644,2.646,257800000.0,683300000.0,1970100000.0,1970100000.0,65000000.0,0.042,0.479,0.075,0.149,18600000.0,305200000.0,1.0,66739557.0,66800000.0,66900000.0,29.493,2755000000.0,525600000.0,64200000.0,0.0,41.243,344600000.0
10,GRA,MRT,2018-12-31,2018-12-31,2018-12-31,2021-08-25,67900000.0,3565300000.0,3356475000.0,857300000.0,2708000000.0,0.576,4.924,-216300000.0,201000000.0,201000000.0,1165400000.0,166800000.0,1.667,9.756,1983300000.0,22300000.0,1961000000.0,1983300000.0,0.0,100800000.0,0.0,0.015,0.96,325900000.0,426700000.0,0.221,426700000.0,325900000.0,245700000.0,2.49,2.49,2.49,330900000.0,283100000.0,330900000.0,6181493638.0,19.0,14.487,125700000.0,1.871,1.0,766700000.0,0.397,896900000.0,80200000.0,3936300000.0,3727625000.0,281100000.0,156100000.0,0.0,156100000.0,3228300000.0,514400000.0,2713900000.0,4348293638.0,37500000.0,-418000000.0,-73300000.0,424400000.0,-64600000.0,316500000.0,-618500000.0,0.0,342000000.0,-2500000.0,167600000.0,167600000.0,167600000.0,0.0,-800000.0,0.087,468600000.0,298100000.0,248600000.0,0.386,13.141,25.944,26.068,1011700000.0,0.0,64.91,2.251,2.258,288500000.0,676700000.0,1932100000.0,1932100000.0,62700000.0,0.05,0.592,0.087,0.169,18600000.0,300400000.0,1.0,66989580.0,67200000.0,67300000.0,28.751,2668400000.0,529400000.0,78100000.0,0.0,39.708,342900000.0
11,GRA,MRT,2018-09-30,2018-09-30,2018-09-30,2021-08-25,46500000.0,3513300000.0,3191900000.0,845900000.0,2667400000.0,0.586,4.082,-201300000.0,153300000.0,153300000.0,1116800000.0,-25200000.0,1.585,11.804,1986500000.0,22800000.0,1963700000.0,1986500000.0,0.0,105000000.0,0.0,0.013,0.93,256700000.0,361700000.0,0.193,361700000.0,256700000.0,177300000.0,-0.35,-0.34,-0.35,273900000.0,264475000.0,273900000.0,6658632268.0,26.0,18.409,84400000.0,1.258,1.0,754800000.0,0.403,903800000.0,79400000.0,3909100000.0,3538900000.0,319000000.0,144400000.0,0.0,144400000.0,3233100000.0,533600000.0,2699500000.0,4804832268.0,-33200000.0,-418000000.0,-51800000.0,401700000.0,-62800000.0,288000000.0,-605900000.0,0.0,285700000.0,-1000000.0,-24500000.0,-24500000.0,-24500000.0,0.0,-700000.0,-0.013,526300000.0,228500000.0,245100000.0,-2.657,17.542,-196.116,-204.171,984100000.0,0.0,71.46,2.567,2.562,279200000.0,625400000.0,1871600000.0,1871600000.0,61300000.0,-0.008,-0.093,0.073,0.137,11000000.0,287800000.0,1.0,67238067.0,67100000.0,67200000.0,27.893,2609500000.0,543600000.0,201800000.0,0.0,38.89,312300000.0
12,GRA,MRT,2018-06-30,2018-06-30,2018-06-30,2021-08-25,55800000.0,3402200000.0,3060050000.0,788400000.0,2613800000.0,0.59,4.285,-156900000.0,132800000.0,132800000.0,1082300000.0,6000000.0,1.567,10.774,1986600000.0,23300000.0,1963300000.0,1986600000.0,0.0,108200000.0,0.0,0.012,0.9,298600000.0,406800000.0,0.225,406800000.0,298600000.0,219500000.0,0.11,0.12,0.11,288400000.0,294225000.0,288400000.0,6328692339.0,21.0,15.557,140800000.0,2.092,1.0,723900000.0,0.401,905700000.0,79100000.0,3847200000.0,3375950000.0,307400000.0,138700000.0,0.0,138700000.0,3107300000.0,503100000.0,2604200000.0,4933492339.0,-39800000.0,-424400000.0,-74200000.0,363000000.0,-61000000.0,228700000.0,-569400000.0,0.0,297700000.0,3200000.0,6800000.0,6800000.0,6800000.0,0.0,-800000.0,0.004,452500000.0,271400000.0,262500000.0,8.182,17.106,725.514,666.455,955900000.0,0.0,73.31,2.731,2.732,277500000.0,625500000.0,1806200000.0,1806200000.0,59600000.0,0.002,0.023,0.088,0.165,11000000.0,282400000.0,1.0,67296308.0,67300000.0,67400000.0,26.838,2496500000.0,535400000.0,212700000.0,0.0,37.095,285300000.0
13,GRA,MRT,2018-03-31,2018-03-31,2018-03-31,2021-08-25,23300000.0,2945100000.0,2956975000.0,727600000.0,2217500000.0,0.592,3.538,-144300000.0,151300000.0,151300000.0,1057600000.0,10900000.0,1.563,11.284,1546500000.0,14800000.0,1531700000.0,1546500000.0,0.0,109400000.0,0.0,0.014,0.87,298500000.0,407900000.0,0.233,407900000.0,298500000.0,219200000.0,0.17,0.18,0.17,239200000.0,322725000.0,239200000.0,5525257146.0,19.0,13.546,228000000.0,3.373,1.0,692400000.0,0.396,656800000.0,79300000.0,3217900000.0,3236875000.0,256200000.0,132200000.0,0.0,132200000.0,2699200000.0,465600000.0,2233600000.0,4144857146.0,64900000.0,-3500000.0,-78800000.0,-29800000.0,-59200000.0,-168500000.0,-146800000.0,0.0,372300000.0,7900000.0,11900000.0,11900000.0,11900000.0,0.0,-1000000.0,0.007,419200000.0,273200000.0,217300000.0,5.118,17.328,348.307,360.176,829400000.0,0.0,61.23,2.368,2.365,269100000.0,603700000.0,1750000000.0,1750000000.0,57100000.0,0.004,0.037,0.092,0.171,11000000.0,271300000.0,1.0,67693241.0,67600000.0,67700000.0,25.888,2288300000.0,550600000.0,207300000.0,0.0,33.851,262000000.0
14,GRA,MRT,2017-12-31,2017-12-31,2017-12-31,2021-08-25,39900000.0,2907000000.0,2943400000.0,728600000.0,2178400000.0,0.583,3.765,-125200000.0,163500000.0,163500000.0,1040400000.0,10400000.0,1.626,10.311,1543900000.0,20100000.0,1523800000.0,1543900000.0,0.0,111500000.0,0.0,0.012,0.84,291200000.0,402700000.0,0.235,402700000.0,291200000.0,211700000.0,0.16,0.16,0.16,256400000.0,360950000.0,256400000.0,6134133286.0,21.0,15.233,194000000.0,2.849,1.0,676100000.0,0.394,657800000.0,79500000.0,3181400000.0,3248800000.0,230900000.0,125900000.0,0.0,125900000.0,2643700000.0,448200000.0,2195500000.0,4752233286.0,62900000.0,-3500000.0,-48600000.0,-29500000.0,-57300000.0,-134800000.0,-129200000.0,0.0,319200000.0,7700000.0,11200000.0,11200000.0,11200000.0,0.0,-800000.0,0.007,411600000.0,264500000.0,210300000.0,5.25,18.534,424.307,438.312,799100000.0,0.0,70.13,2.769,2.782,285200000.0,573100000.0,1716500000.0,1716500000.0,56300000.0,0.004,0.031,0.09,0.17,11000000.0,268400000.0,1.0,67763201.0,68100000.0,68200000.0,25.206,2249200000.0,556500000.0,200500000.0,0.0,33.028,280400000.0
15,GRA,MRT,2017-09-30,2017-09-30,2017-09-30,2021-08-25,43700000.0,2985900000.0,2944600000.0,715400000.0,2270500000.0,0.577,5.786,-113100000.0,186500000.0,186500000.0,1030400000.0,149100000.0,1.591,6.589,1568400000.0,46500000.0,1521900000.0,1568400000.0,0.0,109100000.0,0.0,0.011,0.8,275200000.0,384300000.0,0.226,384300000.0,275200000.0,195600000.0,2.19,2.19,2.19,392900000.0,389050000.0,392900000.0,6352975236.0,23.0,16.531,190400000.0,2.804,1.0,667400000.0,0.393,660900000.0,79600000.0,3257300000.0,3266250000.0,239500000.0,118000000.0,0.0,118000000.0,2588900000.0,449600000.0,2139300000.0,4922575236.0,-27300000.0,-4900000.0,-186500000.0,-1900000.0,-54900000.0,-278600000.0,-99500000.0,0.0,303500000.0,2500000.0,149500000.0,149500000.0,149500000.0,2000000.0,-400000.0,0.088,420300000.0,247100000.0,195200000.0,0.365,12.529,32.927,32.945,762800000.0,0.0,72.15,2.899,2.885,253100000.0,710300000.0,1697800000.0,1697800000.0,56900000.0,0.051,0.384,0.084,0.162,11600000.0,274400000.0,1.0,68226961.0,67900000.0,68000000.0,25.004,2325000000.0,694100000.0,46100000.0,0.0,34.242,265800000.0
16,GRA,MRT,2017-06-30,2017-06-30,2017-06-30,2021-08-25,56500000.0,2989900000.0,2950000000.0,715500000.0,2274400000.0,0.567,5.892,-118700000.0,172600000.0,172600000.0,1008500000.0,141700000.0,1.522,6.422,1603000000.0,86500000.0,1516500000.0,1603000000.0,0.0,107700000.0,0.0,0.011,0.76,274900000.0,382600000.0,0.229,382600000.0,274900000.0,195600000.0,2.05,2.05,2.05,402400000.0,413650000.0,402400000.0,6391904464.0,23.0,16.706,128600000.0,1.883,1.0,664300000.0,0.397,659400000.0,79300000.0,3290900000.0,3263125000.0,236500000.0,131900000.0,0.0,131900000.0,2584300000.0,470000000.0,2114300000.0,4922604464.0,-31100000.0,-12700000.0,-170000000.0,36900000.0,-52700000.0,-220800000.0,-102000000.0,0.0,247300000.0,-400000.0,141700000.0,141700000.0,141700000.0,3600000.0,0.0,0.085,419200000.0,245100000.0,199900000.0,0.371,12.233,34.74,35.127,749700000.0,0.0,72.01,2.943,2.94,265000000.0,677300000.0,1672800000.0,1672800000.0,55000000.0,0.048,0.343,0.084,0.164,11600000.0,272200000.0,1.0,68360012.0,68300000.0,68400000.0,24.492,2330500000.0,700300000.0,53900000.0,0.0,34.122,245500000.0
17,GRA,MRT,2017-03-31,2017-03-31,2017-03-31,2021-08-25,65400000.0,2890800000.0,2947925000.0,628800000.0,2262000000.0,0.554,5.741,-113500000.0,86400000.0,86400000.0,963500000.0,136700000.0,1.449,6.363,1555700000.0,44700000.0,1511000000.0,1555700000.0,0.0,104200000.0,0.0,0.01,0.72,271300000.0,375500000.0,0.23,375500000.0,271300000.0,192300000.0,1.96,1.96,1.96,392100000.0,434500000.0,392100000.0,6243316785.0,23.0,16.627,91700000.0,1.343,1.0,670300000.0,0.41,660500000.0,79000000.0,3265600000.0,3250450000.0,234100000.0,124900000.0,0.0,124900000.0,2495100000.0,434000000.0,2061100000.0,4759816785.0,-337500000.0,-246500000.0,-170900000.0,-400000.0,-50300000.0,-253400000.0,-331700000.0,0.0,205200000.0,-2400000.0,136500000.0,136500000.0,136500000.0,3000000.0,200000.0,0.084,425700000.0,244600000.0,199700000.0,0.367,12.139,34.87,35.566,740200000.0,0.0,69.71,2.913,2.914,244500000.0,647800000.0,1633800000.0,1633800000.0,53800000.0,0.046,0.314,0.083,0.166,11600000.0,269300000.0,1.0,68280258.0,68300000.0,68500000.0,23.921,2230300000.0,703100000.0,55800000.0,0.0,32.654,194800000.0
18,GRA,MRT,2016-12-31,2016-12-31,2016-12-31,2021-08-25,66400000.0,2911800000.0,2947325000.0,654800000.0,2257000000.0,0.542,5.261,-116900000.0,100600000.0,100600000.0,928800000.0,94100000.0,1.362,6.886,1584100000.0,76500000.0,1507600000.0,1584100000.0,0.0,100300000.0,0.0,0.008,0.51,234600000.0,334900000.0,0.209,334900000.0,234600000.0,153100000.0,1.34,1.33,1.34,368800000.0,434325000.0,368800000.0,6117266722.0,26.0,18.266,150600000.0,2.148,1.0,669800000.0,0.419,663300000.0,81500000.0,3251200000.0,3190425000.0,228000000.0,117600000.0,0.0,117600000.0,2539400000.0,480800000.0,2058600000.0,4741266722.0,-95300000.0,-246500000.0,-178100000.0,-593600000.0,-36000000.0,-60200000.0,-344400000.0,0.0,267500000.0,-3000000.0,94100000.0,94100000.0,94100000.0,12900000.0,0.0,0.059,452100000.0,217700000.0,195400000.0,0.381,12.856,50.385,50.478,729600000.0,0.0,67.64,2.966,2.966,273900000.0,619300000.0,1598600000.0,1598600000.0,51600000.0,0.032,0.217,0.074,0.147,11600000.0,271800000.0,1.0,70095605.0,70100000.0,70500000.0,22.805,2248500000.0,709400000.0,59000000.0,0.0,32.076,174000000.0
19,GRA,MRT,2016-09-30,2016-09-30,2016-09-30,2021-08-25,58400000.0,3007500000.0,3130800000.0,748300000.0,2259200000.0,0.505,6.989,-122000000.0,214200000.0,214200000.0,917700000.0,98800000.0,1.581,5.115,1590200000.0,77100000.0,1513100000.0,1590200000.0,0.0,98200000.0,0.0,0.005,0.34,264400000.0,362600000.0,0.229,362600000.0,264400000.0,177900000.0,1.41,1.42,1.41,491300000.0,394075000.0,491300000.0,6575694587.0,25.0,18.135,203300000.0,2.892,1.0,664900000.0,0.42,665500000.0,86500000.0,3244800000.0,3453425000.0,236100000.0,107500000.0,0.0,107500000.0,2512900000.0,473200000.0,2039700000.0,5190694587.0,16700000.0,-245100000.0,-121200000.0,-585900000.0,-24100000.0,55900000.0,-364400000.0,0.0,325300000.0,-100000.0,99100000.0,99100000.0,99100000.0,8200000.0,-300000.0,0.063,409000000.0,255900000.0,162200000.0,0.241,10.565,52.378,52.34,731700000.0,0.0,73.8,3.28,3.278,252700000.0,616100000.0,1582600000.0,1582600000.0,47100000.0,0.032,0.251,0.077,0.167,0.0,299400000.0,1.0,70334615.0,70300000.0,70700000.0,22.512,2342000000.0,717000000.0,78800000.0,12000000.0,33.314,275100000.0
20,GRA,MRT,2016-06-30,2016-06-30,2016-06-30,2021-08-25,60400000.0,2981600000.0,3305800000.0,710100000.0,2271500000.0,0.477,6.891,-118900000.0,204000000.0,204000000.0,914500000.0,72800000.0,1.56,5.131,1589000000.0,80200000.0,1508800000.0,1589000000.0,0.0,95800000.0,0.0,0.002,0.17,242300000.0,338100000.0,0.214,338100000.0,242300000.0,150400000.0,1.04,1.05,1.04,485800000.0,334500000.0,485800000.0,6324285028.0,26.0,18.705,298600000.0,4.235,1.0,662800000.0,0.42,671300000.0,91900000.0,3240200000.0,3685100000.0,233800000.0,99000000.0,0.0,99000000.0,2492600000.0,455100000.0,2037500000.0,5161585028.0,-29200000.0,-233800000.0,-213600000.0,-589000000.0,-12000000.0,-29000000.0,-371700000.0,0.0,417500000.0,-46000000.0,73300000.0,73300000.0,73300000.0,26500000.0,-500000.0,0.046,406000000.0,256800000.0,163800000.0,0.163,10.625,70.417,70.394,729000000.0,0.0,73.21,3.272,3.272,216500000.0,595700000.0,1577300000.0,1577300000.0,46800000.0,0.022,0.219,0.066,0.154,0.0,302800000.0,1.0,70503825.0,70500000.0,70900000.0,22.373,2310300000.0,736400000.0,77100000.0,12100000.0,32.77,255000000.0
21,GRA,MRT,2016-03-31,2016-03-31,2016-03-31,2021-08-25,59800000.0,2888400000.0,3513900000.0,893900000.0,1994500000.0,0.454,5.544,-120200000.0,423900000.0,423900000.0,936600000.0,91700000.0,1.923,6.371,1586600000.0,78900000.0,1507700000.0,1586600000.0,0.0,97200000.0,0.0,0.0,0.0,262200000.0,359400000.0,0.225,359400000.0,262200000.0,165500000.0,1.28,1.28,1.28,391400000.0,308375000.0,391400000.0,6910526515.0,26.0,19.228,364300000.0,5.16,1.0,657400000.0,0.412,560800000.0,96700000.0,3025500000.0,3940850000.0,211800000.0,110600000.0,0.0,110600000.0,2493600000.0,464800000.0,2028800000.0,5020926515.0,231100000.0,0.0,-243900000.0,-605100000.0,0.0,-64600000.0,-147400000.0,0.0,484500000.0,-41400000.0,92000000.0,92000000.0,92000000.0,2300000.0,-300000.0,0.058,404400000.0,253000000.0,159800000.0,0.0,12.828,54.575,55.609,627400000.0,0.0,71.18,3.15,3.153,209100000.0,490900000.0,1594000000.0,1594000000.0,46700000.0,0.026,0.298,0.067,0.164,0.0,309900000.0,1.0,70538445.0,70600000.0,71100000.0,22.578,2327600000.0,664000000.0,73500000.0,13900000.0,32.969,429100000.0
22,GRA,MRT,2015-12-31,2015-12-31,2015-12-31,2021-08-25,-66800000.0,3645700000.0,3733825000.0,1184500000.0,2461200000.0,0.436,2.886,-118800000.0,240700000.0,240700000.0,976500000.0,144100000.0,1.674,16.522,2169600000.0,58100000.0,2111500000.0,2169600000.0,0.0,99200000.0,0.0,0.0,0.0,313400000.0,412600000.0,0.253,412600000.0,313400000.0,214000000.0,2.0,1.99,2.0,207800000.0,301750000.0,207800000.0,8919522486.0,28.0,21.618,-106100000.0,-1.474,1.0,651700000.0,0.4,564000000.0,99400000.0,4303200000.0,4256850000.0,198800000.0,103200000.0,0.0,103200000.0,3433200000.0,707400000.0,2725800000.0,7034822486.0,-227600000.0,0.0,-274600000.0,242400000.0,0.0,-37600000.0,-144400000.0,0.0,12700000.0,-58300000.0,144200000.0,144200000.0,144200000.0,-20200000.0,-100000.0,0.089,379000000.0,272700000.0,157800000.0,0.0,33.854,48.785,49.795,621700000.0,0.0,99.59,4.321,4.404,254500000.0,436300000.0,1628200000.0,1628200000.0,47100000.0,0.039,0.478,0.074,0.192,0.0,318900000.0,1.0,70637840.0,72000000.0,72600000.0,22.614,3081700000.0,714300000.0,69800000.0,11000000.0,42.801,477100000.0
23,GRA,MRT,2015-09-30,2015-09-30,2015-09-30,2021-08-25,-73600000.0,3707500000.0,3845800000.0,1426300000.0,2281200000.0,0.136,3.509,-96800000.0,331100000.0,331100000.0,294800000.0,138000000.0,1.995,13.637,2215800000.0,72000000.0,2143800000.0,2215800000.0,0.0,75200000.0,0.0,0.0,0.0,208500000.0,283700000.0,0.544,283700000.0,208500000.0,113400000.0,1.93,1.92,1.93,253000000.0,341275000.0,253000000.0,8587190546.0,41.0,30.269,-14800000.0,-0.205,1.0,227000000.0,0.435,705600000.0,95100000.0,4171500000.0,4088650000.0,323100000.0,112100000.0,0.0,112100000.0,3450100000.0,715100000.0,2735000000.0,6730790546.0,-276900000.0,0.0,-324500000.0,222500000.0,0.0,-133500000.0,-158200000.0,0.0,82000000.0,-67200000.0,139400000.0,139400000.0,139400000.0,-186700000.0,-1400000.0,0.267,233900000.0,-6900000.0,262300000.0,0.0,26.604,48.284,48.212,813900000.0,0.0,93.05,12.899,12.857,455200000.0,416000000.0,521800000.0,521800000.0,26200000.0,0.036,0.408,0.051,0.4,700000.0,207600000.0,1.0,72335202.0,72100000.0,72700000.0,7.237,3001900000.0,785200000.0,-26000000.0,40200000.0,41.635,711200000.0
24,GRA,MRT,2015-06-30,2015-06-30,2015-06-30,2021-08-25,-36800000.0,3814000000.0,3964025000.0,1503500000.0,2310500000.0,0.247,5.252,-108000000.0,366900000.0,366900000.0,590300000.0,199300000.0,2.183,8.992,2223300000.0,76800000.0,2146500000.0,2223300000.0,0.0,84900000.0,0.0,0.0,0.0,285600000.0,370500000.0,0.378,370500000.0,285600000.0,201000000.0,2.74,2.72,2.74,381300000.0,406150000.0,381300000.0,9204212849.0,32.0,24.843,-639100000.0,-8.803,1.0,388700000.0,0.397,718400000.0,84600000.0,4263200000.0,3948950000.0,322800000.0,108700000.0,0.0,108700000.0,3428700000.0,688800000.0,2739900000.0,7298412849.0,83000000.0,0.0,-311800000.0,1137300000.0,0.0,795000000.0,-150900000.0,0.0,-531100000.0,-30000000.0,200100000.0,200100000.0,200100000.0,-206600000.0,-800000.0,0.204,319600000.0,69100000.0,273000000.0,0.0,19.141,36.474,36.606,825400000.0,0.0,100.3,7.455,7.438,480900000.0,402200000.0,979000000.0,979000000.0,34900000.0,0.05,0.493,0.072,0.292,0.0,284800000.0,1.0,72765831.0,72600000.0,73200000.0,13.485,3095600000.0,796200000.0,900000.0,42700000.0,42.639,814700000.0
25,GRA,MRT,2015-03-31,2015-03-31,2015-03-31,2021-08-25,-36900000.0,3768100000.0,3986475000.0,1338800000.0,2429300000.0,0.354,5.012,-125200000.0,326800000.0,326800000.0,868000000.0,278600000.0,2.02,9.317,2232600000.0,88800000.0,2143800000.0,2232600000.0,0.0,93900000.0,0.0,0.0,0.0,325300000.0,419200000.0,0.297,419200000.0,325300000.0,254200000.0,3.74,3.71,3.74,364900000.0,450675000.0,364900000.0,8636245489.0,27.0,20.602,-718800000.0,-9.874,1.0,541800000.0,0.384,721500000.0,71100000.0,4289500000.0,3543400000.0,325100000.0,106600000.0,0.0,106600000.0,3399900000.0,662900000.0,2737000000.0,7177945489.0,-96100000.0,0.0,-435200000.0,1153500000.0,0.0,689100000.0,-158000000.0,0.0,-593600000.0,-33600000.0,278900000.0,278900000.0,278900000.0,-181800000.0,-300000.0,0.198,402800000.0,139000000.0,258200000.0,0.0,19.671,25.737,26.436,813100000.0,0.0,98.87,5.091,5.106,447900000.0,344800000.0,1409800000.0,1409800000.0,42900000.0,0.07,0.619,0.092,0.231,0.0,355300000.0,1.0,72599833.0,72800000.0,73500000.0,19.365,3046600000.0,826400000.0,-24700000.0,40900000.0,41.849,675900000.0
26,GRA,MRT,2014-12-31,2014-12-31,2014-12-31,2021-08-25,-23800000.0,4093600000.0,4054125000.0,1455500000.0,2638100000.0,0.433,4.859,-132300000.0,557500000.0,557500000.0,1093300000.0,276200000.0,1.233,10.179,2015800000.0,96800000.0,1919000000.0,2015800000.0,0.0,102700000.0,0.0,0.0,0.0,321500000.0,424200000.0,0.241,424200000.0,321500000.0,263900000.0,3.67,3.63,3.67,365900000.0,499575000.0,365900000.0,8460900898.0,26.0,19.946,-1605600000.0,-21.323,1.0,664000000.0,0.378,740900000.0,57600000.0,3630400000.0,3133725000.0,332800000.0,113100000.0,0.0,113100000.0,3724600000.0,1180600000.0,2544000000.0,7041900898.0,-407300000.0,0.0,-446100000.0,1314300000.0,0.0,851100000.0,235300000.0,0.0,-1473300000.0,-20400000.0,276300000.0,276300000.0,276300000.0,-159300000.0,-100000.0,0.157,495400000.0,168600000.0,255300000.0,0.0,19.245,25.486,25.992,833500000.0,0.0,95.39,4.007,4.087,481100000.0,292100000.0,1757300000.0,1757300000.0,51300000.0,0.068,0.553,0.103,0.183,0.0,415100000.0,1.0,73822213.0,75300000.0,76200000.0,23.337,3352700000.0,845800000.0,-12400000.0,43200000.0,44.525,274900000.0
27,GRA,MRT,2014-09-30,2014-09-30,2014-09-30,2021-08-25,6000000.0,4180400000.0,4379750000.0,1799900000.0,2380500000.0,0.734,6.861,-160000000.0,608000000.0,608000000.0,1997900000.0,292200000.0,1.463,7.134,2027000000.0,97700000.0,1929300000.0,2027000000.0,0.0,133600000.0,0.0,0.0,0.0,391400000.0,525000000.0,0.163,525000000.0,391400000.0,342700000.0,3.82,3.78,3.82,512500000.0,548250000.0,512500000.0,7594458809.0,19.0,14.466,-1623100000.0,-21.728,1.0,1217700000.0,0.379,756400000.0,48700000.0,3612700000.0,2910625000.0,337300000.0,108800000.0,0.0,108800000.0,3656000000.0,1230300000.0,2425700000.0,6804958809.0,-446700000.0,-512200000.0,-313300000.0,1316900000.0,0.0,1001200000.0,14000000.0,500000000.0,-1463100000.0,1200000.0,290500000.0,290500000.0,290500000.0,0.0,1700000.0,0.09,671200000.0,546500000.0,298500000.0,0.0,13.278,23.425,23.806,826400000.0,0.0,90.94,2.116,2.113,527300000.0,276600000.0,3215600000.0,3215600000.0,78000000.0,0.066,0.53,0.134,0.122,-34400000.0,529100000.0,1.0,74829105.0,74700000.0,75600000.0,43.047,3424000000.0,815200000.0,52200000.0,35700000.0,45.837,569600000.0
28,GRA,MRT,2014-06-30,2014-06-30,2014-06-30,2021-08-25,35400000.0,3903800000.0,4642150000.0,1466000000.0,2437800000.0,0.674,7.37,-164000000.0,283900000.0,283900000.0,1958200000.0,294500000.0,1.146,5.958,1073400000.0,157400000.0,916000000.0,1073400000.0,0.0,129300000.0,0.0,0.0,0.0,388900000.0,518200000.0,0.166,518200000.0,388900000.0,344200000.0,3.82,3.78,3.82,559400000.0,570575000.0,559400000.0,7860092857.0,20.0,15.168,-1004700000.0,-13.237,1.0,1172300000.0,0.374,772900000.0,44700000.0,2641000000.0,3054600000.0,334600000.0,102700000.0,0.0,102700000.0,3333000000.0,1279400000.0,2053600000.0,7212492857.0,-658500000.0,-510400000.0,-212000000.0,420100000.0,0.0,176500000.0,-10300000.0,500000000.0,-840700000.0,16000000.0,293000000.0,293000000.0,293000000.0,0.0,1500000.0,0.094,645900000.0,526400000.0,311500000.0,0.0,12.893,24.616,24.746,835200000.0,0.0,94.53,2.304,2.292,539900000.0,202100000.0,3130500000.0,3130500000.0,72500000.0,0.063,0.514,0.127,0.124,0.0,511100000.0,1.0,76298454.0,75900000.0,76800000.0,41.245,3130900000.0,835200000.0,51200000.0,37500000.0,41.25,186600000.0
29,GRA,MRT,2014-03-31,2014-03-31,2014-03-31,2021-08-25,9200000.0,4038700000.0,4957575000.0,1597600000.0,2441100000.0,0.624,7.279,-158000000.0,422900000.0,422900000.0,1943000000.0,248600000.0,1.258,6.186,1070500000.0,149000000.0,921500000.0,1070500000.0,0.0,126000000.0,0.0,0.0,0.0,393000000.0,519000000.0,0.168,519000000.0,393000000.0,348500000.0,3.21,3.17,3.21,560500000.0,561625000.0,560500000.0,7530675890.0,19.0,14.51,-945500000.0,-12.279,1.0,1152300000.0,0.372,765800000.0,44500000.0,2650800000.0,3453950000.0,324800000.0,99700000.0,0.0,99700000.0,3467300000.0,1269700000.0,2197600000.0,7642375890.0,-896900000.0,-526200000.0,-24700000.0,418100000.0,0.0,363000000.0,-485700000.0,0.0,-787500000.0,13300000.0,247100000.0,247100000.0,247100000.0,0.0,1500000.0,0.08,633600000.0,518700000.0,305400000.0,0.0,13.635,30.928,30.894,832700000.0,0.0,99.17,2.469,2.467,504700000.0,65900000.0,3095300000.0,3095300000.0,68800000.0,0.05,0.44,0.114,0.127,0.0,509200000.0,1.0,77063385.0,77000000.0,78100000.0,40.199,3272900000.0,892900000.0,101400000.0,98400000.0,42.505,327900000.0
30,GRA,MRT,2013-12-31,2013-12-31,2013-12-31,2021-08-25,10600000.0,5396100000.0,5210250000.0,2294400000.0,3101700000.0,0.587,7.338,-156200000.0,1360200000.0,1360200000.0,1918600000.0,257700000.0,3.61,8.607,110700000.0,81100000.0,29600000.0,110700000.0,0.0,123100000.0,0.0,0.0,0.0,402800000.0,525900000.0,0.172,525900000.0,402800000.0,359000000.0,3.35,3.3,3.35,560600000.0,521800000.0,560600000.0,7482577520.0,19.0,14.228,359700000.0,4.708,1.0,1142100000.0,0.373,773000000.0,43800000.0,2738000000.0,3727300000.0,295300000.0,96200000.0,0.0,96200000.0,4824900000.0,635600000.0,4189300000.0,7602777520.0,-372100000.0,-526200000.0,34400000.0,-11900000.0,0.0,-8400000.0,-880700000.0,0.0,515900000.0,1100000.0,256100000.0,256100000.0,256100000.0,0.0,1600000.0,0.084,623100000.0,519000000.0,262500000.0,0.0,13.562,29.687,29.513,829900000.0,0.0,98.87,2.484,2.468,481800000.0,15800000.0,3060700000.0,3060700000.0,65200000.0,0.049,0.491,0.108,0.132,0.0,505700000.0,1.0,76896708.0,76400000.0,77700000.0,40.062,4623100000.0,904000000.0,102900000.0,23200000.0,60.512,1658800000.0
31,GRA,MRT,2013-09-30,2013-09-30,2013-09-30,2021-08-25,-527700000.0,5230000000.0,5133825000.0,2689600000.0,2540400000.0,0.6,7.846,-152800000.0,1239900000.0,1239900000.0,1991100000.0,61500000.0,4.201,7.674,1119700000.0,90700000.0,1029000000.0,1119700000.0,0.0,121900000.0,0.0,0.0,0.0,59000000.0,180900000.0,0.059,180900000.0,59000000.0,14500000.0,0.74,0.74,0.74,601800000.0,459125000.0,601800000.0,6683821390.0,113.0,36.948,351000000.0,4.576,1.0,1090700000.0,0.354,280900000.0,44500000.0,4188600000.0,3974375000.0,314800000.0,590800000.0,500000000.0,90800000.0,4618100000.0,640300000.0,3977800000.0,6698421390.0,-196500000.0,-53500000.0,37400000.0,12600000.0,0.0,32200000.0,-727900000.0,-500000000.0,503800000.0,-4600000.0,60700000.0,60700000.0,60700000.0,0.0,800000.0,0.02,1052700000.0,38000000.0,260300000.0,0.0,11.131,110.353,118.108,787800000.0,0.0,87.4,2.174,2.175,483900000.0,600300000.0,3081800000.0,3081800000.0,65100000.0,0.012,0.132,0.015,0.019,19900000.0,639100000.0,1.0,76640977.0,76700000.0,77900000.0,40.18,4949100000.0,825200000.0,-46200000.0,109300000.0,64.525,2049300000.0
32,GRA,MRT,2013-06-30,2013-06-30,2013-06-30,2021-08-25,-561500000.0,5165500000.0,5015450000.0,2549800000.0,2615700000.0,0.616,6.862,-145800000.0,1110900000.0,1110900000.0,1994000000.0,60200000.0,4.032,8.845,1096300000.0,75200000.0,1021100000.0,1096300000.0,0.0,121600000.0,0.0,0.0,0.0,50100000.0,171700000.0,0.056,171700000.0,50100000.0,4800000.0,0.75,0.74,0.75,523600000.0,406875000.0,523600000.0,5946765894.0,119.0,34.635,358400000.0,4.697,1.0,1093100000.0,0.354,280100000.0,45300000.0,4238400000.0,3810350000.0,313400000.0,599500000.0,500000000.0,99500000.0,4631400000.0,632400000.0,3999000000.0,6381665894.0,-169000000.0,-95800000.0,39600000.0,24200000.0,0.0,99700000.0,-768500000.0,-500000000.0,504200000.0,-4400000.0,59200000.0,59200000.0,59200000.0,0.0,1000000.0,0.019,1065900000.0,27200000.0,282700000.0,0.0,12.188,107.798,112.053,772600000.0,0.0,84.04,2.067,2.077,481500000.0,530900000.0,3087100000.0,3087100000.0,65500000.0,0.012,0.145,0.013,0.016,-36800000.0,640200000.0,1.0,75936053.0,76300000.0,77600000.0,40.46,4885400000.0,953500000.0,-54400000.0,112800000.0,64.029,1917400000.0
33,GRA,MRT,2013-03-31,2013-03-31,2013-03-31,2021-08-25,-577200000.0,5049400000.0,4862875000.0,2429600000.0,2619800000.0,0.64,5.3,-139500000.0,1521400000.0,1521400000.0,2014700000.0,39100000.0,4.069,11.56,1086500000.0,72000000.0,1014500000.0,1086500000.0,0.0,120700000.0,0.0,0.0,0.0,22800000.0,143500000.0,0.046,143500000.0,22800000.0,-22900000.0,0.5,0.48,0.5,401200000.0,345825000.0,401200000.0,5420765451.0,238.0,37.775,383600000.0,5.067,1.0,1096300000.0,0.352,273200000.0,45700000.0,3744200000.0,3630075000.0,317800000.0,90500000.0,0.0,90500000.0,4637800000.0,597100000.0,4040700000.0,5859165451.0,311600000.0,-80000000.0,26500000.0,21600000.0,0.0,85100000.0,-282300000.0,0.0,523100000.0,-14300000.0,38200000.0,38200000.0,38200000.0,0.0,900000.0,0.012,1090500000.0,5800000.0,286200000.0,0.0,14.604,153.381,155.02,762500000.0,0.0,77.51,1.883,1.886,443400000.0,448100000.0,3111000000.0,3111000000.0,64900000.0,0.008,0.11,0.006,0.007,-36800000.0,631900000.0,1.0,75592381.0,75700000.0,77200000.0,41.096,4776200000.0,979800000.0,-61100000.0,117300000.0,63.094,1832500000.0
34,GRA,MRT,2012-12-31,2012-12-31,2012-12-31,2021-08-25,29700000.0,5090400000.0,4715525000.0,2445200000.0,2645200000.0,0.669,4.138,-138500000.0,1534500000.0,1534500000.0,2041100000.0,41000000.0,3.783,15.394,1096100000.0,87000000.0,1009100000.0,1096100000.0,0.0,119000000.0,0.0,0.0,0.0,24900000.0,143900000.0,0.046,143900000.0,24900000.0,-21600000.0,0.53,0.52,0.53,309900000.0,308225000.0,309900000.0,4728017462.0,190.0,32.856,315100000.0,4.207,1.0,1114400000.0,0.353,279400000.0,46500000.0,3726300000.0,3588775000.0,283600000.0,85500000.0,0.0,85500000.0,4770600000.0,646300000.0,4124300000.0,5063317462.0,288600000.0,-80000000.0,32200000.0,40200000.0,0.0,110300000.0,-280300000.0,0.0,453600000.0,5000000.0,40000000.0,40000000.0,40000000.0,0.0,1000000.0,0.013,1107000000.0,7400000.0,252000000.0,0.0,16.339,126.583,126.849,770500000.0,0.0,67.23,1.605,1.596,490400000.0,-240300000.0,3155500000.0,3155500000.0,64500000.0,0.008,0.13,0.007,0.008,-36800000.0,635200000.0,1.0,75313364.0,74900000.0,76300000.0,42.13,4811000000.0,1011500000.0,-61600000.0,114700000.0,64.232,1798900000.0
35,GRA,MRT,2012-09-30,2012-09-30,2012-09-30,2021-08-25,-610700000.0,4756500000.0,4566425000.0,2358100000.0,2398400000.0,0.697,5.237,-150500000.0,1411800000.0,1411800000.0,2077800000.0,215400000.0,3.718,11.085,1076500000.0,75900000.0,1000600000.0,1076500000.0,0.0,119000000.0,0.0,0.0,0.0,346400000.0,465400000.0,0.146,465400000.0,346400000.0,301500000.0,2.88,2.8,2.88,392800000.0,270600000.0,392800000.0,4217926850.0,12.0,9.063,306600000.0,4.088,1.0,1105500000.0,0.347,254500000.0,44900000.0,3532500000.0,3527750000.0,309000000.0,81200000.0,0.0,81200000.0,4354300000.0,634200000.0,3720100000.0,4427726850.0,327400000.0,-30500000.0,27500000.0,36200000.0,0.0,93100000.0,-214800000.0,0.0,457100000.0,-8000000.0,214100000.0,214100000.0,214100000.0,0.0,1300000.0,0.067,773600000.0,331900000.0,253200000.0,0.0,11.272,20.681,20.514,735400000.0,0.0,59.08,1.391,1.392,483400000.0,506800000.0,3183300000.0,3183300000.0,67300000.0,0.047,0.791,0.098,0.109,-23000000.0,637100000.0,1.0,74944598.0,75000000.0,76400000.0,42.444,4502000000.0,815300000.0,87400000.0,104800000.0,60.027,1723900000.0
36,GRA,MRT,2012-06-30,2012-06-30,2012-06-30,2021-08-25,-613700000.0,4555200000.0,4502650000.0,2234700000.0,2320500000.0,0.726,3.74,-152700000.0,1251600000.0,1251600000.0,2133800000.0,220600000.0,3.616,15.271,1041800000.0,61100000.0,980700000.0,1041800000.0,0.0,120300000.0,0.0,0.0,0.0,356800000.0,477100000.0,0.146,477100000.0,356800000.0,312300000.0,2.97,2.88,2.97,279400000.0,189700000.0,279400000.0,3651201307.0,10.0,7.653,258700000.0,3.463,1.0,1137100000.0,0.348,210100000.0,44500000.0,3517300000.0,3553225000.0,317000000.0,76800000.0,0.0,76800000.0,4266600000.0,618000000.0,3648600000.0,3764501307.0,216700000.0,-45800000.0,24500000.0,21700000.0,0.0,53100000.0,-224600000.0,0.0,411400000.0,-23200000.0,219900000.0,219900000.0,219900000.0,0.0,700000.0,0.067,796000000.0,341100000.0,259900000.0,0.0,13.474,17.119,16.987,720300000.0,0.0,50.45,1.151,1.152,510500000.0,431300000.0,3270900000.0,3270900000.0,68700000.0,0.049,1.159,0.1,0.109,0.0,654500000.0,1.0,74618460.0,74700000.0,76600000.0,43.787,4345100000.0,800100000.0,92400000.0,88400000.0,58.167,1616700000.0
37,GRA,MRT,2012-03-31,2012-03-31,2012-03-31,2021-08-25,-562300000.0,4460000000.0,4442550000.0,2133200000.0,2326800000.0,0.736,3.376,-157900000.0,1147800000.0,1147800000.0,2133000000.0,226400000.0,3.456,16.749,1034500000.0,62600000.0,971900000.0,1034500000.0,0.0,120200000.0,0.0,0.0,0.0,363800000.0,484000000.0,0.148,484000000.0,363800000.0,319600000.0,3.07,2.98,3.07,250800000.0,145600000.0,250800000.0,4113583159.0,11.0,8.499,222500000.0,2.995,1.0,1137600000.0,0.348,150400000.0,44200000.0,3579000000.0,3563700000.0,358500000.0,76400000.0,0.0,76400000.0,4200600000.0,617300000.0,3583300000.0,4273683159.0,188800000.0,-45800000.0,22200000.0,25700000.0,0.0,54000000.0,-237100000.0,0.0,380400000.0,-8500000.0,226400000.0,226400000.0,226400000.0,0.0,0.0,0.069,791200000.0,346400000.0,263600000.0,0.0,17.04,18.877,18.827,726800000.0,0.0,57.8,1.307,1.313,471700000.0,362000000.0,3270600000.0,3270600000.0,69400000.0,0.051,1.555,0.102,0.111,0.0,666600000.0,1.0,73939155.0,74300000.0,76400000.0,44.019,4309600000.0,803700000.0,93200000.0,89400000.0,58.003,1515900000.0
38,GRA,MRT,2011-12-31,2011-12-31,2011-12-31,2021-08-25,-578500000.0,4494000000.0,4374525000.0,2146400000.0,2347600000.0,0.734,2.166,-144000000.0,1184800000.0,1184800000.0,2099000000.0,219100000.0,3.391,27.142,1024700000.0,61300000.0,963400000.0,1024700000.0,0.0,120000000.0,0.0,0.0,0.0,350900000.0,470900000.0,0.147,470900000.0,350900000.0,307600000.0,2.99,2.91,2.99,159400000.0,82275000.0,159400000.0,3344725324.0,10.0,7.103,75400000.0,1.024,1.0,1112900000.0,0.346,218800000.0,43300000.0,3482200000.0,3553600000.0,329100000.0,70800000.0,0.0,70800000.0,4326500000.0,632900000.0,3693600000.0,3390125324.0,32600000.0,-45800000.0,12100000.0,21600000.0,0.0,39700000.0,-220900000.0,0.0,219400000.0,-5600000.0,219700000.0,219700000.0,219700000.0,0.0,-600000.0,0.068,777800000.0,335100000.0,257600000.0,0.0,21.268,15.431,15.358,723500000.0,0.0,45.92,1.055,1.052,473000000.0,301100000.0,3211900000.0,3211900000.0,68500000.0,0.05,2.67,0.099,0.109,0.0,659900000.0,1.0,73826771.0,73600000.0,75500000.0,43.64,4275200000.0,825900000.0,87900000.0,89100000.0,58.087,1513500000.0
39,GRA,MRT,2011-09-30,2011-09-30,2011-09-30,2021-08-25,-605100000.0,4501400000.0,4318950000.0,2063800000.0,2437600000.0,0.713,0.939,-139200000.0,1049300000.0,1049300000.0,1961000000.0,255500000.0,3.068,63.955,1003900000.0,49200000.0,954700000.0,1003900000.0,0.0,118600000.0,0.0,0.0,0.0,413000000.0,531600000.0,0.173,531600000.0,413000000.0,370300000.0,3.49,3.4,3.49,69200000.0,23500000.0,69200000.0,2431361115.0,6.0,4.574,75300000.0,1.022,1.0,1118300000.0,0.363,149000000.0,42700000.0,3634400000.0,3549550000.0,355100000.0,69300000.0,0.0,69300000.0,4425700000.0,672600000.0,3753100000.0,2454461115.0,4500000.0,-87800000.0,12800000.0,39300000.0,0.0,57700000.0,-267300000.0,0.0,214500000.0,-400000.0,256200000.0,256200000.0,256200000.0,0.0,-700000.0,0.083,724000000.0,394300000.0,270700000.0,0.0,35.469,9.58,9.542,719100000.0,0.0,33.3,0.797,0.797,480200000.0,243000000.0,3079300000.0,3079300000.0,64500000.0,0.059,10.902,0.116,0.134,0.0,562200000.0,1.0,73707541.0,73700000.0,75700000.0,41.782,4352400000.0,915200000.0,114100000.0,126800000.0,59.056,1391200000.0
40,GRA,MRT,2011-06-30,2011-06-30,2011-06-30,2021-08-25,-481300000.0,4314800000.0,4246000000.0,1947400000.0,2367400000.0,0.682,1.403,-126600000.0,1006900000.0,1006900000.0,1849800000.0,229200000.0,3.233,40.825,983800000.0,39300000.0,944500000.0,983800000.0,0.0,114800000.0,0.0,0.0,0.0,362400000.0,477200000.0,0.165,477200000.0,362400000.0,320600000.0,3.14,3.07,3.14,103000000.0,-39750000.0,103000000.0,3405218492.0,9.0,7.136,43700000.0,0.595,1.0,1047400000.0,0.362,130200000.0,41800000.0,3559200000.0,3520850000.0,313200000.0,63600000.0,0.0,63600000.0,4205000000.0,602300000.0,3602700000.0,3350918492.0,53100000.0,-34700000.0,9000000.0,33000000.0,0.0,46000000.0,-186100000.0,0.0,170300000.0,22900000.0,229800000.0,229800000.0,229800000.0,0.0,-600000.0,0.079,699800000.0,347600000.0,262900000.0,0.0,32.533,14.582,14.532,719700000.0,0.0,45.63,1.157,1.156,501000000.0,161700000.0,2897200000.0,2897200000.0,62500000.0,0.054,-5.781,0.103,0.125,0.0,537900000.0,1.0,73436741.0,73400000.0,75600000.0,39.471,4184600000.0,871300000.0,90800000.0,125200000.0,57.011,1345100000.0
41,GRA,MRT,2011-03-31,2011-03-31,2011-03-31,2021-08-25,-502400000.0,4187900000.0,4180625000.0,1818500000.0,2369400000.0,0.659,-0.034,-116600000.0,917800000.0,917800000.0,1768500000.0,204700000.0,3.166,-1673.48,972100000.0,36400000.0,935700000.0,972100000.0,0.0,115300000.0,0.0,0.0,0.0,321300000.0,436600000.0,0.158,436600000.0,321300000.0,279500000.0,2.81,2.76,2.81,-2500000.0,-125200000.0,-2500000.0,2653152871.0,8.0,6.077,34500000.0,0.471,1.0,987300000.0,0.358,129200000.0,41800000.0,3538600000.0,3501700000.0,303600000.0,59400000.0,0.0,59400000.0,4183700000.0,574400000.0,3609300000.0,2800452871.0,36500000.0,-34700000.0,8000000.0,32900000.0,0.0,45500000.0,-172300000.0,0.0,151100000.0,12200000.0,205000000.0,205000000.0,205000000.0,0.0,-300000.0,0.074,682500000.0,304800000.0,264200000.0,0.0,-1120.181,13.661,13.626,713000000.0,0.0,38.29,1.016,1.017,446300000.0,85900000.0,2755800000.0,2755800000.0,60600000.0,0.049,-1.637,0.092,0.117,0.0,521800000.0,1.0,73137970.0,73200000.0,75100000.0,37.648,4058700000.0,892700000.0,74500000.0,128700000.0,55.447,1244100000.0
42,GRA,MRT,2010-12-31,2010-12-31,2010-12-31,2021-08-25,-518100000.0,4271700000.0,4123125000.0,1904200000.0,2367500000.0,0.649,-1.041,-111100000.0,1113500000.0,1113500000.0,1726400000.0,207400000.0,3.573,-57.338,966200000.0,39300000.0,926900000.0,966200000.0,0.0,115600000.0,0.0,0.0,0.0,280900000.0,396500000.0,0.148,396500000.0,280900000.0,239600000.0,2.85,2.78,2.85,-75700000.0,-185525000.0,-75700000.0,2495362635.0,9.0,6.293,214800000.0,2.955,1.0,948600000.0,0.355,125500000.0,41300000.0,3466000000.0,3476625000.0,259300000.0,56400000.0,0.0,56400000.0,4340500000.0,532900000.0,3807600000.0,2567262635.0,122700000.0,-34700000.0,10400000.0,28900000.0,0.0,41500000.0,-243100000.0,0.0,325900000.0,-1600000.0,207100000.0,207100000.0,207100000.0,0.0,300000.0,0.077,685200000.0,263400000.0,215600000.0,0.0,-33.914,12.396,12.326,702500000.0,0.0,35.13,0.96,0.955,386100000.0,31700000.0,2675000000.0,2675000000.0,60300000.0,0.05,-1.116,0.081,0.105,0.0,514400000.0,1.0,73078925.0,72700000.0,74400000.0,36.795,4146200000.0,899700000.0,32500000.0,128400000.0,57.032,1371300000.0
43,GRA,MRT,2010-09-30,2010-09-30,2010-09-30,2021-08-25,-575700000.0,4209600000.0,4047250000.0,1835200000.0,2374400000.0,0.657,-2.525,-109200000.0,1000400000.0,1000400000.0,1708200000.0,209100000.0,3.659,-23.856,928500000.0,9200000.0,919300000.0,928500000.0,0.0,115400000.0,0.0,0.0,0.0,264900000.0,380300000.0,0.143,380300000.0,264900000.0,224000000.0,2.88,2.83,2.88,-183800000.0,-241400000.0,-183800000.0,2026577167.0,8.0,5.329,244800000.0,3.363,1.0,952100000.0,0.358,116600000.0,40900000.0,3519600000.0,3451975000.0,267400000.0,58400000.0,0.0,58400000.0,4384700000.0,501500000.0,3883200000.0,2033477167.0,153900000.0,-6300000.0,8700000.0,4000000.0,0.0,-12600000.0,-189000000.0,4800000.0,354000000.0,1500000.0,208600000.0,208600000.0,208600000.0,0.0,500000.0,0.078,713700000.0,238400000.0,217700000.0,0.0,-11.064,9.748,9.701,673800000.0,0.0,27.94,0.764,0.765,420600000.0,-13200000.0,2660300000.0,2660300000.0,62200000.0,0.052,-0.864,0.077,0.1,0.0,525000000.0,1.0,72780142.0,72800000.0,74300000.0,36.543,4093000000.0,945900000.0,15400000.0,139300000.0,56.223,1333700000.0
44,GRA,MRT,2010-06-30,2010-06-30,2010-06-30,2021-08-25,-571600000.0,4053300000.0,3979050000.0,1711500000.0,2341800000.0,0.687,-3.285,-99500000.0,923100000.0,923100000.0,1762700000.0,205000000.0,3.771,-17.935,916200000.0,7300000.0,908900000.0,916200000.0,0.0,116300000.0,0.0,0.0,0.0,260400000.0,376700000.0,0.138,376700000.0,260400000.0,220000000.0,2.74,2.7,2.74,-238800000.0,-290575000.0,-238800000.0,1574442959.0,6.0,4.18,298600000.0,4.107,1.0,969100000.0,0.355,110000000.0,40400000.0,3482600000.0,3431225000.0,244500000.0,56800000.0,0.0,56800000.0,4282800000.0,453800000.0,3829000000.0,1529342959.0,233900000.0,23100000.0,8200000.0,-600000.0,0.0,-19000000.0,-141700000.0,14200000.0,398100000.0,-3500000.0,198100000.0,198100000.0,198100000.0,0.0,6900000.0,0.073,749300000.0,219800000.0,200000000.0,0.0,-6.404,7.72,7.679,650100000.0,0.0,21.04,0.56,0.56,400700000.0,-68200000.0,2731800000.0,2731800000.0,64000000.0,0.05,-0.682,0.076,0.095,0.0,537800000.0,1.0,72687403.0,72700000.0,74400000.0,37.576,3943300000.0,933600000.0,21900000.0,133000000.0,54.241,1257700000.0
45,GRA,MRT,2010-03-31,2010-03-31,2010-03-31,2021-08-25,-520600000.0,3957900000.0,3919500000.0,1627800000.0,2330100000.0,0.704,-3.367,-95100000.0,859900000.0,859900000.0,1790100000.0,176700000.0,3.615,-17.196,905000000.0,4700000.0,900300000.0,905000000.0,0.0,115000000.0,0.0,0.0,0.0,223800000.0,338800000.0,0.123,338800000.0,223800000.0,184800000.0,2.31,2.27,2.31,-243800000.0,-334575000.0,-243800000.0,2020161996.0,9.0,5.963,278000000.0,3.84,1.0,967700000.0,0.351,114400000.0,39000000.0,3438300000.0,3431175000.0,237000000.0,50600000.0,0.0,50600000.0,4192300000.0,450300000.0,3742000000.0,2007661996.0,229200000.0,23100000.0,5700000.0,-7600000.0,0.0,-32100000.0,-128600000.0,16300000.0,373100000.0,16800000.0,166400000.0,166400000.0,166400000.0,0.0,10300000.0,0.06,774200000.0,193500000.0,196300000.0,0.0,-8.235,12.065,12.017,668200000.0,0.0,27.76,0.728,0.729,385500000.0,-119100000.0,2757800000.0,2757800000.0,66800000.0,0.042,-0.497,0.065,0.081,0.0,547400000.0,1.0,72322118.0,72400000.0,74400000.0,38.091,3843500000.0,911200000.0,18400000.0,137800000.0,53.087,1177500000.0
46,GRA,MRT,2009-12-31,2009-12-31,2009-12-31,2021-08-25,-514500000.0,3968200000.0,3861700000.0,1628700000.0,2339500000.0,0.732,-4.144,-93800000.0,893000000.0,893000000.0,1900500000.0,81200000.0,3.292,-14.234,905500000.0,12600000.0,892900000.0,905500000.0,0.0,113000000.0,0.0,0.0,0.0,121000000.0,234000000.0,0.083,234000000.0,121000000.0,82700000.0,0.99,0.98,0.99,-299200000.0,-382125000.0,-299200000.0,1947395731.0,16.0,8.322,339600000.0,4.704,1.0,924500000.0,0.327,118600000.0,38300000.0,3367400000.0,3431075000.0,220600000.0,45700000.0,0.0,45700000.0,4258700000.0,494700000.0,3764000000.0,1831195731.0,432900000.0,23100000.0,1400000.0,-400000.0,0.0,-41300000.0,26100000.0,22500000.0,433400000.0,14700000.0,71200000.0,71200000.0,71200000.0,0.0,10000000.0,0.025,829100000.0,95400000.0,174200000.0,0.0,-6.12,25.719,25.606,690100000.0,0.0,25.35,0.648,0.648,373200000.0,-175400000.0,2825000000.0,2825000000.0,70100000.0,0.018,-0.186,0.035,0.043,0.0,574600000.0,1.0,72236518.0,72200000.0,72600000.0,39.127,3849600000.0,904900000.0,11500000.0,152100000.0,53.319,1134000000.0
47,GRA,MRT,2009-09-30,2009-09-30,2009-09-30,2021-08-25,-544500000.0,3936800000.0,3838525000.0,1591300000.0,2345500000.0,0.759,-5.27,-92700000.0,765400000.0,765400000.0,2030100000.0,82100000.0,3.207,-11.167,881600000.0,6600000.0,875000000.0,881600000.0,0.0,112400000.0,0.0,0.0,0.0,90500000.0,202900000.0,0.07,202900000.0,90500000.0,50600000.0,0.95,0.94,0.95,-380500000.0,-414050000.0,-380500000.0,1835739245.0,20.0,9.048,336500000.0,4.661,1.0,885000000.0,0.304,120200000.0,39900000.0,3436600000.0,3496850000.0,261200000.0,4800000.0,4800000.0,0.0,4249100000.0,496200000.0,3752900000.0,1569239245.0,440200000.0,26700000.0,600000.0,400000.0,0.0,-55500000.0,58300000.0,29900000.0,429200000.0,8200000.0,68200000.0,68200000.0,68200000.0,0.0,13900000.0,0.023,802800000.0,82200000.0,177600000.0,0.0,-4.124,23.009,22.884,686600000.0,0.0,21.74,0.538,0.538,442100000.0,-221800000.0,2915100000.0,2915100000.0,72100000.0,0.018,-0.165,0.026,0.031,0.0,573800000.0,1.0,72182118.0,72200000.0,72900000.0,40.375,3816600000.0,922900000.0,-17600000.0,129700000.0,52.861,1095100000.0
48,GRA,MRT,2009-06-30,2009-06-30,2009-06-30,2021-08-25,-531700000.0,3815100000.0,3792875000.0,1458300000.0,2356800000.0,0.804,-5.745,-110000000.0,607700000.0,607700000.0,2169800000.0,63700000.0,3.031,-10.045,874200000.0,6300000.0,867900000.0,874200000.0,0.0,114200000.0,0.0,0.0,0.0,50000000.0,164200000.0,0.054,164200000.0,50000000.0,6600000.0,0.73,0.72,0.73,-414800000.0,-381075000.0,-414800000.0,1212310764.0,24.0,7.383,109500000.0,1.517,1.0,881100000.0,0.289,118100000.0,43400000.0,3482400000.0,3548075000.0,275400000.0,14200000.0,14200000.0,0.0,4166800000.0,481100000.0,3685700000.0,892610764.0,212300000.0,0.0,0.0,2600000.0,0.0,-13100000.0,17700000.0,35300000.0,219500000.0,-11800000.0,52100000.0,52100000.0,52100000.0,0.0,11600000.0,0.017,819500000.0,61600000.0,213400000.0,0.0,-2.152,17.133,16.945,688500000.0,0.0,12.37,0.293,0.293,452200000.0,-266200000.0,3050900000.0,3050900000.0,76000000.0,0.014,-0.137,0.014,0.016,0.0,587800000.0,1.0,72159318.0,72200000.0,72900000.0,42.256,3697000000.0,920900000.0,-45500000.0,128300000.0,51.205,977200000.0
49,GRA,MRT,2009-03-31,2009-03-31,2009-03-31,2021-08-25,-529800000.0,3726700000.0,3803800000.0,1387200000.0,2339500000.0,0.852,-6.011,-122900000.0,553700000.0,553700000.0,2326200000.0,77500000.0,2.802,-9.451,873400000.0,12500000.0,860900000.0,873400000.0,0.0,116000000.0,0.0,0.0,0.0,76200000.0,192200000.0,0.059,192200000.0,76200000.0,27900000.0,0.91,0.9,0.91,-434000000.0,-361400000.0,-434000000.0,861235514.0,11.0,4.481,-5500000.0,-0.076,1.0,913700000.0,0.282,113500000.0,48300000.0,3437900000.0,3553925000.0,288600000.0,15600000.0,15600000.0,0.0,4101600000.0,495000000.0,3606600000.0,456035514.0,92900000.0,0.0,700000.0,8200000.0,0.0,-19000000.0,22000000.0,46800000.0,117400000.0,-27500000.0,64900000.0,64900000.0,64900000.0,0.0,12600000.0,0.02,825600000.0,88100000.0,215300000.0,0.0,-1.051,7.027,6.945,680500000.0,0.0,6.32,0.141,0.141,407400000.0,-285500000.0,3239900000.0,3239900000.0,79600000.0,0.017,-0.18,0.021,0.024,0.0,596600000.0,1.0,72157518.0,72200000.0,72200000.0,44.874,3613200000.0,894800000.0,-37000000.0,114200000.0,50.044,892200000.0
50,GRA,MRT,2008-12-31,2008-12-31,2008-12-31,2021-08-25,-560300000.0,3875500000.0,3853950000.0,1498200000.0,2377300000.0,0.861,-5.929,-132200000.0,460100000.0,460100000.0,2333500000.0,136900000.0,2.81,-9.907,865300000.0,11200000.0,854100000.0,865300000.0,0.0,118700000.0,0.0,0.0,0.0,180000000.0,298700000.0,0.09,298700000.0,180000000.0,125800000.0,1.69,1.68,1.69,-426900000.0,-342075000.0,-426900000.0,957180382.0,5.0,3.204,-117200000.0,-1.628,1.0,983500000.0,0.297,117100000.0,54200000.0,3630500000.0,3611150000.0,354800000.0,29500000.0,21600000.0,7900000.0,4229300000.0,533100000.0,3696200000.0,430780382.0,-20400000.0,0.0,9600000.0,6700000.0,0.0,600000.0,-31100000.0,70700000.0,15000000.0,-4900000.0,121500000.0,121500000.0,121500000.0,0.0,15400000.0,0.037,788700000.0,194800000.0,207600000.0,0.0,-1.009,3.546,3.533,710600000.0,0.0,5.97,0.13,0.13,462600000.0,-246600000.0,3317000000.0,3317000000.0,82700000.0,0.032,-0.355,0.05,0.054,0.0,589700000.0,1.0,72157518.0,72000000.0,72500000.0,46.069,3758400000.0,897500000.0,4300000.0,128100000.0,52.2,965100000.0
51,GRA,MRT,2008-09-30,2008-09-30,2008-09-30,2021-08-25,-336900000.0,3754200000.0,3862175000.0,1487200000.0,2267000000.0,0.868,-3.443,-140200000.0,325200000.0,325200000.0,2338700000.0,151200000.0,2.876,-16.101,851600000.0,6100000.0,845500000.0,851600000.0,0.0,120700000.0,0.0,0.0,0.0,174200000.0,294900000.0,0.088,294900000.0,174200000.0,116400000.0,1.62,1.59,1.62,-248600000.0,-322750000.0,-248600000.0,1534230952.0,9.0,5.203,-274500000.0,-3.802,1.0,1013600000.0,0.302,122000000.0,57800000.0,3641500000.0,3603375000.0,431400000.0,35100000.0,35100000.0,0.0,4002800000.0,517100000.0,3485700000.0,1090930952.0,-209800000.0,0.0,29500000.0,9000000.0,0.0,51100000.0,-130300000.0,-16200000.0,-134300000.0,3700000.0,115300000.0,115300000.0,115300000.0,0.0,35900000.0,0.034,821300000.0,192300000.0,219400000.0,0.0,-4.388,9.462,9.333,710100000.0,0.0,15.12,0.325,0.326,531100000.0,-290000000.0,3352300000.0,3352300000.0,85100000.0,0.03,-0.357,0.048,0.052,0.0,610500000.0,1.0,72151518.0,72200000.0,72800000.0,46.431,3632200000.0,772300000.0,1100000.0,122000000.0,50.307,970100000.0
52,GRA,MRT,2008-06-30,2008-06-30,2008-06-30,2021-08-25,-347800000.0,3858800000.0,3872225000.0,1603100000.0,2255700000.0,0.838,-4.662,-143300000.0,395400000.0,395400000.0,2240500000.0,137900000.0,2.394,-12.481,838700000.0,3800000.0,834900000.0,838700000.0,0.0,119100000.0,0.0,0.0,0.0,182000000.0,301100000.0,0.093,301100000.0,182000000.0,120100000.0,1.5,1.47,1.5,-336100000.0,-362050000.0,-336100000.0,2058738484.0,11.0,6.837,-134200000.0,-1.861,1.0,1005500000.0,0.31,126700000.0,61900000.0,3505800000.0,3348675000.0,368700000.0,50500000.0,50500000.0,0.0,4194900000.0,669600000.0,3525300000.0,1693838484.0,-98900000.0,16300000.0,30300000.0,-2300000.0,0.0,100000.0,-130700000.0,-31000000.0,9100000.0,22600000.0,106100000.0,106100000.0,106100000.0,0.0,31800000.0,0.033,804500000.0,201000000.0,228900000.0,0.0,-5.04,15.965,15.66,724400000.0,0.0,23.49,0.522,0.522,534900000.0,-366500000.0,3246000000.0,3246000000.0,85000000.0,0.027,-0.293,0.054,0.056,0.0,610400000.0,1.0,72108918.0,72100000.0,72900000.0,45.021,3732100000.0,804200000.0,14000000.0,135800000.0,51.763,933500000.0
53,GRA,MRT,2008-03-31,2008-03-31,2008-03-31,2021-08-25,-342700000.0,3927300000.0,3834125000.0,1588100000.0,2339200000.0,0.824,-4.975,-138700000.0,460800000.0,460800000.0,2169100000.0,121900000.0,3.193,-12.01,825700000.0,3200000.0,822500000.0,825700000.0,0.0,116000000.0,0.0,0.0,0.0,160200000.0,276200000.0,0.087,276200000.0,160200000.0,92500000.0,1.34,1.32,1.34,-356700000.0,-390375000.0,-356700000.0,1969124415.0,12.0,7.129,-37200000.0,-0.519,1.0,989700000.0,0.313,128100000.0,67700000.0,3666800000.0,3126725000.0,371900000.0,64000000.0,64000000.0,0.0,4284000000.0,497300000.0,3786700000.0,1634724415.0,-18500000.0,16300000.0,34800000.0,7800000.0,0.0,28000000.0,-177000000.0,-75900000.0,101500000.0,29000000.0,94500000.0,94500000.0,94500000.0,0.0,27400000.0,0.03,810800000.0,178900000.0,203600000.0,0.0,-4.583,17.299,17.03,722900000.0,0.0,22.82,0.518,0.518,488100000.0,-391500000.0,3158800000.0,3158800000.0,82500000.0,0.025,-0.242,0.051,0.051,0.0,608200000.0,1.0,71635601.0,71700000.0,72400000.0,44.056,3799200000.0,802800000.0,-2000000.0,120300000.0,52.987,1090800000.0
54,GRA,MRT,2007-12-31,2007-12-31,2007-12-31,2021-08-25,-350100000.0,3908400000.0,3759225000.0,1637900000.0,2270500000.0,0.829,-4.987,-136900000.0,480500000.0,480500000.0,2128500000.0,113300000.0,3.143,-12.18,814900000.0,4700000.0,810200000.0,814900000.0,0.0,113400000.0,0.0,0.0,0.0,159800000.0,273200000.0,0.088,273200000.0,159800000.0,87700000.0,1.27,1.24,1.27,-349600000.0,-431750000.0,-349600000.0,1312713510.0,8.0,4.805,-36700000.0,-0.524,1.0,986700000.0,0.317,122300000.0,72100000.0,3599400000.0,2859225000.0,362900000.0,98300000.0,98300000.0,0.0,4258000000.0,521100000.0,3736900000.0,1843313510.0,-55800000.0,16300000.0,40100000.0,8200000.0,0.0,33700000.0,-206900000.0,-106000000.0,100200000.0,17200000.0,88800000.0,88800000.0,88800000.0,0.0,24500000.0,0.029,801400000.0,185300000.0,191300000.0,0.0,-5.273,20.758,20.614,706100000.0,0.0,26.18,0.592,0.589,500600000.0,-368100000.0,3115200000.0,3115200000.0,79500000.0,0.024,-0.206,0.056,0.051,0.0,600600000.0,1.0,70409225.0,70100000.0,71600000.0,44.439,3786100000.0,785200000.0,-1100000.0,122000000.0,54.01,1116800000.0
55,GRA,MRT,2007-09-30,2007-09-30,2007-09-30,2021-08-25,-311200000.0,3794400000.0,3691475000.0,1471000000.0,2323400000.0,0.815,-5.781,-126500000.0,535000000.0,535000000.0,2138600000.0,39700000.0,2.827,-10.35,4400000.0,4100000.0,300000.0,4400000.0,0.0,111300000.0,0.0,0.0,0.0,145600000.0,256900000.0,0.085,256900000.0,145600000.0,69900000.0,0.56,0.56,0.56,-405800000.0,-481800000.0,-405800000.0,1402572863.0,10.0,5.46,42600000.0,0.607,1.0,870300000.0,0.289,120800000.0,75700000.0,2622700000.0,2779125000.0,298700000.0,28500000.0,28500000.0,0.0,4200200000.0,520300000.0,3679900000.0,1883772863.0,81300000.0,16700000.0,28500000.0,500000.0,0.0,26300000.0,-134900000.0,-29000000.0,169100000.0,20800000.0,39700000.0,39700000.0,39700000.0,0.0,0.0,0.013,713000000.0,157300000.0,223500000.0,0.0,-4.642,47.45,47.964,681200000.0,0.0,26.86,0.626,0.627,492900000.0,-443400000.0,3008900000.0,3008900000.0,79100000.0,0.011,-0.082,0.052,0.048,0.0,604900000.0,1.0,70133018.0,70200000.0,71500000.0,42.862,3673600000.0,755200000.0,30200000.0,153700000.0,52.33,950700000.0
56,GRA,MRT,2007-06-30,2007-06-30,2007-06-30,2021-08-25,-337300000.0,3706400000.0,3653050000.0,1411400000.0,2295000000.0,0.812,-6.411,-119600000.0,494300000.0,494300000.0,2089600000.0,39000000.0,2.884,-9.247,13100000.0,12800000.0,300000.0,13100000.0,0.0,112200000.0,0.0,0.0,0.0,135400000.0,247600000.0,0.083,247600000.0,135400000.0,58200000.0,0.56,0.56,0.56,-449400000.0,-516375000.0,-449400000.0,1239317609.0,9.0,5.005,27200000.0,0.388,1.0,877600000.0,0.296,117800000.0,77200000.0,2618000000.0,2789800000.0,287000000.0,28100000.0,28100000.0,0.0,4155800000.0,489400000.0,3666400000.0,1716317609.0,51100000.0,400000.0,27700000.0,9300000.0,0.0,34300000.0,-145000000.0,-28900000.0,146800000.0,15000000.0,39000000.0,39000000.0,39000000.0,0.0,0.0,0.013,727600000.0,150000000.0,200200000.0,0.0,-3.819,44.008,43.732,671100000.0,0.0,24.49,0.578,0.579,493800000.0,-460100000.0,2967200000.0,2967200000.0,73600000.0,0.011,-0.076,0.049,0.046,0.0,603700000.0,1.0,70082385.0,70100000.0,71800000.0,42.328,3588600000.0,749600000.0,19200000.0,54000000.0,51.193,922000000.0
57,GRA,MRT,2007-03-31,2007-03-31,2007-03-31,2021-08-25,-384400000.0,3627700000.0,3629375000.0,1348400000.0,2279300000.0,0.794,-7.524,-119200000.0,479300000.0,479300000.0,2006700000.0,13300000.0,3.087,-7.947,2300000.0,2100000.0,200000.0,2300000.0,0.0,113000000.0,0.0,0.0,0.0,103300000.0,216300000.0,0.075,216300000.0,103300000.0,26500000.0,0.19,0.19,0.19,-522200000.0,-546625000.0,-522200000.0,1295634013.0,13.0,5.99,21600000.0,0.311,1.0,876800000.0,0.304,117100000.0,76800000.0,2596800000.0,2808325000.0,306800000.0,0.0,0.0,0.0,4149900000.0,436800000.0,3713100000.0,1828434013.0,63900000.0,-19600000.0,36300000.0,-600000.0,0.0,33000000.0,-128400000.0,9500000.0,140800000.0,18500000.0,13300000.0,13300000.0,13300000.0,0.0,0.0,0.005,751500000.0,125300000.0,203200000.0,0.0,-3.501,137.476,139.053,665800000.0,0.0,26.42,0.634,0.636,446700000.0,-480600000.0,2883500000.0,2883500000.0,69400000.0,0.004,-0.024,0.037,0.036,0.0,600000000.0,1.0,69206435.0,69400000.0,70500000.0,41.549,3510600000.0,756900000.0,13200000.0,61300000.0,50.585,911600000.0
58,GRA,MRT,2006-12-31,2006-12-31,2006-12-31,2021-08-25,-390800000.0,3637400000.0,3598950000.0,1368800000.0,2268600000.0,0.785,-8.097,-119200000.0,536300000.0,536300000.0,1946800000.0,8600000.0,3.051,-7.616,743000000.0,3300000.0,739700000.0,743000000.0,0.0,113500000.0,0.0,0.0,0.0,84600000.0,198100000.0,0.07,198100000.0,84600000.0,11400000.0,0.13,0.13,0.13,-549800000.0,-564300000.0,-549800000.0,901467107.0,11.0,4.551,33500000.0,0.493,1.0,879700000.0,0.311,116500000.0,73200000.0,3279000000.0,2818050000.0,284600000.0,2400000.0,2400000.0,0.0,4187200000.0,448600000.0,3738600000.0,1351567107.0,61600000.0,-19600000.0,24100000.0,300000.0,0.0,21900000.0,-129400000.0,9600000.0,152700000.0,16400000.0,8600000.0,8600000.0,8600000.0,0.0,0.0,0.003,768700000.0,111000000.0,172700000.0,0.0,-2.458,157.159,152.308,664500000.0,0.0,19.8,0.478,0.476,426300000.0,-487600000.0,2826500000.0,2826500000.0,65600000.0,0.002,-0.015,0.03,0.03,0.0,593800000.0,1.0,68260965.0,67900000.0,68300000.0,41.627,3520900000.0,766300000.0,2800000.0,200100000.0,51.854,920200000.0
59,GRA,MRT,2006-09-30,2006-09-30,2006-09-30,2021-08-25,-371700000.0,3640700000.0,3574250000.0,1313200000.0,2327500000.0,0.774,-7.966,-117300000.0,453700000.0,453700000.0,1907900000.0,12700000.0,3.194,-7.691,3600000.0,3200000.0,400000.0,3600000.0,0.0,115400000.0,0.0,0.0,0.0,81900000.0,197300000.0,0.071,197300000.0,81900000.0,13400000.0,0.18,0.18,0.18,-544100000.0,-575675000.0,-544100000.0,465501942.0,6.0,2.359,-15400000.0,-0.225,1.0,857600000.0,0.31,114000000.0,68500000.0,2665400000.0,2641400000.0,287400000.0,0.0,0.0,0.0,4184800000.0,411200000.0,3773600000.0,905101942.0,-9800000.0,-23000000.0,15800000.0,-200000.0,0.0,12900000.0,-132600000.0,7400000.0,101900000.0,8000000.0,12700000.0,12700000.0,12700000.0,0.0,0.0,0.005,712400000.0,145200000.0,179800000.0,0.0,-1.663,71.268,73.667,650800000.0,0.0,13.26,0.327,0.327,486500000.0,-492600000.0,2765500000.0,2765500000.0,62900000.0,0.004,-0.022,0.031,0.03,0.0,581300000.0,1.0,68258065.0,68300000.0,68500000.0,40.49,3526700000.0,766500000.0,700000.0,69000000.0,51.635,902000000.0
60,GRA,MRT,2006-06-30,2006-06-30,2006-06-30,2021-08-25,-379600000.0,3611700000.0,3530350000.0,1305800000.0,2305900000.0,0.758,-8.401,-109100000.0,443200000.0,443200000.0,1850300000.0,26400000.0,3.469,-7.332,3600000.0,3200000.0,400000.0,3600000.0,0.0,116700000.0,0.0,0.0,0.0,90000000.0,206700000.0,0.077,206700000.0,90000000.0,26900000.0,0.39,0.39,0.39,-570400000.0,-583175000.0,-570400000.0,381024186.0,4.0,1.843,43900000.0,0.647,1.0,827200000.0,0.309,103600000.0,63100000.0,2692100000.0,2601225000.0,309300000.0,0.0,0.0,0.0,4182100000.0,376400000.0,3805700000.0,793824186.0,39200000.0,-18500000.0,15900000.0,-8600000.0,0.0,5100000.0,-122500000.0,7100000.0,153000000.0,3600000.0,26400000.0,26400000.0,26400000.0,0.0,0.0,0.01,678800000.0,148400000.0,164800000.0,0.0,-1.392,30.069,30.0,640200000.0,0.0,11.7,0.296,0.297,472400000.0,-511000000.0,2677500000.0,2677500000.0,62900000.0,0.007,-0.045,0.035,0.034,0.0,541400000.0,1.0,67848221.0,67900000.0,67900000.0,39.433,3508100000.0,753000000.0,500000.0,76800000.0,51.666,929400000.0
61,GRA,MRT,2006-03-31,2006-03-31,2006-03-31,2021-08-25,-393500000.0,3506000000.0,3483250000.0,1233600000.0,2272400000.0,0.754,-8.849,-105700000.0,415400000.0,415400000.0,1820000000.0,64300000.0,3.495,-6.913,2600000.0,2200000.0,400000.0,2600000.0,0.0,120200000.0,0.0,0.0,0.0,138000000.0,258200000.0,0.098,258200000.0,138000000.0,81500000.0,0.96,0.96,0.96,-592900000.0,-591900000.0,-592900000.0,419780960.0,3.0,1.626,-44100000.0,-0.658,1.0,804900000.0,0.307,104500000.0,56500000.0,2635700000.0,2567050000.0,301200000.0,0.0,0.0,0.0,4098900000.0,353000000.0,3745900000.0,891780960.0,-59400000.0,1500000.0,2100000.0,-8600000.0,0.0,-8700000.0,-104100000.0,1800000.0,61600000.0,-8200000.0,64300000.0,64300000.0,64300000.0,0.0,0.0,0.024,636400000.0,168500000.0,167400000.0,0.0,-1.504,13.869,13.854,631400000.0,0.0,13.3,0.34,0.339,432400000.0,-505800000.0,2624900000.0,2624900000.0,63500000.0,0.018,-0.109,0.054,0.053,0.0,516900000.0,1.0,67051200.0,67000000.0,67300000.0,39.178,3401500000.0,741900000.0,17200000.0,75000000.0,50.769,880600000.0
62,GRA,MRT,2005-12-31,2005-12-31,2005-12-31,2021-08-25,-393900000.0,3538600000.0,3472650000.0,1266300000.0,2272300000.0,0.74,-8.912,-94000000.0,474700000.0,474700000.0,1774900000.0,67300000.0,3.244,-6.944,2700000.0,2300000.0,400000.0,2700000.0,0.0,120900000.0,0.0,0.0,0.0,143900000.0,264800000.0,0.103,264800000.0,143900000.0,88600000.0,1.01,1.0,1.01,-595300000.0,-600850000.0,-595300000.0,168763942.0,1.0,0.637,-26700000.0,-0.4,1.0,794600000.0,0.309,103900000.0,55300000.0,2572400000.0,2548300000.0,278300000.0,0.0,0.0,0.0,4133900000.0,390300000.0,3743600000.0,629063942.0,-35700000.0,-1000000.0,3100000.0,-10400000.0,0.0,-10100000.0,-77900000.0,1800000.0,67300000.0,-15000000.0,67300000.0,67300000.0,67300000.0,0.0,0.0,0.026,629600000.0,165000000.0,166800000.0,0.0,-1.057,9.347,9.307,632900000.0,0.0,9.4,0.245,0.244,401700000.0,-505900000.0,2569500000.0,2569500000.0,63700000.0,0.019,-0.112,0.056,0.056,0.0,505500000.0,1.0,66921696.0,66800000.0,67300000.0,38.466,3434700000.0,705900000.0,21300000.0,62500000.0,51.418,876000000.0
63,GRA,MRT,2005-09-30,2005-09-30,2005-09-30,2021-08-25,-373300000.0,3465100000.0,3472725000.0,1243500000.0,2221600000.0,0.726,-8.581,-94500000.0,463500000.0,463500000.0,1640200000.0,-419500000.0,3.142,-7.036,3200000.0,2700000.0,500000.0,3200000.0,0.0,126100000.0,0.0,0.0,0.0,-306800000.0,-180700000.0,-0.072,-180700000.0,-306800000.0,-446900000.0,-6.39,-6.38,-6.39,-574100000.0,-607475000.0,-574100000.0,206392794.0,-1.0,-1.142,78300000.0,1.17,1.0,882000000.0,0.35,104300000.0,140100000.0,2504700000.0,2544725000.0,261100000.0,0.0,0.0,0.0,4039200000.0,395800000.0,3643400000.0,598892794.0,78400000.0,-11300000.0,6500000.0,-14500000.0,0.0,-11300000.0,-85700000.0,1800000.0,172800000.0,2600000.0,-419500000.0,-419500000.0,-419500000.0,0.0,0.0,-0.166,1153400000.0,-271400000.0,156500000.0,0.0,-1.043,-1.428,-1.401,588800000.0,0.0,8.95,0.237,0.237,426000000.0,-505300000.0,2522200000.0,2522200000.0,57400000.0,-0.121,0.691,-0.121,-0.122,0.0,465300000.0,1.0,66915396.0,66900000.0,67200000.0,37.701,3360800000.0,697200000.0,-27400000.0,70300000.0,50.236,847700000.0
64,GRA,MRT,2005-06-30,2005-06-30,2005-06-30,2021-08-25,-372400000.0,3423300000.0,3378075000.0,1182300000.0,2241000000.0,0.725,-9.048,-89600000.0,404000000.0,404000000.0,1575500000.0,-403600000.0,3.183,-6.656,11500000.0,11000000.0,500000.0,11500000.0,0.0,122500000.0,0.0,0.0,0.0,-269200000.0,-146700000.0,-0.06,-146700000.0,-269200000.0,-400400000.0,-6.14,-6.14,-6.14,-605300000.0,-493375000.0,-605300000.0,57593814.0,0.0,-0.393,75400000.0,1.127,1.0,873200000.0,0.357,104000000.0,131200000.0,2555400000.0,2484900000.0,266400000.0,0.0,0.0,0.0,4028600000.0,371400000.0,3657200000.0,521193814.0,32300000.0,-68800000.0,7000000.0,-6300000.0,0.0,-3400000.0,-136100000.0,2400000.0,165000000.0,6800000.0,-403600000.0,-403600000.0,-403600000.0,0.0,0.0,-0.165,1157200000.0,-284000000.0,160200000.0,0.0,-0.861,-1.291,-1.269,599700000.0,0.0,7.79,0.213,0.213,435400000.0,-537400000.0,2448700000.0,2448700000.0,55600000.0,-0.119,0.818,-0.108,-0.11,0.0,460500000.0,1.0,66905496.0,66900000.0,67200000.0,36.602,3319300000.0,696700000.0,3200000.0,72000000.0,49.616,810900000.0
65,GRA,MRT,2005-03-31,2005-03-31,2005-03-31,2021-08-25,-363000000.0,3463600000.0,3269000000.0,1206800000.0,2256800000.0,0.717,-9.44,-78600000.0,474800000.0,474800000.0,1493000000.0,-415000000.0,3.65,-6.509,11200000.0,10100000.0,1100000.0,11200000.0,0.0,116900000.0,0.0,0.0,0.0,-297000000.0,-180100000.0,-0.077,-180100000.0,-297000000.0,-418800000.0,-6.31,-6.31,-6.31,-628700000.0,-384325000.0,-628700000.0,71072100.0,0.0,-0.395,194700000.0,2.923,1.0,851600000.0,0.363,108700000.0,121800000.0,2560700000.0,2407300000.0,258300000.0,0.0,0.0,0.0,4092300000.0,330600000.0,3761700000.0,567972100.0,149500000.0,-68800000.0,7200000.0,-9200000.0,0.0,-7900000.0,-127700000.0,1800000.0,273300000.0,11800000.0,-415000000.0,-415000000.0,-415000000.0,0.0,0.0,-0.177,1139800000.0,-288200000.0,147000000.0,0.0,-0.903,-1.369,-1.35,620500000.0,0.0,8.52,0.242,0.242,400100000.0,-570100000.0,2344600000.0,2344600000.0,53500000.0,-0.127,1.08,-0.123,-0.127,0.0,454100000.0,1.0,66663392.0,66600000.0,67300000.0,35.204,3354900000.0,681500000.0,-3800000.0,70600000.0,50.374,876200000.0
66,GRA,MRT,2004-12-31,2004-12-31,2004-12-31,2021-08-25,-350000000.0,3538900000.0,3125975000.0,1228500000.0,2310400000.0,0.723,-9.45,-75300000.0,510400000.0,510400000.0,1431500000.0,-402300000.0,3.301,-6.691,13500000.0,12400000.0,1100000.0,13500000.0,0.0,115300000.0,0.0,0.0,0.0,-292700000.0,-177400000.0,-0.078,-177400000.0,-292700000.0,-403800000.0,-6.11,-6.11,-6.11,-621800000.0,-265350000.0,-621800000.0,530862164.0,-2.0,-2.992,250100000.0,3.801,1.0,828400000.0,0.367,111700000.0,111100000.0,2558100000.0,2327325000.0,248300000.0,0.0,0.0,0.0,4160700000.0,372200000.0,3788500000.0,898262164.0,201200000.0,-66300000.0,4200000.0,1200000.0,0.0,-700000.0,-138000000.0,1800000.0,325400000.0,14500000.0,-402300000.0,-402300000.0,-402300000.0,0.0,0.0,-0.178,1112400000.0,-284000000.0,146000000.0,0.0,-1.445,-2.233,-2.227,645300000.0,0.0,13.61,0.397,0.396,390900000.0,-573200000.0,2259900000.0,2259900000.0,51100000.0,-0.129,1.516,-0.126,-0.13,0.0,436300000.0,1.0,66000159.0,65800000.0,65800000.0,34.345,3427200000.0,683700000.0,-1500000.0,71800000.0,52.085,856300000.0
67,GRA,MRT,2004-09-30,2004-09-30,2004-09-30,2021-08-25,-329800000.0,3086500000.0,2960075000.0,1140100000.0,1946400000.0,0.737,-1.789,-60700000.0,385100000.0,385100000.0,1374600000.0,35600000.0,3.113,-27.223,17700000.0,16400000.0,1300000.0,17700000.0,0.0,107200000.0,0.0,0.0,0.0,76700000.0,183900000.0,0.084,183900000.0,76700000.0,61200000.0,0.54,0.53,0.54,-117700000.0,-150850000.0,-117700000.0,262759377.0,3.0,1.429,153600000.0,2.334,1.0,807500000.0,0.37,87500000.0,15500000.0,2265400000.0,2245850000.0,237800000.0,0.0,0.0,0.0,3204200000.0,366200000.0,2838000000.0,621459377.0,85200000.0,-76300000.0,800000.0,1200000.0,0.0,-3300000.0,-134700000.0,1900000.0,214300000.0,8900000.0,35600000.0,35600000.0,35600000.0,0.0,0.0,0.016,780200000.0,27300000.0,127700000.0,0.0,-5.28,17.457,17.5,623900000.0,0.0,9.45,0.285,0.285,391700000.0,-85800000.0,2182100000.0,2182100000.0,50600000.0,0.012,-0.236,0.034,0.035,0.0,403400000.0,1.0,65762897.0,65800000.0,66300000.0,33.163,2999000000.0,603500000.0,25600000.0,59100000.0,45.578,773900000.0
68,GRA,MRT,2004-06-30,2004-06-30,2004-06-30,2021-08-25,-332700000.0,2987000000.0,2893875000.0,1048900000.0,1938100000.0,0.734,-2.578,-64100000.0,371700000.0,371700000.0,1349800000.0,-22300000.0,3.514,-18.664,13000000.0,13000000.0,0.0,13000000.0,0.0,106400000.0,0.0,0.0,0.0,-8900000.0,97500000.0,0.046,97500000.0,-8900000.0,-24000000.0,-0.34,-0.34,-0.34,-169100000.0,-164950000.0,-169100000.0,97421246.0,-11.0,0.999,96800000.0,1.476,1.0,773400000.0,0.364,84800000.0,15100000.0,2245000000.0,2229300000.0,224300000.0,0.0,0.0,0.0,3156100000.0,298500000.0,2857600000.0,406821246.0,53800000.0,-24700000.0,200000.0,-27000000.0,0.0,-32200000.0,-81300000.0,4400000.0,160900000.0,6400000.0,-22300000.0,-22300000.0,-22300000.0,0.0,0.0,-0.011,788300000.0,-14900000.0,114800000.0,0.0,-2.406,-18.243,-18.235,621700000.0,0.0,6.2,0.192,0.192,400800000.0,-133800000.0,2123200000.0,2123200000.0,49400000.0,-0.008,0.135,-0.004,-0.004,0.0,388700000.0,1.0,65616330.0,65600000.0,65800000.0,32.366,2902200000.0,643200000.0,-1700000.0,59600000.0,44.241,750400000.0
69,GRA,MRT,2004-03-31,2004-03-31,2004-03-31,2021-08-25,-294900000.0,2891500000.0,2854800000.0,962100000.0,1929400000.0,0.72,-2.329,-77500000.0,325300000.0,325300000.0,1322300000.0,-37100000.0,3.742,-19.923,15900000.0,15900000.0,0.0,15900000.0,0.0,105400000.0,0.0,0.0,0.0,-26300000.0,79100000.0,0.039,79100000.0,-26300000.0,-41600000.0,-0.56,-0.56,-0.56,-152800000.0,-164800000.0,-152800000.0,-97684120.0,4.0,-1.235,44300000.0,0.675,1.0,731900000.0,0.356,84200000.0,15300000.0,2240800000.0,2214725000.0,226200000.0,0.0,0.0,0.0,3044300000.0,257100000.0,2787200000.0,204715880.0,49900000.0,-26900000.0,0.0,9600000.0,0.0,6100000.0,-98800000.0,3300000.0,121800000.0,20800000.0,-37100000.0,-37100000.0,-37100000.0,0.0,0.0,-0.018,773200000.0,-41300000.0,110100000.0,0.0,-1.34,-5.518,-5.571,635100000.0,0.0,3.12,0.1,0.1,353800000.0,-155100000.0,2054200000.0,2054200000.0,50600000.0,-0.013,0.225,-0.012,-0.013,0.0,372000000.0,1.0,65614064.0,65600000.0,65800000.0,31.314,2807300000.0,621200000.0,-4500000.0,55000000.0,42.794,705000000.0
70,GRA,MRT,2003-12-31,2003-12-31,2003-12-31,2021-08-25,-289900000.0,2875300000.0,2809850000.0,930000000.0,1945300000.0,0.705,-2.501,-86400000.0,309200000.0,309200000.0,1287800000.0,-55200000.0,3.64,-18.554,6800000.0,6800000.0,0.0,6800000.0,0.0,102900000.0,0.0,0.0,0.0,-51900000.0,51000000.0,0.026,51000000.0,-51900000.0,-67500000.0,-0.84,-0.84,-0.84,-163800000.0,-180325000.0,-163800000.0,-120514629.0,2.0,-2.363,24400000.0,0.373,1.0,692700000.0,0.35,85200000.0,15600000.0,2232200000.0,2186600000.0,214600000.0,0.0,0.0,0.0,3039100000.0,255500000.0,2783600000.0,168485371.0,25600000.0,-26900000.0,0.0,-1600000.0,0.0,-4700000.0,-109100000.0,3900000.0,110800000.0,28600000.0,-55200000.0,-55200000.0,-55200000.0,0.0,0.0,-0.028,762500000.0,-69800000.0,101800000.0,0.0,-1.029,-3.052,-3.06,656600000.0,0.0,2.57,0.085,0.085,331500000.0,-170900000.0,1980500000.0,1980500000.0,52000000.0,-0.02,0.306,-0.024,-0.026,0.0,362200000.0,1.0,65558510.0,65500000.0,65500000.0,30.237,2790100000.0,618000000.0,-12300000.0,51900000.0,42.597,674500000.0
71,GRA,MRT,2003-09-30,2003-09-30,2003-09-30,2021-08-25,-349700000.0,2821700000.0,2763950000.0,934500000.0,1887200000.0,0.689,-2.654,-101400000.0,299900000.0,299900000.0,1255200000.0,-31200000.0,3.541,-17.207,10900000.0,10900000.0,0.0,10900000.0,0.0,100200000.0,0.0,0.0,0.0,-6300000.0,93900000.0,0.049,93900000.0,-6300000.0,-23500000.0,-0.48,-0.48,-0.48,-174100000.0,-194925000.0,-174100000.0,-77275644.0,12.0,-0.823,16300000.0,0.248,1.0,648900000.0,0.341,69600000.0,17200000.0,2199200000.0,2153525000.0,208900000.0,0.0,0.0,0.0,2995800000.0,263900000.0,2731900000.0,203224356.0,45900000.0,-3600000.0,0.0,800000.0,0.0,-2700000.0,-96900000.0,8700000.0,117700000.0,27800000.0,-31200000.0,-31200000.0,-31200000.0,0.0,0.0,-0.016,675300000.0,-26400000.0,109000000.0,0.0,-1.167,-6.514,-6.458,635100000.0,0.0,3.1,0.107,0.107,361700000.0,-121400000.0,1904100000.0,1904100000.0,52100000.0,-0.011,0.16,-0.003,-0.003,0.0,361500000.0,1.0,65556244.0,65600000.0,65600000.0,29.026,2752100000.0,607500000.0,7700000.0,47000000.0,41.953,670600000.0
72,GRA,MRT,2003-06-30,2003-06-30,2003-06-30,2021-08-25,-353900000.0,2830700000.0,2766300000.0,928700000.0,1902000000.0,0.677,-2.573,-103900000.0,317900000.0,317900000.0,1218700000.0,-7300000.0,3.158,-17.799,37400000.0,37400000.0,0.0,37400000.0,0.0,98700000.0,0.0,0.0,0.0,32700000.0,131400000.0,0.07,131400000.0,32700000.0,14800000.0,-0.12,-0.12,-0.12,-168500000.0,-169200000.0,-168500000.0,17443214.0,1.0,0.133,60400000.0,0.922,1.0,653400000.0,0.349,69400000.0,17900000.0,2186700000.0,2166950000.0,208000000.0,0.0,0.0,0.0,2999200000.0,294100000.0,2705100000.0,289043214.0,113000000.0,-5700000.0,0.0,28700000.0,0.0,25200000.0,-100700000.0,6700000.0,164300000.0,24200000.0,-7300000.0,-7300000.0,-7300000.0,0.0,0.0,-0.004,635600000.0,17800000.0,117000000.0,0.0,-1.715,-39.595,-36.75,637400000.0,0.0,4.41,0.154,0.154,349200000.0,-111500000.0,1872100000.0,1872100000.0,53700000.0,-0.003,0.043,0.015,0.017,0.0,360100000.0,1.0,65542679.0,65500000.0,65600000.0,28.582,2761300000.0,603800000.0,22100000.0,48400000.0,42.157,634600000.0
73,GRA,MRT,2003-03-31,2003-03-31,2003-03-31,2021-08-25,-393800000.0,2711700000.0,2757975000.0,832600000.0,1879100000.0,0.669,-3.281,-95900000.0,275000000.0,275000000.0,1183200000.0,7400000.0,3.386,-13.618,3400000.0,3400000.0,0.0,3400000.0,0.0,96700000.0,0.0,0.0,0.0,57800000.0,154500000.0,0.084,154500000.0,57800000.0,38400000.0,0.1,0.1,0.1,-214900000.0,-145975000.0,-214900000.0,-182596835.0,-3.0,-1.182,102400000.0,1.563,1.0,662100000.0,0.359,65900000.0,19400000.0,2128300000.0,2193250000.0,191700000.0,0.0,0.0,0.0,2926600000.0,245900000.0,2680700000.0,97003165.0,123700000.0,-3500000.0,0.0,-6500000.0,0.0,-10400000.0,-85300000.0,6600000.0,198300000.0,21100000.0,7400000.0,7400000.0,7400000.0,0.0,0.0,0.004,616100000.0,46000000.0,118600000.0,0.0,-0.451,13.109,14.8,620600000.0,0.0,1.48,0.053,0.053,313200000.0,-118000000.0,1845300000.0,1845300000.0,52800000.0,0.003,-0.051,0.026,0.031,0.0,349000000.0,1.0,65542679.0,65500000.0,65500000.0,28.173,2645800000.0,601100000.0,31000000.0,43000000.0,40.394,586700000.0
74,GRA,MRT,2002-12-31,2002-12-31,2002-12-31,2021-08-25,-403300000.0,2691700000.0,2755600000.0,830300000.0,1861400000.0,0.66,-3.398,-91100000.0,283600000.0,283600000.0,1146400000.0,22100000.0,3.357,-13.114,4300000.0,4300000.0,0.0,4300000.0,0.0,94900000.0,0.0,0.0,0.0,80100000.0,175000000.0,0.096,175000000.0,80100000.0,60100000.0,0.34,0.34,0.34,-222200000.0,-126450000.0,-222200000.0,-116385219.0,-1.0,-0.665,104400000.0,1.596,1.0,673300000.0,0.37,65200000.0,20000000.0,2099900000.0,2230875000.0,173600000.0,0.0,0.0,0.0,2913900000.0,247300000.0,2666600000.0,128314781.0,91700000.0,-28500000.0,0.0,-4100000.0,0.0,-9200000.0,-110700000.0,5900000.0,195500000.0,16100000.0,22100000.0,22100000.0,22100000.0,0.0,0.0,0.012,613300000.0,60000000.0,100300000.0,0.0,-0.577,5.806,5.765,622200000.0,0.0,1.96,0.071,0.07,316600000.0,-115700000.0,1819700000.0,1819700000.0,51500000.0,0.008,-0.175,0.036,0.044,0.0,340800000.0,1.0,65466725.0,65400000.0,65500000.0,27.824,2626500000.0,594700000.0,38000000.0,41900000.0,40.161,583000000.0
75,GRA,MRT,2002-09-30,2002-09-30,2002-09-30,2021-08-25,-277800000.0,2831100000.0,2712275000.0,843300000.0,1987800000.0,0.668,-1.087,-82000000.0,251600000.0,251600000.0,1112600000.0,68800000.0,3.096,-40.763,6900000.0,6900000.0,0.0,6900000.0,0.0,91300000.0,0.0,0.0,0.0,151700000.0,243000000.0,0.134,243000000.0,151700000.0,129400000.0,1.04,1.04,1.04,-71200000.0,-106325000.0,-71200000.0,-87053240.0,-1.0,-0.358,157900000.0,2.411,1.0,700200000.0,0.386,61100000.0,22300000.0,2252900000.0,2216950000.0,176700000.0,0.0,0.0,0.0,2902300000.0,272400000.0,2629900000.0,104746760.0,62100000.0,-28500000.0,-600000.0,-55400000.0,0.0,-60400000.0,-104600000.0,8500000.0,239900000.0,3300000.0,68800000.0,68800000.0,68800000.0,0.0,0.0,0.038,542600000.0,157600000.0,94600000.0,0.0,-1.471,1.522,1.538,603800000.0,0.0,1.6,0.058,0.058,332000000.0,-90200000.0,1812800000.0,1812800000.0,55100000.0,0.025,-0.647,0.068,0.084,0.0,340900000.0,1.0,65466725.0,65500000.0,65500000.0,27.676,2770000000.0,515500000.0,60600000.0,41300000.0,42.29,570900000.0
76,GRA,MRT,2002-06-30,2002-06-30,2002-06-30,2021-08-25,-268200000.0,2797400000.0,2682825000.0,798100000.0,1999300000.0,0.663,-1.156,-68100000.0,199100000.0,199100000.0,1094500000.0,74600000.0,3.166,-38.003,7300000.0,7300000.0,0.0,7300000.0,0.0,90300000.0,0.0,0.0,0.0,162100000.0,252400000.0,0.142,252400000.0,162100000.0,136300000.0,1.13,1.13,1.13,-75600000.0,-94575000.0,-75600000.0,56938875.0,0.0,0.226,187200000.0,2.862,1.0,683500000.0,0.384,61600000.0,25800000.0,2291900000.0,2801650000.0,187000000.0,0.0,0.0,0.0,2873000000.0,252100000.0,2620900000.0,196438875.0,46200000.0,-52900000.0,-600000.0,-78900000.0,0.0,-83700000.0,-118900000.0,7800000.0,255300000.0,9600000.0,74600000.0,74600000.0,74600000.0,0.0,0.0,0.042,516900000.0,166600000.0,90000000.0,0.0,-2.598,2.633,2.655,612200000.0,0.0,3.0,0.11,0.11,336500000.0,-104200000.0,1778000000.0,1778000000.0,53700000.0,0.028,-0.789,0.058,0.091,0.0,339800000.0,1.0,65479625.0,65400000.0,65600000.0,27.187,2735800000.0,517400000.0,61700000.0,38700000.0,41.832,546000000.0
77,GRA,MRT,2002-03-31,2002-03-31,2002-03-31,2021-08-25,-308300000.0,2702200000.0,2642700000.0,726700000.0,1975500000.0,0.665,-2.092,-64800000.0,146300000.0,146300000.0,1083600000.0,76400000.0,3.208,-20.753,6800000.0,6800000.0,0.0,6800000.0,0.0,89600000.0,0.0,0.0,0.0,171200000.0,260800000.0,0.148,260800000.0,171200000.0,138300000.0,1.16,1.16,1.16,-136800000.0,-89725000.0,-136800000.0,-29446290.0,0.0,-0.113,115800000.0,1.771,1.0,674500000.0,0.384,57400000.0,32900000.0,2278800000.0,3388625000.0,180200000.0,0.0,0.0,0.0,2839000000.0,226500000.0,2612500000.0,144053710.0,19800000.0,-52900000.0,-600000.0,-9500000.0,0.0,-25100000.0,-116900000.0,7600000.0,180600000.0,-2700000.0,76400000.0,76400000.0,76400000.0,0.0,0.0,0.043,500100000.0,174400000.0,84300000.0,0.0,-1.053,1.886,1.897,596500000.0,0.0,2.2,0.082,0.082,309000000.0,-125400000.0,1758100000.0,1758100000.0,51800000.0,0.029,-0.851,0.051,0.097,0.0,336300000.0,1.0,65478959.0,65400000.0,65400000.0,26.882,2644800000.0,523200000.0,61900000.0,36700000.0,40.44,500200000.0
78,GRA,MRT,2001-12-31,2001-12-31,2001-12-31,2021-08-25,-300700000.0,2518400000.0,2594425000.0,735900000.0,1782500000.0,0.676,-2.17,-62900000.0,191400000.0,191400000.0,1076300000.0,78600000.0,3.154,-18.773,6300000.0,6300000.0,0.0,6300000.0,0.0,89200000.0,0.0,0.0,0.0,179400000.0,268600000.0,0.153,268600000.0,179400000.0,142300000.0,1.2,1.2,1.2,-141700000.0,-74100000.0,-141700000.0,2319257583.0,13.0,8.635,-48300000.0,-0.74,1.0,677400000.0,0.386,55800000.0,37100000.0,2044200000.0,3262400000.0,180000000.0,0.0,0.0,0.0,2660100000.0,233300000.0,2426800000.0,101457583.0,0.0,-84400000.0,-600000.0,90600000.0,0.0,123700000.0,-131400000.0,15500000.0,14600000.0,-6900000.0,78600000.0,78600000.0,78600000.0,0.0,0.0,0.045,494300000.0,183100000.0,86300000.0,0.0,-0.716,1.291,1.292,589000000.0,0.0,1.55,0.058,0.058,302100000.0,-137800000.0,1753700000.0,1753700000.0,49500000.0,0.03,-1.061,0.055,0.102,0.0,343600000.0,1.0,65456505.0,65300000.0,65400000.0,26.856,2462600000.0,525400000.0,63700000.0,35200000.0,37.712,502600000.0
79,GRA,MRT,2001-09-30,2001-09-30,2001-09-30,2021-08-25,-162500000.0,2713300000.0,2611050000.0,822100000.0,1891200000.0,0.664,-0.371,-59700000.0,175800000.0,175800000.0,1067500000.0,-125200000.0,3.091,-113.12,2393600000.0,14000000.0,2379600000.0,2393600000.0,0.0,90600000.0,0.0,0.0,0.0,-22000000.0,68600000.0,0.04,68600000.0,-22000000.0,-59900000.0,-1.85,-1.83,-1.85,-24200000.0,-56500000.0,-24200000.0,2374357583.0,-108.0,34.612,-204500000.0,-3.132,1.0,666400000.0,0.384,73400000.0,37900000.0,4591700000.0,3172425000.0,178000000.0,0.0,0.0,0.0,2737500000.0,266000000.0,2471500000.0,101457583.0,30100000.0,-81600000.0,-4300000.0,258600000.0,0.0,287700000.0,-111700000.0,19000000.0,-144800000.0,-1100000.0,-125200000.0,-125200000.0,-125200000.0,0.0,0.0,-0.072,688400000.0,-22000000.0,96900000.0,0.0,-4.192,-0.81,-0.838,584600000.0,0.0,1.55,0.059,0.058,346700000.0,-159000000.0,1733900000.0,1733900000.0,46400000.0,-0.048,2.216,-0.007,-0.013,0.0,321000000.0,1.0,65456505.0,65300000.0,65400000.0,26.553,2639900000.0,468600000.0,65300000.0,35700000.0,40.427,556100000.0
80,GRA,MRT,2001-06-30,2001-06-30,2001-06-30,2021-08-25,-174600000.0,2636900000.0,2533950000.0,758900000.0,1878000000.0,0.672,-0.861,-64300000.0,142600000.0,142600000.0,1037900000.0,-110900000.0,3.817,-47.92,2415500000.0,7500000.0,2408000000.0,2415500000.0,0.0,88600000.0,0.0,0.0,0.0,-5100000.0,83500000.0,0.049,83500000.0,-5100000.0,-42700000.0,-1.64,-1.62,-1.64,-56200000.0,-22050000.0,-56200000.0,517348884.0,-101.0,6.196,-377500000.0,-5.781,1.0,664500000.0,0.39,71200000.0,37600000.0,4639800000.0,2479200000.0,158800000.0,0.0,0.0,0.0,2693100000.0,198800000.0,2494300000.0,114548884.0,-24400000.0,-60600000.0,-11500000.0,368000000.0,0.0,389800000.0,-89900000.0,22400000.0,-313200000.0,-11100000.0,-110900000.0,-110900000.0,-110900000.0,0.0,0.0,-0.065,669600000.0,-5100000.0,83500000.0,0.0,-2.038,-1.033,-1.067,583600000.0,0.0,1.75,0.067,0.067,352600000.0,-178800000.0,1702400000.0,1702400000.0,45500000.0,-0.044,5.029,-0.002,-0.003,0.0,309900000.0,1.0,65456505.0,65300000.0,65400000.0,26.07,2565700000.0,473600000.0,68200000.0,33100000.0,39.291,560100000.0
81,GRA,MRT,2001-03-31,2001-03-31,2001-03-31,2021-08-25,-169500000.0,2509100000.0,2486350000.0,672100000.0,1837000000.0,0.67,-1.138,-63600000.0,115800000.0,115800000.0,994400000.0,-99300000.0,0.627,-34.77,518600000.0,518600000.0,0.0,518600000.0,0.0,88100000.0,0.0,0.0,0.0,800000.0,88900000.0,0.053,88900000.0,800000.0,-31000000.0,-1.48,-1.47,-1.48,-74300000.0,19000000.0,-74300000.0,312561934.0,391.0,3.516,-339400000.0,-5.198,1.0,672200000.0,0.403,66000000.0,31800000.0,1773900000.0,1752850000.0,162700000.0,0.0,0.0,0.0,2583400000.0,1072000000.0,1511400000.0,150461934.0,-114100000.0,-80500000.0,-17800000.0,252300000.0,0.0,276300000.0,-103700000.0,26900000.0,-275800000.0,-10900000.0,-99300000.0,-99300000.0,-99300000.0,0.0,0.0,-0.06,671400000.0,800000.0,93800000.0,0.0,-2.025,-1.515,-1.554,603400000.0,0.0,2.3,0.09,0.09,207100000.0,-201800000.0,1666600000.0,1666600000.0,44900000.0,-0.04,-5.226,0.0,0.0,0.0,317100000.0,1.0,65418232.0,65300000.0,65300000.0,25.522,2443100000.0,485600000.0,68300000.0,145000000.0,37.413,-399900000.0
82,GRA,MRT,2000-12-31,2000-12-31,2000-12-31,2021-08-25,-151500000.0,2584900000.0,2480650000.0,773900000.0,1811000000.0,0.664,-1.067,-64800000.0,191900000.0,191900000.0,973900000.0,-89700000.0,0.708,-37.254,418300000.0,418300000.0,0.0,418300000.0,0.0,87800000.0,0.0,0.0,0.0,8400000.0,96200000.0,0.058,96200000.0,8400000.0,-19700000.0,-1.34,-1.34,-1.34,-71300000.0,61100000.0,-71300000.0,370620614.0,44.0,3.853,-208500000.0,-3.121,1.0,673000000.0,0.409,34100000.0,28100000.0,1684300000.0,1753575000.0,144200000.0,0.0,0.0,0.0,2656200000.0,1092900000.0,1563300000.0,208520614.0,-7900000.0,-49000000.0,-41500000.0,286600000.0,0.0,239900000.0,-94000000.0,19000000.0,-143700000.0,-10100000.0,-89700000.0,-89700000.0,-89700000.0,0.0,0.0,-0.054,664600000.0,8400000.0,117500000.0,0.0,-2.925,-2.325,-2.379,601700000.0,0.0,3.188,0.127,0.129,197200000.0,-216400000.0,1646900000.0,1646900000.0,45700000.0,-0.036,-1.468,0.005,0.005,0.0,312700000.0,1.0,65418232.0,66800000.0,66800000.0,24.654,2550800000.0,487200000.0,70000000.0,143300000.0,38.186,-319000000.0
83,GRA,MRT,2000-09-30,2000-09-30,2000-09-30,2021-08-25,-148100000.0,2404900000.0,2453200000.0,702000000.0,1702900000.0,0.705,1.703,-69500000.0,145700000.0,145700000.0,1017500000.0,141100000.0,0.982,20.17,307800000.0,49400000.0,258400000.0,307800000.0,0.0,87300000.0,0.0,0.0,0.0,245200000.0,332500000.0,0.192,332500000.0,245200000.0,220300000.0,2.05,2.02,2.05,113600000.0,106700000.0,113600000.0,517121302.0,2.0,1.555,-42700000.0,-0.64,1.0,711700000.0,0.412,33000000.0,24900000.0,1818800000.0,1736675000.0,137200000.0,0.0,0.0,0.0,2291300000.0,715200000.0,1576100000.0,461021302.0,60000000.0,-59100000.0,-72500000.0,223200000.0,0.0,142600000.0,-95000000.0,17200000.0,26800000.0,-14400000.0,141100000.0,141100000.0,141100000.0,0.0,0.0,0.082,466500000.0,245200000.0,117800000.0,0.0,4.058,3.267,3.354,598300000.0,0.0,6.875,0.267,0.265,200700000.0,-33800000.0,1729200000.0,1729200000.0,43900000.0,0.058,1.322,0.141,0.142,0.0,335300000.0,1.0,67057644.0,66700000.0,67400000.0,25.925,2371900000.0,421000000.0,79200000.0,142700000.0,35.561,-13200000.0
84,GRA,MRT,2000-06-30,2000-06-30,2000-06-30,2021-08-25,-129300000.0,2446500000.0,2454825000.0,739900000.0,1706600000.0,0.688,1.607,-73700000.0,167000000.0,167000000.0,978500000.0,149000000.0,1.007,21.653,223100000.0,12700000.0,210400000.0,223100000.0,0.0,88700000.0,0.0,0.0,0.0,247900000.0,336600000.0,0.199,336600000.0,247900000.0,227500000.0,2.13,2.07,2.13,108000000.0,113600000.0,108000000.0,858675287.0,3.0,2.551,71800000.0,1.068,1.0,710600000.0,0.421,33400000.0,20400000.0,1734400000.0,1707175000.0,136200000.0,0.0,0.0,0.0,2338500000.0,734800000.0,1603700000.0,818375287.0,110300000.0,130800000.0,-59700000.0,37200000.0,0.0,-57000000.0,29000000.0,13600000.0,145500000.0,-7200000.0,149000000.0,149000000.0,149000000.0,-9200000.0,0.0,0.088,471900000.0,238700000.0,118300000.0,0.0,7.578,5.492,5.692,619400000.0,0.0,12.125,0.485,0.482,198400000.0,-67900000.0,1689100000.0,1689100000.0,43300000.0,0.061,1.312,0.145,0.147,0.0,339900000.0,1.0,67494869.0,67200000.0,68600000.0,25.135,2413100000.0,416000000.0,78500000.0,147600000.0,35.909,5100000.0
85,GRA,MRT,2000-03-31,2000-03-31,2000-03-31,2021-08-25,-114100000.0,2486300000.0,2454350000.0,799100000.0,1687200000.0,0.672,1.38,-78000000.0,229900000.0,229900000.0,952800000.0,140100000.0,1.117,25.422,270200000.0,13600000.0,256600000.0,270200000.0,0.0,88800000.0,0.0,0.0,0.0,234400000.0,323200000.0,0.196,323200000.0,234400000.0,216300000.0,1.99,1.92,1.99,94100000.0,108850000.0,94100000.0,801422634.0,3.0,2.48,35800000.0,0.525,1.0,695300000.0,0.422,34200000.0,18100000.0,1776800000.0,1734225000.0,135400000.0,0.0,0.0,0.0,2392200000.0,715600000.0,1676600000.0,865022634.0,180000000.0,150700000.0,-67200000.0,130400000.0,0.0,31900000.0,40900000.0,9300000.0,113800000.0,-6600000.0,140100000.0,140100000.0,140100000.0,-4500000.0,0.0,0.085,465400000.0,229900000.0,111400000.0,0.0,9.193,6.174,6.47,611300000.0,0.0,12.875,0.525,0.533,190300000.0,-102500000.0,1648100000.0,1648100000.0,42600000.0,0.057,1.287,0.135,0.142,0.0,334000000.0,1.0,67186224.0,68200000.0,69400000.0,24.166,2452100000.0,427700000.0,76200000.0,152400000.0,35.955,83500000.0
86,GRA,MRT,1999-12-31,1999-12-31,1999-12-31,2021-08-25,-95900000.0,2475100000.0,2455300000.0,779800000.0,1695300000.0,0.655,1.571,-82500000.0,199800000.0,199800000.0,929300000.0,135900000.0,1.014,21.278,136200000.0,13000000.0,123200000.0,136200000.0,0.0,89200000.0,0.0,0.0,0.0,225200000.0,314400000.0,0.196,314400000.0,225200000.0,209100000.0,1.92,1.84,1.92,111100000.0,104050000.0,111100000.0,1013162066.0,4.0,3.223,48000000.0,0.679,1.0,678300000.0,0.422,25400000.0,16100000.0,1616700000.0,1741550000.0,128200000.0,0.0,0.0,0.0,2364000000.0,769400000.0,1594600000.0,1013962066.0,134500000.0,175200000.0,-68700000.0,18700000.0,0.0,-80900000.0,89400000.0,9300000.0,130500000.0,-4500000.0,135900000.0,135900000.0,135900000.0,-5700000.0,0.0,0.085,458800000.0,219500000.0,124100000.0,0.0,9.127,7.461,7.357,617300000.0,0.0,14.125,0.631,0.621,193600000.0,-126700000.0,1607600000.0,1607600000.0,42400000.0,0.055,1.306,0.129,0.14,0.0,327200000.0,1.0,71784925.0,70700000.0,73800000.0,22.738,2449700000.0,440000000.0,73200000.0,167200000.0,34.649,10400000.0
87,GRA,MRT,1999-09-30,1999-09-30,1999-09-30,2021-08-25,-94900000.0,2411400000.0,2475600000.0,592400000.0,1819000000.0,0.64,1.983,-90200000.0,85700000.0,85700000.0,935300000.0,-167200000.0,0.857,16.078,84900000.0,76800000.0,8100000.0,84900000.0,0.0,93400000.0,0.0,0.0,0.0,-170900000.0,-77500000.0,-0.049,-77500000.0,-170900000.0,-187000000.0,-2.17,-2.21,-2.17,141200000.0,86800000.0,141200000.0,1293633144.0,-8.0,-16.692,153100000.0,2.15,1.0,650100000.0,0.41,18800000.0,16100000.0,1700800000.0,1811575000.0,130100000.0,0.0,0.0,0.0,2270200000.0,691000000.0,1579200000.0,1165233144.0,-1700000.0,182400000.0,-72200000.0,-200400000.0,0.0,-300100000.0,55900000.0,0.0,243300000.0,-800000.0,-167200000.0,-167200000.0,-167200000.0,-6600000.0,0.0,-0.105,827500000.0,-177400000.0,113500000.0,0.0,8.252,-6.969,-7.546,621400000.0,0.0,16.375,0.735,0.735,206200000.0,-129400000.0,1585400000.0,1585400000.0,47300000.0,-0.068,-1.926,-0.094,-0.108,0.0,327900000.0,1.0,71159276.0,71200000.0,74600000.0,22.267,2392600000.0,455000000.0,-19800000.0,101500000.0,33.604,-98600000.0
88,GRA,MRT,1999-06-30,1999-06-30,1999-06-30,2021-08-25,-96000000.0,2444600000.0,2490625000.0,546000000.0,1898600000.0,0.638,1.281,-96300000.0,56700000.0,56700000.0,950300000.0,-182900000.0,0.786,26.467,185100000.0,177000000.0,8100000.0,185100000.0,0.0,91500000.0,0.0,0.0,0.0,-189100000.0,-97600000.0,-0.061,-97600000.0,-189100000.0,-205600000.0,-2.41,-2.44,-2.41,89000000.0,132800000.0,89000000.0,1402842818.0,-7.0,-14.373,132100000.0,1.901,1.0,639900000.0,0.402,35400000.0,16500000.0,1842600000.0,1825225000.0,130700000.0,0.0,0.0,0.0,2355600000.0,695000000.0,1660600000.0,1313842818.0,-15900000.0,-100000.0,-96600000.0,-70000000.0,0.0,-166600000.0,-79100000.0,0.0,228400000.0,1400000.0,-182900000.0,-182900000.0,-182900000.0,1600000.0,0.0,-0.115,827300000.0,-187400000.0,111700000.0,0.0,14.762,-7.183,-7.884,624200000.0,0.0,19.0,0.826,0.83,203600000.0,-171400000.0,1590200000.0,1590200000.0,47600000.0,-0.073,-1.377,-0.104,-0.119,0.0,327700000.0,1.0,69149622.0,69500000.0,73000000.0,22.881,2409200000.0,483000000.0,-22700000.0,113500000.0,34.665,-149000000.0
89,GRA,MRT,1999-03-31,1999-03-31,1999-03-31,2021-08-25,-87900000.0,2490100000.0,2483250000.0,588200000.0,1901900000.0,0.642,1.045,-101200000.0,49900000.0,49900000.0,960400000.0,-183100000.0,0.799,32.246,138900000.0,130800000.0,8100000.0,138900000.0,0.0,92900000.0,0.0,5.367,65.08,-190300000.0,-97400000.0,-0.061,-97400000.0,-190300000.0,-206600000.0,-2.44,-2.47,-2.44,74900000.0,187675000.0,74900000.0,915327009.0,-5.0,-9.398,80400000.0,1.121,1.0,633200000.0,0.397,36500000.0,16300000.0,1806100000.0,1795025000.0,135500000.0,0.0,0.0,0.0,2415200000.0,736500000.0,1678700000.0,867227009.0,-674200000.0,3400000.0,-97300000.0,-675700000.0,0.0,-773000000.0,-83800000.0,0.0,181600000.0,1000000.0,-183100000.0,-183100000.0,-183100000.0,-3100000.0,0.0,-0.115,826500000.0,-193300000.0,117800000.0,-26.672,11.578,-4.736,-4.969,630100000.0,0.0,12.125,0.544,0.546,199600000.0,-197100000.0,1593600000.0,1593600000.0,48100000.0,-0.074,-0.976,-0.106,-0.119,0.0,325000000.0,1.0,71523877.0,71700000.0,,22.226,2453600000.0,482600000.0,-23500000.0,147500000.0,34.22,-148300000.0
90,GRA,MRT,1998-12-31,1998-12-31,1998-12-31,2021-08-25,-80900000.0,2556300000.0,2627400000.0,625600000.0,1930700000.0,0.602,0.564,-100900000.0,65300000.0,65300000.0,961700000.0,-229100000.0,0.934,59.72,113400000.0,80600000.0,32800000.0,113400000.0,0.0,92100000.0,0.0,4.149,65.08,-237800000.0,-145700000.0,-0.092,-145700000.0,-237800000.0,-257600000.0,-3.07,-3.07,-3.07,42100000.0,241875000.0,42100000.0,1347307491.0,-6.0,-9.247,-167800000.0,-2.249,1.0,620900000.0,0.392,37800000.0,19800000.0,1896800000.0,1737400000.0,130100000.0,0.0,0.0,0.0,2514200000.0,669800000.0,1844400000.0,1153107491.0,17700000.0,3900000.0,-30200000.0,-1029800000.0,0.0,196600000.0,-114000000.0,0.0,-66900000.0,2000000.0,-229100000.0,-229100000.0,-229100000.0,-900000.0,0.0,-0.145,824300000.0,-203400000.0,123700000.0,-21.199,27.39,-5.033,-5.11,661400000.0,0.0,15.688,0.729,0.739,196900000.0,-203100000.0,1582600000.0,1582600000.0,47400000.0,-0.087,-0.947,-0.137,-0.15,0.0,325900000.0,1.0,73504860.0,74600000.0,74600000.0,21.214,2518500000.0,470400000.0,-28500000.0,187800000.0,33.76,-44200000.0
91,GRA,MRT,1998-09-30,1998-09-30,1998-09-30,2021-08-25,-87900000.0,2471500000.0,2931575000.0,878900000.0,1592600000.0,0.509,4.359,-159400000.0,87400000.0,87400000.0,893900000.0,51900000.0,1.009,6.6,281600000.0,248800000.0,32800000.0,281600000.0,0.0,91900000.0,0.0,5.244,65.225,94600000.0,186500000.0,0.125,186500000.0,94600000.0,76900000.0,0.69,0.7,0.69,325200000.0,348325000.0,325200000.0,1109592389.0,12.0,5.95,-348500000.0,-4.672,1.0,598600000.0,0.401,39000000.0,17700000.0,1755400000.0,2112475000.0,138500000.0,0.0,0.0,0.0,2146300000.0,871300000.0,1275000000.0,932792389.0,21200000.0,13800000.0,19600000.0,-895600000.0,-10700000.0,369900000.0,-158200000.0,0.0,-189100000.0,-1400000.0,51900000.0,51900000.0,51900000.0,-45900000.0,0.0,0.035,411600000.0,187000000.0,100000000.0,94.529,2.868,17.973,18.025,656800000.0,0.0,12.438,0.625,0.622,384900000.0,51800000.0,1492500000.0,1492500000.0,42800000.0,0.018,0.149,0.045,0.063,0.0,334600000.0,1.0,74998383.0,74600000.0,,20.007,2432500000.0,503000000.0,25000000.0,199300000.0,32.607,7600000.0
92,GRA,MRT,1998-06-30,1998-06-30,1998-06-30,2021-08-25,-96100000.0,2415100000.0,,831400000.0,1583700000.0,,4.094,-185800000.0,72600000.0,72600000.0,891500000.0,96700000.0,1.001,6.829,249400000.0,216600000.0,32800000.0,249400000.0,0.0,93200000.0,0.0,3.831,65.37,136700000.0,229900000.0,0.154,229900000.0,136700000.0,115100000.0,1.31,1.3,1.31,308500000.0,,308500000.0,1300893244.0,10.0,5.659,-304800000.0,-4.045,1.0,601500000.0,0.403,39900000.0,21600000.0,1721800000.0,,132400000.0,0.0,0.0,0.0,2106600000.0,830200000.0,1276400000.0,1285693244.0,29400000.0,31400000.0,63200000.0,-982900000.0,-21400000.0,315500000.0,-161900000.0,0.0,-119000000.0,-5200000.0,96700000.0,96700000.0,96700000.0,-100400000.0,0.0,0.065,426900000.0,174600000.0,107200000.0,49.901,4.168,13.296,13.025,651400000.0,0.0,17.062,0.861,0.861,364000000.0,25500000.0,1493000000.0,1493000000.0,41800000.0,,,,0.092,0.0,351200000.0,1.0,75351985.0,75351985.0,,19.814,2375200000.0,474600000.0,18400000.0,167400000.0,31.521,1200000.0
93,GRA,MRT,1998-03-31,1998-03-31,1998-03-31,2021-08-25,-101900000.0,3066700000.0,,1499300000.0,1567400000.0,,3.871,-225600000.0,724100000.0,724100000.0,902500000.0,188600000.0,1.024,9.513,739300000.0,706300000.0,33000000.0,739300000.0,0.0,93100000.0,0.0,0.005,0.435,262900000.0,356000000.0,0.235,356000000.0,262900000.0,241300000.0,2.58,2.55,2.58,291700000.0,,291700000.0,7330719245.0,28.0,20.592,-201200000.0,-2.67,1.0,611700000.0,0.404,42500000.0,21600000.0,1575600000.0,,131900000.0,0.0,0.0,0.0,2775000000.0,1463800000.0,1311200000.0,6306019245.0,647200000.0,160200000.0,92800000.0,-633800000.0,-32000000.0,683600000.0,-56000000.0,0.0,24400000.0,-4800000.0,188600000.0,188600000.0,188600000.0,-137200000.0,0.0,0.125,450800000.0,160900000.0,94200000.0,0.169,21.618,33.436,32.437,651000000.0,0.0,83.688,4.165,4.165,378400000.0,,1514200000.0,1514200000.0,42200000.0,,,,0.174,0.0,370800000.0,1.0,75351985.0,75351985.0,,20.095,3024200000.0,473000000.0,52700000.0,154200000.0,40.134,35500000.0
94,GRA,MRT,1997-12-31,1997-12-31,1997-12-31,2021-08-25,-198800000.0,3773000000.0,4359400000.0,2175500000.0,1597500000.0,0.352,6.323,-258700000.0,47600000.0,47600000.0,915900000.0,261000000.0,1.602,7.064,1072300000.0,413600000.0,658700000.0,1072300000.0,0.0,94800000.0,0.0,0.007,0.56,333700000.0,428500000.0,0.279,428500000.0,333700000.0,312500000.0,3.53,3.45,3.53,467900000.0,550150000.0,467900000.0,,,,-22300000.0,-0.301,1.0,617300000.0,0.403,42900000.0,21200000.0,3397100000.0,4067550000.0,129600000.0,0.0,0.0,0.0,3305100000.0,1357700000.0,1947400000.0,6061125293.0,-20700000.0,678300000.0,-275800000.0,-304300000.0,-41200000.0,-621300000.0,370100000.0,0.0,236400000.0,-5900000.0,261000000.0,261000000.0,261000000.0,-175100000.0,0.0,0.17,458700000.0,158600000.0,106500000.0,0.159,12.954,23.223,22.787,663300000.0,0.0,80.438,3.953,3.882,273300000.0,108300000.0,1533200000.0,1533200000.0,42400000.0,0.06,0.474,0.082,0.218,0.0,376800000.0,1.0,75351985.0,74000000.0,75700000.0,20.719,3730100000.0,447700000.0,51500000.0,195800000.0,50.407,817800000.0
95,GRA,MRT,1997-09-30,1997-09-30,1997-09-30,2021-08-25,,,,,,,,,,,,,,,,,,,,,,0.007,0.54,,,,,,,,,,,,,,,,,,1.0,,,,,,,,,,,,,,,,,,,,,,,,,,,,,,,,,,,,,,,,73.625,,,,,,,,,,,,,,1.0,,,,,,,,,,
96,GRA,MRT,1997-06-30,1997-06-30,1997-06-30,2021-08-25,,,,,,,,,,,,,,,,,,,,,,0.009,0.52,,,,,,,,,,,,,,,,,,1.0,,,,,,,,,,,,,,,,,,,,,,,,,,,,,,,,,,,,,,,,55.125,,,,,,,,,,,,,,1.0,,,,,,,,,,
97,GRA,MRT,1997-03-31,1997-03-31,1997-03-31,2021-08-25,,,,,,,,,,,,,,,,,,,,,,0.011,0.5,,,,,,,,,,,,,,,,,,1.0,,,,,,,,,,,,,,,,,,,,,,,,,,,,,,,,,,,,,,,,47.375,,,,,,,,,,,,,,1.0,,,,,,,,,,
98,GRA,MRT,1996-12-31,1996-12-31,1996-12-31,2021-08-25,-64600000.0,4945800000.0,,1774900000.0,3170900000.0,,,-456600000.0,68300000.0,68300000.0,1003400000.0,2857700000.0,1.194,6.821,1388200000.0,315200000.0,1073000000.0,1388200000.0,0.0,95900000.0,0.0,0.01,0.5,2958600000.0,3054500000.0,1.728,3054500000.0,2958600000.0,2928100000.0,31.06,1.2,31.06,632400000.0,,632400000.0,,,,-233300000.0,,1.0,763800000.0,0.432,40600000.0,30500000.0,4738000000.0,,376100000.0,0.0,0.0,0.0,4313400000.0,1487100000.0,2826300000.0,,27700000.0,2688200000.0,-1545600000.0,-539800000.0,-46000000.0,-2267800000.0,2072900000.0,0.0,223300000.0,-700000.0,2857700000.0,2857700000.0,2857700000.0,-2744800000.0,0.0,1.617,550000000.0,213800000.0,274700000.0,0.016,,,1.666,1871300000.0,0.0,51.75,,,831400000.0,172600000.0,1767200000.0,1767200000.0,55400000.0,,,,1.674,0.0,461300000.0,1.0,,,,,4905200000.0,493100000.0,70400000.0,166800000.0,,287800000.0
99,GRA,MRT,1995-12-31,1995-12-31,1995-12-31,2021-08-25,,,,,,,,-537600000.0,,,1127000000.0,-325900000.0,,,,,,,,113800000.0,,0.02,1.175,-491400000.0,-377600000.0,-0.199,-377600000.0,-491400000.0,-518300000.0,-3.4,-3.39,-3.4,,,,,,,-430600000.0,,1.0,770400000.0,0.406,,26900000.0,,,,,,,,,,,-37700000.0,19300000.0,152000000.0,495300000.0,-112600000.0,655700000.0,-801600000.0,0.0,107000000.0,1200000.0,-325900000.0,-325900000.0,-325900000.0,1100000.0,0.0,-0.172,1260700000.0,-490300000.0,,-0.346,,,-17.39,,0.0,59.125,,,,,1897400000.0,1897400000.0,73200000.0,,,,-0.259,0.0,647400000.0,1.0,,,,,,,-192400000.0,,,
