None,ticker,dimension,calendardate,datekey,reportperiod,lastupdated,accoci,assets,assetsavg,assetsc,assetsnc,assetturnover,bvps,capex,cashneq,cashnequsd,cor,consolinc,currentratio,de,debt,debtc,debtnc,debtusd,deferredrev,depamor,deposits,divyield,dps,ebit,ebitda,ebitdamargin,ebitdausd,ebitusd,ebt,eps,epsdil,epsusd,equity,equityavg,equityusd,ev,evebit,evebitda,fcf,fcfps,fxusd,gp,grossmargin,intangibles,intexp,invcap,invcapavg,inventory,investments,investmentsc,investmentsnc,liabilities,liabilitiesc,liabilitiesnc,marketcap,ncf,ncfbus,ncfcommon,ncfdebt,ncfdiv,ncff,ncfi,ncfinv,ncfo,ncfx,netinc,netinccmn,netinccmnusd,netincdis,netincnci,netmargin,opex,opinc,payables,payoutratio,pb,pe,pe1,ppnenet,prefdivis,price,ps,ps1,receivables,retearn,revenue,revenueusd,rnd,roa,roe,roic,ros,sbcomp,sgna,sharefactor,sharesbas,shareswa,shareswadil,sps,tangibles,taxassets,taxexp,taxliabilities,tbvps,workingcapital
0,ETR,MRY,2020-12-31,2020-12-31,2020-12-31,2021-09-07,-449207000.0,58239212000.0,57696971750.0,4559899000.0,53679313000.0,0.175,54.602,-5156861000.0,1759099000.0,1759099000.0,6308262000.0,1406653000.0,0.646,4.327,23997265000.0,2791504000.0,21205761000.0,23997265000.0,0.0,2257750000.0,401512000.0,0.037,3.74,2070810000.0,4328560000.0,0.428,4328560000.0,2070810000.0,1285147000.0,6.94,6.9,6.94,10926142000.0,10887566250.0,10926142000.0,40812434996.0,20.0,9.429,-2466995000.0,-12.328,1.0,3805374000.0,0.376,377172000.0,785663000.0,73039700000.0,72189468250.0,1135119000.0,0.0,0.0,0.0,47278070000.0,7060506000.0,40217564000.0,19991214996.0,1333377000.0,0.0,42600000.0,4147585000.0,-748342000.0,3415817000.0,-4772306000.0,3095057000.0,2689866000.0,0.0,1406653000.0,1388334000.0,1388334000.0,0.0,0.0,0.137,2036179000.0,1769195000.0,2739437000.0,0.539,1.83,14.399,14.386,39196105000.0,18319000.0,99.84,1.977,1.975,1285727000.0,9897182000.0,10113636000.0,10113636000.0,0.0,0.024,0.128,0.029,0.205,0.0,0.0,1.0,200232522.0,200106945,201102220.0,50.541,57862040000.0,76289000.0,-121506000.0,6600717000.0,289.156,-2500607000.0
1,ETR,MRY,2019-12-31,2019-12-31,2019-12-31,2021-09-07,-446920000.0,51723912000.0,51723912000.0,3045992000.0,48677920000.0,0.21,52.376,-4602573000.0,425722000.0,425722000.0,7343551000.0,1258244000.0,0.542,4.056,19820382000.0,2741739000.0,17078643000.0,19820382000.0,0.0,2182313000.0,409171000.0,0.031,3.66,1830844000.0,4013157000.0,0.369,4013157000.0,1830844000.0,1088419000.0,6.36,6.3,6.36,10223675000.0,10223675000.0,10223675000.0,42272412543.0,23.0,10.533,-1785946000.0,-9.15,1.0,3535122000.0,0.325,377172000.0,742425000.0,65120937000.0,65120937000.0,970465000.0,0.0,0.0,0.0,41465237000.0,5620463000.0,35844774000.0,23852429543.0,-55253000.0,0.0,701512000.0,1689405000.0,-711573000.0,1638362000.0,-4510242000.0,4151670000.0,2816627000.0,0.0,1258244000.0,1241226000.0,1241226000.0,0.0,0.0,0.114,2144625000.0,1390497000.0,1499861000.0,0.575,2.333,19.217,18.836,35515557000.0,17018000.0,119.8,2.193,2.15,1208592000.0,9257609000.0,10878673000.0,10878673000.0,0.0,0.024,0.121,0.028,0.168,0.0,0.0,1.0,199102083.0,195195858,196999284.0,55.732,51346740000.0,64461000.0,-169825000.0,6551374000.0,263.052,-2574471000.0
2,ETR,MRY,2018-12-31,2018-12-31,2018-12-31,2021-09-07,-557173000.0,48275066000.0,48275066000.0,2958064000.0,45317002000.0,0.228,48.753,-4246315000.0,480975000.0,480975000.0,7948767000.0,862555000.0,0.543,4.458,18110651000.0,2592348000.0,15518303000.0,18110651000.0,0.0,2040555000.0,411505000.0,0.042,3.58,533077000.0,2573632000.0,0.234,2573632000.0,533077000.0,-174271000.0,4.68,4.63,4.68,8844305000.0,8844305000.0,8844305000.0,33087795445.0,62.0,12.856,-1861068000.0,-10.259,1.0,3060685000.0,0.278,377172000.0,707348000.0,60084026000.0,60084026000.0,870147000.0,0.0,0.0,0.0,39430761000.0,5443544000.0,33987217000.0,15590910445.0,-300298000.0,0.0,602587000.0,1433829000.0,-647704000.0,1420442000.0,-4105987000.0,6430291000.0,2385247000.0,0.0,862555000.0,848661000.0,848661000.0,0.0,0.0,0.077,2591320000.0,469365000.0,1496058000.0,0.765,1.763,18.371,18.391,32278828000.0,13894000.0,86.07,1.416,1.418,1114405000.0,8721150000.0,11009452000.0,11009452000.0,0.0,0.018,0.096,0.009,0.048,0.0,0.0,1.0,181142215.0,181409597,183378513.0,60.688,47897894000.0,54593000.0,-1036826000.0,6639642000.0,264.032,-2485480000.0
3,ETR,MRY,2017-12-31,2017-12-31,2017-12-31,2021-09-07,-23531000.0,46707149000.0,46707149000.0,3285331000.0,43421818000.0,0.237,44.484,-3901618000.0,781273000.0,781273000.0,7511940000.0,425353000.0,0.652,4.844,16677091000.0,2339817000.0,14337274000.0,16677091000.0,0.0,2078578000.0,401330000.0,0.043,3.5,1630266000.0,3708844000.0,0.335,3708844000.0,1630266000.0,967923000.0,2.29,2.28,2.29,7992515000.0,7992515000.0,7992515000.0,30348614016.0,19.0,8.183,-1278118000.0,-7.114,1.0,3562541000.0,0.322,377172000.0,662343000.0,57189588000.0,57189588000.0,905865000.0,198000.0,0.0,198000.0,38714634000.0,5036207000.0,33678427000.0,14670662016.0,-406571000.0,0.0,80729000.0,1387005000.0,-628885000.0,810978000.0,-3841049000.0,3163825000.0,2623500000.0,0.0,425353000.0,411612000.0,411612000.0,0.0,0.0,0.037,2202134000.0,1360407000.0,1452216000.0,1.528,1.836,35.642,35.541,29925340000.0,13741000.0,81.39,1.325,1.32,1212950000.0,7977702000.0,11074481000.0,11074481000.0,0.0,0.009,0.051,0.029,0.147,0.0,0.0,1.0,180251407.0,179671797,180535893.0,61.637,46329977000.0,178204000.0,542570000.0,7801308000.0,257.859,-1750876000.0
4,ETR,MRY,2016-12-31,2016-12-31,2016-12-31,2021-09-07,-34971000.0,45904434000.0,45904434000.0,3684268000.0,42220166000.0,0.236,45.179,-4044257000.0,1187844000.0,1187844000.0,7056384000.0,-564503000.0,1.151,4.68,15274571000.0,782334000.0,14492237000.0,15274571000.0,0.0,2123291000.0,403311000.0,0.047,3.42,-715392000.0,1407899000.0,0.13,1407899000.0,-715392000.0,-1381762000.0,-3.26,-3.26,-3.26,8081809000.0,8081809000.0,8081809000.0,26926058225.0,-38.0,19.125,-1045558000.0,-5.845,1.0,3789261000.0,0.349,377172000.0,666370000.0,56413893000.0,56413893000.0,878123000.0,198000.0,0.0,198000.0,37822625000.0,3200096000.0,34622529000.0,13160526225.0,-163117000.0,0.0,33114000.0,1409897000.0,-611835000.0,688232000.0,-3850048000.0,2417975000.0,2998699000.0,0.0,-564503000.0,-583618000.0,-583618000.0,0.0,0.0,-0.054,4604492000.0,-815231000.0,1285577000.0,-1.049,1.628,-22.55,-22.537,28155048000.0,19115000.0,73.47,1.213,1.212,1170167000.0,8195571000.0,10845645000.0,10845645000.0,0.0,-0.013,-0.072,-0.013,-0.066,0.0,0.0,1.0,179127892.0,178885660,178885660.0,60.629,45527262000.0,117885000.0,-817259000.0,7903551000.0,254.505,484172000.0
5,ETR,MRY,2015-12-31,2015-12-31,2015-12-31,2021-09-07,8951000.0,44647681000.0,44647681000.0,4067412000.0,40580269000.0,0.258,51.663,-2507058000.0,1350961000.0,1350961000.0,8068695000.0,-156734000.0,1.316,3.823,13849988000.0,711431000.0,13138557000.0,13849988000.0,0.0,2117236000.0,419407000.0,0.049,3.34,-156192000.0,1961044000.0,0.17,1961044000.0,-156192000.0,-799661000.0,-0.99,-0.99,-0.99,9256791000.0,9256791000.0,9256791000.0,25297560648.0,-162.0,12.9,784126000.0,4.376,1.0,3444556000.0,0.299,377172000.0,643469000.0,53679578000.0,53679578000.0,1091167000.0,4341000.0,0.0,4341000.0,35390890000.0,3089958000.0,32300932000.0,12194521648.0,-71065000.0,0.0,-75441000.0,-63376000.0,-598897000.0,-753467000.0,-2608782000.0,2492747000.0,3291184000.0,0.0,-156734000.0,-176562000.0,-176562000.0,0.0,0.0,-0.015,3897758000.0,-453202000.0,1071798000.0,-3.374,1.317,-69.067,-69.051,28044360000.0,19828000.0,68.36,1.059,1.064,1068900000.0,9393913000.0,11513251000.0,11513251000.0,0.0,-0.004,-0.019,-0.003,-0.014,0.0,0.0,1.0,178386800.0,179176356,179176356.0,64.257,44270509000.0,54903000.0,-642927000.0,8751242000.0,247.078,977454000.0
6,ETR,MRY,2014-12-31,2014-12-31,2014-12-31,2021-09-07,-42307000.0,46414455000.0,46499504250.0,4389633000.0,42024822000.0,0.269,55.751,-2646639000.0,1422026000.0,1422026000.0,8730793000.0,960257000.0,1.14,3.628,13916710000.0,1500290000.0,12416420000.0,13916710000.0,0.0,2127892000.0,412166000.0,0.038,3.32,2177361000.0,4305253000.0,0.345,4305253000.0,2177361000.0,1549854000.0,5.24,5.22,5.24,10007725000.0,10007725000.0,10007725000.0,28392947690.0,13.0,6.595,1242922000.0,6.924,1.0,3764128000.0,0.301,377172000.0,627507000.0,54683076000.0,54853174500.0,1124018000.0,36234000.0,0.0,36234000.0,36312730000.0,3848891000.0,32463839000.0,15788489690.0,682900000.0,0.0,11595000.0,328281000.0,-596117000.0,-252173000.0,-2954488000.0,1919098000.0,3889561000.0,0.0,960257000.0,940721000.0,940721000.0,0.0,0.0,0.075,1757239000.0,2006889000.0,1166431000.0,0.634,1.578,16.783,16.695,28936737000.0,19536000.0,87.48,1.264,1.257,1103255000.0,10169657000.0,12494921000.0,12494921000.0,0.0,0.02,0.094,0.04,0.174,0.0,0.0,1.0,180481135.0,179506151,180296885.0,69.607,46037283000.0,76134000.0,589597000.0,9546829000.0,256.466,540742000.0
7,ETR,MRY,2013-12-31,2013-12-31,2013-12-31,2021-09-07,-29324000.0,43406446000.0,43406446000.0,3929691000.0,39476755000.0,0.262,54.051,-2822718000.0,739126000.0,739126000.0,8189235000.0,730572000.0,0.968,3.497,13677672000.0,1506305000.0,12171367000.0,13677672000.0,0.0,2012076000.0,370997000.0,0.052,3.32,1560590000.0,3572666000.0,0.314,3572666000.0,1560590000.0,956553000.0,3.99,3.99,3.99,9632466000.0,9632466000.0,9632466000.0,24540250529.0,16.0,6.869,366501000.0,2.057,1.0,3201712000.0,0.281,377172000.0,604037000.0,51907248000.0,51907248000.0,1123964000.0,40350000.0,0.0,40350000.0,33679980000.0,4060572000.0,29619408000.0,11282260529.0,206557000.0,147922000.0,24527000.0,182239000.0,-593037000.0,-380824000.0,-2601593000.0,1948597000.0,3189219000.0,-245000.0,730572000.0,711902000.0,711902000.0,0.0,0.0,0.062,1890282000.0,1311430000.0,1173313000.0,0.832,1.171,15.848,15.857,28081019000.0,18670000.0,63.27,0.99,0.99,1172186000.0,9825053000.0,11390947000.0,11390947000.0,0.0,0.016,0.074,0.03,0.137,0.0,0.0,1.0,178319275.0,178211192,178570400.0,63.918,43029274000.0,237084000.0,225981000.0,9207800000.0,241.451,-130881000.0
8,ETR,MRY,2012-12-31,2012-12-31,2012-12-31,2021-09-07,-293083000.0,43202502000.0,43202502000.0,3683126000.0,39519376000.0,0.238,51.866,-3688966000.0,532569000.0,532569000.0,7140925000.0,868363000.0,0.897,3.687,13473257000.0,1518398000.0,11954859000.0,13473257000.0,0.0,1771649000.0,359078000.0,0.052,3.32,1468502000.0,3240151000.0,0.315,3240151000.0,1468502000.0,899218000.0,4.77,4.76,4.77,9197089000.0,9197089000.0,9197089000.0,23512142112.0,16.0,7.256,-748681000.0,-4.222,1.0,3161154000.0,0.307,377172000.0,569284000.0,51659697000.0,51659697000.0,1142361000.0,46738000.0,0.0,46738000.0,33911413000.0,4106321000.0,29805092000.0,11330478112.0,-161869000.0,0.0,62886000.0,1035803000.0,-589209000.0,538151000.0,-3639797000.0,2089230000.0,2940285000.0,-508000.0,868363000.0,846673000.0,846673000.0,0.0,0.0,0.082,1859973000.0,1301181000.0,1217180000.0,0.696,1.232,13.382,13.365,27554584000.0,21690000.0,63.75,1.1,1.097,1001715000.0,9704591000.0,10302079000.0,10302079000.0,0.0,0.02,0.092,0.028,0.143,0.0,0.0,1.0,177732990.0,177324813,177737565.0,58.097,42825330000.0,344650000.0,30855000.0,8932280000.0,241.508,-423195000.0
9,ETR,MRY,2011-12-31,2011-12-31,2011-12-31,2021-09-07,-168452000.0,40701699000.0,40701699000.0,3622703000.0,37078996000.0,0.276,50.506,-3327657000.0,694438000.0,694438000.0,7717083000.0,1367372000.0,0.732,3.531,12386829000.0,2304695000.0,10082134000.0,12386829000.0,0.0,1745455000.0,351741000.0,0.045,3.32,2167262000.0,3912717000.0,0.348,3912717000.0,2167262000.0,1653635000.0,7.59,7.55,7.59,8961270000.0,8961270000.0,8961270000.0,24330356239.0,11.0,6.218,-198840000.0,-1.121,1.0,3511990000.0,0.313,377172000.0,513627000.0,47066219000.0,47066219000.0,1096888000.0,44876000.0,0.0,44876000.0,31646429000.0,4950699000.0,26695730000.0,12865303239.0,-600034000.0,6531000.0,-188447000.0,547008000.0,-589605000.0,-282285000.0,-3446853000.0,1348723000.0,3128817000.0,287000.0,1367372000.0,1346439000.0,1346439000.0,0.0,0.0,0.12,1498756000.0,2013234000.0,1069096000.0,0.437,1.436,9.555,9.625,25869721000.0,20933000.0,73.05,1.146,1.154,1001868000.0,9446960000.0,11229073000.0,11229073000.0,0.0,0.033,0.15,0.046,0.193,0.0,0.0,1.0,176116403.0,177430208,178370695.0,63.287,40324527000.0,28859000.0,286263000.0,8759363000.0,227.27,-1327996000.0
10,ETR,MRY,2010-12-31,2010-12-31,2010-12-31,2021-09-07,-38212000.0,38685276000.0,38685276000.0,4339083000.0,34346193000.0,0.297,45.677,-2381997000.0,1294472000.0,1294472000.0,7937822000.0,1270305000.0,1.563,3.542,11816306000.0,457071000.0,11359235000.0,11816306000.0,0.0,1705331000.0,335058000.0,0.046,3.24,2462711000.0,4168042000.0,0.363,4168042000.0,2462711000.0,1887544000.0,6.72,6.66,6.72,8496400000.0,8496400000.0,8496400000.0,23130738066.0,9.0,5.55,1544084000.0,8.301,1.0,3549755000.0,0.309,377172000.0,575167000.0,46053689000.0,46053689000.0,1074428000.0,40697000.0,0.0,40697000.0,30094876000.0,2776249000.0,27318627000.0,12814221066.0,-415079000.0,228171000.0,-827413000.0,-315945000.0,-603854000.0,-1767275000.0,-2574223000.0,2631339000.0,3926081000.0,338000.0,1270305000.0,1250242000.0,1250242000.0,0.0,0.0,0.109,1326551000.0,2223204000.0,1181099000.0,0.482,1.508,10.249,10.54,24106202000.0,20063000.0,70.83,1.115,1.147,1035582000.0,8689401000.0,11487577000.0,11487577000.0,0.0,0.032,0.147,0.053,0.214,0.0,0.0,1.0,180915164.0,186010452,187814235.0,61.758,38308104000.0,364802000.0,617239000.0,8915283000.0,205.946,1562834000.0
11,ETR,MRY,2009-12-31,2009-12-31,2009-12-31,2021-09-07,-75185000.0,37561953000.0,37413936000.0,4534161000.0,33027792000.0,0.287,44.682,-2456719000.0,1709551000.0,1709551000.0,7201013000.0,1251050000.0,1.42,3.35,12014455000.0,954484000.0,11059971000.0,12014455000.0,0.0,1458861000.0,323342000.0,0.037,3.0,2454234000.0,3913095000.0,0.364,3913095000.0,2454234000.0,1883790000.0,6.39,6.3,6.39,8613360000.0,8613360000.0,8613360000.0,25853446695.0,11.0,6.607,476439000.0,2.472,1.0,3544637000.0,0.33,377172000.0,570444000.0,44295688000.0,44147671000.0,1022557000.0,39580000.0,0.0,39580000.0,28854593000.0,3193997000.0,25660596000.0,15462218695.0,-210940000.0,39554000.0,-584927000.0,135300000.0,-576956000.0,-1048388000.0,-2094394000.0,2671479000.0,2933158000.0,-1316000.0,1251050000.0,1231092000.0,1231092000.0,0.0,0.0,0.115,1260111000.0,2284526000.0,998228000.0,0.469,1.795,12.56,12.808,23637066000.0,19958000.0,81.84,1.439,1.468,980827000.0,8043122000.0,10745650000.0,10745650000.0,0.0,0.033,0.143,0.056,0.228,0.0,0.0,1.0,188932291.0,192772032,195838068.0,55.743,37184781000.0,184819000.0,632740000.0,8019777000.0,192.895,1340164000.0
12,ETR,MRY,2008-12-31,2008-12-31,2008-12-31,2021-09-07,-112698000.0,36616818000.0,36616818000.0,5160389000.0,31456429000.0,0.358,41.726,-2903029000.0,1920491000.0,1920491000.0,9530437000.0,1240535000.0,1.37,3.584,12279269000.0,761887000.0,11517382000.0,12279269000.0,0.0,1391689000.0,302303000.0,0.036,3.0,2452454000.0,3844143000.0,0.294,3844143000.0,2452454000.0,1843533000.0,6.39,6.2,6.39,7966592000.0,7966592000.0,7966592000.0,25838863118.0,11.0,6.722,421299000.0,2.207,1.0,3563319000.0,0.272,377172000.0,608921000.0,42832530000.0,42832530000.0,992315000.0,66247000.0,0.0,66247000.0,28556226000.0,3765894000.0,24790332000.0,15739016118.0,666763000.0,30725000.0,-477576000.0,999889000.0,-573045000.0,-70757000.0,-2590096000.0,1578846000.0,3324328000.0,3288000.0,1240535000.0,1220566000.0,1220566000.0,0.0,0.0,0.093,1280152000.0,2283167000.0,1475745000.0,0.469,1.976,12.895,13.009,22660229000.0,19969000.0,83.13,1.202,1.212,1198135000.0,7382719000.0,13093756000.0,13093756000.0,0.0,0.033,0.153,0.057,0.187,0.0,0.0,1.0,189330159.0,190925613,201011588.0,68.58,36239646000.0,7307000.0,602998000.0,6966550000.0,189.81,1394495000.0
13,ETR,MRY,2007-12-31,2007-12-31,2007-12-31,2021-09-07,8320000.0,33643002000.0,33643002000.0,3958247000.0,29684755000.0,0.341,39.999,-2322973000.0,1253728000.0,1253728000.0,8241466000.0,1159954000.0,1.215,3.279,11122982000.0,1174409000.0,9948573000.0,11122982000.0,0.0,1131610000.0,291171000.0,0.022,2.58,2336455000.0,3468065000.0,0.302,3468065000.0,2336455000.0,1674371000.0,5.77,5.6,5.77,7862671000.0,7862671000.0,7862671000.0,32952466121.0,14.0,9.502,236797000.0,1.205,1.0,3242932000.0,0.282,377172000.0,662084000.0,39878330000.0,39900077250.0,900960000.0,78992000.0,0.0,78992000.0,25780331000.0,3256754000.0,22523577000.0,23231839121.0,220483000.0,13063000.0,-1136748000.0,1496191000.0,-507327000.0,-221586000.0,-2117731000.0,1625304000.0,2559770000.0,30000.0,1159954000.0,1134849000.0,1134849000.0,0.0,0.0,0.099,1186564000.0,2056368000.0,1031300000.0,0.447,2.955,20.471,20.714,21194474000.0,25105000.0,119.52,2.023,2.046,1176071000.0,6735965000.0,11484398000.0,11484398000.0,0.0,0.034,0.144,0.059,0.203,0.0,0.0,1.0,194376164.0,196572945,202780283.0,58.423,33265830000.0,38117000.0,514417000.0,6723218000.0,169.229,701493000.0
14,ETR,MRY,2006-12-31,2006-12-31,2006-12-31,2021-09-07,-100512000.0,31082731000.0,31082731000.0,3325434000.0,27757297000.0,0.352,39.516,-2047715000.0,1016152000.0,1016152000.0,8215802000.0,1132602000.0,1.349,2.792,9345981000.0,359861000.0,8986120000.0,9345981000.0,0.0,1035153000.0,248031000.0,0.023,2.16,2149599000.0,3184752000.0,0.291,3184752000.0,2149599000.0,1575646000.0,5.46,5.36,5.46,8197887000.0,8197887000.0,8197887000.0,27395518183.0,13.0,8.602,1400124000.0,6.749,1.0,2716356000.0,0.248,377172000.0,573953000.0,36570258000.0,36570258000.0,798096000.0,281722000.0,52633000.0,229089000.0,22884844000.0,2465130000.0,20419714000.0,19097421183.0,433332000.0,77159000.0,-513738000.0,18340000.0,-448954000.0,-1083727000.0,-1927573000.0,771231000.0,3447839000.0,-3207000.0,1132602000.0,1132602000.0,1132602000.0,496000.0,0.0,0.104,910996000.0,1805360000.0,1122596000.0,0.396,2.33,16.862,16.908,19650803000.0,0.0,92.32,1.747,1.752,1146942000.0,6113042000.0,10932158000.0,10932158000.0,0.0,0.036,0.138,0.059,0.197,0.0,0.0,1.0,206861148.0,207456838,211452455.0,52.696,30705559000.0,11680000.0,443044000.0,6366574000.0,148.009,860304000.0
15,ETR,MRY,2005-12-31,2005-12-31,2005-12-31,2021-09-07,-343819000.0,30857657000.0,30852866000.0,4062682000.0,26794975000.0,0.328,36.872,-1934575000.0,582820000.0,582820000.0,7364642000.0,898331000.0,1.305,2.983,9273938000.0,274440000.0,8999498000.0,9273938000.0,0.0,1001852000.0,222206000.0,0.031,2.16,1962595000.0,2964447000.0,0.293,2964447000.0,1962595000.0,1457615000.0,4.27,4.19,4.27,7748271000.0,7744128000.0,7748271000.0,22497239795.0,11.0,7.589,-466767000.0,-2.221,1.0,2741605000.0,0.271,377172000.0,504980000.0,36059237000.0,36042785000.0,817127000.0,390011000.0,93227000.0,296784000.0,23109386000.0,3112366000.0,19997020000.0,14243891795.0,-29012000.0,0.0,-772120000.0,1653214000.0,-453508000.0,496390000.0,-1992608000.0,1142108000.0,1467808000.0,-602000.0,898331000.0,898331000.0,898331000.0,44794000.0,0.0,0.089,949616000.0,1791989000.0,1655787000.0,0.506,1.838,15.856,16.077,19425878000.0,0.0,68.65,1.409,1.427,1561206000.0,5433931000.0,10106247000.0,10106247000.0,0.0,0.029,0.116,0.054,0.194,0.0,0.0,1.0,207485678.0,210141887,214441362.0,48.092,30480485000.0,0.0,559284000.0,5990877000.0,145.047,950316000.0
16,ETR,MRY,2004-12-31,2004-12-31,2004-12-31,2021-09-07,-93453000.0,28310777000.0,28310777000.0,3077276000.0,25233501000.0,0.342,36.571,-1655200000.0,619786000.0,619786000.0,7027857000.0,909524000.0,1.319,2.412,7789495000.0,626604000.0,7162891000.0,7789495000.0,0.0,1045122000.0,222320000.0,0.028,1.89,1778346000.0,2823468000.0,0.292,2823468000.0,1778346000.0,1274829000.0,4.01,3.93,4.01,8296687000.0,8296687000.0,8296687000.0,22573821069.0,13.0,7.995,1274119000.0,5.616,1.0,2657664000.0,0.274,377172000.0,503517000.0,32770931000.0,32770931000.0,696658000.0,422821000.0,191042000.0,231779000.0,20014090000.0,2332383000.0,17681707000.0,15109381069.0,112353000.0,75430000.0,-847759000.0,-369224000.0,-427901000.0,-1671859000.0,-1143225000.0,1109814000.0,2929319000.0,-1882000.0,909524000.0,909524000.0,909524000.0,41000.0,0.0,0.094,1007492000.0,1650172000.0,896528000.0,0.471,1.821,16.612,16.855,18915348000.0,0.0,67.59,1.56,1.583,1253178000.0,4984302000.0,9685521000.0,9685521000.0,0.0,0.032,0.11,0.054,0.184,0.0,0.0,1.0,223544623.0,226863758,231193686.0,42.693,27933605000.0,76899000.0,365305000.0,5690620000.0,123.129,744893000.0
17,ETR,MRY,2003-12-31,2003-12-31,2003-12-31,2021-09-07,-7795000.0,28527388000.0,28547504500.0,2919244000.0,25608144000.0,0.316,38.375,-1864689000.0,692233000.0,692233000.0,6552791000.0,950467000.0,1.314,2.278,8161539000.0,684701000.0,7476838000.0,8161539000.0,0.0,996603000.0,199620000.0,0.028,1.6,1986732000.0,2983335000.0,0.33,2983335000.0,1986732000.0,1447900000.0,4.09,4.01,4.09,8703658000.0,8703658000.0,8703658000.0,21041103782.0,11.0,7.053,141131000.0,0.622,1.0,2479923000.0,0.275,377172000.0,538832000.0,33397446000.0,33372452250.0,659403000.0,1105058000.0,51730000.0,1053328000.0,19823730000.0,2222076000.0,17601654000.0,13071676782.0,-827895000.0,25987000.0,209386000.0,-688728000.0,-362814000.0,-869130000.0,-1967930000.0,666827000.0,2005820000.0,3345000.0,950467000.0,926943000.0,926943000.0,14404000.0,0.0,0.103,974367000.0,1505556000.0,796572000.0,0.391,1.502,14.102,13.968,18561181000.0,23524000.0,57.13,1.447,1.434,1024685000.0,4502508000.0,9032714000.0,9032714000.0,0.0,0.032,0.107,0.06,0.22,0.0,0.0,1.0,228805825.0,226804370,231146040.0,39.826,28150216000.0,0.0,497433000.0,5447650000.0,124.117,697168000.0
18,ETR,MRY,2002-12-31,2002-12-31,2002-12-31,2021-09-07,-22360000.0,27504366000.0,26448137250.0,3205583000.0,24298783000.0,0.314,35.142,-1997566000.0,1335328000.0,1335328000.0,5961096000.0,623072000.0,1.011,2.509,8810085000.0,1345493000.0,7464592000.0,8810085000.0,0.0,915597000.0,198442000.0,0.029,1.34,1514012000.0,2429609000.0,0.293,2429609000.0,1514012000.0,917010000.0,2.69,2.64,2.69,7838237000.0,7686898250.0,7838237000.0,17956286191.0,12.0,7.391,184137000.0,0.826,1.0,2343939000.0,0.282,377172000.0,597002000.0,31429762000.0,30572444750.0,622367000.0,826287000.0,2078000.0,824209000.0,19666129000.0,3172189000.0,16493940000.0,10121595191.0,583755000.0,215088000.0,11562000.0,100389000.0,-298991000.0,-212610000.0,-1388463000.0,188964000.0,2181703000.0,3125000.0,623072000.0,599360000.0,599360000.0,0.0,0.0,0.072,1202218000.0,1141721000.0,855446000.0,0.498,1.291,16.887,16.948,17962297000.0,23712000.0,45.59,1.219,1.224,884387000.0,3938693000.0,8305035000.0,8305035000.0,0.0,0.023,0.078,0.05,0.182,0.0,0.0,1.0,222013494.0,223047431,227303103.0,37.234,27127194000.0,0.0,293938000.0,5110508000.0,121.621,33394000.0
19,ETR,MRY,2001-12-31,2001-12-31,2001-12-31,2021-09-07,-88794000.0,25910311000.0,25662636500.0,2756530000.0,23153781000.0,0.375,33.746,-2158102000.0,751573000.0,751573000.0,7343845000.0,750507000.0,0.888,2.475,8900254000.0,1183141000.0,7717113000.0,8900254000.0,0.0,749619000.0,188230000.0,0.033,1.275,1942199000.0,2691818000.0,0.28,2691818000.0,1942199000.0,1206200000.0,3.29,3.23,3.29,7456020000.0,7578984250.0,7456020000.0,17154537442.0,9.0,6.373,57446000.0,0.26,1.0,2277054000.0,0.237,377172000.0,735999000.0,30576671000.0,30349673000.0,558141000.0,918240000.0,152137000.0,766103000.0,18454291000.0,3105149000.0,15349142000.0,8644851442.0,-630851000.0,784282000.0,27450000.0,-316714000.0,-269122000.0,-622004000.0,-2224720000.0,-781975000.0,2215548000.0,325000.0,750507000.0,726196000.0,726196000.0,0.0,0.0,0.075,729109000.0,1547945000.0,592529000.0,0.388,1.159,11.904,11.888,17185545000.0,24311000.0,39.11,0.899,0.898,858978000.0,3638448000.0,9620899000.0,9620899000.0,0.0,0.028,0.096,0.064,0.202,0.0,0.0,1.0,221039413.0,220944270,224733662.0,43.544,25533139000.0,6488000.0,455693000.0,4995887000.0,115.564,-348619000.0
20,ETR,MRY,2000-12-31,2000-12-31,2000-12-31,2021-09-07,-75033000.0,25451896000.0,24291375500.0,3958015000.0,21493881000.0,0.413,30.91,-1836963000.0,1382424000.0,1382424000.0,7693385000.0,710915000.0,1.151,2.634,9158111000.0,1009145000.0,8148966000.0,9158111000.0,0.0,785609000.0,172169000.0,0.029,1.215,1752542000.0,2538151000.0,0.253,2538151000.0,1752542000.0,1189836000.0,3.0,2.97,3.0,7003665000.0,7252893000.0,7003665000.0,16145742411.0,9.0,6.361,130884000.0,0.578,1.0,2328744000.0,0.232,0.0,562706000.0,29789432000.0,28352930250.0,519036000.0,140095000.0,3608000.0,136487000.0,18448231000.0,3438151000.0,15010080000.0,9291119411.0,168705000.0,61519000.0,-508298000.0,990193000.0,-271019000.0,20818000.0,-1814012000.0,305408000.0,1967847000.0,-5948000.0,710915000.0,679294000.0,679294000.0,0.0,0.0,0.068,819682000.0,1509062000.0,1204227000.0,0.405,1.327,13.678,14.103,16708698000.0,31621000.0,42.31,0.927,0.957,1328376000.0,3190639000.0,10022129000.0,10022129000.0,0.0,0.028,0.094,0.062,0.175,0.0,0.0,1.0,219596299.0,226580449,228541307.0,44.232,25451896000.0,0.0,478921000.0,4420858000.0,112.331,519864000.0
21,ETR,MRY,1999-12-31,1999-12-31,1999-12-31,2021-09-07,-73805000.0,22969940000.0,23075220500.0,3203985000.0,19765955000.0,0.38,30.424,-1414672000.0,1213719000.0,1213719000.0,6646245000.0,595026000.0,1.492,2.08,7526564000.0,493517000.0,7033047000.0,7526564000.0,0.0,744869000.0,161909000.0,0.047,1.2,1511041000.0,2255910000.0,0.257,2255910000.0,1511041000.0,951693000.0,2.25,2.25,2.25,7457857000.0,7526671250.0,7457857000.0,12314223178.0,8.0,5.459,-25648000.0,-0.105,1.0,2119390000.0,0.242,0.0,559348000.0,27135371000.0,27179454000.0,465634000.0,323726000.0,323512000.0,214000.0,15512083000.0,2147414000.0,13364669000.0,6213026178.0,29224000.0,351082000.0,-229684000.0,-247587000.0,-291483000.0,-910972000.0,-447880000.0,635005000.0,1389024000.0,-948000.0,595026000.0,552459000.0,552459000.0,0.0,0.0,0.063,875329000.0,1244061000.0,707678000.0,0.533,0.833,11.246,11.444,15817921000.0,42567000.0,25.75,0.709,0.72,825639000.0,2786467000.0,8765635000.0,8765635000.0,0.0,0.024,0.073,0.056,0.172,0.0,0.0,1.0,241282570.0,245127460,245326883.0,35.759,22969940000.0,0.0,356667000.0,4348567000.0,93.706,1056571000.0
22,ETR,MRY,1998-12-31,1998-12-31,1998-12-31,2021-09-07,-46739000.0,22836694000.0,26105539250.0,3643948000.0,19192746000.0,0.44,30.218,-1331373000.0,1184495000.0,1184495000.0,8725550000.0,785629000.0,1.839,2.067,7760107000.0,728281000.0,7031826000.0,7760107000.0,0.0,984929000.0,148972000.0,0.048,1.5,1853012000.0,2837941000.0,0.247,2837941000.0,1853012000.0,1052364000.0,3.0,3.0,3.0,7445495000.0,7161914250.0,7445495000.0,17135614745.0,9.0,6.038,504309000.0,2.047,1.0,2769222000.0,0.241,0.0,800648000.0,27430497000.0,30962514750.0,465082000.0,959542000.0,959328000.0,214000.0,15391199000.0,1981809000.0,13409390000.0,7676537745.0,353948000.0,2275014000.0,16377000.0,-1042194000.0,-373441000.0,-1463548000.0,-19753000.0,-947444000.0,1835682000.0,1567000.0,785629000.0,739069000.0,739069000.0,0.0,0.0,0.064,1257367000.0,1511855000.0,522072000.0,0.5,1.031,10.387,10.377,15604003000.0,46560000.0,31.13,0.668,0.667,747677000.0,2526888000.0,11494772000.0,11494772000.0,0.0,0.028,0.103,0.06,0.161,0.0,0.0,1.0,246596137.0,246396469,246572328.0,46.652,22836694000.0,0.0,266735000.0,4420899000.0,92.683,1662139000.0
23,ETR,MRY,1997-12-31,1997-12-31,1997-12-31,2021-09-07,-69817000.0,27000700000.0,27060608750.0,3171322000.0,23829378000.0,0.353,29.275,-2975830000.0,830547000.0,830547000.0,6321297000.0,300899000.0,1.132,2.84,10506663000.0,987338000.0,9519325000.0,10506663000.0,0.0,980008000.0,178162000.0,0.06,1.8,1621130000.0,2601138000.0,0.273,2601138000.0,1621130000.0,772240000.0,1.03,1.03,1.03,7031971000.0,7105455250.0,7031971000.0,17120106716.0,11.0,6.582,-1183059000.0,-4.925,1.0,3217629000.0,0.337,1813465000.0,848890000.0,32061299000.0,32341806000.0,487201000.0,8157000.0,8157000.0,0.0,19968729000.0,2802052000.0,17166677000.0,7303066716.0,441844000.0,54153000.0,305379000.0,1437638000.0,-438183000.0,1511520000.0,-2851283000.0,0.0,1792771000.0,-11164000.0,300899000.0,247683000.0,247683000.0,0.0,0.0,0.026,1383266000.0,1834363000.0,915800000.0,1.748,1.039,29.486,29.068,18132828000.0,53216000.0,29.94,0.766,0.754,1075263000.0,2157912000.0,9538926000.0,9538926000.0,0.0,0.009,0.035,0.05,0.17,0.0,0.0,1.0,243923404.0,240207539,240347697.0,39.711,25187235000.0,0.0,471341000.0,5571353000.0,104.856,369270000.0
24,ETR,MRY,1996-12-31,1996-12-31,1996-12-31,2021-09-07,21725000.0,22956025000.0,22610977500.0,2362533000.0,20593492000.0,0.317,30.87,-695819000.0,388703000.0,388703000.0,4326430000.0,490563000.0,1.255,2.246,8485757000.0,517593000.0,7968164000.0,8485757000.0,0.0,790948000.0,155534000.0,0.065,1.8,1631757000.0,2422705000.0,0.338,2422705000.0,1631757000.0,911722000.0,1.83,1.83,1.83,7071870000.0,7047272500.0,7071870000.0,,,,832230000.0,3.633,1.0,2837096000.0,0.396,606214000.0,720035000.0,28564298000.0,28020820000.0,479225000.0,1384000.0,1384000.0,0.0,15884155000.0,1882567000.0,14001588000.0,6493951205.0,-144887000.0,-1199714000.0,118087000.0,490706000.0,-405346000.0,101371000.0,-1774357000.0,0.0,1528049000.0,50000.0,490563000.0,420027000.0,420027000.0,0.0,0.0,0.059,1158375000.0,1678721000.0,554558000.0,0.984,0.918,15.461,15.093,16170564000.0,70536000.0,27.62,0.907,0.883,892198000.0,2341703000.0,7163526000.0,7163526000.0,0.0,0.019,0.06,0.058,0.228,0.0,0.0,1.0,235117712.0,229084241,229249574.0,31.27,22349811000.0,0.0,421159000.0,4626482000.0,97.562,479966000.0
25,ETR,MRY,1995-12-31,1995-12-31,1995-12-31,2021-09-07,0.0,22265930000.0,,2315240000.0,19950690000.0,,30.846,-998751000.0,533590000.0,533590000.0,3665928000.0,597949000.0,1.107,2.171,7836245000.0,755457000.0,7080788000.0,7836245000.0,0.0,695865000.0,140054000.0,0.062,1.8,1593363000.0,2289228000.0,0.365,2289228000.0,1593363000.0,934131000.0,2.28,2.28,2.28,7022675000.0,,7022675000.0,,,,504931000.0,2.218,1.0,2607144000.0,0.416,0.0,659232000.0,27477342000.0,,467497000.0,379360000.0,6907000.0,372453000.0,15243255000.0,2091243000.0,13152012000.0,,-80317000.0,0.0,0.0,-259416000.0,-408553000.0,-792502000.0,-791497000.0,0.0,1503682000.0,0.0,597949000.0,519980000.0,519980000.0,0.0,0.0,0.083,1103952000.0,1503192000.0,460379000.0,0.789,,,12.829,15820791000.0,77969000.0,29.25,,1.062,851530000.0,2335579000.0,6273072000.0,6273072000.0,0.0,,,,0.254,0.0,0.0,1.0,,227669970,227729975.0,27.553,22265930000.0,0.0,336182000.0,4671020000.0,97.799,223997000.0
26,ETR,MRY,1994-12-31,1994-12-31,1994-12-31,2021-09-07,,,,,,,,-879971000.0,,,3752306000.0,341841000.0,,,,,,,,659142000.0,,0.082,1.8,1233240000.0,1892382000.0,0.316,1892382000.0,1233240000.0,473565000.0,1.49,,1.49,,,,,,,677947000.0,2.964,1.0,2229514000.0,0.373,,759675000.0,,,,,,,,,,,50158000.0,0.0,-119486000.0,-169416000.0,-410223000.0,-748216000.0,-759544000.0,0.0,1557918000.0,0.0,341841000.0,341841000.0,341841000.0,0.0,0.0,0.057,1058263000.0,1171251000.0,,1.208,,,14.685,,0.0,21.88,,0.837,,,5981820000.0,5981820000.0,0.0,,,,0.206,0.0,0.0,1.0,,228734843,,26.152,,,131724000.0,,,
0,ETR,MRQ,2021-06-30,2021-06-30,2021-06-30,2021-09-07,-478739000.0,55949283000.0,,3794706000.0,52154577000.0,,54.229,-1371328000.0,686881000.0,686881000.0,1859164000.0,-1394000.0,0.997,4.135,25363535000.0,1151569000.0,24211966000.0,25363535000.0,0.0,569723000.0,390306000.0,0.038,0.95,193566000.0,763289000.0,0.27,763289000.0,193566000.0,-19810000.0,-0.03,-0.03,-0.03,10887947000.0,,10887947000.0,43995244816.0,22.0,10.364,-575216000.0,-2.865,1.0,962906000.0,0.341,377172000.0,213376000.0,76444225000.0,,1146304000.0,0.0,0.0,0.0,45026336000.0,3804540000.0,41221796000.0,20005796816.0,-1055775000.0,0.0,29877000.0,-383690000.0,-190629000.0,-538934000.0,-1312953000.0,610204000.0,796112000.0,0.0,-1394000.0,-5974000.0,-5974000.0,0.0,0.0,-0.002,794698000.0,168208000.0,1348734000.0,-31.667,1.837,16.164,16.133,39784833000.0,4580000.0,99.7,1.829,1.83,1440004000.0,9844549000.0,2822070000.0,2822070000.0,0.0,,,,,0.0,0.0,1.0,200659948.0,200775395,200775395.0,14.056,55572111000.0,60749000.0,-18416000.0,6462063000.0,276.787,-9834000.0
1,ETR,MRQ,2021-03-31,2021-03-31,2021-03-31,2021-09-07,-500507000.0,58667628000.0,,4788554000.0,53879074000.0,,54.942,-1600019000.0,1742656000.0,1742656000.0,1788128000.0,339145000.0,1.061,4.322,25732104000.0,1656648000.0,24075456000.0,25732104000.0,0.0,580571000.0,391032000.0,0.038,0.95,604960000.0,1185531000.0,0.417,1185531000.0,604960000.0,405087000.0,1.67,1.66,1.67,11017176000.0,,11017176000.0,42179911103.0,17.0,8.968,-1649584000.0,-8.226,1.0,1056710000.0,0.371,377172000.0,199873000.0,77767998000.0,,1118827000.0,0.0,0.0,0.0,47615452000.0,4511906000.0,43103546000.0,19941745103.0,-16443000.0,0.0,979000.0,1730210000.0,-190595000.0,1546394000.0,-1513272000.0,3238031000.0,-49565000.0,0.0,339145000.0,334565000.0,334565000.0,0.0,0.0,0.118,548713000.0,507997000.0,1697206000.0,0.569,1.81,12.431,12.418,39377852000.0,4580000.0,99.47,1.894,1.894,1338416000.0,10041152000.0,2844838000.0,2844838000.0,0.0,,,,,0.0,0.0,1.0,200479995.0,200525549,201059665.0,14.187,58290456000.0,56068000.0,65942000.0,6526731000.0,290.688,276648000.0
2,ETR,MRQ,2020-12-31,2020-12-31,2020-12-31,2021-09-07,-449207000.0,58239212000.0,,4559899000.0,53679313000.0,,54.566,-1779284000.0,1759099000.0,1759099000.0,1625146000.0,392548000.0,0.646,4.327,23997265000.0,2791504000.0,21205761000.0,23997265000.0,0.0,562846000.0,401512000.0,0.037,0.95,297807000.0,860653000.0,0.363,860653000.0,297807000.0,103676000.0,1.94,1.92,1.94,10926142000.0,,10926142000.0,40812434996.0,20.0,9.429,-1459584000.0,-7.289,1.0,744956000.0,0.314,377172000.0,194131000.0,73039700000.0,,1135119000.0,0.0,0.0,0.0,47278070000.0,7060506000.0,40217564000.0,19991214996.0,519435000.0,0.0,816000.0,1911727000.0,-190221000.0,1716159000.0,-1516424000.0,1507386000.0,319700000.0,0.0,392548000.0,387968000.0,387968000.0,0.0,0.0,0.164,592845000.0,152111000.0,2739437000.0,0.49,1.83,14.399,14.386,39196105000.0,4580000.0,99.84,1.977,1.975,1285727000.0,9897182000.0,2370102000.0,2370102000.0,0.0,,,,,0.0,0.0,1.0,200232522.0,200238012,201536485.0,11.836,57862040000.0,76289000.0,-288872000.0,6600717000.0,288.966,-2500607000.0
3,ETR,MRQ,2020-09-30,2020-09-30,2020-09-30,2021-09-07,-390420000.0,56070251000.0,,4062805000.0,52007446000.0,,53.8,-1054058000.0,1239664000.0,1239664000.0,1653738000.0,525699000.0,0.591,4.202,22060884000.0,2448220000.0,19612664000.0,22060884000.0,0.0,563692000.0,408764000.0,0.038,0.93,871874000.0,1435566000.0,0.494,1435566000.0,871874000.0,675143000.0,2.6,2.59,2.6,10771839000.0,,10771839000.0,40220945655.0,19.0,9.247,-132199000.0,-0.66,1.0,1249830000.0,0.43,377172000.0,196731000.0,69638773000.0,,1065046000.0,0.0,0.0,0.0,45263412000.0,6875526000.0,38387886000.0,19726821655.0,304196000.0,0.0,31000.0,628275000.0,-186207000.0,440026000.0,-1057689000.0,335861000.0,921859000.0,0.0,525699000.0,521119000.0,521119000.0,0.0,0.0,0.179,471814000.0,778016000.0,2872447000.0,0.358,1.831,14.239,14.218,38342186000.0,4580000.0,98.53,1.933,1.933,1347420000.0,9699435000.0,2903568000.0,2903568000.0,0.0,,,,,0.0,0.0,1.0,200211323.0,200220018,201115768.0,14.502,55693079000.0,76247000.0,149444000.0,6915367000.0,278.159,-2812721000.0
4,ETR,MRQ,2020-06-30,2020-06-30,2020-06-30,2021-09-07,-449207000.0,58239212000.0,,4559899000.0,53679313000.0,,54.582,-1169944000.0,1759099000.0,1759099000.0,1492767000.0,365113000.0,0.646,4.327,23997265000.0,2791504000.0,21205761000.0,23997265000.0,0.0,562616000.0,401512000.0,0.039,0.93,658884000.0,1221500000.0,0.506,1221500000.0,658884000.0,454228000.0,1.8,1.79,1.8,10926142000.0,,10926142000.0,38713717029.0,21.0,9.523,-380697000.0,-1.902,1.0,920021000.0,0.381,377172000.0,204656000.0,73039700000.0,,1135119000.0,0.0,0.0,0.0,47278070000.0,7060506000.0,40217564000.0,18777191029.0,-528365000.0,0.0,1789000.0,31727000.0,-186151000.0,-164906000.0,-1152706000.0,562058000.0,789247000.0,0.0,365113000.0,360533000.0,360533000.0,0.0,0.0,0.149,480710000.0,439311000.0,2739437000.0,0.517,1.719,15.272,15.204,39196105000.0,4580000.0,93.81,1.798,1.798,1285727000.0,9897182000.0,2412788000.0,2412788000.0,0.0,,,,,0.0,0.0,1.0,200161934.0,200178010,200886749.0,12.053,57862040000.0,76289000.0,89115000.0,6600717000.0,289.053,-2500607000.0
5,ETR,MRQ,2020-03-31,2020-03-31,2020-03-31,2021-09-07,-449207000.0,58239212000.0,,4559899000.0,53679313000.0,,54.688,-1153575000.0,1759099000.0,1759099000.0,1536613000.0,123294000.0,0.646,4.327,23997265000.0,2791504000.0,21205761000.0,23997265000.0,0.0,568596000.0,401512000.0,0.039,0.93,242245000.0,810841000.0,0.334,810841000.0,242245000.0,52100000.0,0.59,0.59,0.59,10926142000.0,,10926142000.0,38162981570.0,24.0,10.02,-494515000.0,-2.475,1.0,890566000.0,0.367,377172000.0,190145000.0,73039700000.0,,1135119000.0,0.0,0.0,0.0,47278070000.0,7060506000.0,40217564000.0,18768321570.0,1038111000.0,0.0,39964000.0,1575856000.0,-185763000.0,1424538000.0,-1045487000.0,689752000.0,659060000.0,0.0,123294000.0,118714000.0,118714000.0,0.0,0.0,0.049,490810000.0,399756000.0,2739437000.0,1.576,1.718,16.979,16.81,39196105000.0,4580000.0,93.97,1.755,1.755,1285727000.0,9897182000.0,2427179000.0,2427179000.0,0.0,,,,,0.0,0.0,1.0,199726738.0,199790016,200901349.0,12.149,57862040000.0,76289000.0,-71194000.0,6600717000.0,289.614,-2500607000.0
6,ETR,MRQ,2019-12-31,2019-12-31,2019-12-31,2021-09-07,-446920000.0,51723912000.0,,3045992000.0,48677920000.0,,51.336,-1487472000.0,425722000.0,425722000.0,1727473000.0,389605000.0,0.542,4.056,19820382000.0,2741739000.0,17078643000.0,19820382000.0,0.0,547636000.0,409171000.0,0.031,0.93,334292000.0,881928000.0,0.358,881928000.0,334292000.0,146350000.0,1.94,1.92,1.94,10223675000.0,,10223675000.0,42272412543.0,23.0,10.533,-788792000.0,-3.961,1.0,734833000.0,0.298,377172000.0,187942000.0,65120937000.0,,970465000.0,0.0,0.0,0.0,41465237000.0,5620463000.0,35844774000.0,23852429543.0,-530109000.0,0.0,4559000.0,440098000.0,-185165000.0,256527000.0,-1485316000.0,602684000.0,698680000.0,0.0,389605000.0,385025000.0,385025000.0,0.0,0.0,0.156,486293000.0,248540000.0,1499861000.0,0.479,2.333,19.217,18.836,35515557000.0,4580000.0,119.8,2.193,2.15,1208592000.0,9257609000.0,2462306000.0,2462306000.0,0.0,,,,,0.0,0.0,1.0,199102083.0,199153761,200939583.0,12.364,51346740000.0,64461000.0,-243255000.0,6551374000.0,257.825,-2574471000.0
7,ETR,MRQ,2019-09-30,2019-09-30,2019-09-30,2021-09-07,-446920000.0,51723912000.0,,3045992000.0,48677920000.0,,51.393,-984859000.0,425722000.0,425722000.0,1936749000.0,369459000.0,0.542,4.056,19820382000.0,2741739000.0,17078643000.0,19820382000.0,0.0,565870000.0,409171000.0,0.031,0.91,585299000.0,1151169000.0,0.367,1151169000.0,585299000.0,398660000.0,1.84,1.82,1.84,10223675000.0,,10223675000.0,41688510577.0,38.0,12.807,79998000.0,0.402,1.0,1203826000.0,0.383,377172000.0,186639000.0,65120937000.0,,970465000.0,0.0,0.0,0.0,41465237000.0,5620463000.0,35844774000.0,23334659577.0,319922000.0,0.0,31506000.0,379132000.0,-180956000.0,254990000.0,-999925000.0,1009998000.0,1064857000.0,0.0,369459000.0,365240000.0,365240000.0,0.0,0.0,0.116,683897000.0,519929000.0,1499861000.0,0.495,2.282,29.526,29.194,35515557000.0,4219000.0,117.36,2.135,2.136,1208592000.0,9257609000.0,3140575000.0,3140575000.0,0.0,,,,,0.0,0.0,1.0,198829751.0,198932387,200492935.0,15.787,51346740000.0,64461000.0,29201000.0,6551374000.0,258.112,-2574471000.0
8,ETR,MRQ,2019-06-30,2019-06-30,2019-06-30,2021-09-07,-446920000.0,51723912000.0,,3045992000.0,48677920000.0,,52.967,-1140168000.0,425722000.0,425722000.0,1869424000.0,240533000.0,0.542,4.056,19820382000.0,2741739000.0,17078643000.0,19820382000.0,0.0,538583000.0,409171000.0,0.035,0.91,426292000.0,964875000.0,0.362,964875000.0,426292000.0,241991000.0,1.22,1.22,1.22,10223675000.0,,10223675000.0,37825851601.0,40.0,12.481,-588267000.0,-3.048,1.0,796785000.0,0.299,377172000.0,184301000.0,65120937000.0,,970465000.0,0.0,0.0,0.0,41465237000.0,5620463000.0,35844774000.0,19549129601.0,-347587000.0,0.0,629870000.0,-275183000.0,-172861000.0,174555000.0,-1074043000.0,1192396000.0,551901000.0,0.0,240533000.0,236424000.0,236424000.0,0.0,0.0,0.089,458010000.0,338775000.0,1499861000.0,0.746,1.912,20.333,20.025,35515557000.0,4109000.0,102.93,1.795,1.824,1208592000.0,9257609000.0,2666209000.0,2666209000.0,0.0,,,,,0.0,0.0,1.0,189926451.0,193019269,194238315.0,13.813,51346740000.0,64461000.0,1458000.0,6551374000.0,266.019,-2574471000.0
9,ETR,MRQ,2019-03-31,2019-03-31,2019-03-31,2021-09-07,-446920000.0,51723912000.0,,3045992000.0,48677920000.0,,53.929,-990074000.0,425722000.0,425722000.0,1809904000.0,258646000.0,0.542,4.056,19820382000.0,2741739000.0,17078643000.0,19820382000.0,0.0,530224000.0,409171000.0,0.038,0.91,484961000.0,1015185000.0,0.389,1015185000.0,484961000.0,301417000.0,1.34,1.32,1.34,10223675000.0,,10223675000.0,35781255363.0,54.0,13.183,-488885000.0,-2.579,1.0,799680000.0,0.306,377172000.0,183544000.0,65120937000.0,,970465000.0,0.0,0.0,0.0,41465237000.0,5620463000.0,35844774000.0,18129584363.0,502521000.0,0.0,35577000.0,1145358000.0,-172591000.0,952290000.0,-950958000.0,1346592000.0,501189000.0,0.0,258646000.0,254537000.0,254537000.0,0.0,0.0,0.098,516426000.0,283254000.0,1499861000.0,0.679,1.773,18.682,18.112,35515557000.0,4109000.0,95.63,1.664,1.664,1208592000.0,9257609000.0,2609584000.0,2609584000.0,0.0,,,,,0.0,0.0,1.0,189580512.0,189575187,192234191.0,13.765,51346740000.0,64461000.0,42771000.0,6551374000.0,270.852,-2574471000.0
10,ETR,MRQ,2018-12-31,2018-12-31,2018-12-31,2021-09-07,-557173000.0,48275066000.0,,2958064000.0,45317002000.0,,48.303,-1205364000.0,480975000.0,480975000.0,1978525000.0,-62322000.0,0.543,4.458,18110651000.0,2592348000.0,15518303000.0,18110651000.0,0.0,523211000.0,411505000.0,0.042,0.91,-399234000.0,123977000.0,0.049,123977000.0,-399234000.0,-579211000.0,-0.38,-0.38,-0.38,8844305000.0,,8844305000.0,33087795445.0,62.0,12.856,-679621000.0,-3.712,1.0,533957000.0,0.213,377172000.0,179977000.0,60084026000.0,,870147000.0,0.0,0.0,0.0,39430761000.0,5443544000.0,33987217000.0,15590910445.0,-507006000.0,0.0,577941000.0,-356852000.0,-164839000.0,72757000.0,-1105506000.0,2288512000.0,525743000.0,0.0,-62322000.0,-65899000.0,-65899000.0,0.0,0.0,-0.026,762889000.0,-228932000.0,1496058000.0,-2.395,1.763,18.371,18.391,32278828000.0,3577000.0,86.07,1.416,1.418,1114405000.0,8721150000.0,2512482000.0,2512482000.0,0.0,,,,,0.0,0.0,1.0,181142215.0,183102068,185437077.0,13.722,47897894000.0,54593000.0,-516889000.0,6639642000.0,261.591,-2485480000.0
11,ETR,MRQ,2018-09-30,2018-09-30,2018-09-30,2021-09-07,-557173000.0,48275066000.0,,2958064000.0,45317002000.0,,48.863,-1074374000.0,480975000.0,480975000.0,2222515000.0,539818000.0,0.543,4.458,18110651000.0,2592348000.0,15518303000.0,18110651000.0,0.0,489735000.0,411505000.0,0.044,0.89,436879000.0,926614000.0,0.298,926614000.0,436879000.0,256812000.0,2.96,2.92,2.96,8844305000.0,,8844305000.0,31741383746.0,25.0,9.643,-294793000.0,-1.629,1.0,881804000.0,0.284,377172000.0,180067000.0,60084026000.0,,870147000.0,0.0,0.0,0.0,39430761000.0,5443544000.0,33987217000.0,14672768746.0,175194000.0,0.0,20955000.0,594824000.0,-161044000.0,466402000.0,-1070789000.0,2351378000.0,779581000.0,0.0,539818000.0,536379000.0,536379000.0,0.0,0.0,0.173,610769000.0,271035000.0,1496058000.0,0.301,1.659,33.696,34.088,32278828000.0,3439000.0,81.13,1.319,1.32,1114405000.0,8721150000.0,3104319000.0,3104319000.0,0.0,,,,,0.0,0.0,1.0,180855032.0,181002303,183664583.0,17.151,47897894000.0,54593000.0,-283006000.0,6639642000.0,264.626,-2485480000.0
12,ETR,MRQ,2018-06-30,2018-06-30,2018-06-30,2021-09-07,-557173000.0,48275066000.0,,2958064000.0,45317002000.0,,48.911,-985451000.0,480975000.0,480975000.0,1916846000.0,248860000.0,0.543,4.458,18110651000.0,2592348000.0,15518303000.0,18110651000.0,0.0,502428000.0,411505000.0,0.044,0.89,145910000.0,648338000.0,0.243,648338000.0,145910000.0,-31736000.0,1.36,1.34,1.36,8844305000.0,,8844305000.0,31082962583.0,19.0,8.414,-462921000.0,-2.56,1.0,751924000.0,0.282,377172000.0,177646000.0,60084026000.0,,870147000.0,0.0,0.0,0.0,39430761000.0,5443544000.0,33987217000.0,14608740583.0,-392809000.0,0.0,1739000.0,197308000.0,-160934000.0,39915000.0,-955254000.0,699475000.0,522530000.0,0.0,248860000.0,245421000.0,245421000.0,0.0,0.0,0.092,660327000.0,91597000.0,1496058000.0,0.654,1.652,49.144,49.262,32278828000.0,3439000.0,80.79,1.297,1.297,1114405000.0,8721150000.0,2668770000.0,2668770000.0,0.0,,,,,0.0,0.0,1.0,180823624.0,180823203,182982630.0,14.759,47897894000.0,54593000.0,-280596000.0,6639642000.0,264.888,-2485480000.0
13,ETR,MRQ,2018-03-31,2018-03-31,2018-03-31,2021-09-07,-557173000.0,48275066000.0,,2958064000.0,45317002000.0,,48.943,-981126000.0,480975000.0,480975000.0,1830882000.0,136200000.0,0.543,4.458,18110651000.0,2592348000.0,15518303000.0,18110651000.0,0.0,525181000.0,411505000.0,0.045,0.89,349521000.0,874702000.0,0.321,874702000.0,349521000.0,179863000.0,0.73,0.73,0.73,8844305000.0,,8844305000.0,30136908773.0,17.0,7.938,-423733000.0,-2.345,1.0,892999000.0,0.328,377172000.0,169658000.0,60084026000.0,,870147000.0,0.0,0.0,0.0,39430761000.0,5443544000.0,33987217000.0,14241090773.0,424323000.0,0.0,1952000.0,998549000.0,-160887000.0,841368000.0,-974438000.0,1090926000.0,557393000.0,0.0,136200000.0,132761000.0,132761000.0,0.0,0.0,0.049,557335000.0,335664000.0,1496058000.0,1.219,1.61,30.84,30.773,32278828000.0,3439000.0,78.78,1.27,1.27,1114405000.0,8721150000.0,2723881000.0,2723881000.0,0.0,,,,,0.0,0.0,1.0,180770383.0,180707575,181431968.0,15.073,47897894000.0,54593000.0,43663000.0,6639642000.0,265.057,-2485480000.0
14,ETR,MRQ,2017-12-31,2017-12-31,2017-12-31,2021-09-07,-23531000.0,46707149000.0,,3285331000.0,43421818000.0,,44.326,-1153460000.0,781273000.0,781273000.0,1893033000.0,-475711000.0,0.652,4.844,16677091000.0,2339817000.0,14337274000.0,16677091000.0,0.0,517013000.0,401330000.0,0.043,0.89,324957000.0,841970000.0,0.321,841970000.0,324957000.0,154414000.0,-2.67,-2.66,-2.67,7992515000.0,,7992515000.0,30348614016.0,19.0,8.183,-242711000.0,-1.346,1.0,730812000.0,0.279,377172000.0,170543000.0,57189588000.0,,905865000.0,198000.0,0.0,198000.0,38714634000.0,5036207000.0,33678427000.0,14670662016.0,234982000.0,0.0,65608000.0,449637000.0,-160489000.0,337560000.0,-1013327000.0,1373259000.0,910749000.0,0.0,-475711000.0,-479114000.0,-479114000.0,0.0,0.0,-0.183,493740000.0,237072000.0,1452216000.0,-0.333,1.836,35.642,35.541,29925340000.0,3403000.0,81.39,1.325,1.32,1212950000.0,7977702000.0,2623845000.0,2623845000.0,0.0,,,,,0.0,0.0,1.0,180251407.0,180310446,181654350.0,14.552,46329977000.0,178204000.0,630125000.0,7801308000.0,256.946,-1750876000.0
15,ETR,MRQ,2017-09-30,2017-09-30,2017-09-30,2021-09-07,-23531000.0,46707149000.0,,3285331000.0,43421818000.0,,44.511,-918690000.0,781273000.0,781273000.0,1998838000.0,401644000.0,0.652,4.844,16677091000.0,2339817000.0,14337274000.0,16677091000.0,0.0,518894000.0,401330000.0,0.046,0.87,810338000.0,1329232000.0,0.41,1329232000.0,810338000.0,643439000.0,2.22,2.21,2.22,7992515000.0,,7992515000.0,29058856804.0,-23.0,33.242,-25622000.0,-0.143,1.0,1244790000.0,0.384,377172000.0,166899000.0,57189588000.0,,905865000.0,198000.0,0.0,198000.0,38714634000.0,5036207000.0,33678427000.0,13708148804.0,-388204000.0,0.0,7302000.0,-66781000.0,-156187000.0,-223754000.0,-1057518000.0,326163000.0,893068000.0,0.0,401644000.0,398198000.0,398198000.0,0.0,0.0,0.123,485787000.0,759003000.0,1452216000.0,0.392,1.715,-15.607,-15.489,29925340000.0,3446000.0,76.36,1.235,1.235,1212950000.0,7977702000.0,3243628000.0,3243628000.0,0.0,,,,,0.0,0.0,1.0,179520021.0,179563819,180464069.0,18.064,46329977000.0,178204000.0,241795000.0,7801308000.0,258.014,-1750876000.0
16,ETR,MRQ,2017-06-30,2017-06-30,2017-06-30,2021-09-07,-23531000.0,46707149000.0,,3285331000.0,43421818000.0,,44.533,-997407000.0,781273000.0,781273000.0,1798963000.0,413368000.0,0.652,4.844,16677091000.0,2339817000.0,14337274000.0,16677091000.0,0.0,511298000.0,401330000.0,0.045,0.87,239110000.0,750408000.0,0.287,750408000.0,239110000.0,76256000.0,2.28,2.27,2.28,7992515000.0,,7992515000.0,28305131913.0,-23.0,31.473,-707117000.0,-3.94,1.0,819587000.0,0.313,377172000.0,162854000.0,57189588000.0,,905865000.0,198000.0,0.0,198000.0,38714634000.0,5036207000.0,33678427000.0,13777596913.0,-148567000.0,0.0,5371000.0,671263000.0,-156136000.0,519547000.0,-958404000.0,961030000.0,290290000.0,0.0,413368000.0,409922000.0,409922000.0,0.0,0.0,0.157,650748000.0,168839000.0,1452216000.0,0.382,1.724,-15.509,-15.416,29925340000.0,3446000.0,76.77,1.255,1.255,1212950000.0,7977702000.0,2618550000.0,2618550000.0,0.0,,,,,0.0,0.0,1.0,179465897.0,179475346,180234694.0,14.59,46329977000.0,178204000.0,-337112000.0,7801308000.0,258.141,-1750876000.0
17,ETR,MRQ,2017-03-31,2017-03-31,2017-03-31,2021-09-07,-23531000.0,46707149000.0,,3285331000.0,43421818000.0,,44.567,-832061000.0,781273000.0,781273000.0,1821107000.0,86051000.0,0.652,4.844,16677091000.0,2339817000.0,14337274000.0,16677091000.0,0.0,531373000.0,401330000.0,0.045,0.87,255861000.0,787234000.0,0.304,787234000.0,255861000.0,93814000.0,0.46,0.46,0.46,7992515000.0,,7992515000.0,27713548260.0,-28.0,23.983,-302668000.0,-1.688,1.0,767351000.0,0.296,377172000.0,162047000.0,57189588000.0,,905865000.0,198000.0,0.0,198000.0,38714634000.0,5036207000.0,33678427000.0,13626821260.0,-104782000.0,0.0,2448000.0,332886000.0,-156073000.0,177625000.0,-811800000.0,503373000.0,529393000.0,0.0,86051000.0,82605000.0,82605000.0,0.0,0.0,0.032,571858000.0,195493000.0,1452216000.0,1.891,1.705,-18.642,-18.572,29925340000.0,3446000.0,75.96,1.259,1.258,1212950000.0,7977702000.0,2588458000.0,2588458000.0,0.0,,,,,0.0,0.0,1.0,179394698.0,179335063,179842053.0,14.434,46329977000.0,178204000.0,7763000.0,7801308000.0,258.343,-1750876000.0
18,ETR,MRQ,2016-12-31,2016-12-31,2016-12-31,2021-09-07,-34971000.0,45904434000.0,,3684268000.0,42220166000.0,,45.117,-931158000.0,1187844000.0,1187844000.0,1901456000.0,-1765538000.0,1.151,4.68,15274571000.0,782334000.0,14492237000.0,15274571000.0,0.0,574419000.0,403311000.0,0.047,0.87,-2567130000.0,-1992711000.0,-0.752,-1992711000.0,-2567130000.0,-2731676000.0,-9.89,-9.86,-9.89,8081809000.0,,8081809000.0,26926058225.0,-38.0,19.125,-184854000.0,-1.032,1.0,747071000.0,0.282,377172000.0,164546000.0,56413893000.0,,878123000.0,198000.0,0.0,198000.0,37822625000.0,3200096000.0,34622529000.0,13160526225.0,-119590000.0,0.0,-6000.0,192020000.0,-155842000.0,1662000.0,-867556000.0,621409000.0,746304000.0,0.0,-1765538000.0,-1769067000.0,-1769067000.0,0.0,0.0,-0.668,3274838000.0,-2527767000.0,1285577000.0,-0.088,1.628,-22.55,-22.537,28155048000.0,3529000.0,73.47,1.213,1.212,1170167000.0,8195571000.0,2648527000.0,2648527000.0,0.0,,,,,0.0,0.0,1.0,179127892.0,179130196,177072460.0,14.785,45527262000.0,117885000.0,-966138000.0,7903551000.0,254.157,484172000.0
19,ETR,MRQ,2016-09-30,2016-09-30,2016-09-30,2021-09-07,-34971000.0,45904434000.0,,3684268000.0,42220166000.0,,45.144,-746591000.0,1187844000.0,1187844000.0,1875024000.0,393204000.0,1.151,4.68,15274571000.0,782334000.0,14492237000.0,15274571000.0,0.0,536119000.0,403311000.0,0.044,0.85,818305000.0,1354424000.0,0.433,1354424000.0,818305000.0,651110000.0,2.17,2.16,2.17,8081809000.0,,8081809000.0,27574269154.0,17.0,7.567,253724000.0,1.417,1.0,1249679000.0,0.4,377172000.0,167195000.0,56413893000.0,,878123000.0,198000.0,0.0,198000.0,37822625000.0,3200096000.0,34622529000.0,13733294154.0,311335000.0,0.0,16265000.0,250765000.0,-152150000.0,27274000.0,-716254000.0,563894000.0,1000315000.0,0.0,393204000.0,388170000.0,388170000.0,0.0,0.0,0.124,477619000.0,772060000.0,1285577000.0,0.392,1.699,10.687,10.687,28155048000.0,5034000.0,76.73,1.283,1.283,1170167000.0,8195571000.0,3124703000.0,3124703000.0,0.0,,,,,0.0,0.0,1.0,178982069.0,179023351,179990888.0,17.454,45527262000.0,117885000.0,257906000.0,7903551000.0,254.309,484172000.0
20,ETR,MRQ,2016-06-30,2016-06-30,2016-06-30,2021-09-07,-34971000.0,45904434000.0,,3684268000.0,42220166000.0,,45.198,-696900000.0,1187844000.0,1187844000.0,1579689000.0,572590000.0,1.151,4.68,15274571000.0,782334000.0,14492237000.0,15274571000.0,0.0,512505000.0,403311000.0,0.042,0.85,494116000.0,1006621000.0,0.409,1006621000.0,494116000.0,323617000.0,3.17,3.16,3.17,8081809000.0,,8081809000.0,28540921530.0,-191.0,14.94,22359000.0,0.125,1.0,882873000.0,0.359,377172000.0,170499000.0,56413893000.0,,878123000.0,198000.0,0.0,198000.0,37822625000.0,3200096000.0,34622529000.0,14540569530.0,-95552000.0,0.0,11068000.0,-270756000.0,-152004000.0,-426600000.0,-388211000.0,699767000.0,719259000.0,0.0,572590000.0,567314000.0,567314000.0,0.0,0.0,0.23,440615000.0,442258000.0,1285577000.0,0.268,1.799,83.65,83.866,28155048000.0,5276000.0,81.35,1.328,1.328,1170167000.0,8195571000.0,2462562000.0,2462562000.0,0.0,,,,,0.0,0.0,1.0,178740867.0,178808149,179503582.0,13.772,45527262000.0,117885000.0,-248973000.0,7903551000.0,254.615,484172000.0
21,ETR,MRQ,2016-03-31,2016-03-31,2016-03-31,2021-09-07,-34971000.0,45904434000.0,,3684268000.0,42220166000.0,,45.256,-1669608000.0,1187844000.0,1187844000.0,1700213000.0,235242000.0,1.151,4.68,15274571000.0,782334000.0,14492237000.0,15274571000.0,0.0,500248000.0,403311000.0,0.042,0.85,539316000.0,1039564000.0,0.398,1039564000.0,539316000.0,375187000.0,1.29,1.28,1.29,8081809000.0,,8081809000.0,26649874742.0,-116.0,14.32,-1136787000.0,-6.366,1.0,909639000.0,0.349,377172000.0,164129000.0,56413893000.0,,878123000.0,198000.0,0.0,198000.0,37822625000.0,3200096000.0,34622529000.0,14150847742.0,-259310000.0,0.0,5787000.0,1237868000.0,-151839000.0,1085896000.0,-1878027000.0,532905000.0,532821000.0,0.0,235242000.0,229966000.0,229966000.0,0.0,0.0,0.088,411421000.0,498218000.0,1285577000.0,0.659,1.751,-57.842,-57.869,28155048000.0,5276000.0,79.28,1.263,1.264,1170167000.0,8195571000.0,2609852000.0,2609852000.0,0.0,,,,,0.0,0.0,1.0,178492025.0,178578536,178976380.0,14.615,45527262000.0,117885000.0,139945000.0,7903551000.0,254.943,484172000.0
22,ETR,MRQ,2015-12-31,2015-12-31,2015-12-31,2021-09-07,8951000.0,44647681000.0,,4067412000.0,40580269000.0,,51.894,-465038000.0,1350961000.0,1350961000.0,1911376000.0,104849000.0,1.316,3.823,13849988000.0,711431000.0,13138557000.0,13849988000.0,0.0,504546000.0,419407000.0,0.049,0.85,-261293000.0,243253000.0,0.097,243253000.0,-261293000.0,-420666000.0,0.55,0.55,0.55,9256791000.0,,9256791000.0,25297560648.0,-162.0,12.9,476501000.0,2.671,1.0,597147000.0,0.238,377172000.0,159373000.0,53679578000.0,,1091167000.0,4341000.0,0.0,4341000.0,35390890000.0,3089958000.0,32300932000.0,12194521648.0,310363000.0,0.0,148000.0,-157769000.0,-151629000.0,-208768000.0,-422408000.0,1020311000.0,941539000.0,0.0,104849000.0,99573000.0,99573000.0,0.0,0.0,0.04,1005485000.0,-408338000.0,1071798000.0,1.545,1.317,-69.067,-69.051,28044360000.0,5276000.0,68.36,1.059,1.064,1068900000.0,9393913000.0,2508523000.0,2508523000.0,0.0,,,,,0.0,0.0,1.0,178386800.0,178378908,178378908.0,14.063,44270509000.0,54903000.0,-525515000.0,8751242000.0,248.182,977454000.0
23,ETR,MRQ,2015-09-30,2015-09-30,2015-09-30,2021-09-07,8951000.0,44647681000.0,,4067412000.0,40580269000.0,,51.67,-780390000.0,1350961000.0,1350961000.0,2268329000.0,-718233000.0,1.316,3.823,13849988000.0,711431000.0,13138557000.0,13849988000.0,0.0,542802000.0,419407000.0,0.051,0.83,-921838000.0,-379036000.0,-0.112,-379036000.0,-921838000.0,-1085898000.0,-4.04,-4.04,-4.04,9256791000.0,,9256791000.0,24634715241.0,52.0,9.375,230894000.0,1.289,1.0,1103077000.0,0.327,377172000.0,164060000.0,53679578000.0,,1091167000.0,4341000.0,0.0,4341000.0,35390890000.0,3089958000.0,32300932000.0,11687293241.0,130228000.0,0.0,-74408000.0,271839000.0,-149009000.0,-64773000.0,-816283000.0,577916000.0,1011284000.0,0.0,-718233000.0,-723027000.0,-723027000.0,0.0,0.0,-0.214,2068093000.0,-965016000.0,1071798000.0,-0.205,1.263,-74.915,-73.146,28044360000.0,4794000.0,65.1,0.987,0.985,1068900000.0,9393913000.0,3371406000.0,3371406000.0,0.0,,,,,0.0,0.0,1.0,179528314.0,179151832,179151832.0,18.819,44270509000.0,54903000.0,-367665000.0,8751242000.0,247.112,977454000.0
24,ETR,MRQ,2015-06-30,2015-06-30,2015-06-30,2021-09-07,8951000.0,44647681000.0,,4067412000.0,40580269000.0,,51.564,-632280000.0,1350961000.0,1350961000.0,1924010000.0,153722000.0,1.316,3.823,13849988000.0,711431000.0,13138557000.0,13849988000.0,0.0,543880000.0,419407000.0,0.047,0.83,413319000.0,957199000.0,0.353,957199000.0,413319000.0,253503000.0,0.83,0.83,0.83,9256791000.0,,9256791000.0,25520211549.0,13.0,6.22,95123000.0,0.53,1.0,789221000.0,0.291,377172000.0,159816000.0,53679578000.0,,1091167000.0,4341000.0,0.0,4341000.0,35390890000.0,3089958000.0,32300932000.0,12656313549.0,-270176000.0,0.0,741000.0,-190265000.0,-149002000.0,-327367000.0,-670212000.0,401401000.0,727403000.0,0.0,153722000.0,148843000.0,148843000.0,0.0,0.0,0.055,411838000.0,377383000.0,1071798000.0,1.0,1.367,15.879,15.914,28044360000.0,4879000.0,70.5,1.062,1.062,1068900000.0,9393913000.0,2713231000.0,2713231000.0,0.0,,,,,0.0,0.0,1.0,179522178.0,179521276,180119837.0,15.114,44270509000.0,54903000.0,99781000.0,8751242000.0,246.603,977454000.0
25,ETR,MRQ,2015-03-31,2015-03-31,2015-03-31,2021-09-07,8951000.0,44647681000.0,,4067412000.0,40580269000.0,,51.524,-629350000.0,1350961000.0,1350961000.0,1964979000.0,302929000.0,1.316,3.823,13849988000.0,711431000.0,13138557000.0,13849988000.0,0.0,526008000.0,419407000.0,0.043,0.83,613620000.0,1139628000.0,0.39,1139628000.0,613620000.0,453400000.0,1.66,1.65,1.66,9256791000.0,,9256791000.0,26532838323.0,13.0,6.394,-18392000.0,-0.102,1.0,955111000.0,0.327,377172000.0,160220000.0,53679578000.0,,1091167000.0,4341000.0,0.0,4341000.0,35390890000.0,3089958000.0,32300932000.0,13924755323.0,-241480000.0,0.0,-1922000.0,12819000.0,-149257000.0,-152559000.0,-699879000.0,493119000.0,610958000.0,0.0,302929000.0,298050000.0,298050000.0,0.0,0.0,0.102,412342000.0,542769000.0,1071798000.0,0.5,1.504,16.625,16.629,28044360000.0,4879000.0,77.49,1.141,1.141,1068900000.0,9393913000.0,2920090000.0,2920090000.0,0.0,,,,,0.0,0.0,1.0,179697449.0,179658981,180480523.0,16.254,44270509000.0,54903000.0,150471000.0,8751242000.0,246.414,977454000.0
26,ETR,MRQ,2014-12-31,2014-12-31,2014-12-31,2021-09-07,-42307000.0,46414455000.0,,4389633000.0,42024822000.0,,55.52,-796656000.0,1422026000.0,1422026000.0,2109130000.0,125007000.0,1.14,3.628,13916710000.0,1500290000.0,12416420000.0,13916710000.0,0.0,542345000.0,412166000.0,0.038,0.83,367477000.0,909822000.0,0.321,909822000.0,367477000.0,207130000.0,0.66,0.66,0.66,10007725000.0,,10007725000.0,28392947690.0,13.0,6.595,201416000.0,1.117,1.0,722188000.0,0.255,377172000.0,160347000.0,54683076000.0,,1124018000.0,36234000.0,0.0,36234000.0,36312730000.0,3848891000.0,32463839000.0,15788489690.0,353517000.0,0.0,-58214000.0,351797000.0,-149809000.0,141492000.0,-786047000.0,435191000.0,998072000.0,0.0,125007000.0,120127000.0,120127000.0,0.0,0.0,0.042,402515000.0,319673000.0,1166431000.0,1.258,1.578,16.783,16.695,28936737000.0,4880000.0,87.48,1.264,1.257,1103255000.0,10169657000.0,2831318000.0,2831318000.0,0.0,,,,,0.0,0.0,1.0,180481135.0,180253679,181586486.0,15.707,46037283000.0,76134000.0,82123000.0,9546829000.0,255.403,540742000.0
27,ETR,MRQ,2014-09-30,2014-09-30,2014-09-30,2021-09-07,-42307000.0,46527854000.0,,4389633000.0,42138221000.0,,55.719,-664169000.0,1422026000.0,1422026000.0,2397332000.0,234916000.0,1.14,3.64,14030109000.0,1500290000.0,12529819000.0,14030109000.0,0.0,543577000.0,412166000.0,0.043,0.83,552499000.0,1096076000.0,0.317,1096076000.0,552499000.0,396681000.0,1.28,1.27,1.28,10007725000.0,,10007725000.0,26930540336.0,13.0,6.331,698757000.0,3.89,1.0,1060778000.0,0.307,377172000.0,155818000.0,54909874000.0,,1124018000.0,36234000.0,0.0,36234000.0,36426129000.0,3848891000.0,32577238000.0,13889087336.0,418441000.0,0.0,6710000.0,-23406000.0,-149080000.0,-166704000.0,-777781000.0,643149000.0,1362926000.0,0.0,234916000.0,230037000.0,230037000.0,0.0,0.0,0.067,567919000.0,492859000.0,1166431000.0,0.648,1.388,14.355,14.32,28936737000.0,4879000.0,77.33,1.124,1.124,1103255000.0,10169657000.0,3458110000.0,3458110000.0,0.0,,,,,0.0,0.0,1.0,179608009.0,179610067,180527116.0,19.253,46150682000.0,76134000.0,161765000.0,9546829000.0,256.949,540742000.0
28,ETR,MRQ,2014-06-30,2014-06-30,2014-06-30,2021-09-07,-42307000.0,46527854000.0,,4389633000.0,42138221000.0,,55.799,-569892000.0,1422026000.0,1422026000.0,2156154000.0,194281000.0,1.14,3.64,14030109000.0,1500290000.0,12529819000.0,14030109000.0,0.0,525528000.0,412166000.0,0.04,0.83,478835000.0,1004363000.0,0.335,1004363000.0,478835000.0,323024000.0,1.06,1.05,1.06,10007725000.0,,10007725000.0,27677092052.0,14.0,6.748,191514000.0,1.068,1.0,840496000.0,0.28,377172000.0,155811000.0,54909874000.0,,1124018000.0,36234000.0,0.0,36234000.0,36426129000.0,3848891000.0,32577238000.0,14725446052.0,-258415000.0,0.0,27561000.0,-175519000.0,-148953000.0,-284760000.0,-735061000.0,286150000.0,761406000.0,0.0,194281000.0,189383000.0,189383000.0,0.0,0.0,0.063,386019000.0,454477000.0,1166431000.0,0.783,1.471,15.067,15.007,28936737000.0,4898000.0,82.09,1.202,1.202,1103255000.0,10169657000.0,2996650000.0,2996650000.0,0.0,,,,,0.0,0.0,1.0,179381728.0,179354103,180045432.0,16.708,46150682000.0,76134000.0,128743000.0,9546829000.0,257.316,540742000.0
29,ETR,MRQ,2014-03-31,2014-03-31,2014-03-31,2021-09-07,-42307000.0,46527854000.0,,4389633000.0,42138221000.0,,55.972,-615922000.0,1422026000.0,1422026000.0,2068178000.0,406053000.0,1.14,3.64,14030109000.0,1500290000.0,12529819000.0,14030109000.0,0.0,516442000.0,412166000.0,0.05,0.83,778550000.0,1294992000.0,0.404,1294992000.0,778550000.0,623019000.0,2.24,2.24,2.24,10007725000.0,,10007725000.0,24875538437.0,13.0,6.277,151235000.0,0.846,1.0,1140665000.0,0.355,377172000.0,155531000.0,54909874000.0,,1124018000.0,36234000.0,0.0,36234000.0,36426129000.0,3848891000.0,32577238000.0,11936992437.0,169357000.0,0.0,35538000.0,175409000.0,-148275000.0,57799000.0,-655599000.0,554608000.0,767157000.0,0.0,406053000.0,401174000.0,401174000.0,0.0,0.0,0.125,400788000.0,739877000.0,1166431000.0,0.371,1.193,12.543,12.542,28936737000.0,4879000.0,66.85,0.996,0.997,1103255000.0,10169657000.0,3208843000.0,3208843000.0,0.0,,,,,0.0,0.0,1.0,178563836.0,178797829,179055967.0,17.947,46150682000.0,76134000.0,216966000.0,9546829000.0,258.117,540742000.0
30,ETR,MRQ,2013-12-31,2013-12-31,2013-12-31,2021-09-07,-29324000.0,43406446000.0,,3929691000.0,39476755000.0,,54.014,-643054000.0,739126000.0,739126000.0,2036948000.0,151352000.0,0.968,3.497,13677672000.0,1506305000.0,12171367000.0,13677672000.0,0.0,539091000.0,370997000.0,0.052,0.83,319178000.0,858269000.0,0.319,858269000.0,319178000.0,163131000.0,0.82,0.83,0.82,9632466000.0,,9632466000.0,24540250529.0,16.0,6.869,346706000.0,1.944,1.0,654958000.0,0.243,377172000.0,156047000.0,51907248000.0,,1123964000.0,40350000.0,0.0,40350000.0,33679980000.0,4060572000.0,29619408000.0,11282260529.0,373794000.0,147922000.0,3807000.0,52426000.0,-148006000.0,-71857000.0,-543817000.0,928542000.0,989760000.0,-292000.0,151352000.0,146929000.0,146929000.0,0.0,0.0,0.055,472980000.0,181978000.0,1173313000.0,1.012,1.171,15.848,15.857,28081019000.0,4423000.0,63.27,0.99,0.99,1172186000.0,9825053000.0,2691906000.0,2691906000.0,0.0,,,,,0.0,0.0,1.0,178319275.0,178333751,178721411.0,15.095,43029274000.0,237084000.0,11779000.0,9207800000.0,241.285,-130881000.0
31,ETR,MRQ,2013-09-30,2013-09-30,2013-09-30,2021-09-07,-29324000.0,43406446000.0,,3929691000.0,39476755000.0,,54.029,-725296000.0,739126000.0,739126000.0,2271855000.0,244182000.0,0.968,3.497,13677672000.0,1506305000.0,12171367000.0,13677672000.0,0.0,524035000.0,370997000.0,0.053,0.83,419786000.0,943821000.0,0.282,943821000.0,419786000.0,268735000.0,1.35,1.34,1.35,9632466000.0,,9632466000.0,24701303856.0,15.0,6.939,358258000.0,2.009,1.0,1080104000.0,0.322,377172000.0,151051000.0,51907248000.0,,1123964000.0,40350000.0,0.0,40350000.0,33679980000.0,4060572000.0,29619408000.0,11265664856.0,53960000.0,0.0,4086000.0,-128065000.0,-147977000.0,-276288000.0,-752602000.0,269244000.0,1083554000.0,-704000.0,244182000.0,239850000.0,239850000.0,0.0,0.0,0.072,691210000.0,388894000.0,1173313000.0,0.615,1.17,13.081,13.056,28081019000.0,4332000.0,63.19,1.012,1.012,1172186000.0,9825053000.0,3351959000.0,3351959000.0,0.0,,,,,0.0,0.0,1.0,178282400.0,178283721,178652210.0,18.801,43029274000.0,237084000.0,24553000.0,9207800000.0,241.353,-130881000.0
32,ETR,MRQ,2013-06-30,2013-06-30,2013-06-30,2021-09-07,-29324000.0,43406446000.0,,3929691000.0,39476755000.0,,54.055,-677343000.0,739126000.0,739126000.0,2030899000.0,168055000.0,0.968,3.497,13677672000.0,1506305000.0,12171367000.0,13677672000.0,0.0,476017000.0,370997000.0,0.048,0.83,390145000.0,866162000.0,0.316,866162000.0,390145000.0,241168000.0,0.92,0.92,0.92,9632466000.0,,9632466000.0,25624112640.0,13.0,6.743,-105427000.0,-0.592,1.0,707309000.0,0.258,377172000.0,148977000.0,51907248000.0,,1123964000.0,40350000.0,0.0,40350000.0,33679980000.0,4060572000.0,29619408000.0,12415928640.0,48441000.0,0.0,8532000.0,265135000.0,-149152000.0,119960000.0,-643414000.0,397099000.0,571916000.0,-21000.0,168055000.0,163723000.0,163723000.0,0.0,0.0,0.06,360797000.0,346512000.0,1173313000.0,0.902,1.289,12.954,12.928,28081019000.0,4332000.0,69.68,1.155,1.155,1172186000.0,9825053000.0,2738208000.0,2738208000.0,0.0,,,,,0.0,0.0,1.0,178184969.0,178196525,178614383.0,15.366,43029274000.0,237084000.0,73113000.0,9207800000.0,241.471,-130881000.0
33,ETR,MRQ,2013-03-31,2013-03-31,2013-03-31,2021-09-07,-29324000.0,43406446000.0,,3929691000.0,39476755000.0,,54.106,-777025000.0,739126000.0,739126000.0,1849534000.0,166982000.0,0.968,3.497,13677672000.0,1506305000.0,12171367000.0,13677672000.0,0.0,472933000.0,370997000.0,0.052,0.83,431479000.0,904412000.0,0.347,904412000.0,431479000.0,283518000.0,0.91,0.9,0.91,9632466000.0,,9632466000.0,24203259028.0,13.0,6.534,-233036000.0,-1.309,1.0,759340000.0,0.291,377172000.0,147961000.0,51907248000.0,,1123964000.0,40350000.0,0.0,40350000.0,33679980000.0,4060572000.0,29619408000.0,11262571028.0,-269638000.0,0.0,8102000.0,-7257000.0,-147902000.0,-152639000.0,-661760000.0,353712000.0,543989000.0,772000.0,166982000.0,161400000.0,161400000.0,0.0,0.0,0.062,365295000.0,394045000.0,1173313000.0,0.912,1.169,9.711,9.685,28081019000.0,5582000.0,63.24,1.07,1.069,1172186000.0,9825053000.0,2608874000.0,2608874000.0,0.0,,,,,0.0,0.0,1.0,178092521.0,178027961,178413287.0,14.654,43029274000.0,237084000.0,116536000.0,9207800000.0,241.7,-130881000.0
34,ETR,MRQ,2012-12-31,2012-12-31,2012-12-31,2021-09-07,-293083000.0,43202502000.0,,3683126000.0,39519376000.0,,51.743,-1406719000.0,532569000.0,532569000.0,1733469000.0,301850000.0,0.897,3.687,13473257000.0,1518398000.0,11954859000.0,13473257000.0,0.0,477982000.0,359078000.0,0.052,0.83,367564000.0,845546000.0,0.347,845546000.0,367564000.0,222565000.0,1.66,1.66,1.66,9197089000.0,,9197089000.0,23512142112.0,16.0,7.256,-686222000.0,-3.861,1.0,702790000.0,0.288,377172000.0,144999000.0,51659697000.0,,1142361000.0,46738000.0,0.0,46738000.0,33911413000.0,4106321000.0,29805092000.0,11330478112.0,-217150000.0,0.0,6284000.0,527480000.0,-147917000.0,379015000.0,-1316570000.0,742528000.0,720497000.0,-92000.0,301850000.0,296268000.0,296268000.0,0.0,0.0,0.122,378588000.0,324202000.0,1217180000.0,0.5,1.232,13.382,13.365,27554584000.0,5582000.0,63.75,1.1,1.097,1001715000.0,9704591000.0,2436259000.0,2436259000.0,0.0,,,,,0.0,0.0,1.0,177732990.0,177745860,178040613.0,13.706,42825330000.0,344650000.0,-79285000.0,8932280000.0,240.936,-423195000.0
35,ETR,MRQ,2012-09-30,2012-09-30,2012-09-30,2021-09-07,-293083000.0,43202502000.0,,3683126000.0,39519376000.0,,51.809,-788521000.0,532569000.0,532569000.0,1909695000.0,342670000.0,0.897,3.687,13473257000.0,1518398000.0,11954859000.0,13473257000.0,0.0,461005000.0,359078000.0,0.048,0.83,722970000.0,1183975000.0,0.4,1183975000.0,722970000.0,575173000.0,1.9,1.89,1.9,9197089000.0,,9197089000.0,24538137649.0,17.0,7.654,243348000.0,1.371,1.0,1053865000.0,0.356,377172000.0,147797000.0,51659697000.0,,1142361000.0,46738000.0,0.0,46738000.0,33911413000.0,4106321000.0,29805092000.0,12288224649.0,466326000.0,0.0,21974000.0,387702000.0,-147551000.0,257793000.0,-823021000.0,364793000.0,1031869000.0,-315000.0,342670000.0,337088000.0,337088000.0,0.0,0.0,0.114,363013000.0,690852000.0,1217180000.0,0.437,1.336,17.441,17.368,27554584000.0,5582000.0,69.3,1.187,1.188,1001715000.0,9704591000.0,2963560000.0,2963560000.0,0.0,,,,,0.0,0.0,1.0,177319259.0,177517846,177975075.0,16.694,42825330000.0,344650000.0,232503000.0,8932280000.0,241.245,-423195000.0
36,ETR,MRQ,2012-06-30,2012-06-30,2012-06-30,2021-09-07,-293083000.0,43202502000.0,,3683126000.0,39519376000.0,,51.912,-729128000.0,532569000.0,532569000.0,1751269000.0,370583000.0,0.897,3.687,13473257000.0,1518398000.0,11954859000.0,13473257000.0,0.0,382653000.0,359078000.0,0.049,0.83,387515000.0,770168000.0,0.306,770168000.0,387515000.0,248382000.0,2.06,2.06,2.06,9197089000.0,,9197089000.0,23960991952.0,17.0,7.662,-141709000.0,-0.8,1.0,767331000.0,0.305,377172000.0,139133000.0,51659697000.0,,1142361000.0,46738000.0,0.0,46738000.0,33911413000.0,4106321000.0,29805092000.0,12027337952.0,-401609000.0,0.0,1802000.0,-87458000.0,-147067000.0,-238306000.0,-750931000.0,352572000.0,587419000.0,209000.0,370583000.0,365001000.0,365001000.0,0.0,0.0,0.145,424347000.0,342984000.0,1217180000.0,0.403,1.308,12.082,12.037,27554584000.0,5582000.0,67.89,1.115,1.115,1001715000.0,9704591000.0,2518600000.0,2518600000.0,0.0,,,,,0.0,0.0,1.0,177159198.0,177166519,177565351.0,14.216,42825330000.0,344650000.0,-122201000.0,8932280000.0,241.724,-423195000.0
37,ETR,MRQ,2012-03-31,2012-03-31,2012-03-31,2021-09-07,-293083000.0,43202502000.0,,3683126000.0,39519376000.0,,52.001,-764598000.0,532569000.0,532569000.0,1746492000.0,-146740000.0,0.897,3.687,13473257000.0,1518398000.0,11954859000.0,13473257000.0,0.0,450009000.0,359078000.0,0.049,0.83,-9548000.0,440461000.0,0.185,440461000.0,-9548000.0,-146902000.0,-0.86,-0.86,-0.86,9197089000.0,,9197089000.0,23561283022.0,15.0,6.96,-164098000.0,-0.928,1.0,637167000.0,0.267,377172000.0,137354000.0,51659697000.0,,1142361000.0,46738000.0,0.0,46738000.0,33911413000.0,4106321000.0,29805092000.0,11868892022.0,-9436000.0,0.0,32826000.0,208079000.0,-146674000.0,139649000.0,-749275000.0,629337000.0,600500000.0,-310000.0,-146740000.0,-151683000.0,-151683000.0,0.0,0.0,-0.064,694024000.0,-56857000.0,1217180000.0,-0.965,1.291,12.545,12.561,27554584000.0,4943000.0,67.2,1.072,1.074,1001715000.0,9704591000.0,2383659000.0,2383659000.0,0.0,,,,,0.0,0.0,1.0,176620417.0,176865363,177388045.0,13.477,42825330000.0,344650000.0,-162000.0,8932280000.0,242.135,-423195000.0
38,ETR,MRQ,2011-12-31,2011-12-31,2011-12-31,2021-09-07,-168452000.0,40701699000.0,,3622703000.0,37078996000.0,,50.874,-1091981000.0,694438000.0,694438000.0,1831820000.0,160026000.0,0.732,3.531,12386829000.0,2304695000.0,10082134000.0,12386829000.0,0.0,429725000.0,351741000.0,0.045,0.83,381757000.0,811482000.0,0.326,811482000.0,381757000.0,250217000.0,0.89,0.88,0.89,8961270000.0,,8961270000.0,24330356239.0,11.0,6.218,-92920000.0,-0.528,1.0,657212000.0,0.264,377172000.0,131540000.0,47066219000.0,,1096888000.0,44876000.0,0.0,44876000.0,31646429000.0,4950699000.0,26695730000.0,12865303239.0,-292702000.0,0.0,13296000.0,-71261000.0,-146315000.0,-240475000.0,-1051350000.0,356327000.0,999061000.0,62000.0,160026000.0,154139000.0,154139000.0,0.0,0.0,0.062,314517000.0,342695000.0,1069096000.0,0.933,1.436,9.555,9.625,25869721000.0,5887000.0,73.05,1.146,1.154,1001868000.0,9446960000.0,2489032000.0,2489032000.0,0.0,,,,,0.0,0.0,1.0,176116403.0,176147831,177067135.0,14.13,40324527000.0,28859000.0,90191000.0,8759363000.0,228.924,-1327996000.0
39,ETR,MRQ,2011-09-30,2011-09-30,2011-09-30,2021-09-07,-168452000.0,40701699000.0,,3622703000.0,37078996000.0,,50.643,-541625000.0,694438000.0,694438000.0,2250748000.0,633069000.0,0.732,3.531,12386829000.0,2304695000.0,10082134000.0,12386829000.0,0.0,463702000.0,351741000.0,0.05,0.83,641526000.0,1105228000.0,0.325,1105228000.0,641526000.0,513938000.0,3.55,3.53,3.55,8961270000.0,,8961270000.0,23548975377.0,11.0,5.887,610882000.0,3.452,1.0,1144805000.0,0.337,377172000.0,127588000.0,47066219000.0,,1096888000.0,44876000.0,0.0,44876000.0,31646429000.0,4950699000.0,26695730000.0,11718832377.0,457282000.0,6531000.0,-59099000.0,83069000.0,-146935000.0,-127980000.0,-567780000.0,399031000.0,1152507000.0,535000.0,633069000.0,628054000.0,628054000.0,0.0,0.0,0.185,543896000.0,600909000.0,1069096000.0,0.234,1.308,8.249,8.297,25869721000.0,5015000.0,66.29,1.04,1.041,1001868000.0,9446960000.0,3395553000.0,3395553000.0,0.0,,,,,0.0,0.0,1.0,176781300.0,176950469,177723020.0,19.189,40324527000.0,28859000.0,-119131000.0,8759363000.0,227.886,-1327996000.0
40,ETR,MRQ,2011-06-30,2011-06-30,2011-06-30,2021-09-07,-168452000.0,40701699000.0,,3622703000.0,37078996000.0,,50.398,-906515000.0,694438000.0,694438000.0,1919237000.0,320598000.0,0.732,3.531,12386829000.0,2304695000.0,10082134000.0,12386829000.0,0.0,429617000.0,351741000.0,0.049,0.83,598450000.0,1028067000.0,0.367,1028067000.0,598450000.0,471551000.0,1.77,1.76,1.77,8961270000.0,,8961270000.0,23443114080.0,10.0,5.673,-252367000.0,-1.419,1.0,884042000.0,0.315,377172000.0,126899000.0,47066219000.0,,1096888000.0,44876000.0,0.0,44876000.0,31646429000.0,4950699000.0,26695730000.0,12151651080.0,-196379000.0,0.0,-100520000.0,333596000.0,-147677000.0,80383000.0,-930898000.0,121895000.0,654148000.0,-12000.0,320598000.0,315583000.0,315583000.0,0.0,0.0,0.113,325304000.0,558738000.0,1069096000.0,0.469,1.356,9.453,9.63,25869721000.0,5015000.0,68.28,1.084,1.083,1001868000.0,9446960000.0,2803279000.0,2803279000.0,0.0,,,,,0.0,0.0,1.0,177967942.0,177808890,178925180.0,15.766,40324527000.0,28859000.0,150953000.0,8759363000.0,226.786,-1327996000.0
41,ETR,MRQ,2011-03-31,2011-03-31,2011-03-31,2021-09-07,-168452000.0,40701699000.0,,3622703000.0,37078996000.0,,50.109,-787536000.0,694438000.0,694438000.0,1715278000.0,253678000.0,0.732,3.531,12386829000.0,2304695000.0,10082134000.0,12386829000.0,0.0,422411000.0,351741000.0,0.049,0.83,545528000.0,967939000.0,0.381,967939000.0,545528000.0,417928000.0,1.39,1.38,1.39,8961270000.0,,8961270000.0,22554972872.0,9.0,5.403,-464435000.0,-2.597,1.0,825930000.0,0.325,377172000.0,127600000.0,47066219000.0,,1096888000.0,44876000.0,0.0,44876000.0,31646429000.0,4950699000.0,26695730000.0,12033138872.0,-568235000.0,0.0,-42124000.0,201604000.0,-148678000.0,5787000.0,-896825000.0,471470000.0,323101000.0,-298000.0,253678000.0,248663000.0,248663000.0,0.0,0.0,0.098,315039000.0,510891000.0,1069096000.0,0.597,1.343,9.364,9.615,25869721000.0,5015000.0,67.21,1.068,1.067,1001868000.0,9446960000.0,2541208000.0,2541208000.0,0.0,,,,,0.0,0.0,1.0,179037924.0,178834342,180083830.0,14.21,40324527000.0,28859000.0,164250000.0,8759363000.0,225.485,-1327996000.0
42,ETR,MRQ,2010-12-31,2010-12-31,2010-12-31,2021-09-07,-38212000.0,38685276000.0,,4339083000.0,34346193000.0,,47.167,-655509000.0,1294472000.0,1294472000.0,1819316000.0,233306000.0,1.563,3.542,11816306000.0,457071000.0,11359235000.0,11816306000.0,0.0,445788000.0,335058000.0,0.046,0.83,453305000.0,899093000.0,0.355,899093000.0,453305000.0,314318000.0,1.28,1.28,1.28,8496400000.0,,8496400000.0,23130738066.0,9.0,5.55,105483000.0,0.586,1.0,713788000.0,0.282,377172000.0,138987000.0,46053689000.0,,1074428000.0,40697000.0,0.0,40697000.0,30094876000.0,2776249000.0,27318627000.0,12814221066.0,-636447000.0,218496000.0,-207552000.0,-455310000.0,-150171000.0,-818048000.0,-579479000.0,539635000.0,760992000.0,88000.0,233306000.0,228291000.0,228291000.0,0.0,0.0,0.09,364181000.0,349607000.0,1181099000.0,0.648,1.508,10.249,10.54,24106202000.0,5015000.0,70.83,1.115,1.147,1035582000.0,8689401000.0,2533104000.0,2533104000.0,0.0,,,,,0.0,0.0,1.0,180915164.0,180136062,181513623.0,14.062,38308104000.0,364802000.0,81012000.0,8915283000.0,212.662,1562834000.0
43,ETR,MRQ,2010-09-30,2010-09-30,2010-09-30,2021-09-07,-38212000.0,38685276000.0,,4339083000.0,34346193000.0,,45.689,-589077000.0,1294472000.0,1294472000.0,2245347000.0,497901000.0,1.563,3.542,11816306000.0,457071000.0,11359235000.0,11816306000.0,0.0,427758000.0,335058000.0,0.041,0.83,809663000.0,1237421000.0,0.371,1237421000.0,809663000.0,682537000.0,2.65,2.62,2.65,8496400000.0,,8496400000.0,24814671567.0,10.0,5.927,1108178000.0,5.959,1.0,1086829000.0,0.326,377172000.0,127126000.0,46053689000.0,,1074428000.0,40697000.0,0.0,40697000.0,30094876000.0,2776249000.0,27318627000.0,14297011567.0,595395000.0,0.0,-490828000.0,371225000.0,-154887000.0,-279505000.0,-821843000.0,548887000.0,1697255000.0,-512000.0,497901000.0,492886000.0,492886000.0,0.0,0.0,0.148,316187000.0,770642000.0,1181099000.0,0.313,1.683,10.704,10.764,24106202000.0,5015000.0,76.53,1.248,1.243,1035582000.0,8689401000.0,3332176000.0,3332176000.0,0.0,,,,,0.0,0.0,1.0,186815779.0,185962431,187777172.0,17.919,38308104000.0,364802000.0,184636000.0,8915283000.0,205.999,1562834000.0
44,ETR,MRQ,2010-06-30,2010-06-30,2010-06-30,2021-09-07,-38212000.0,38685276000.0,,4339083000.0,34346193000.0,,45.008,-624599000.0,1294472000.0,1294472000.0,1939397000.0,320283000.0,1.563,3.542,11816306000.0,457071000.0,11359235000.0,11816306000.0,0.0,408353000.0,335058000.0,0.043,0.83,662046000.0,1070399000.0,0.374,1070399000.0,662046000.0,524190000.0,1.67,1.65,1.67,8496400000.0,,8496400000.0,24052511011.0,9.0,5.697,168970000.0,0.895,1.0,923553000.0,0.323,377172000.0,137856000.0,46053689000.0,,1074428000.0,40697000.0,0.0,40697000.0,30094876000.0,2776249000.0,27318627000.0,13557884011.0,-321510000.0,0.0,-135111000.0,-160748000.0,-156904000.0,-457781000.0,-657453000.0,683936000.0,793569000.0,155000.0,320283000.0,315266000.0,315266000.0,0.0,0.0,0.11,297312000.0,626241000.0,1181099000.0,0.497,1.596,10.445,10.517,24106202000.0,5017000.0,71.62,1.226,1.223,1035582000.0,8689401000.0,2862950000.0,2862950000.0,0.0,,,,,0.0,0.0,1.0,189303044.0,188776240,190717958.0,15.166,38308104000.0,364802000.0,203907000.0,8915283000.0,202.929,1562834000.0
45,ETR,MRQ,2010-03-31,2010-03-31,2010-03-31,2021-09-07,-38212000.0,38685276000.0,,4339083000.0,34346193000.0,,44.906,-512812000.0,1294472000.0,1294472000.0,1933761000.0,218814000.0,1.563,3.542,11816306000.0,457071000.0,11359235000.0,11816306000.0,0.0,423432000.0,335058000.0,0.037,0.75,537697000.0,961129000.0,0.348,961129000.0,537697000.0,366499000.0,1.13,1.12,1.13,8496400000.0,,8496400000.0,25696174560.0,11.0,6.464,161453000.0,0.853,1.0,825586000.0,0.299,377172000.0,171198000.0,46053689000.0,,1074428000.0,40697000.0,0.0,40697000.0,30094876000.0,2776249000.0,27318627000.0,15391270560.0,-52517000.0,9675000.0,6078000.0,-71112000.0,-141892000.0,-211941000.0,-515448000.0,858881000.0,674265000.0,607000.0,218814000.0,213799000.0,213799000.0,0.0,0.0,0.077,348872000.0,476714000.0,1181099000.0,0.664,1.812,12.725,12.913,24106202000.0,5015000.0,81.35,1.436,1.436,1035582000.0,8689401000.0,2759347000.0,2759347000.0,0.0,,,,,0.0,0.0,1.0,189198163.0,189202684,191283703.0,14.584,38308104000.0,364802000.0,147685000.0,8915283000.0,202.471,1562834000.0
46,ETR,MRQ,2009-12-31,2009-12-31,2009-12-31,2021-09-07,-75185000.0,37561953000.0,,4534161000.0,33027792000.0,,45.584,-822158000.0,1709551000.0,1709551000.0,1653273000.0,318740000.0,1.42,3.35,12014455000.0,954484000.0,11059971000.0,12014455000.0,0.0,382746000.0,323342000.0,0.037,0.75,535162000.0,917908000.0,0.367,917908000.0,535162000.0,417379000.0,1.66,1.64,1.66,8613360000.0,,8613360000.0,25853446695.0,11.0,6.607,101669000.0,0.538,1.0,845381000.0,0.338,377172000.0,117783000.0,44295688000.0,,1022557000.0,39580000.0,0.0,39580000.0,28854593000.0,3193997000.0,25660596000.0,15462218695.0,578771000.0,500000.0,10983000.0,438535000.0,-141778000.0,302775000.0,-646733000.0,908542000.0,923827000.0,-1098000.0,318740000.0,313775000.0,313775000.0,0.0,0.0,0.126,342180000.0,503201000.0,998228000.0,0.452,1.795,12.56,12.808,23637066000.0,4965000.0,81.84,1.439,1.468,980827000.0,8043122000.0,2498654000.0,2498654000.0,0.0,,,,,0.0,0.0,1.0,188932291.0,188955486,191204586.0,13.224,37184781000.0,184819000.0,98639000.0,8019777000.0,196.791,1340164000.0
47,ETR,MRQ,2009-09-30,2009-09-30,2009-09-30,2021-09-07,-75185000.0,37364597000.0,,4534161000.0,32830436000.0,,44.531,-552937000.0,1709551000.0,1709551000.0,1819305000.0,460167000.0,1.42,3.327,12014455000.0,954484000.0,11059971000.0,12014455000.0,0.0,378910000.0,323342000.0,0.038,0.75,893338000.0,1272248000.0,0.433,1272248000.0,893338000.0,740581000.0,2.35,2.32,2.35,8613360000.0,,8613360000.0,25865353370.0,11.0,6.688,440045000.0,2.275,1.0,1117790000.0,0.381,377172000.0,152757000.0,44098332000.0,,1022557000.0,39580000.0,0.0,39580000.0,28657237000.0,3193997000.0,25463240000.0,15635966370.0,-150127000.0,30400000.0,-598601000.0,-63749000.0,-146019000.0,-815214000.0,-328180000.0,463620000.0,992982000.0,285000.0,460167000.0,455169000.0,455169000.0,0.0,0.0,0.155,317486000.0,800304000.0,998228000.0,0.319,1.815,14.373,14.16,23637066000.0,4998000.0,79.86,1.39,1.373,980827000.0,8043122000.0,2937095000.0,2937095000.0,0.0,,,,,0.0,0.0,1.0,195792216.0,193424904,195875241.0,15.185,36987425000.0,0.0,280414000.0,7779298000.0,191.224,1340164000.0
48,ETR,MRQ,2009-06-30,2009-06-30,2009-06-30,2021-09-07,-75185000.0,37364597000.0,,4534161000.0,32830436000.0,,43.922,-506997000.0,1709551000.0,1709551000.0,1722970000.0,231811000.0,1.42,3.327,12014455000.0,954484000.0,11059971000.0,12014455000.0,0.0,348761000.0,323342000.0,0.039,0.75,475096000.0,823857000.0,0.327,823857000.0,475096000.0,322452000.0,1.16,1.14,1.16,8613360000.0,,8613360000.0,25432739599.0,12.0,6.851,134733000.0,0.687,1.0,797819000.0,0.316,377172000.0,152644000.0,44098332000.0,,1022557000.0,39580000.0,0.0,39580000.0,28657237000.0,3193997000.0,25463240000.0,15201909599.0,-522051000.0,8654000.0,1764000.0,-539450000.0,-147074000.0,-689757000.0,-472679000.0,708812000.0,641730000.0,-1345000.0,231811000.0,226813000.0,226813000.0,0.0,0.0,0.09,323323000.0,474496000.0,998228000.0,0.647,1.765,13.782,13.458,23637066000.0,4998000.0,77.52,1.238,1.238,980827000.0,8043122000.0,2520789000.0,2520789000.0,0.0,,,,,0.0,0.0,1.0,196103065.0,196105002,198243169.0,12.854,36987425000.0,0.0,90641000.0,7779298000.0,188.61,1340164000.0
49,ETR,MRQ,2009-03-31,2009-03-31,2009-03-31,2021-09-07,-75185000.0,37364597000.0,,4534161000.0,32830436000.0,,44.723,-574627000.0,1709551000.0,1709551000.0,2005465000.0,240333000.0,1.42,3.327,12014455000.0,954484000.0,11059971000.0,12014455000.0,0.0,348444000.0,323342000.0,0.044,0.75,550637000.0,899081000.0,0.322,899081000.0,550637000.0,403379000.0,1.22,1.2,1.22,8613360000.0,,8613360000.0,23258452604.0,10.0,6.137,-200008000.0,-1.038,1.0,783647000.0,0.281,377172000.0,147258000.0,44098332000.0,,1022557000.0,39580000.0,0.0,39580000.0,28657237000.0,3193997000.0,25463240000.0,12899674604.0,-117533000.0,0.0,927000.0,299964000.0,-142085000.0,153808000.0,-646802000.0,590505000.0,374619000.0,842000.0,240333000.0,235335000.0,235335000.0,0.0,0.0,0.084,277120000.0,506527000.0,998228000.0,0.615,1.498,11.245,11.311,23637066000.0,4998000.0,68.09,0.991,1.007,980827000.0,8043122000.0,2789112000.0,2789112000.0,0.0,,,,,0.0,0.0,1.0,189450354.0,192593601,198058002.0,14.482,36987425000.0,0.0,163046000.0,7779298000.0,192.049,1340164000.0
50,ETR,MRQ,2008-12-31,2008-12-31,2008-12-31,2021-09-07,-112698000.0,36616818000.0,,5160389000.0,31456429000.0,,42.069,-852943000.0,1920491000.0,1920491000.0,2360897000.0,175572000.0,1.37,3.584,12279269000.0,761887000.0,11517382000.0,12279269000.0,0.0,494744000.0,302303000.0,0.036,0.75,377647000.0,872391000.0,0.291,872391000.0,377647000.0,234314000.0,0.91,0.87,0.91,7966592000.0,,7966592000.0,25838863118.0,11.0,6.722,-221429000.0,-1.169,1.0,639971000.0,0.213,377172000.0,143333000.0,42832530000.0,,992315000.0,66247000.0,0.0,66247000.0,28556226000.0,3765894000.0,24790332000.0,15739016118.0,-635397000.0,0.0,-45338000.0,-429177000.0,-142013000.0,-621525000.0,-647429000.0,578062000.0,631514000.0,2043000.0,175572000.0,170574000.0,170574000.0,0.0,0.0,0.057,283238000.0,356733000.0,1475745000.0,0.824,1.976,12.895,13.009,22660229000.0,4998000.0,83.13,1.202,1.212,1198135000.0,7382719000.0,3000868000.0,3000868000.0,0.0,,,,,0.0,0.0,1.0,189330159.0,189368619,212852465.0,15.847,36239646000.0,7307000.0,58742000.0,6966550000.0,191.371,1394495000.0
51,ETR,MRQ,2008-09-30,2008-09-30,2008-09-30,2021-09-07,-112698000.0,36616818000.0,,5160389000.0,31456429000.0,,41.846,-997372000.0,1920491000.0,1920491000.0,2870169000.0,475287000.0,1.37,3.584,12279269000.0,761887000.0,11517382000.0,12279269000.0,0.0,311171000.0,302303000.0,0.034,0.75,805501000.0,1116672000.0,0.282,1116672000.0,805501000.0,643526000.0,2.47,2.41,2.47,7966592000.0,,7966592000.0,28467542209.0,11.0,7.729,781873000.0,4.107,1.0,1093715000.0,0.276,377172000.0,161975000.0,42832530000.0,,992315000.0,66247000.0,0.0,66247000.0,28556226000.0,3765894000.0,24790332000.0,17052052209.0,1469467000.0,0.0,-90488000.0,861916000.0,-142860000.0,623570000.0,-935023000.0,347769000.0,1779245000.0,1675000.0,475287000.0,470289000.0,470289000.0,0.0,0.0,0.119,341623000.0,752092000.0,1475745000.0,0.304,2.14,13.709,13.715,22660229000.0,4998000.0,89.01,1.33,1.321,1198135000.0,7382719000.0,3963884000.0,3963884000.0,0.0,,,,,0.0,0.0,1.0,191574567.0,190379009,194960830.0,20.821,36239646000.0,7307000.0,168239000.0,6966550000.0,190.355,1394495000.0
52,ETR,MRQ,2008-06-30,2008-06-30,2008-06-30,2021-09-07,-112698000.0,36616818000.0,,5160389000.0,31456429000.0,,41.639,-452607000.0,1920491000.0,1920491000.0,2367130000.0,275929000.0,1.37,3.584,12279269000.0,761887000.0,11517382000.0,12279269000.0,0.0,294793000.0,302303000.0,0.025,0.75,606874000.0,901667000.0,0.276,901667000.0,606874000.0,458941000.0,1.42,1.37,1.42,7966592000.0,,7966592000.0,33448450174.0,13.0,8.975,12792000.0,0.067,1.0,897141000.0,0.275,377172000.0,147933000.0,42832530000.0,,992315000.0,66247000.0,0.0,66247000.0,28556226000.0,3765894000.0,24790332000.0,23072315174.0,170715000.0,30725000.0,-188238000.0,460377000.0,-143593000.0,125786000.0,-420023000.0,387323000.0,465399000.0,-447000.0,275929000.0,270954000.0,270954000.0,0.0,0.0,0.083,329032000.0,568109000.0,1475745000.0,0.528,2.896,18.686,18.854,22660229000.0,4975000.0,120.48,1.899,1.897,1198135000.0,7382719000.0,3264271000.0,3264271000.0,0.0,,,,,0.0,0.0,1.0,191503280.0,191326928,197864459.0,17.061,36239646000.0,7307000.0,183012000.0,6966550000.0,189.412,1394495000.0
53,ETR,MRQ,2008-03-31,2008-03-31,2008-03-31,2021-09-07,-112698000.0,36616818000.0,,5160389000.0,31456429000.0,,41.355,-600107000.0,1920491000.0,1920491000.0,1932240000.0,313747000.0,1.37,3.584,12279269000.0,761887000.0,11517382000.0,12279269000.0,0.0,290981000.0,302303000.0,0.026,0.75,662432000.0,953413000.0,0.333,953413000.0,662432000.0,506750000.0,1.6,1.56,1.6,7966592000.0,,7966592000.0,30921332636.0,12.0,8.5,-151937000.0,-0.789,1.0,932494000.0,0.326,377172000.0,155682000.0,42832530000.0,,992315000.0,66247000.0,0.0,66247000.0,28556226000.0,3765894000.0,24790332000.0,21071351636.0,-338022000.0,0.0,-153512000.0,106773000.0,-144579000.0,-198588000.0,-587621000.0,265692000.0,448170000.0,17000.0,313747000.0,308749000.0,308749000.0,0.0,0.0,0.108,326261000.0,606233000.0,1475745000.0,0.469,2.645,17.112,17.232,22660229000.0,4998000.0,109.08,1.808,1.803,1198135000.0,7382719000.0,2864734000.0,2864734000.0,0.0,,,,,0.0,0.0,1.0,193173374.0,192639605,198300041.0,14.871,36239646000.0,7307000.0,193003000.0,6966550000.0,188.121,1394495000.0
54,ETR,MRQ,2007-12-31,2007-12-31,2007-12-31,2021-09-07,8320000.0,33643002000.0,,3958247000.0,29684755000.0,,40.537,-631535000.0,1253728000.0,1253728000.0,2111755000.0,218998000.0,1.215,3.279,11122982000.0,1174409000.0,9948573000.0,11122982000.0,0.0,297976000.0,291171000.0,0.022,0.75,413551000.0,711527000.0,0.26,711527000.0,413551000.0,250058000.0,1.0,0.97,1.0,7862671000.0,,7862671000.0,32952466121.0,14.0,9.502,301483000.0,1.554,1.0,620145000.0,0.227,377172000.0,163493000.0,39878330000.0,,900960000.0,78992000.0,0.0,78992000.0,25780331000.0,3256754000.0,22523577000.0,23231839121.0,-212957000.0,0.0,-171738000.0,-111159000.0,-145753000.0,-479370000.0,-667029000.0,253849000.0,933018000.0,424000.0,218998000.0,193893000.0,193893000.0,0.0,0.0,0.071,290743000.0,329402000.0,1031300000.0,0.75,2.955,20.471,20.714,21194474000.0,25105000.0,119.52,2.023,2.046,1176071000.0,6735965000.0,2731900000.0,2731900000.0,0.0,,,,,0.0,0.0,1.0,194376164.0,193960824,201034802.0,14.085,33265830000.0,38117000.0,31060000.0,6723218000.0,171.508,701493000.0
55,ETR,MRQ,2007-09-30,2007-09-30,2007-09-30,2021-09-07,8320000.0,33643002000.0,,3958247000.0,29684755000.0,,40.349,-418784000.0,1253728000.0,1253728000.0,2170791000.0,461159000.0,1.215,3.279,11122982000.0,1174409000.0,9948573000.0,11122982000.0,0.0,282661000.0,291171000.0,0.022,0.75,877667000.0,1160328000.0,0.353,1160328000.0,877667000.0,691999000.0,2.37,2.3,2.37,7862671000.0,,7862671000.0,30797528010.0,13.0,8.925,243836000.0,1.251,1.0,1118296000.0,0.34,377172000.0,185668000.0,39878330000.0,,900960000.0,78992000.0,0.0,78992000.0,25780331000.0,3256754000.0,22523577000.0,21190412010.0,146463000.0,0.0,-193256000.0,265133000.0,-146102000.0,-81613000.0,-434393000.0,284072000.0,662620000.0,-151000.0,461159000.0,461159000.0,461159000.0,0.0,0.0,0.14,307964000.0,810332000.0,1031300000.0,0.316,2.695,17.524,17.782,21194474000.0,0.0,108.29,1.886,1.878,1176071000.0,6735965000.0,3289087000.0,3289087000.0,0.0,,,,,0.0,0.0,1.0,195682076.0,194864359,200532942.0,16.879,33265830000.0,38117000.0,230840000.0,6723218000.0,170.713,701493000.0
56,ETR,MRQ,2007-06-30,2007-06-30,2007-06-30,2021-09-07,8320000.0,33643002000.0,,3958247000.0,29684755000.0,,39.916,-785281000.0,1253728000.0,1253728000.0,1997234000.0,267602000.0,1.215,3.279,11209971000.0,1234434000.0,9975537000.0,11209971000.0,0.0,280733000.0,291171000.0,0.02,0.54,531663000.0,812396000.0,0.293,812396000.0,531663000.0,374053000.0,1.36,1.32,1.36,7862671000.0,,7862671000.0,29961975942.0,14.0,9.103,-314467000.0,-1.596,1.0,772118000.0,0.279,377172000.0,157610000.0,39965319000.0,,900960000.0,78992000.0,0.0,78992000.0,25780331000.0,3256754000.0,22523577000.0,21176385942.0,219710000.0,400000.0,-244457000.0,857092000.0,-106505000.0,498865000.0,-749737000.0,821453000.0,470814000.0,-232000.0,267602000.0,267602000.0,267602000.0,0.0,0.0,0.097,294078000.0,478040000.0,1031300000.0,0.397,2.693,18.625,19.204,21194474000.0,0.0,107.35,1.891,1.888,1176071000.0,6735965000.0,2769352000.0,2769352000.0,0.0,,,,,0.0,0.0,1.0,197264890.0,196979140,203423646.0,14.059,33265830000.0,38117000.0,106451000.0,6723218000.0,168.88,701493000.0
57,ETR,MRQ,2007-03-31,2007-03-31,2007-03-31,2021-09-07,8320000.0,33643002000.0,,3958247000.0,29684755000.0,,39.206,-487373000.0,1253728000.0,1253728000.0,1961686000.0,212195000.0,1.215,3.279,11122982000.0,1174409000.0,9948573000.0,11122982000.0,0.0,270240000.0,291171000.0,0.021,0.54,513574000.0,783814000.0,0.291,783814000.0,513574000.0,358260000.0,1.06,1.03,1.06,7862671000.0,,7862671000.0,29136473281.0,13.0,8.892,5945000.0,0.03,1.0,732374000.0,0.272,377172000.0,155314000.0,39878330000.0,,900960000.0,79153000.0,161000.0,78992000.0,25780331000.0,3256754000.0,22523577000.0,20806644281.0,67267000.0,12663000.0,-527297000.0,485125000.0,-108967000.0,-159468000.0,-266572000.0,265930000.0,493318000.0,-11000.0,212195000.0,212195000.0,212195000.0,0.0,0.0,0.079,293780000.0,438594000.0,1031300000.0,0.509,2.646,18.074,18.803,21194474000.0,0.0,104.92,1.882,1.903,1183785000.0,6735965000.0,2694060000.0,2694060000.0,0.0,,,,,0.0,0.0,1.0,198309610.0,200549935,206133440.0,13.433,33265830000.0,38117000.0,146065000.0,6723218000.0,165.873,701493000.0
58,ETR,MRQ,2006-12-31,2006-12-31,2006-12-31,2021-09-07,-100512000.0,31082731000.0,,3325434000.0,27757297000.0,,39.849,-447025000.0,1016152000.0,1016152000.0,1930664000.0,268288000.0,1.349,2.792,9345981000.0,359861000.0,8986120000.0,9345981000.0,0.0,269526000.0,248031000.0,0.023,0.54,424525000.0,694051000.0,0.28,694051000.0,424525000.0,267162000.0,1.3,1.28,1.3,8197887000.0,,8197887000.0,27395518183.0,13.0,8.602,743457000.0,3.614,1.0,550240000.0,0.222,377172000.0,157363000.0,36570258000.0,,798096000.0,281722000.0,52633000.0,229089000.0,22884844000.0,2465130000.0,20419714000.0,19097421183.0,271124000.0,0.0,-545810000.0,279064000.0,-111850000.0,-384583000.0,-532388000.0,133985000.0,1190482000.0,-2387000.0,268288000.0,268288000.0,268288000.0,10326000.0,0.0,0.108,271344000.0,278896000.0,1122596000.0,0.415,2.33,16.862,16.908,19650803000.0,0.0,92.32,1.747,1.752,1146942000.0,6113042000.0,2480904000.0,2480904000.0,0.0,,,,,0.0,0.0,1.0,206861148.0,205722514,210461246.0,12.059,30705559000.0,11680000.0,-1126000.0,6366574000.0,149.257,860304000.0
59,ETR,MRQ,2006-09-30,2006-09-30,2006-09-30,2021-09-07,-100512000.0,31082731000.0,,3325434000.0,27757297000.0,,39.341,-435809000.0,1016152000.0,1016152000.0,2362899000.0,388883000.0,1.349,2.792,9345981000.0,359861000.0,8986120000.0,9345981000.0,0.0,268995000.0,248031000.0,0.028,0.54,732262000.0,1001257000.0,0.308,1001257000.0,732262000.0,591320000.0,1.87,1.83,1.87,8197887000.0,,8197887000.0,24961101436.0,12.0,8.193,341005000.0,1.636,1.0,891820000.0,0.274,377172000.0,140942000.0,36570258000.0,,798096000.0,281722000.0,52633000.0,229089000.0,22884844000.0,2465130000.0,20419714000.0,16299801436.0,16094000.0,0.0,16700000.0,-314843000.0,-112646000.0,-419711000.0,-340745000.0,63370000.0,776814000.0,-264000.0,388883000.0,388883000.0,388883000.0,1050000.0,0.0,0.119,247412000.0,644408000.0,1122596000.0,0.289,1.988,17.076,17.044,19650803000.0,0.0,78.23,1.468,1.468,1146942000.0,6113042000.0,3254719000.0,3254719000.0,0.0,,,,,0.0,0.0,1.0,208357426.0,208382863,212404770.0,15.619,30705559000.0,11680000.0,202437000.0,6366574000.0,147.352,860304000.0
60,ETR,MRQ,2006-06-30,2006-06-30,2006-06-30,2021-09-07,-100512000.0,31082731000.0,,3325434000.0,27757297000.0,,39.416,-321477000.0,1016152000.0,1016152000.0,1945937000.0,281802000.0,1.349,2.792,9345981000.0,359861000.0,8986120000.0,9345981000.0,0.0,254825000.0,248031000.0,0.031,0.54,542608000.0,797433000.0,0.303,797433000.0,542608000.0,404703000.0,1.35,1.33,1.35,8197887000.0,,8197887000.0,23276420478.0,12.0,7.742,146551000.0,0.705,1.0,682565000.0,0.26,377172000.0,137905000.0,36570258000.0,,798096000.0,281722000.0,52633000.0,229089000.0,22884844000.0,2465130000.0,20419714000.0,14711809478.0,-23452000.0,77159000.0,3567000.0,1184000.0,-112268000.0,-295426000.0,-195671000.0,277662000.0,468028000.0,-383000.0,281802000.0,281802000.0,281802000.0,-13119000.0,0.0,0.107,195272000.0,487293000.0,1122596000.0,0.4,1.795,16.068,16.08,19650803000.0,0.0,70.75,1.369,1.369,1146942000.0,6113042000.0,2628502000.0,2628502000.0,0.0,,,,,0.0,0.0,1.0,207940770.0,207982485,211557985.0,12.638,30705559000.0,11680000.0,122901000.0,6366574000.0,147.635,860304000.0
61,ETR,MRQ,2006-03-31,2006-03-31,2006-03-31,2021-09-07,-100512000.0,31082731000.0,,3325434000.0,27757297000.0,,39.464,-843404000.0,1016152000.0,1016152000.0,1976302000.0,193628000.0,1.349,2.792,9345981000.0,359861000.0,8986120000.0,9345981000.0,0.0,241807000.0,248031000.0,0.031,0.54,450200000.0,692007000.0,0.269,692007000.0,450200000.0,312458000.0,0.93,0.92,0.93,8197887000.0,,8197887000.0,23020066534.0,11.0,7.638,169111000.0,0.814,1.0,591729000.0,0.23,377172000.0,137742000.0,36570258000.0,,798096000.0,281722000.0,52633000.0,229089000.0,22884844000.0,2465130000.0,20419714000.0,14328948534.0,169566000.0,0.0,11805000.0,52935000.0,-112190000.0,15993000.0,-858769000.0,296214000.0,1012515000.0,-173000.0,193628000.0,193628000.0,193628000.0,2239000.0,0.0,0.075,196966000.0,394763000.0,1122596000.0,0.581,1.748,15.576,15.633,19650803000.0,0.0,68.94,1.356,1.356,1146942000.0,6113042000.0,2568031000.0,2568031000.0,0.0,,,,,0.0,0.0,1.0,207846657.0,207732341,211374512.0,12.362,30705559000.0,11680000.0,118830000.0,6366574000.0,147.813,860304000.0
62,ETR,MRQ,2005-12-31,2005-12-31,2005-12-31,2021-09-07,-343819000.0,30857657000.0,,4062682000.0,26794975000.0,,37.347,-634748000.0,582820000.0,582820000.0,2092654000.0,71016000.0,1.305,2.983,9273938000.0,274440000.0,8999498000.0,9273938000.0,0.0,254455000.0,222206000.0,0.031,0.54,301523000.0,555978000.0,0.21,555978000.0,301523000.0,164128000.0,0.44,0.44,0.44,7748271000.0,,7748271000.0,22497239795.0,11.0,7.589,-273888000.0,-1.32,1.0,559762000.0,0.211,377172000.0,137395000.0,36059237000.0,,817127000.0,390011000.0,93227000.0,296784000.0,23109386000.0,3112366000.0,19997020000.0,14243891795.0,-15211000.0,0.0,-8484000.0,441297000.0,-112071000.0,412354000.0,-788610000.0,222966000.0,360860000.0,185000.0,71016000.0,90233000.0,90233000.0,33508000.0,0.0,0.034,248695000.0,311067000.0,1655787000.0,1.227,1.838,15.856,16.077,19425878000.0,-19217000.0,68.65,1.409,1.427,1561206000.0,5433931000.0,2652416000.0,2652416000.0,0.0,,,,,0.0,0.0,1.0,207485678.0,207466661,211144893.0,12.785,30480485000.0,0.0,93112000.0,5990877000.0,146.918,950316000.0
63,ETR,MRQ,2005-09-30,2005-09-30,2005-09-30,2021-09-07,-343819000.0,30851269000.0,,4056294000.0,26794975000.0,,37.241,-337303000.0,582820000.0,582820000.0,1986491000.0,356388000.0,1.297,2.985,9273938000.0,274440000.0,8999498000.0,9273938000.0,0.0,252939000.0,222206000.0,0.029,0.54,708248000.0,961187000.0,0.332,961187000.0,708248000.0,578468000.0,1.68,1.65,1.68,7742747000.0,,7742747000.0,23337223806.0,13.0,8.156,-3507000.0,-0.017,1.0,911767000.0,0.315,377172000.0,129780000.0,36037301000.0,,817127000.0,390011000.0,93227000.0,296784000.0,23108522000.0,3127914000.0,19980608000.0,15427295806.0,-8601000.0,0.0,-213684000.0,551557000.0,-112084000.0,188010000.0,-529491000.0,237773000.0,333796000.0,-916000.0,356388000.0,349952000.0,349952000.0,7108000.0,0.0,0.121,257427000.0,654340000.0,1655787000.0,0.321,1.992,16.019,16.334,19425878000.0,6436000.0,74.32,1.634,1.637,1561206000.0,5428407000.0,2898258000.0,2898258000.0,0.0,,,,,0.0,0.0,1.0,207579330.0,207906762,212335619.0,13.94,30474097000.0,0.0,222080000.0,5987346000.0,146.576,928380000.0
64,ETR,MRQ,2005-06-30,2005-06-30,2005-06-30,2021-09-07,-343819000.0,30851269000.0,,4056294000.0,26794975000.0,,36.672,-585613000.0,582820000.0,582820000.0,1720823000.0,292548000.0,1.297,2.985,9273938000.0,274440000.0,8999498000.0,9273938000.0,0.0,241369000.0,222206000.0,0.027,0.54,563453000.0,804822000.0,0.329,804822000.0,563453000.0,444397000.0,1.36,1.33,1.36,7742747000.0,,7742747000.0,23781431246.0,14.0,8.625,-309226000.0,-1.465,1.0,724568000.0,0.296,377172000.0,119056000.0,36037301000.0,,817127000.0,390011000.0,93227000.0,296784000.0,23108522000.0,3127914000.0,19980608000.0,16016455246.0,129757000.0,0.0,-231639000.0,291198000.0,-113849000.0,-30660000.0,-116055000.0,705799000.0,276387000.0,85000.0,292548000.0,286150000.0,286150000.0,2811000.0,0.0,0.117,208994000.0,515574000.0,1655787000.0,0.397,2.069,17.889,18.382,19425878000.0,6398000.0,75.55,1.685,1.678,1561206000.0,5428407000.0,2445391000.0,2445391000.0,0.0,,,,,0.0,0.0,1.0,211998084.0,211134467,215568534.0,11.582,30474097000.0,0.0,151849000.0,5987346000.0,144.335,928380000.0
65,ETR,MRQ,2005-03-31,2005-03-31,2005-03-31,2021-09-07,-343819000.0,30851269000.0,,4056294000.0,26794975000.0,,36.159,-376911000.0,582820000.0,582820000.0,1564675000.0,178379000.0,1.297,2.985,9273938000.0,274440000.0,8999498000.0,9273938000.0,0.0,253089000.0,222206000.0,0.028,0.54,389372000.0,642461000.0,0.304,642461000.0,389372000.0,270621000.0,0.8,0.79,0.8,7742747000.0,,7742747000.0,22042596076.0,13.0,7.951,119854000.0,0.56,1.0,545507000.0,0.259,377172000.0,118751000.0,36037301000.0,,817127000.0,390011000.0,93227000.0,296784000.0,23108522000.0,3127914000.0,19980608000.0,15060837076.0,-134957000.0,0.0,-318313000.0,369162000.0,-115504000.0,-73314000.0,-558452000.0,-24430000.0,496765000.0,44000.0,178379000.0,171996000.0,171996000.0,1366000.0,0.0,0.082,234499000.0,311008000.0,1655787000.0,0.675,1.945,17.225,18.072,19425878000.0,6383000.0,70.66,1.578,1.585,1561206000.0,5428407000.0,2110182000.0,2110182000.0,0.0,,,,,0.0,0.0,1.0,213145161.0,214128023,218633202.0,9.855,30474097000.0,0.0,92242000.0,5987346000.0,142.317,928380000.0
66,ETR,MRQ,2004-12-31,2004-12-31,2004-12-31,2021-09-07,-93453000.0,28310777000.0,,3077276000.0,25233501000.0,,37.438,-538174000.0,619786000.0,619786000.0,1491043000.0,137449000.0,1.319,2.412,7789495000.0,626604000.0,7162891000.0,7789495000.0,0.0,269316000.0,222320000.0,0.028,0.54,183486000.0,452802000.0,0.228,452802000.0,183486000.0,55786000.0,0.71,0.69,0.71,8296687000.0,,8296687000.0,22573821069.0,13.0,7.995,677480000.0,3.057,1.0,494250000.0,0.249,377172000.0,127700000.0,32770931000.0,,696658000.0,422821000.0,191042000.0,231779000.0,20014090000.0,2332383000.0,17681707000.0,15109381069.0,78445000.0,53452000.0,-571835000.0,-235239000.0,-123392000.0,-936503000.0,-199961000.0,932854000.0,1215654000.0,-745000.0,137449000.0,154937000.0,154937000.0,41000.0,0.0,0.078,288695000.0,205555000.0,896528000.0,0.761,1.821,16.612,16.855,18915348000.0,-17488000.0,67.59,1.56,1.583,1253178000.0,4984302000.0,1985293000.0,1985293000.0,0.0,,,,,0.0,0.0,1.0,223544623.0,221612297,226185519.0,8.958,27933605000.0,76899000.0,-81663000.0,5690620000.0,126.047,744893000.0
67,ETR,MRQ,2004-09-30,2004-09-30,2004-09-30,2021-09-07,-93453000.0,28310777000.0,,3108118000.0,25202659000.0,,36.568,-412737000.0,619786000.0,619786000.0,2143069000.0,288047000.0,1.333,2.412,7789495000.0,626604000.0,7162891000.0,7789495000.0,0.0,274071000.0,222320000.0,0.03,0.45,583191000.0,857262000.0,0.289,857262000.0,583191000.0,462823000.0,1.24,1.22,1.24,8296687000.0,,8296687000.0,21321961155.0,13.0,7.851,371858000.0,1.639,1.0,820512000.0,0.277,377172000.0,120368000.0,32770931000.0,,696658000.0,422821000.0,191042000.0,231779000.0,20014090000.0,2332383000.0,17681707000.0,13752925155.0,-17057000.0,0.0,-112527000.0,-122183000.0,-102160000.0,-343645000.0,-459271000.0,-19469000.0,784595000.0,1264000.0,288047000.0,282244000.0,282244000.0,0.0,0.0,0.095,249040000.0,571472000.0,896528000.0,0.363,1.658,19.232,19.426,18915348000.0,5803000.0,60.61,1.426,1.426,1253178000.0,4984302000.0,2963581000.0,2963581000.0,0.0,,,,,0.0,0.0,1.0,226908516.0,226882474,231127583.0,13.062,27933605000.0,76899000.0,174776000.0,5690620000.0,123.119,775735000.0
68,ETR,MRQ,2004-06-30,2004-06-30,2004-06-30,2021-09-07,-93453000.0,28310777000.0,,3108118000.0,25202659000.0,,36.275,-380340000.0,619786000.0,619786000.0,1753935000.0,271011000.0,1.333,2.412,7789495000.0,626604000.0,7162891000.0,7789495000.0,0.0,252739000.0,222320000.0,0.032,0.45,566980000.0,819719000.0,0.33,819719000.0,566980000.0,437206000.0,1.16,1.14,1.16,8296687000.0,,8296687000.0,20286075936.0,11.0,7.133,149957000.0,0.656,1.0,731162000.0,0.294,377172000.0,129774000.0,32770931000.0,,696658000.0,422821000.0,191042000.0,231779000.0,20014090000.0,2332383000.0,17681707000.0,12897533936.0,-249765000.0,0.0,-230510000.0,-93922000.0,-102120000.0,-432610000.0,-346759000.0,43741000.0,530297000.0,-693000.0,271011000.0,265182000.0,265182000.0,0.0,0.0,0.107,236850000.0,494312000.0,896528000.0,0.388,1.555,16.149,16.095,18915348000.0,5829000.0,56.01,1.375,1.366,1253178000.0,4984302000.0,2485097000.0,2485097000.0,0.0,,,,,0.0,0.0,1.0,230271986.0,228714654,232775049.0,10.865,27933605000.0,76899000.0,166195000.0,5690620000.0,122.133,775735000.0
69,ETR,MRQ,2004-03-31,2004-03-31,2004-03-31,2021-09-07,-93453000.0,28310777000.0,,3108118000.0,25202659000.0,,36.031,-323949000.0,619786000.0,619786000.0,1639809000.0,213016000.0,1.333,2.412,7789495000.0,626604000.0,7162891000.0,7789495000.0,0.0,248996000.0,222320000.0,0.029,0.45,444688000.0,693684000.0,0.308,693684000.0,444688000.0,319013000.0,0.9,0.88,0.9,8296687000.0,,8296687000.0,21215745938.0,12.0,7.744,74824000.0,0.325,1.0,611740000.0,0.272,377172000.0,125675000.0,32770931000.0,,696658000.0,422821000.0,191042000.0,231779000.0,20014090000.0,2332383000.0,17681707000.0,13746439938.0,300730000.0,21978000.0,67113000.0,82120000.0,-100229000.0,40899000.0,-137234000.0,152688000.0,398773000.0,-1708000.0,213016000.0,207161000.0,207161000.0,0.0,0.0,0.092,232906000.0,378834000.0,896528000.0,0.5,1.657,18.599,18.421,18915348000.0,5855000.0,59.5,1.487,1.482,1253178000.0,4984302000.0,2251549000.0,2251549000.0,0.0,,,,,0.0,0.0,1.0,231032604.0,230264638,234978625.0,9.778,27933605000.0,76899000.0,105997000.0,5690620000.0,121.311,775735000.0
70,ETR,MRQ,2003-12-31,2003-12-31,2003-12-31,2021-09-07,-7795000.0,28527388000.0,,2919244000.0,25608144000.0,,38.044,-575064000.0,692233000.0,692233000.0,1660802000.0,-33625000.0,1.314,2.278,8161539000.0,684701000.0,7476838000.0,8161539000.0,0.0,251657000.0,199620000.0,0.028,0.45,93386000.0,345043000.0,0.178,345043000.0,93386000.0,-35260000.0,-0.18,-0.18,-0.18,8703658000.0,,8703658000.0,21041103782.0,11.0,7.053,254676000.0,1.113,1.0,280152000.0,0.144,377172000.0,128646000.0,33397446000.0,,659403000.0,1105058000.0,51730000.0,1053328000.0,19823730000.0,2222076000.0,17601654000.0,13071676782.0,-70111000.0,0.0,10920000.0,-387691000.0,-102960000.0,-485586000.0,-415221000.0,853474000.0,829740000.0,956000.0,-33625000.0,-39480000.0,-39480000.0,14404000.0,0.0,-0.02,218583000.0,61569000.0,796572000.0,-2.5,1.502,14.102,13.968,18561181000.0,5855000.0,57.13,1.447,1.434,1024685000.0,4502508000.0,1940954000.0,1940954000.0,0.0,,,,,0.0,0.0,1.0,228805825.0,228780779,233419380.0,8.484,28150216000.0,0.0,-1635000.0,5447650000.0,123.044,697168000.0
71,ETR,MRQ,2003-09-30,2003-09-30,2003-09-30,2021-09-07,-7795000.0,28554210000.0,,2919244000.0,25634966000.0,,38.156,-437475000.0,692233000.0,692233000.0,1825469000.0,371650000.0,1.279,2.281,8161539000.0,684701000.0,7476838000.0,8161539000.0,0.0,256595000.0,199620000.0,0.028,0.45,728980000.0,985575000.0,0.365,985575000.0,728980000.0,592466000.0,1.6,1.57,1.6,8703658000.0,,8703658000.0,20432298238.0,10.0,6.673,213342000.0,0.935,1.0,874656000.0,0.324,377172000.0,136514000.0,33364121000.0,,659403000.0,1105058000.0,51730000.0,1053328000.0,19850552000.0,2282223000.0,17568329000.0,12344153238.0,-500237000.0,573000.0,21701000.0,-646771000.0,-102499000.0,-734646000.0,-417616000.0,-19593000.0,650817000.0,1208000.0,371650000.0,365774000.0,365774000.0,0.0,0.0,0.135,255651000.0,619005000.0,796572000.0,0.281,1.418,11.845,11.695,18561181000.0,5876000.0,54.15,1.376,1.377,1024685000.0,4502508000.0,2700125000.0,2700125000.0,0.0,,,,,0.0,0.0,1.0,227962202.0,228105505,232515434.0,11.837,28177038000.0,0.0,220816000.0,5447650000.0,123.526,637021000.0
72,ETR,MRQ,2003-06-30,2003-06-30,2003-06-30,2021-09-07,-7795000.0,28554210000.0,,2919244000.0,25634966000.0,,38.408,-419091000.0,692233000.0,692233000.0,1648253000.0,211517000.0,1.279,2.281,8161539000.0,684701000.0,7476838000.0,8161539000.0,0.0,239807000.0,199620000.0,0.026,0.35,475533000.0,715340000.0,0.304,715340000.0,475533000.0,337350000.0,0.91,0.89,0.91,8703658000.0,,8703658000.0,19943217147.0,10.0,6.534,55460000.0,0.245,1.0,705656000.0,0.3,377172000.0,138183000.0,33364121000.0,,659403000.0,1105058000.0,51730000.0,1053328000.0,19850552000.0,2282223000.0,17568329000.0,11917121147.0,700323000.0,-4196000.0,78264000.0,755923000.0,-79213000.0,749098000.0,-524879000.0,-615000.0,474551000.0,1553000.0,211517000.0,205641000.0,205641000.0,0.0,0.0,0.087,244080000.0,461576000.0,796572000.0,0.385,1.369,11.489,11.375,18561181000.0,5876000.0,52.78,1.364,1.369,1024685000.0,4502508000.0,2353909000.0,2353909000.0,0.0,,,,,0.0,0.0,1.0,225788578.0,226609159,231579242.0,10.388,28177038000.0,0.0,125833000.0,5447650000.0,124.342,637021000.0
73,ETR,MRQ,2003-03-31,2003-03-31,2003-03-31,2021-09-07,-7795000.0,28554210000.0,,2919244000.0,25634966000.0,,38.912,-433059000.0,692233000.0,692233000.0,1418266000.0,400923000.0,1.279,2.281,8161539000.0,684701000.0,7476838000.0,8161539000.0,0.0,248544000.0,199620000.0,0.028,0.35,688831000.0,937375000.0,0.46,937375000.0,688831000.0,553341000.0,1.77,1.73,1.77,8703658000.0,,8703658000.0,18247409750.0,8.0,5.88,-382347000.0,-1.709,1.0,619457000.0,0.304,377172000.0,135490000.0,33364121000.0,,659403000.0,1105058000.0,51730000.0,1053328000.0,19850552000.0,2282223000.0,17568329000.0,10779302750.0,-957870000.0,29610000.0,98501000.0,-410189000.0,-78142000.0,-397996000.0,-610214000.0,-166439000.0,50712000.0,-372000.0,400923000.0,395007000.0,395007000.0,0.0,0.0,0.194,256054000.0,363403000.0,796572000.0,0.198,1.238,10.043,10.01,18561181000.0,5916000.0,48.15,1.271,1.27,1024685000.0,4502508000.0,2037723000.0,2037723000.0,0.0,,,,,0.0,0.0,1.0,223869216.0,223673332,228230756.0,9.11,28177038000.0,0.0,152418000.0,5447650000.0,125.974,637021000.0
74,ETR,MRQ,2002-12-31,2002-12-31,2002-12-31,2021-09-07,-22360000.0,27504366000.0,,3205583000.0,24298783000.0,,35.278,-527049000.0,1335328000.0,1335328000.0,1541189000.0,81671000.0,1.011,2.509,8810085000.0,1345493000.0,7464592000.0,8810085000.0,0.0,235617000.0,198442000.0,0.029,0.35,187826000.0,423443000.0,0.225,423443000.0,187826000.0,24295000.0,0.35,0.34,0.35,7838237000.0,,7838237000.0,17956286191.0,12.0,7.391,-15623000.0,-0.07,1.0,337557000.0,0.18,377172000.0,163531000.0,31429762000.0,,622367000.0,826287000.0,2078000.0,824209000.0,19666129000.0,3172189000.0,16493940000.0,10121595191.0,386482000.0,-29490000.0,-428000.0,518879000.0,-77776000.0,434759000.0,-557214000.0,0.0,511426000.0,-2489000.0,81671000.0,75755000.0,75755000.0,0.0,0.0,0.04,280021000.0,57536000.0,855446000.0,1.0,1.291,16.887,16.948,17962297000.0,5916000.0,45.59,1.219,1.224,884387000.0,3938693000.0,1878746000.0,1878746000.0,0.0,,,,,0.0,0.0,1.0,222013494.0,222181709,227004201.0,8.456,27127194000.0,0.0,-57376000.0,5110508000.0,122.095,33394000.0
75,ETR,MRQ,2002-09-30,2002-09-30,2002-09-30,2021-09-07,-45156000.0,26776993000.0,,2950430000.0,23826563000.0,,34.955,-553700000.0,948846000.0,948846000.0,1590823000.0,366800000.0,0.927,2.424,8783537000.0,1132826000.0,7650711000.0,8783537000.0,0.0,232600000.0,196583000.0,0.032,0.33,743649000.0,976249000.0,0.395,976249000.0,743649000.0,595478000.0,1.61,1.59,1.61,7819999000.0,,7819999000.0,17473856914.0,12.0,7.176,313594000.0,1.402,1.0,878052000.0,0.356,377172000.0,148171000.0,31052658000.0,,612378000.0,758759000.0,2077000.0,756682000.0,18956994000.0,3181854000.0,15775140000.0,9319597914.0,218186000.0,97463000.0,-100715000.0,-141346000.0,-73886000.0,-322326000.0,-338144000.0,-496000.0,867294000.0,11362000.0,366800000.0,360876000.0,360876000.0,0.0,0.0,0.146,224357000.0,653695000.0,662261000.0,0.205,1.192,17.123,17.119,17750108000.0,5924000.0,41.6,1.121,1.12,1094617000.0,3941240000.0,2468875000.0,2468875000.0,0.0,,,,,0.0,0.0,1.0,224028796.0,223714449,227054321.0,11.036,26399821000.0,22936000.0,228678000.0,5311976000.0,118.007,-231424000.0
76,ETR,MRQ,2002-06-30,2002-06-30,2002-06-30,2021-09-07,-17241000.0,26001334000.0,,2698777000.0,23302557000.0,,34.128,-554771000.0,730660000.0,730660000.0,1538829000.0,247585000.0,0.692,2.396,8884919000.0,1927929000.0,6956990000.0,8884919000.0,0.0,224068000.0,199571000.0,0.031,0.33,542414000.0,766482000.0,0.366,766482000.0,542414000.0,396119000.0,1.08,1.06,1.08,7656041000.0,,7656041000.0,17347688471.0,12.0,7.616,-105691000.0,-0.471,1.0,557752000.0,0.266,377472000.0,146295000.0,29880494000.0,,573367000.0,709944000.0,3244000.0,706700000.0,18345293000.0,3897627000.0,14447666000.0,9518373471.0,-32635000.0,108267000.0,46336000.0,4440000.0,-74104000.0,-29252000.0,-446075000.0,-294000.0,449080000.0,-6388000.0,247585000.0,241653000.0,241653000.0,0.0,0.0,0.115,71593000.0,486159000.0,584762000.0,0.306,1.243,19.195,19.031,17496445000.0,5932000.0,42.44,1.131,1.131,1026061000.0,3653841000.0,2096581000.0,2096581000.0,0.0,,,,,0.0,0.0,1.0,224278357.0,224330654,228847752.0,9.346,25623862000.0,0.0,148534000.0,5048050000.0,114.224,-1198850000.0
77,ETR,MRQ,2002-03-31,2002-03-31,2002-03-31,2021-09-07,-27679000.0,25509856000.0,,2458800000.0,23051056000.0,,33.492,-362046000.0,763295000.0,763295000.0,1290256000.0,-72983000.0,0.81,2.432,8592610000.0,1126827000.0,7465783000.0,8592610000.0,0.0,223312000.0,190594000.0,0.03,0.33,40124000.0,263436000.0,0.142,263436000.0,40124000.0,-98881000.0,-0.36,-0.36,-0.36,7433316000.0,,7433316000.0,17794448289.0,12.0,7.747,-8143000.0,-0.037,1.0,570578000.0,0.307,377472000.0,139005000.0,29926865000.0,,575872000.0,725115000.0,47904000.0,677211000.0,18076540000.0,3034834000.0,15041706000.0,9645767289.0,11722000.0,38848000.0,66369000.0,-281584000.0,-73225000.0,-295791000.0,-47030000.0,189754000.0,353903000.0,640000.0,-72983000.0,-78923000.0,-78923000.0,0.0,0.0,-0.042,626248000.0,-55670000.0,523016000.0,-0.917,1.298,19.561,19.466,17184144000.0,5940000.0,43.41,1.092,1.091,783159000.0,3486122000.0,1860834000.0,1860834000.0,0.0,,,,,0.0,0.0,1.0,222201504.0,221943451,221943451.0,8.384,25132384000.0,32038000.0,-25898000.0,4956271000.0,113.238,-576034000.0
78,ETR,MRQ,2001-12-31,2001-12-31,2001-12-31,2021-09-07,-88794000.0,25910311000.0,,2756530000.0,23153781000.0,,33.73,-533830000.0,751573000.0,751573000.0,1560886000.0,26600000.0,0.888,2.475,8900254000.0,1183141000.0,7717113000.0,8900254000.0,0.0,240269000.0,188230000.0,0.033,0.33,188594000.0,428863000.0,0.227,428863000.0,188594000.0,22720000.0,0.1,0.09,0.1,7456020000.0,,7456020000.0,17154537442.0,9.0,6.373,452962000.0,2.049,1.0,324422000.0,0.172,377172000.0,165874000.0,30576671000.0,,558141000.0,918240000.0,152137000.0,766103000.0,18454291000.0,3105149000.0,15349142000.0,8644851442.0,-149703000.0,-21663000.0,2010000.0,-591918000.0,-67010000.0,-660681000.0,-475475000.0,101173000.0,986792000.0,-339000.0,26600000.0,20652000.0,20652000.0,0.0,0.0,0.011,225653000.0,98769000.0,592529000.0,3.3,1.159,11.904,11.888,17185545000.0,5948000.0,39.11,0.899,0.898,858978000.0,3638448000.0,1885308000.0,1885308000.0,0.0,,,,,0.0,0.0,1.0,221039413.0,221051442,224593301.0,8.529,25533139000.0,6488000.0,-3880000.0,4995887000.0,115.508,-348619000.0
79,ETR,MRQ,2001-09-30,2001-09-30,2001-09-30,2021-09-07,-96913000.0,26181634000.0,,3356711000.0,22824923000.0,,35.374,-960879000.0,901276000.0,901276000.0,1882728000.0,317454000.0,0.818,2.339,9410962000.0,1807668000.0,7603294000.0,9410962000.0,0.0,105098000.0,183808000.0,0.035,0.315,713876000.0,818974000.0,0.318,818974000.0,713876000.0,502754000.0,1.41,1.39,1.41,7841573000.0,,7841573000.0,16353077411.0,8.0,6.045,-332822000.0,-1.501,1.0,694161000.0,0.269,0.0,211122000.0,30585960000.0,,576515000.0,895066000.0,253600000.0,641466000.0,18340061000.0,4105360000.0,14234701000.0,7883878411.0,202581000.0,791945000.0,-26051000.0,215978000.0,-67352000.0,78508000.0,-507286000.0,-261347000.0,628057000.0,3302000.0,317454000.0,312484000.0,312484000.0,0.0,0.0,0.121,86505000.0,607656000.0,594320000.0,0.223,1.005,10.528,10.428,17231153000.0,4970000.0,35.56,0.76,0.76,1150621000.0,3688624000.0,2576889000.0,2576889000.0,0.0,,,,,0.0,0.0,1.0,221706367.0,221675578,224830056.0,11.625,26181634000.0,0.0,185300000.0,4868663000.0,118.108,-748649000.0
80,ETR,MRQ,2001-06-30,2001-06-30,2001-06-30,2021-09-07,-100433000.0,25366842000.0,,3066696000.0,22300146000.0,,34.458,-287704000.0,698695000.0,698695000.0,1820363000.0,245583000.0,0.863,2.329,9167894000.0,1469644000.0,7698250000.0,9167894000.0,0.0,192274000.0,181717000.0,0.032,0.315,593543000.0,785817000.0,0.314,785817000.0,593543000.0,411425000.0,1.08,1.06,1.08,7619056000.0,,7619056000.0,16823791265.0,9.0,6.128,128441000.0,0.581,1.0,685912000.0,0.274,0.0,182118000.0,30281492000.0,,547556000.0,574479000.0,832000.0,573647000.0,17747786000.0,3554549000.0,14193237000.0,8473191265.0,-331136000.0,14000000.0,35767000.0,-193917000.0,-68105000.0,-251932000.0,-494779000.0,-256734000.0,416145000.0,-570000.0,245583000.0,238906000.0,238906000.0,0.0,0.0,0.095,205363000.0,480549000.0,641371000.0,0.292,1.112,11.508,11.46,16839515000.0,6677000.0,38.39,0.754,0.756,1150418000.0,3445141000.0,2506275000.0,2506275000.0,0.0,,,,,0.0,0.0,1.0,220713500.0,221113598,225706421.0,11.335,25366842000.0,0.0,165842000.0,4654021000.0,114.723,-487853000.0
81,ETR,MRQ,2001-03-31,2001-03-31,2001-03-31,2021-09-07,-117968000.0,25191759000.0,,3368072000.0,21823687000.0,,33.646,-375689000.0,1029831000.0,1029831000.0,2079871000.0,160871000.0,0.939,2.405,9380431000.0,1607843000.0,7772588000.0,9380431000.0,0.0,211978000.0,174520000.0,0.032,0.315,446185000.0,658163000.0,0.248,658163000.0,446185000.0,269300000.0,0.7,0.69,0.7,7399288000.0,,7399288000.0,16138054172.0,9.0,6.017,-191135000.0,-0.869,1.0,572556000.0,0.216,0.0,176885000.0,29954569000.0,,579987000.0,505790000.0,6543000.0,499247000.0,17792471000.0,3587790000.0,14204681000.0,8362367172.0,-352593000.0,0.0,15724000.0,253143000.0,-66655000.0,212101000.0,-747180000.0,-365067000.0,184554000.0,-2068000.0,160871000.0,154155000.0,154155000.0,0.0,0.0,0.058,211589000.0,360967000.0,712965000.0,0.45,1.13,11.384,11.48,16733022000.0,6716000.0,38.0,0.77,0.769,1113032000.0,3275548000.0,2652427000.0,2652427000.0,0.0,,,,,0.0,0.0,1.0,220062294.0,219917139,223785716.0,12.061,25191759000.0,0.0,108429000.0,4478907000.0,114.551,-219718000.0
82,ETR,MRQ,2000-12-31,2000-12-31,2000-12-31,2021-09-07,-75033000.0,25451896000.0,,3958015000.0,21493881000.0,,31.903,-440182000.0,1382424000.0,1382424000.0,2254220000.0,50043000.0,1.151,2.634,9158111000.0,1009145000.0,8148966000.0,9158111000.0,0.0,211007000.0,172169000.0,0.029,0.315,231242000.0,442249000.0,0.167,442249000.0,231242000.0,88348000.0,0.22,0.2,0.22,7003665000.0,,7003665000.0,16145742411.0,9.0,6.361,88512000.0,0.403,1.0,387074000.0,0.147,0.0,142894000.0,29789432000.0,,519036000.0,140095000.0,3608000.0,136487000.0,18448231000.0,3438151000.0,15010080000.0,9291119411.0,149335000.0,0.0,-22464000.0,320725000.0,-66359000.0,221591000.0,-595144000.0,5953000.0,528694000.0,-5806000.0,50043000.0,43308000.0,43308000.0,0.0,0.0,0.016,191993000.0,195081000.0,1204227000.0,1.432,1.327,13.678,14.103,16708698000.0,6735000.0,42.31,0.927,0.957,1328376000.0,3190639000.0,2641294000.0,2641294000.0,0.0,,,,,0.0,0.0,1.0,219596299.0,219531283,224060651.0,12.032,25451896000.0,0.0,38305000.0,4420858000.0,115.937,519864000.0
83,ETR,MRQ,2000-09-30,2000-09-30,2000-09-30,2021-09-07,-64493000.0,24027103000.0,,3749454000.0,20277649000.0,,33.342,-402171000.0,1233089000.0,1233089000.0,2578933000.0,306689000.0,1.278,2.244,8087712000.0,584118000.0,7503594000.0,8087712000.0,0.0,200471000.0,168163000.0,0.032,0.3,658656000.0,859127000.0,0.25,859127000.0,658656000.0,514616000.0,1.35,1.34,1.35,7407275000.0,,7407275000.0,15087321881.0,9.0,6.146,197147000.0,0.887,1.0,852622000.0,0.248,0.0,144040000.0,27948096000.0,,483886000.0,26277000.0,26063000.0,214000.0,16619828000.0,2933630000.0,13686198000.0,8307629881.0,-563985000.0,0.0,-102628000.0,-467451000.0,-65075000.0,-645693000.0,-520414000.0,1204000.0,599318000.0,2804000.0,306689000.0,299934000.0,299934000.0,0.0,0.0,0.087,258785000.0,593837000.0,866587000.0,0.222,1.122,12.975,13.123,16244885000.0,6755000.0,37.27,0.91,0.907,1371994000.0,3216395000.0,3431555000.0,3431555000.0,0.0,,,,,0.0,0.0,1.0,222903941.0,222159091,224352165.0,15.446,24027103000.0,0.0,207927000.0,4622281000.0,108.153,815824000.0
84,ETR,MRQ,2000-06-30,2000-06-30,2000-06-30,2021-09-07,-76086000.0,24324276000.0,,3881156000.0,20443120000.0,,31.864,-564952000.0,1797074000.0,1797074000.0,1517349000.0,245773000.0,1.382,2.347,8576766000.0,805290000.0,7771476000.0,8576766000.0,0.0,184917000.0,164986000.0,0.044,0.3,537467000.0,722384000.0,0.338,722384000.0,537467000.0,395636000.0,1.04,1.04,1.04,7268123000.0,,7268123000.0,12555023718.0,8.0,5.22,-54855000.0,-0.24,1.0,620439000.0,0.29,0.0,141831000.0,28296588000.0,,481052000.0,26957000.0,26743000.0,214000.0,17056153000.0,2807380000.0,14248773000.0,6253012718.0,110978000.0,61519000.0,-229197000.0,639666000.0,-68545000.0,182539000.0,-579803000.0,-23100000.0,510097000.0,-1855000.0,245773000.0,237192000.0,237192000.0,0.0,0.0,0.111,186901000.0,433538000.0,796560000.0,0.288,0.86,9.98,10.26,16193503000.0,8581000.0,27.19,0.714,0.708,1052613000.0,2982495000.0,2137788000.0,2137788000.0,0.0,,,,,0.0,0.0,1.0,229974723.0,228097385,228152627.0,9.372,24324276000.0,0.0,149863000.0,4427152000.0,106.64,1073776000.0
85,ETR,MRQ,2000-03-31,2000-03-31,2000-03-31,2021-09-07,-79447000.0,23362227000.0,,3332374000.0,20029853000.0,,30.99,-429658000.0,1686096000.0,1686096000.0,1342883000.0,108410000.0,1.457,2.186,7988107000.0,702654000.0,7285453000.0,7988107000.0,0.0,189214000.0,166931000.0,0.059,0.3,325177000.0,514391000.0,0.284,514391000.0,325177000.0,191235000.0,0.42,0.42,0.42,7332509000.0,,7332509000.0,11080627733.0,7.0,4.768,-99920000.0,-0.422,1.0,468609000.0,0.259,0.0,133942000.0,27377605000.0,,511359000.0,3849000.0,3635000.0,214000.0,16029718000.0,2286633000.0,13743085000.0,4767782733.0,472377000.0,0.0,-154009000.0,497253000.0,-71040000.0,262381000.0,-118651000.0,321351000.0,329738000.0,-1091000.0,108410000.0,98860000.0,98860000.0,0.0,0.0,0.055,182005000.0,286604000.0,591132000.0,0.714,0.65,8.093,6.598,15992298000.0,9550000.0,20.19,0.533,0.535,788996000.0,2814499000.0,1811492000.0,1811492000.0,0.0,,,,,0.0,0.0,1.0,236145752.0,236608445,236671604.0,7.656,23362227000.0,0.0,82825000.0,4345202000.0,98.738,1045741000.0
86,ETR,MRQ,1999-12-31,1999-12-31,1999-12-31,2021-09-07,-73805000.0,22969940000.0,,3203985000.0,19765955000.0,,30.96,-426696000.0,1213719000.0,1213719000.0,1466469000.0,16204000.0,1.492,2.08,7526564000.0,493517000.0,7033047000.0,7526564000.0,0.0,186700000.0,161909000.0,0.047,0.3,172102000.0,358802000.0,0.206,358802000.0,172102000.0,30468000.0,0.03,0.03,0.03,7457857000.0,,7457857000.0,12314223178.0,8.0,5.459,-46404000.0,-0.193,1.0,278305000.0,0.16,0.0,141634000.0,27135371000.0,,465634000.0,323726000.0,323512000.0,214000.0,15512083000.0,2147414000.0,13364669000.0,6213026178.0,-130679000.0,0.0,-113914000.0,101916000.0,-73441000.0,-118359000.0,-390324000.0,147302000.0,380292000.0,-2288000.0,16204000.0,4282000.0,4282000.0,0.0,0.0,0.002,199225000.0,79080000.0,707678000.0,10.0,0.833,11.246,11.444,15817921000.0,11922000.0,25.75,0.709,0.72,825639000.0,2786467000.0,1744774000.0,1744774000.0,0.0,,,,,0.0,0.0,1.0,241282570.0,240884578,240997526.0,7.243,22969940000.0,0.0,14264000.0,4348567000.0,95.357,1056571000.0
87,ETR,MRQ,1999-09-30,1999-09-30,1999-09-30,2021-09-07,-64691000.0,23397826000.0,,3952809000.0,19445017000.0,,31.069,-335532000.0,1344398000.0,1344398000.0,2254027000.0,296158000.0,1.63,2.058,7445595000.0,493364000.0,6952231000.0,7445595000.0,0.0,173188000.0,153897000.0,0.041,0.3,636491000.0,809679000.0,0.264,809679000.0,636491000.0,506955000.0,1.16,1.16,1.16,7650874000.0,,7650874000.0,13632252773.0,7.0,5.148,81912000.0,0.333,1.0,810508000.0,0.264,0.0,129536000.0,27074205000.0,,510187000.0,471129000.0,470915000.0,214000.0,15746952000.0,2424818000.0,13322134000.0,7143374773.0,258664000.0,0.0,-112477000.0,-143111000.0,-73983000.0,-340440000.0,179779000.0,487703000.0,417444000.0,1881000.0,296158000.0,286219000.0,286219000.0,0.0,0.0,0.093,212913000.0,597595000.0,757743000.0,0.259,0.934,9.115,7.576,15496337000.0,9939000.0,28.94,0.784,0.783,1159765000.0,2852718000.0,3064535000.0,3064535000.0,0.0,,,,,0.0,0.0,1.0,246833959.0,246253929,246389119.0,12.445,23397826000.0,0.0,210797000.0,4617269000.0,95.015,1527991000.0
88,ETR,MRQ,1999-06-30,1999-06-30,1999-06-30,2021-09-07,-47697000.0,23083732000.0,,4083332000.0,19000400000.0,,32.547,-355226000.0,1085734000.0,1085734000.0,1678593000.0,209758000.0,1.622,2.052,7574612000.0,648137000.0,6926475000.0,7574612000.0,0.0,187939000.0,152663000.0,0.038,0.3,453297000.0,641236000.0,0.277,641236000.0,453297000.0,296191000.0,1.45,1.45,1.45,7562387000.0,,7562387000.0,14329021781.0,8.0,5.449,25949000.0,0.112,1.0,637811000.0,0.275,0.0,157106000.0,27055570000.0,,492590000.0,958993000.0,958779000.0,214000.0,15521345000.0,2517040000.0,13004305000.0,7711238781.0,-620000.0,135666000.0,6924000.0,-133983000.0,-73697000.0,-212813000.0,-170434000.0,0.0,381175000.0,1452000.0,209758000.0,199777000.0,199777000.0,0.0,0.0,0.086,273860000.0,363951000.0,0.0,0.207,1.02,10.303,8.492,15376577000.0,9981000.0,31.25,0.725,0.683,1171006000.0,2640373000.0,2316404000.0,2316404000.0,0.0,,,,,0.0,0.0,1.0,246759641.0,232352915,232382112.0,9.969,23083732000.0,0.0,86433000.0,4501633000.0,99.348,1566292000.0
89,ETR,MRQ,1999-03-31,1999-03-31,1999-03-31,2021-09-07,-46360000.0,22849384000.0,,3607181000.0,19242203000.0,,30.155,-297218000.0,1086354000.0,1086354000.0,1247157000.0,72906000.0,1.791,2.073,7704137000.0,824420000.0,6879717000.0,7704137000.0,0.0,197042000.0,151032000.0,0.049,0.3,249151000.0,446193000.0,0.272,446193000.0,249151000.0,118079000.0,0.25,0.25,0.25,7435567000.0,,7435567000.0,13354200932.0,7.0,4.907,-87105000.0,-0.353,1.0,392765000.0,0.24,0.0,131072000.0,27452670000.0,,478989000.0,959153000.0,959153000.0,0.0,15413817000.0,2014497000.0,13399320000.0,6778588932.0,-98141000.0,215416000.0,-10217000.0,-72409000.0,-70362000.0,-239360000.0,-66901000.0,0.0,210113000.0,-1993000.0,72906000.0,62181000.0,62181000.0,0.0,0.0,0.038,189330000.0,203435000.0,496480000.0,1.2,0.912,9.002,8.987,15396110000.0,10725000.0,27.5,0.626,0.627,493600000.0,2514735000.0,1639922000.0,1639922000.0,0.0,,,,,0.0,0.0,1.0,246494143.0,246579198,246716928.0,6.651,22849384000.0,15120000.0,45173000.0,4461760000.0,92.665,1592684000.0
90,ETR,MRQ,1998-12-31,1998-12-31,1998-12-31,2021-09-07,-46739000.0,22836694000.0,,3643948000.0,19192746000.0,,30.194,-518589000.0,1184495000.0,1184495000.0,1650275000.0,247000000.0,1.839,2.067,7760107000.0,728281000.0,7031826000.0,7760107000.0,0.0,231007000.0,148972000.0,0.048,0.3,520142000.0,751149000.0,0.36,751149000.0,520142000.0,320915000.0,0.96,0.96,0.96,7445495000.0,,7445495000.0,17135614745.0,9.0,6.038,44539000.0,0.181,1.0,435144000.0,0.209,0.0,199227000.0,27430497000.0,,465082000.0,959542000.0,959328000.0,214000.0,15391199000.0,1981809000.0,13409390000.0,7676537745.0,376334000.0,2296907000.0,297066000.0,-854057000.0,-373441000.0,-949255000.0,761900000.0,-947444000.0,563128000.0,561000.0,247000000.0,235531000.0,235531000.0,0.0,0.0,0.113,272179000.0,162965000.0,522072000.0,0.312,1.031,10.387,10.377,15604003000.0,11469000.0,31.13,0.668,0.667,747677000.0,2526888000.0,2085419000.0,2085419000.0,0.0,,,,,0.0,0.0,1.0,246596137.0,246590083,246760911.0,8.457,22836694000.0,0.0,73915000.0,4420899000.0,92.61,1662139000.0
91,ETR,MRQ,1998-09-30,1998-09-30,1998-09-30,2021-09-07,-88373000.0,27370259000.0,,3474092000.0,23896167000.0,,29.344,-266505000.0,808161000.0,808161000.0,3597526000.0,262597000.0,1.091,2.782,10267238000.0,876570000.0,9390668000.0,10267238000.0,0.0,256375000.0,178877000.0,0.054,0.3,534816000.0,791191000.0,0.172,791191000.0,534816000.0,340436000.0,1.02,1.02,1.02,7236745000.0,,7236745000.0,17305997922.0,12.0,6.949,352714000.0,1.43,1.0,989921000.0,0.216,1781256000.0,194380000.0,31863781000.0,,485990000.0,9490000.0,9490000.0,0.0,20133514000.0,3184299000.0,16949215000.0,7583025922.0,34826000.0,-24404000.0,-74145000.0,-219909000.0,0.0,-309691000.0,-273814000.0,0.0,619219000.0,-888000.0,262597000.0,250986000.0,250986000.0,0.0,0.0,0.055,399248000.0,590673000.0,1197566000.0,0.294,1.048,18.306,18.413,18181705000.0,11611000.0,30.75,0.636,0.636,1180435000.0,2365285000.0,4587447000.0,4587447000.0,0.0,,,,,0.0,0.0,1.0,246602469.0,246615620,246777031.0,18.602,25589003000.0,18800000.0,77839000.0,5776299000.0,103.761,289793000.0
92,ETR,MRQ,1998-06-30,1998-06-30,1998-06-30,2021-09-07,-73665000.0,27173378000.0,,3174830000.0,23998548000.0,,28.707,-314599000.0,773336000.0,773336000.0,1747956000.0,215979000.0,1.071,2.841,10496308000.0,1090825000.0,9405483000.0,10496308000.0,0.0,245089000.0,178176000.0,0.063,0.45,487924000.0,733013000.0,0.292,733013000.0,487924000.0,282561000.0,0.83,0.83,0.83,7075004000.0,,7075004000.0,16819254414.0,11.0,6.452,56376000.0,0.229,1.0,760858000.0,0.303,1790873000.0,205363000.0,32141413000.0,,507411000.0,5449000.0,5449000.0,0.0,20098374000.0,2964064000.0,17134310000.0,7084011414.0,-215701000.0,19102000.0,-218570000.0,-193045000.0,110939000.0,-316480000.0,-269350000.0,0.0,370975000.0,-846000.0,215979000.0,204275000.0,204275000.0,0.0,0.0,0.081,288148000.0,472710000.0,893454000.0,0.542,1.001,29.009,29.337,18142072000.0,11704000.0,28.75,0.699,0.699,1057788000.0,2188165000.0,2508814000.0,2508814000.0,0.0,,,,,0.0,0.0,1.0,246400397.0,246452120,246555555.0,10.18,25382505000.0,0.0,66582000.0,5616430000.0,102.992,210766000.0
93,ETR,MRQ,1998-03-31,1998-03-31,1998-03-31,2021-09-07,-53124000.0,27041826000.0,,3063450000.0,23978376000.0,,28.019,-231680000.0,989036000.0,989036000.0,1729793000.0,60054000.0,1.015,2.925,10724279000.0,1282784000.0,9441495000.0,10724279000.0,0.0,252458000.0,183736000.0,0.061,0.45,319429000.0,571887000.0,0.247,571887000.0,319429000.0,108453000.0,0.2,0.2,0.2,6890413000.0,,6890413000.0,16991055104.0,11.0,6.614,50680000.0,0.206,1.0,583299000.0,0.252,1343224000.0,210976000.0,32414368000.0,,498123000.0,5589000.0,5589000.0,0.0,20151413000.0,3019477000.0,17131936000.0,7314939104.0,158489000.0,-16591000.0,12026000.0,224817000.0,-110939000.0,111878000.0,-238489000.0,0.0,282360000.0,2740000.0,60054000.0,48278000.0,48278000.0,0.0,0.0,0.021,297792000.0,285507000.0,714245000.0,2.25,1.062,39.286,39.145,18149405000.0,11776000.0,29.75,0.746,0.746,917376000.0,1984903000.0,2313092000.0,2313092000.0,0.0,,,,,0.0,0.0,1.0,245880306.0,245920415,246188177.0,9.406,25698602000.0,0.0,48399000.0,5605521000.0,104.5,43973000.0
94,ETR,MRQ,1997-12-31,1997-12-31,1997-12-31,2021-09-07,-69817000.0,27000700000.0,,3171322000.0,23829378000.0,,28.717,-2358293000.0,830547000.0,830547000.0,1796534000.0,-36081000.0,1.132,2.84,10506663000.0,987338000.0,9519325000.0,10506663000.0,0.0,263957000.0,178162000.0,0.06,0.45,130265000.0,394222000.0,0.157,394222000.0,130265000.0,-72063000.0,-0.38,-0.38,-0.38,7031971000.0,,7031971000.0,17120106716.0,11.0,6.582,-2140237000.0,-8.74,1.0,720962000.0,0.286,1813465000.0,202328000.0,32061299000.0,,487201000.0,8157000.0,8157000.0,0.0,19968729000.0,2802052000.0,17166677000.0,7303066716.0,-31218000.0,2005854000.0,67186000.0,-120379000.0,-110001000.0,120076000.0,-355531000.0,0.0,218056000.0,-13819000.0,-36081000.0,-89297000.0,-89297000.0,0.0,0.0,-0.035,365321000.0,355641000.0,915800000.0,-1.184,1.039,29.486,29.068,18132828000.0,53216000.0,29.94,0.766,0.754,1075263000.0,2157912000.0,2517496000.0,2517496000.0,0.0,,,,,0.0,0.0,1.0,243923404.0,244868987,245184843.0,10.281,25187235000.0,0.0,-35982000.0,5571353000.0,102.86,369270000.0
95,ETR,MRQ,1997-09-30,1997-09-30,1997-09-30,2021-09-07,-5682000.0,27110176000.0,,3293730000.0,23816446000.0,,29.374,-346934000.0,861765000.0,861765000.0,1743034000.0,80942000.0,1.105,2.811,10678805000.0,830472000.0,9848333000.0,10678805000.0,0.0,246736000.0,185336000.0,0.069,0.45,661101000.0,907837000.0,0.325,907837000.0,661101000.0,432397000.0,0.33,0.33,0.33,7113471000.0,,7113471000.0,16540496480.0,9.0,6.147,387567000.0,1.6,1.0,1054553000.0,0.377,1856310000.0,228704000.0,32090623000.0,,430914000.0,9316000.0,9316000.0,0.0,19996705000.0,2980283000.0,17016422000.0,6287494480.0,174245000.0,28930000.0,71323000.0,-180881000.0,-116041000.0,-253364000.0,-308738000.0,0.0,734501000.0,1846000.0,80942000.0,80942000.0,80942000.0,0.0,0.0,0.029,381936000.0,672617000.0,793625000.0,1.364,0.884,16.728,16.599,18130096000.0,0.0,26.06,0.732,0.735,1346027000.0,2246729000.0,2797587000.0,2797587000.0,0.0,,,,,0.0,0.0,1.0,241269934.0,242172319,242258956.0,11.552,25253866000.0,0.0,351455000.0,5915618000.0,104.281,313447000.0
96,ETR,MRQ,1997-06-30,1997-06-30,1997-06-30,2021-09-07,10203000.0,26982997000.0,,3072099000.0,23910898000.0,,30.121,-103220000.0,687520000.0,687520000.0,1425711000.0,146276000.0,1.174,2.755,10940522000.0,940304000.0,10000218000.0,10940522000.0,0.0,241286000.0,180128000.0,0.065,0.45,453843000.0,695129000.0,0.319,695129000.0,453843000.0,235115000.0,0.61,0.61,0.61,7186250000.0,,7186250000.0,16964510770.0,10.0,6.392,231769000.0,0.971,1.0,752379000.0,0.345,2116183000.0,218728000.0,32503088000.0,,471897000.0,8708000.0,8708000.0,0.0,19796747000.0,2616728000.0,17180019000.0,6535826770.0,69271000.0,40870000.0,68175000.0,-146181000.0,-107106000.0,-197803000.0,-69482000.0,0.0,334989000.0,1567000.0,146276000.0,146276000.0,146276000.0,0.0,0.0,0.067,318492000.0,433887000.0,746602000.0,0.738,0.909,11.37,11.179,18231592000.0,0.0,27.5,0.824,0.827,1224930000.0,2384923000.0,2178090000.0,2178090000.0,0.0,,,,,0.0,0.0,1.0,237666428.0,238577894,238639480.0,9.129,24866814000.0,0.0,88839000.0,5726337000.0,104.229,455371000.0
97,ETR,MRQ,1997-03-31,1997-03-31,1997-03-31,2021-09-07,20966000.0,27148562000.0,,2995156000.0,24153406000.0,,30.154,-167383000.0,618249000.0,618249000.0,1356018000.0,109762000.0,1.099,2.829,11046933000.0,1132220000.0,9914713000.0,11046933000.0,0.0,228029000.0,181693000.0,0.073,0.45,375921000.0,603950000.0,0.295,603950000.0,375921000.0,176791000.0,0.47,0.47,0.47,7090129000.0,,7090129000.0,13857437944.0,8.0,5.188,337842000.0,1.437,1.0,689735000.0,0.337,2140311000.0,199130000.0,32712214000.0,,498180000.0,9524000.0,9524000.0,0.0,20058433000.0,2724721000.0,17333712000.0,5760383944.0,229546000.0,-2021501000.0,98695000.0,1885079000.0,-105035000.0,1842611000.0,-2117532000.0,0.0,505225000.0,-758000.0,109762000.0,109762000.0,109762000.0,0.0,0.0,0.054,317517000.0,372218000.0,511661000.0,0.957,0.812,9.338,9.142,18280002000.0,0.0,24.5,0.757,0.757,1242678000.0,2345917000.0,2045753000.0,2045753000.0,0.0,,,,,0.0,0.0,1.0,235117712.0,235133608,235230360.0,8.7,25008251000.0,0.0,67029000.0,5694994000.0,106.358,270435000.0
98,ETR,MRQ,1996-12-31,1996-12-31,1996-12-31,2021-09-07,21725000.0,22956025000.0,,2362533000.0,20593492000.0,,30.494,-147058000.0,388703000.0,388703000.0,1054762000.0,53686000.0,1.255,2.246,8485757000.0,517593000.0,7968164000.0,8485757000.0,0.0,204344000.0,155534000.0,0.065,0.45,279376000.0,483720000.0,0.31,483720000.0,279376000.0,106297000.0,0.16,,0.16,7071870000.0,,7071870000.0,,,,112253000.0,0.484,1.0,507763000.0,0.325,606214000.0,173079000.0,28564298000.0,,479225000.0,1384000.0,1384000.0,0.0,15884155000.0,1882567000.0,14001588000.0,6493951205.0,-218724000.0,-99503000.0,382893000.0,-165311000.0,-405346000.0,-269131000.0,-208888000.0,0.0,259311000.0,-16000.0,53686000.0,38895000.0,38895000.0,0.0,0.0,0.025,282377000.0,225386000.0,554558000.0,2.812,0.918,15.461,15.093,16170564000.0,14791000.0,27.62,0.907,0.883,892198000.0,2341703000.0,1562525000.0,1562525000.0,0.0,,,,,0.0,0.0,1.0,235117712.0,231911438,,6.738,22349811000.0,0.0,52611000.0,4626482000.0,96.372,479966000.0
99,ETR,MRQ,1996-09-30,1996-09-30,1996-09-30,2021-09-07,,,,,,,,-183142000.0,,,1202887000.0,299166000.0,,,,,,,,196566000.0,,0.067,0.45,674492000.0,871058000.0,0.405,871058000.0,674492000.0,492561000.0,1.22,,1.22,,,,,,,459219000.0,2.009,1.0,945445000.0,0.44,,181931000.0,,,,,,,,,,,261776000.0,55901000.0,-264806000.0,-273920000.0,199493000.0,-297997000.0,-82581000.0,0.0,642361000.0,-7000.0,299166000.0,279880000.0,279880000.0,0.0,0.0,0.13,335682000.0,609763000.0,,0.369,,,,,19286000.0,27.0,,,,,2148332000.0,2148332000.0,0.0,,,,,0.0,0.0,1.0,,228603813,,9.398,,,193395000.0,,,
100,ETR,MRQ,1996-06-30,1996-06-30,1996-06-30,2021-09-07,,,,,,,,-163583000.0,,,1078468000.0,206701000.0,,,,,,,,195471000.0,,0.065,0.45,516647000.0,712118000.0,0.384,712118000.0,516647000.0,334174000.0,0.83,,0.83,,,,,,,194485000.0,0.853,1.0,775209000.0,0.418,,182473000.0,,,,,,,,,,,-262746000.0,0.0,0.0,-304657000.0,-99779000.0,-446677000.0,-174170000.0,0.0,358068000.0,33000.0,206701000.0,188323000.0,188323000.0,0.0,0.0,0.102,274040000.0,501169000.0,,0.542,,,,,18378000.0,27.875,,,,,1853677000.0,1853677000.0,0.0,,,,,0.0,0.0,1.0,,228036032,,8.129,,,127473000.0,,,
101,ETR,MRQ,1996-03-31,1996-03-31,1996-03-31,2021-09-07,,,,,,,,-202036000.0,,,990313000.0,-87072000.0,,,,,,,,194567000.0,,0.064,0.45,161241000.0,355808000.0,0.223,355808000.0,161241000.0,-39392000.0,-0.38,,-0.38,,,,,,,66273000.0,0.291,1.0,608679000.0,0.381,,200633000.0,,,,,,,,,,,74807000.0,-1156112000.0,0.0,1234594000.0,-99714000.0,1115176000.0,-1308718000.0,0.0,268309000.0,40000.0,-87072000.0,-87072000.0,-87072000.0,0.0,0.0,-0.054,266276000.0,342403000.0,,-1.184,,,,,0.0,28.125,,,,,1598992000.0,1598992000.0,0.0,,,,,0.0,0.0,1.0,,227780604,,7.02,,,47680000.0,,,
102,ETR,MRQ,1995-12-31,1995-12-31,1995-12-31,2021-09-07,0.0,22265930000.0,,2315240000.0,19950690000.0,,30.846,,533590000.0,533590000.0,,,1.107,2.171,7836245000.0,755457000.0,7080788000.0,7836245000.0,0.0,,140054000.0,0.062,0.45,,,,,,,,,,7022675000.0,,7022675000.0,,,,,,1.0,,,0.0,,27477342000.0,,467497000.0,379360000.0,6907000.0,372453000.0,15243255000.0,2091243000.0,13152012000.0,,,,,,,,,,,,,,,,,,,,460379000.0,,,,12.829,15820791000.0,,29.25,,1.062,851530000.0,2335579000.0,,,,,,,,,,1.0,,227669970,,,22265930000.0,0.0,,4671020000.0,97.799,223997000.0
0,ETR,MRT,2021-06-30,2021-06-30,2021-06-30,2021-09-07,-478739000.0,55949283000.0,57231593500.0,3794706000.0,52154577000.0,0.191,54.229,-5804689000.0,686881000.0,686881000.0,6926176000.0,1255998000.0,0.997,4.135,25363535000.0,1151569000.0,24211966000.0,25363535000.0,0.0,2276832000.0,390306000.0,0.038,3.78,1968207000.0,4245039000.0,0.388,4245039000.0,1968207000.0,1164096000.0,6.18,6.14,6.18,10887947000.0,10900776000.0,10887947000.0,43995244816.0,22.0,10.364,-3816583000.0,-19.009,1.0,4014402000.0,0.367,377172000.0,804111000.0,76444225000.0,74222674000.0,1146304000.0,0.0,0.0,0.0,45026336000.0,3804540000.0,41221796000.0,20005796816.0,-248587000.0,0.0,31703000.0,3886522000.0,-757652000.0,3163645000.0,-5400338000.0,5691482000.0,1988106000.0,0.0,1255998000.0,1237678000.0,1237678000.0,0.0,0.0,0.113,2408070000.0,1606332000.0,1348734000.0,0.612,1.837,16.164,16.133,39784833000.0,18320000.0,99.7,1.829,1.83,1440004000.0,9844549000.0,10940578000.0,10940578000.0,0.0,0.022,0.114,0.027,0.18,0.0,0.0,1.0,200659948.0,200775395,200775395.0,54.492,55572111000.0,60749000.0,-91902000.0,6462063000.0,276.787,-9834000.0
1,ETR,MRT,2021-03-31,2021-03-31,2021-03-31,2021-09-07,-500507000.0,58667628000.0,57804075750.0,4788554000.0,53879074000.0,0.182,54.942,-5603305000.0,1742656000.0,1742656000.0,6559779000.0,1622505000.0,1.061,4.322,25732104000.0,1656648000.0,24075456000.0,25732104000.0,0.0,2269725000.0,391032000.0,0.038,3.76,2433525000.0,4703250000.0,0.447,4703250000.0,2433525000.0,1638134000.0,8.01,7.96,8.01,11017176000.0,10910324750.0,11017176000.0,42179911103.0,17.0,8.968,-3622064000.0,-18.063,1.0,3971517000.0,0.377,377172000.0,795391000.0,77767998000.0,73371542750.0,1118827000.0,0.0,0.0,0.0,47615452000.0,4511906000.0,43103546000.0,19941745103.0,278823000.0,0.0,3615000.0,4301939000.0,-753174000.0,3537673000.0,-5240091000.0,5643336000.0,1981241000.0,0.0,1622505000.0,1604185000.0,1604185000.0,0.0,0.0,0.152,2094082000.0,1877435000.0,1697206000.0,0.469,1.81,12.431,12.418,39377852000.0,18320000.0,99.47,1.894,1.894,1338416000.0,10041152000.0,10531296000.0,10531296000.0,0.0,0.028,0.147,0.033,0.231,0.0,0.0,1.0,200479995.0,200525549,201059665.0,52.518,58290456000.0,56068000.0,15629000.0,6526731000.0,290.688,276648000.0
2,ETR,MRT,2020-12-31,2020-12-31,2020-12-31,2021-09-07,-449207000.0,58239212000.0,57696971750.0,4559899000.0,53679313000.0,0.175,54.602,-5156861000.0,1759099000.0,1759099000.0,6308262000.0,1406653000.0,0.646,4.327,23997265000.0,2791504000.0,21205761000.0,23997265000.0,0.0,2257750000.0,401512000.0,0.037,3.74,2070810000.0,4328560000.0,0.428,4328560000.0,2070810000.0,1285147000.0,6.94,6.9,6.94,10926142000.0,10887566250.0,10926142000.0,40812434996.0,20.0,9.429,-2466995000.0,-12.328,1.0,3805374000.0,0.376,377172000.0,785663000.0,73039700000.0,72189468250.0,1135119000.0,0.0,0.0,0.0,47278070000.0,7060506000.0,40217564000.0,19991214996.0,1333377000.0,0.0,42600000.0,4147585000.0,-748342000.0,3415817000.0,-4772306000.0,3095057000.0,2689866000.0,0.0,1406653000.0,1388334000.0,1388334000.0,0.0,0.0,0.137,2036179000.0,1769195000.0,2739437000.0,0.539,1.83,14.399,14.386,39196105000.0,18319000.0,99.84,1.977,1.975,1285727000.0,9897182000.0,10113636000.0,10113636000.0,0.0,0.024,0.128,0.029,0.205,0.0,0.0,1.0,200232522.0,200106945,201102220.0,50.541,57862040000.0,76289000.0,-121506000.0,6600717000.0,289.156,-2500607000.0
3,ETR,MRT,2020-09-30,2020-09-30,2020-09-30,2021-09-07,-390420000.0,56070251000.0,56068146750.0,4062805000.0,52007446000.0,0.182,53.8,-4865049000.0,1239664000.0,1239664000.0,6410591000.0,1403711000.0,0.591,4.202,22060884000.0,2448220000.0,19612664000.0,22060884000.0,0.0,2242540000.0,408764000.0,0.038,3.72,2107295000.0,4349835000.0,0.426,4349835000.0,2107295000.0,1327821000.0,6.93,6.89,6.93,10771839000.0,10711949500.0,10771839000.0,40220945655.0,19.0,9.247,-1796203000.0,-8.971,1.0,3795250000.0,0.372,377172000.0,779474000.0,69638773000.0,70209777500.0,1065046000.0,0.0,0.0,0.0,45263412000.0,6875526000.0,38387886000.0,19726821655.0,283833000.0,0.0,46343000.0,2675956000.0,-743286000.0,1956185000.0,-4741198000.0,2190355000.0,3068846000.0,0.0,1403711000.0,1385391000.0,1385391000.0,0.0,0.0,0.136,1929627000.0,1865623000.0,2872447000.0,0.537,1.831,14.239,14.218,38342186000.0,18320000.0,98.53,1.933,1.933,1347420000.0,9699435000.0,10205841000.0,10205841000.0,0.0,0.025,0.129,0.03,0.206,0.0,0.0,1.0,200211323.0,200220018,201115768.0,50.973,55693079000.0,76247000.0,-75890000.0,6915367000.0,278.159,-2812721000.0
4,ETR,MRT,2020-06-30,2020-06-30,2020-06-30,2021-09-07,-449207000.0,58239212000.0,54981562000.0,4559899000.0,53679313000.0,0.19,54.582,-4795850000.0,1759099000.0,1759099000.0,6693602000.0,1247471000.0,0.646,4.327,23997265000.0,2791504000.0,21205761000.0,23997265000.0,0.0,2244718000.0,401512000.0,0.039,3.7,1820720000.0,4065438000.0,0.389,4065438000.0,1820720000.0,1051338000.0,6.17,6.12,6.17,10926142000.0,10574908500.0,10926142000.0,38713717029.0,21.0,9.523,-1584006000.0,-7.913,1.0,3749246000.0,0.359,377172000.0,769382000.0,73039700000.0,69080318500.0,1135119000.0,0.0,0.0,0.0,47278070000.0,7060506000.0,40217564000.0,18777191029.0,299559000.0,0.0,77818000.0,2426813000.0,-738035000.0,1771149000.0,-4683434000.0,2864492000.0,3211844000.0,0.0,1247471000.0,1229512000.0,1229512000.0,0.0,0.0,0.118,2141710000.0,1607536000.0,2739437000.0,0.6,1.719,15.272,15.204,39196105000.0,17959000.0,93.81,1.798,1.798,1285727000.0,9897182000.0,10442848000.0,10442848000.0,0.0,0.022,0.116,0.026,0.174,0.0,0.0,1.0,200161934.0,200178010,200886749.0,52.168,57862040000.0,76289000.0,-196133000.0,6600717000.0,289.053,-2500607000.0
5,ETR,MRT,2020-03-31,2020-03-31,2020-03-31,2021-09-07,-449207000.0,58239212000.0,53352737000.0,4559899000.0,53679313000.0,0.2,54.688,-4766074000.0,1759099000.0,1759099000.0,7070259000.0,1122891000.0,0.646,4.327,23997265000.0,2791504000.0,21205761000.0,23997265000.0,0.0,2220685000.0,401512000.0,0.039,3.68,1588128000.0,3808813000.0,0.356,3808813000.0,1588128000.0,839101000.0,5.59,5.55,5.59,10926142000.0,10399291750.0,10926142000.0,38162981570.0,24.0,10.02,-1791576000.0,-8.967,1.0,3626010000.0,0.339,377172000.0,749027000.0,73039700000.0,67100627750.0,1135119000.0,0.0,0.0,0.0,47278070000.0,7060506000.0,40217564000.0,18768321570.0,480337000.0,0.0,705899000.0,2119903000.0,-724745000.0,2110610000.0,-4604771000.0,3494830000.0,2974498000.0,0.0,1122891000.0,1105403000.0,1105403000.0,0.0,0.0,0.103,2119010000.0,1507000000.0,2739437000.0,0.658,1.718,16.979,16.81,39196105000.0,17488000.0,93.97,1.755,1.755,1285727000.0,9897182000.0,10696269000.0,10696269000.0,0.0,0.021,0.106,0.024,0.148,0.0,0.0,1.0,199726738.0,199790016,200901349.0,53.538,57862040000.0,76289000.0,-283790000.0,6600717000.0,289.614,-2500607000.0
6,ETR,MRT,2019-12-31,2019-12-31,2019-12-31,2021-09-07,-446920000.0,51723912000.0,51723912000.0,3045992000.0,48677920000.0,0.21,52.376,-4602573000.0,425722000.0,425722000.0,7343551000.0,1258244000.0,0.542,4.056,19820382000.0,2741739000.0,17078643000.0,19820382000.0,0.0,2182313000.0,409171000.0,0.031,3.66,1830844000.0,4013157000.0,0.369,4013157000.0,1830844000.0,1088419000.0,6.36,6.3,6.36,10223675000.0,10223675000.0,10223675000.0,42272412543.0,23.0,10.533,-1785946000.0,-9.15,1.0,3535122000.0,0.325,377172000.0,742425000.0,65120937000.0,65120937000.0,970465000.0,0.0,0.0,0.0,41465237000.0,5620463000.0,35844774000.0,23852429543.0,-55253000.0,0.0,701512000.0,1689405000.0,-711573000.0,1638362000.0,-4510242000.0,4151670000.0,2816627000.0,0.0,1258244000.0,1241226000.0,1241226000.0,0.0,0.0,0.114,2144625000.0,1390497000.0,1499861000.0,0.575,2.333,19.217,18.836,35515557000.0,17018000.0,119.8,2.193,2.15,1208592000.0,9257609000.0,10878673000.0,10878673000.0,0.0,0.024,0.121,0.028,0.168,0.0,0.0,1.0,199102083.0,195195858,196999284.0,55.732,51346740000.0,64461000.0,-169825000.0,6551374000.0,263.052,-2574471000.0
7,ETR,MRT,2019-09-30,2019-09-30,2019-09-30,2021-09-07,-446920000.0,51723912000.0,50861700500.0,3045992000.0,48677920000.0,0.215,51.393,-4320465000.0,425722000.0,425722000.0,7594602000.0,806316000.0,0.542,4.056,19820382000.0,2741739000.0,17078643000.0,19820382000.0,0.0,2157888000.0,409171000.0,0.031,3.64,1097318000.0,3255206000.0,0.298,3255206000.0,1097318000.0,362857000.0,4.02,3.98,4.02,10223675000.0,9878832500.0,10223675000.0,41688510577.0,38.0,12.807,-1676775000.0,-8.429,1.0,3334248000.0,0.305,377172000.0,734461000.0,65120937000.0,63861709250.0,970465000.0,0.0,0.0,0.0,41465237000.0,5620463000.0,35844774000.0,23334659577.0,-32150000.0,0.0,1274894000.0,892455000.0,-691247000.0,1454592000.0,-4130432000.0,5837498000.0,2643690000.0,0.0,806316000.0,790302000.0,790302000.0,0.0,0.0,0.072,2421222000.0,913026000.0,1499861000.0,0.905,2.282,29.526,29.194,35515557000.0,16014000.0,117.36,2.135,2.136,1208592000.0,9257609000.0,10928850000.0,10928850000.0,0.0,0.016,0.08,0.017,0.1,0.0,0.0,1.0,198829751.0,198932387,200492935.0,54.938,51346740000.0,64461000.0,-443459000.0,6551374000.0,258.112,-2574471000.0
8,ETR,MRT,2019-06-30,2019-06-30,2019-06-30,2021-09-07,-446920000.0,51723912000.0,49999489000.0,3045992000.0,48677920000.0,0.218,52.967,-4409980000.0,425722000.0,425722000.0,7880368000.0,976675000.0,0.542,4.056,19820382000.0,2741739000.0,17078643000.0,19820382000.0,0.0,2081753000.0,409171000.0,0.035,3.62,948898000.0,3030651000.0,0.278,3030651000.0,948898000.0,221009000.0,5.14,5.08,5.14,10223675000.0,9533990000.0,10223675000.0,37825851601.0,40.0,12.481,-2051566000.0,-10.629,1.0,3012226000.0,0.277,377172000.0,727889000.0,65120937000.0,62602481500.0,970465000.0,0.0,0.0,0.0,41465237000.0,5620463000.0,35844774000.0,19549129601.0,-176878000.0,0.0,1264343000.0,1108147000.0,-671335000.0,1666004000.0,-4201296000.0,7178878000.0,2358414000.0,0.0,976675000.0,961441000.0,961441000.0,0.0,0.0,0.088,2348094000.0,664132000.0,1499861000.0,0.704,1.912,20.333,20.025,35515557000.0,15234000.0,102.93,1.795,1.824,1208592000.0,9257609000.0,10892594000.0,10892594000.0,0.0,0.019,0.101,0.015,0.087,0.0,0.0,1.0,189926451.0,193019269,194238315.0,56.433,51346740000.0,64461000.0,-755666000.0,6551374000.0,266.019,-2574471000.0
9,ETR,MRT,2019-03-31,2019-03-31,2019-03-31,2021-09-07,-446920000.0,51723912000.0,49137277500.0,3045992000.0,48677920000.0,0.222,53.929,-4255263000.0,425722000.0,425722000.0,7927790000.0,985002000.0,0.542,4.056,19820382000.0,2741739000.0,17078643000.0,19820382000.0,0.0,2045598000.0,409171000.0,0.038,3.6,668516000.0,2714114000.0,0.249,2714114000.0,668516000.0,-52718000.0,5.28,5.2,5.28,10223675000.0,9189147500.0,10223675000.0,35781255363.0,54.0,13.183,-1926220000.0,-10.161,1.0,2967365000.0,0.272,377172000.0,721234000.0,65120937000.0,61343253750.0,970465000.0,0.0,0.0,0.0,41465237000.0,5620463000.0,35844774000.0,18129584363.0,-222100000.0,0.0,636212000.0,1580638000.0,-659408000.0,1531364000.0,-4082507000.0,6685957000.0,2329043000.0,0.0,985002000.0,970438000.0,970438000.0,0.0,0.0,0.089,2550411000.0,416954000.0,1499861000.0,0.682,1.773,18.682,18.112,35515557000.0,14564000.0,95.63,1.664,1.664,1208592000.0,9257609000.0,10895155000.0,10895155000.0,0.0,0.02,0.106,0.011,0.061,0.0,0.0,1.0,189580512.0,189575187,192234191.0,57.471,51346740000.0,64461000.0,-1037720000.0,6551374000.0,270.852,-2574471000.0
10,ETR,MRT,2018-12-31,2018-12-31,2018-12-31,2021-09-07,-557173000.0,48275066000.0,48275066000.0,2958064000.0,45317002000.0,0.228,48.753,-4246315000.0,480975000.0,480975000.0,7948767000.0,862555000.0,0.543,4.458,18110651000.0,2592348000.0,15518303000.0,18110651000.0,0.0,2040555000.0,411505000.0,0.042,3.58,533077000.0,2573632000.0,0.234,2573632000.0,533077000.0,-174271000.0,4.68,4.63,4.68,8844305000.0,8844305000.0,8844305000.0,33087795445.0,62.0,12.856,-1861068000.0,-10.259,1.0,3060685000.0,0.278,377172000.0,707348000.0,60084026000.0,60084026000.0,870147000.0,0.0,0.0,0.0,39430761000.0,5443544000.0,33987217000.0,15590910445.0,-300298000.0,0.0,602587000.0,1433829000.0,-647704000.0,1420442000.0,-4105987000.0,6430291000.0,2385247000.0,0.0,862555000.0,848661000.0,848661000.0,0.0,0.0,0.077,2591320000.0,469365000.0,1496058000.0,0.765,1.763,18.371,18.391,32278828000.0,13894000.0,86.07,1.416,1.418,1114405000.0,8721150000.0,11009452000.0,11009452000.0,0.0,0.018,0.096,0.009,0.048,0.0,0.0,1.0,181142215.0,181409597,183378513.0,60.688,47897894000.0,54593000.0,-1036826000.0,6639642000.0,264.032,-2485480000.0
11,ETR,MRT,2018-09-30,2018-09-30,2018-09-30,2021-09-07,-557173000.0,48275066000.0,47883086750.0,2958064000.0,45317002000.0,0.232,48.863,-4194411000.0,480975000.0,480975000.0,7863276000.0,449167000.0,0.543,4.458,18110651000.0,2592348000.0,15518303000.0,18110651000.0,0.0,2034357000.0,411505000.0,0.044,3.56,1257267000.0,3291624000.0,0.296,3291624000.0,1257267000.0,559353000.0,2.38,2.33,2.38,8844305000.0,8631357500.0,8844305000.0,31741383746.0,25.0,9.643,-1424158000.0,-7.868,1.0,3257539000.0,0.293,377172000.0,697914000.0,60084026000.0,59360416500.0,870147000.0,0.0,0.0,0.0,39430761000.0,5443544000.0,33987217000.0,14672768746.0,441690000.0,0.0,90254000.0,2240318000.0,-643354000.0,1685245000.0,-4013808000.0,5515038000.0,2770253000.0,0.0,449167000.0,435447000.0,435447000.0,0.0,0.0,0.039,2322171000.0,935368000.0,1496058000.0,1.496,1.659,33.696,34.088,32278828000.0,13720000.0,81.13,1.319,1.32,1114405000.0,8721150000.0,11120815000.0,11120815000.0,0.0,0.009,0.05,0.021,0.113,0.0,0.0,1.0,180855032.0,181002303,183664583.0,61.44,47897894000.0,54593000.0,110186000.0,6639642000.0,264.626,-2485480000.0
12,ETR,MRT,2018-06-30,2018-06-30,2018-06-30,2021-09-07,-557173000.0,48275066000.0,47491107500.0,2958064000.0,45317002000.0,0.237,48.911,-4038727000.0,480975000.0,480975000.0,7639599000.0,310993000.0,0.543,4.458,18110651000.0,2592348000.0,15518303000.0,18110651000.0,0.0,2063516000.0,411505000.0,0.044,3.54,1630726000.0,3694242000.0,0.328,3694242000.0,1630726000.0,945980000.0,1.64,1.62,1.64,8844305000.0,8418410000.0,8844305000.0,31082962583.0,19.0,8.414,-1154987000.0,-6.387,1.0,3620525000.0,0.322,377172000.0,684746000.0,60084026000.0,58636807000.0,870147000.0,0.0,0.0,0.0,39430761000.0,5443544000.0,33987217000.0,14608740583.0,-121708000.0,0.0,76601000.0,1578713000.0,-638497000.0,995089000.0,-4000537000.0,3489823000.0,2883740000.0,0.0,310993000.0,297266000.0,297266000.0,0.0,0.0,0.026,2197189000.0,1423336000.0,1496058000.0,2.159,1.652,49.144,49.262,32278828000.0,13727000.0,80.79,1.297,1.297,1114405000.0,8721150000.0,11260124000.0,11260124000.0,0.0,0.006,0.035,0.028,0.145,0.0,0.0,1.0,180823624.0,180823203,182982630.0,62.271,47897894000.0,54593000.0,634987000.0,6639642000.0,264.888,-2485480000.0
13,ETR,MRT,2018-03-31,2018-03-31,2018-03-31,2021-09-07,-557173000.0,48275066000.0,47099128250.0,2958064000.0,45317002000.0,0.238,48.943,-4050683000.0,480975000.0,480975000.0,7521716000.0,475501000.0,0.543,4.458,18110651000.0,2592348000.0,15518303000.0,18110651000.0,0.0,2072386000.0,411505000.0,0.045,3.52,1723926000.0,3796312000.0,0.339,3796312000.0,1723926000.0,1053972000.0,2.56,2.55,2.56,8844305000.0,8205462500.0,8844305000.0,30136908773.0,17.0,7.938,-1399183000.0,-7.743,1.0,3688188000.0,0.329,377172000.0,669954000.0,60084026000.0,57913197500.0,870147000.0,0.0,0.0,0.0,39430761000.0,5443544000.0,33987217000.0,14241090773.0,122534000.0,0.0,80233000.0,2052668000.0,-633699000.0,1474721000.0,-4003687000.0,3751378000.0,2651500000.0,0.0,475501000.0,461767000.0,461767000.0,0.0,0.0,0.041,2187610000.0,1500578000.0,1496058000.0,1.375,1.61,30.84,30.773,32278828000.0,13734000.0,78.78,1.27,1.27,1114405000.0,8721150000.0,11209904000.0,11209904000.0,0.0,0.01,0.056,0.03,0.154,0.0,0.0,1.0,180770383.0,180707575,181431968.0,62.033,47897894000.0,54593000.0,578471000.0,6639642000.0,265.057,-2485480000.0
14,ETR,MRT,2017-12-31,2017-12-31,2017-12-31,2021-09-07,-23531000.0,46707149000.0,46707149000.0,3285331000.0,43421818000.0,0.237,44.484,-3901618000.0,781273000.0,781273000.0,7511940000.0,425353000.0,0.652,4.844,16677091000.0,2339817000.0,14337274000.0,16677091000.0,0.0,2078578000.0,401330000.0,0.043,3.5,1630266000.0,3708844000.0,0.335,3708844000.0,1630266000.0,967923000.0,2.29,2.28,2.29,7992515000.0,7992515000.0,7992515000.0,30348614016.0,19.0,8.183,-1278118000.0,-7.114,1.0,3562541000.0,0.322,377172000.0,662343000.0,57189588000.0,57189588000.0,905865000.0,198000.0,0.0,198000.0,38714634000.0,5036207000.0,33678427000.0,14670662016.0,-406571000.0,0.0,80729000.0,1387005000.0,-628885000.0,810978000.0,-3841049000.0,3163825000.0,2623500000.0,0.0,425353000.0,411612000.0,411612000.0,0.0,0.0,0.037,2202134000.0,1360407000.0,1452216000.0,1.528,1.836,35.642,35.541,29925340000.0,13741000.0,81.39,1.325,1.32,1212950000.0,7977702000.0,11074481000.0,11074481000.0,0.0,0.009,0.051,0.029,0.147,0.0,0.0,1.0,180251407.0,179671797,180535893.0,61.637,46329977000.0,178204000.0,542570000.0,7801308000.0,257.859,-1750876000.0
15,ETR,MRT,2017-09-30,2017-09-30,2017-09-30,2021-09-07,-23531000.0,46707149000.0,46506470250.0,3285331000.0,43421818000.0,0.239,44.511,-3679316000.0,781273000.0,781273000.0,7520364000.0,-864475000.0,0.652,4.844,16677091000.0,2339817000.0,14337274000.0,16677091000.0,0.0,2135984000.0,401330000.0,0.046,3.48,-1261821000.0,874163000.0,0.079,874163000.0,-1261821000.0,-1918167000.0,-4.93,-4.92,-4.93,7992515000.0,8014838500.0,7992515000.0,29058856804.0,-23.0,33.242,-1220261000.0,-6.796,1.0,3578799000.0,0.322,377172000.0,656346000.0,57189588000.0,56995664250.0,905865000.0,198000.0,0.0,198000.0,38714634000.0,5036207000.0,33678427000.0,13708148804.0,-761143000.0,0.0,15115000.0,1129388000.0,-624238000.0,475080000.0,-3695278000.0,2411975000.0,2459055000.0,0.0,-864475000.0,-878342000.0,-878342000.0,0.0,0.0,-0.079,4983231000.0,-1404432000.0,1452216000.0,-0.706,1.715,-15.607,-15.489,29925340000.0,13867000.0,76.36,1.235,1.235,1212950000.0,7977702000.0,11099163000.0,11099163000.0,0.0,-0.019,-0.11,-0.022,-0.114,0.0,0.0,1.0,179520021.0,179563819,180464069.0,61.812,46329977000.0,178204000.0,-1053692000.0,7801308000.0,258.014,-1750876000.0
16,ETR,MRT,2017-06-30,2017-06-30,2017-06-30,2021-09-07,-23531000.0,46707149000.0,46305791500.0,3285331000.0,43421818000.0,0.237,44.533,-3507217000.0,781273000.0,781273000.0,7396550000.0,-872915000.0,0.652,4.844,16677091000.0,2339817000.0,14337274000.0,16677091000.0,0.0,2153209000.0,401330000.0,0.045,3.46,-1253854000.0,899355000.0,0.082,899355000.0,-1253854000.0,-1910496000.0,-4.98,-4.97,-4.98,7992515000.0,8037162000.0,7992515000.0,28305131913.0,-23.0,31.473,-940915000.0,-5.243,1.0,3583688000.0,0.326,377172000.0,656642000.0,57189588000.0,56801740500.0,905865000.0,198000.0,0.0,198000.0,38714634000.0,5036207000.0,33678427000.0,13777596913.0,-61604000.0,0.0,24078000.0,1446934000.0,-620201000.0,726108000.0,-3354014000.0,2649706000.0,2566302000.0,0.0,-872915000.0,-888370000.0,-888370000.0,0.0,0.0,-0.081,4975063000.0,-1391375000.0,1452216000.0,-0.695,1.724,-15.509,-15.416,29925340000.0,15455000.0,76.77,1.255,1.255,1212950000.0,7977702000.0,10980238000.0,10980238000.0,0.0,-0.019,-0.111,-0.022,-0.114,0.0,0.0,1.0,179465897.0,179475346,180234694.0,61.18,46329977000.0,178204000.0,-1037581000.0,7801308000.0,258.141,-1750876000.0
17,ETR,MRT,2017-03-31,2017-03-31,2017-03-31,2021-09-07,-23531000.0,46707149000.0,46105112750.0,3285331000.0,43421818000.0,0.235,44.567,-3206710000.0,781273000.0,781273000.0,7177276000.0,-713693000.0,0.652,4.844,16677091000.0,2339817000.0,14337274000.0,16677091000.0,0.0,2154416000.0,401330000.0,0.045,3.44,-998848000.0,1155568000.0,0.107,1155568000.0,-998848000.0,-1663135000.0,-4.09,-4.08,-4.09,7992515000.0,8059485500.0,7992515000.0,27713548260.0,-28.0,23.983,-211439000.0,-1.179,1.0,3646974000.0,0.337,377172000.0,664287000.0,57189588000.0,56607816750.0,905865000.0,198000.0,0.0,198000.0,38714634000.0,5036207000.0,33678427000.0,13626821260.0,-8589000.0,0.0,29775000.0,504915000.0,-616069000.0,-220039000.0,-2783821000.0,2388443000.0,2995271000.0,0.0,-713693000.0,-730978000.0,-730978000.0,0.0,0.0,-0.068,4764930000.0,-1117956000.0,1452216000.0,-0.841,1.705,-18.642,-18.572,29925340000.0,17285000.0,75.96,1.259,1.258,1212950000.0,7977702000.0,10824250000.0,10824250000.0,0.0,-0.016,-0.091,-0.018,-0.092,0.0,0.0,1.0,179394698.0,179335063,179842053.0,60.358,46329977000.0,178204000.0,-949442000.0,7801308000.0,258.343,-1750876000.0
18,ETR,MRT,2016-12-31,2016-12-31,2016-12-31,2021-09-07,-34971000.0,45904434000.0,45904434000.0,3684268000.0,42220166000.0,0.236,45.179,-4044257000.0,1187844000.0,1187844000.0,7056384000.0,-564503000.0,1.151,4.68,15274571000.0,782334000.0,14492237000.0,15274571000.0,0.0,2123291000.0,403311000.0,0.047,3.42,-715392000.0,1407899000.0,0.13,1407899000.0,-715392000.0,-1381762000.0,-3.26,-3.26,-3.26,8081809000.0,8081809000.0,8081809000.0,26926058225.0,-38.0,19.125,-1045558000.0,-5.845,1.0,3789261000.0,0.349,377172000.0,666370000.0,56413893000.0,56413893000.0,878123000.0,198000.0,0.0,198000.0,37822625000.0,3200096000.0,34622529000.0,13160526225.0,-163117000.0,0.0,33114000.0,1409897000.0,-611835000.0,688232000.0,-3850048000.0,2417975000.0,2998699000.0,0.0,-564503000.0,-583618000.0,-583618000.0,0.0,0.0,-0.054,4604492000.0,-815231000.0,1285577000.0,-1.049,1.628,-22.55,-22.537,28155048000.0,19115000.0,73.47,1.213,1.212,1170167000.0,8195571000.0,10845645000.0,10845645000.0,0.0,-0.013,-0.072,-0.013,-0.066,0.0,0.0,1.0,179127892.0,178885660,178885660.0,60.629,45527262000.0,117885000.0,-817259000.0,7903551000.0,254.505,484172000.0
19,ETR,MRT,2016-09-30,2016-09-30,2016-09-30,2021-09-07,-34971000.0,45904434000.0,45590245750.0,3684268000.0,42220166000.0,0.235,45.144,-3578137000.0,1187844000.0,1187844000.0,7066302000.0,1305885000.0,1.151,4.68,15274571000.0,782334000.0,14492237000.0,15274571000.0,0.0,2053418000.0,403311000.0,0.044,3.4,1590444000.0,3643862000.0,0.34,3643862000.0,1590444000.0,929248000.0,7.18,7.15,7.18,8081809000.0,8375554500.0,8081809000.0,27574269154.0,17.0,7.567,-384203000.0,-2.146,1.0,3639338000.0,0.34,377172000.0,661196000.0,56413893000.0,55730314250.0,878123000.0,198000.0,0.0,198000.0,37822625000.0,3200096000.0,34622529000.0,13733294154.0,266836000.0,0.0,33268000.0,1060108000.0,-607622000.0,477802000.0,-3404900000.0,2816877000.0,3193934000.0,0.0,1305885000.0,1285023000.0,1285023000.0,0.0,0.0,0.12,2335140000.0,1304198000.0,1285577000.0,0.474,1.699,10.687,10.687,28155048000.0,20862000.0,76.73,1.283,1.283,1170167000.0,8195571000.0,10705640000.0,10705640000.0,0.0,0.028,0.153,0.029,0.149,0.0,0.0,1.0,178982069.0,179023351,179990888.0,59.8,45527262000.0,117885000.0,-376637000.0,7903551000.0,254.309,484172000.0
20,ETR,MRT,2016-06-30,2016-06-30,2016-06-30,2021-09-07,-34971000.0,45904434000.0,45276057500.0,3684268000.0,42220166000.0,0.242,45.198,-3611936000.0,1187844000.0,1187844000.0,7459607000.0,194448000.0,1.151,4.68,15274571000.0,782334000.0,14492237000.0,15274571000.0,0.0,2060101000.0,403311000.0,0.042,3.38,-149699000.0,1910402000.0,0.174,1910402000.0,-149699000.0,-807760000.0,0.97,0.95,0.97,8081809000.0,8669300000.0,8081809000.0,28540921530.0,-191.0,14.94,-407033000.0,-2.276,1.0,3492736000.0,0.319,377172000.0,658061000.0,56413893000.0,55046735500.0,878123000.0,198000.0,0.0,198000.0,37822625000.0,3200096000.0,34622529000.0,14540569530.0,85729000.0,0.0,-57405000.0,1081182000.0,-604481000.0,385755000.0,-3504929000.0,2830899000.0,3204903000.0,0.0,194448000.0,173826000.0,173826000.0,0.0,0.0,0.016,3925614000.0,-432878000.0,1285577000.0,3.485,1.799,83.65,83.866,28155048000.0,20622000.0,81.35,1.328,1.328,1170167000.0,8195571000.0,10952343000.0,10952343000.0,0.0,0.004,0.02,-0.003,-0.014,0.0,0.0,1.0,178740867.0,178808149,179503582.0,61.252,45527262000.0,117885000.0,-1002208000.0,7903551000.0,254.615,484172000.0
21,ETR,MRT,2016-03-31,2016-03-31,2016-03-31,2021-09-07,-34971000.0,45904434000.0,44961869250.0,3684268000.0,42220166000.0,0.249,45.256,-3547316000.0,1187844000.0,1187844000.0,7803928000.0,-224420000.0,1.151,4.68,15274571000.0,782334000.0,14492237000.0,15274571000.0,0.0,2091476000.0,403311000.0,0.042,3.36,-230496000.0,1860980000.0,0.166,1860980000.0,-230496000.0,-877874000.0,-1.37,-1.38,-1.37,8081809000.0,8963045500.0,8081809000.0,26649874742.0,-116.0,14.32,-334269000.0,-1.872,1.0,3399084000.0,0.303,377172000.0,647378000.0,56413893000.0,54363156750.0,878123000.0,198000.0,0.0,198000.0,37822625000.0,3200096000.0,34622529000.0,14150847742.0,-88895000.0,0.0,-67732000.0,1161673000.0,-601479000.0,484988000.0,-3786930000.0,2532533000.0,3213047000.0,0.0,-224420000.0,-244645000.0,-244645000.0,0.0,0.0,-0.022,3896837000.0,-497753000.0,1285577000.0,-2.453,1.751,-57.842,-57.869,28155048000.0,20225000.0,79.28,1.263,1.264,1170167000.0,8195571000.0,11203012000.0,11203012000.0,0.0,-0.005,-0.027,-0.004,-0.021,0.0,0.0,1.0,178492025.0,178578536,178976380.0,62.734,45527262000.0,117885000.0,-653454000.0,7903551000.0,254.943,484172000.0
22,ETR,MRT,2015-12-31,2015-12-31,2015-12-31,2021-09-07,8951000.0,44647681000.0,44647681000.0,4067412000.0,40580269000.0,0.258,51.663,-2507058000.0,1350961000.0,1350961000.0,8068695000.0,-156734000.0,1.316,3.823,13849988000.0,711431000.0,13138557000.0,13849988000.0,0.0,2117236000.0,419407000.0,0.049,3.34,-156192000.0,1961044000.0,0.17,1961044000.0,-156192000.0,-799661000.0,-0.99,-0.99,-0.99,9256791000.0,9256791000.0,9256791000.0,25297560648.0,-162.0,12.9,784126000.0,4.376,1.0,3444556000.0,0.299,377172000.0,643469000.0,53679578000.0,53679578000.0,1091167000.0,4341000.0,0.0,4341000.0,35390890000.0,3089958000.0,32300932000.0,12194521648.0,-71065000.0,0.0,-75441000.0,-63376000.0,-598897000.0,-753467000.0,-2608782000.0,2492747000.0,3291184000.0,0.0,-156734000.0,-176562000.0,-176562000.0,0.0,0.0,-0.015,3897758000.0,-453202000.0,1071798000.0,-3.374,1.317,-69.067,-69.051,28044360000.0,19828000.0,68.36,1.059,1.064,1068900000.0,9393913000.0,11513251000.0,11513251000.0,0.0,-0.004,-0.019,-0.003,-0.014,0.0,0.0,1.0,178386800.0,179176356,179176356.0,64.257,44270509000.0,54903000.0,-642927000.0,8751242000.0,247.078,977454000.0
23,ETR,MRT,2015-09-30,2015-09-30,2015-09-30,2021-09-07,8951000.0,44647681000.0,45089374500.0,4067412000.0,40580269000.0,0.263,51.67,-2838676000.0,1350961000.0,1350961000.0,8266448000.0,-136575000.0,1.316,3.823,13849988000.0,711431000.0,13138557000.0,13849988000.0,0.0,2155035000.0,419407000.0,0.051,3.32,472578000.0,2627613000.0,0.222,2627613000.0,472578000.0,-171865000.0,-0.89,-0.9,-0.89,9256791000.0,9444524500.0,9256791000.0,24634715241.0,52.0,9.375,509041000.0,2.841,1.0,3569597000.0,0.302,377172000.0,644443000.0,53679578000.0,53930452500.0,1091167000.0,4341000.0,0.0,4341000.0,35390890000.0,3089958000.0,32300932000.0,11687293241.0,-27911000.0,0.0,-133803000.0,446190000.0,-597077000.0,-403207000.0,-2972421000.0,1907627000.0,3347717000.0,0.0,-136575000.0,-156007000.0,-156007000.0,0.0,0.0,-0.013,3294788000.0,274809000.0,1071798000.0,-3.73,1.263,-74.915,-73.146,28044360000.0,19432000.0,65.1,0.987,0.985,1068900000.0,9393913000.0,11836045000.0,11836045000.0,0.0,-0.003,-0.017,0.009,0.04,0.0,0.0,1.0,179528314.0,179151832,179151832.0,66.067,44270509000.0,54903000.0,-35290000.0,8751242000.0,247.112,977454000.0
24,ETR,MRT,2015-06-30,2015-06-30,2015-06-30,2021-09-07,8951000.0,44647681000.0,45559417750.0,4067412000.0,40580269000.0,0.262,51.564,-2722455000.0,1350961000.0,1350961000.0,8395451000.0,816574000.0,1.316,3.823,13849988000.0,711431000.0,13138557000.0,13849988000.0,0.0,2155810000.0,419407000.0,0.047,3.32,1946915000.0,4102725000.0,0.344,4102725000.0,1946915000.0,1310714000.0,4.43,4.41,4.43,9256791000.0,9632258000.0,9256791000.0,25520211549.0,13.0,6.22,976904000.0,5.442,1.0,3527298000.0,0.296,377172000.0,636201000.0,53679578000.0,54238026500.0,1091167000.0,4341000.0,0.0,4341000.0,35390890000.0,3089958000.0,32300932000.0,12656313549.0,260302000.0,0.0,-52685000.0,150945000.0,-597148000.0,-505138000.0,-2933919000.0,1972860000.0,3699359000.0,0.0,816574000.0,797057000.0,797057000.0,0.0,0.0,0.067,1794614000.0,1732684000.0,1071798000.0,0.749,1.367,15.879,15.914,28044360000.0,19517000.0,70.5,1.062,1.062,1068900000.0,9393913000.0,11922749000.0,11922749000.0,0.0,0.017,0.083,0.036,0.163,0.0,0.0,1.0,179522178.0,179521276,180119837.0,66.414,44270509000.0,54903000.0,494140000.0,8751242000.0,246.603,977454000.0
25,ETR,MRT,2015-03-31,2015-03-31,2015-03-31,2021-09-07,8951000.0,44647681000.0,46029461000.0,4067412000.0,40580269000.0,0.265,51.524,-2660067000.0,1350961000.0,1350961000.0,8627595000.0,857133000.0,1.316,3.823,13849988000.0,711431000.0,13138557000.0,13849988000.0,0.0,2137458000.0,419407000.0,0.043,3.32,2012431000.0,4149889000.0,0.34,4149889000.0,2012431000.0,1380235000.0,4.66,4.63,4.66,9256791000.0,9819991500.0,9256791000.0,26532838323.0,13.0,6.394,1073295000.0,5.974,1.0,3578573000.0,0.293,377172000.0,632196000.0,53679578000.0,54545600500.0,1091167000.0,4341000.0,0.0,4341000.0,35390890000.0,3089958000.0,32300932000.0,13924755323.0,272063000.0,0.0,-25865000.0,165691000.0,-597099000.0,-462531000.0,-2998768000.0,1857609000.0,3733362000.0,0.0,857133000.0,837597000.0,837597000.0,0.0,0.0,0.069,1768795000.0,1809778000.0,1071798000.0,0.712,1.504,16.625,16.629,28044360000.0,19536000.0,77.49,1.141,1.141,1068900000.0,9393913000.0,12206168000.0,12206168000.0,0.0,0.018,0.085,0.037,0.165,0.0,0.0,1.0,179697449.0,179658981,180480523.0,67.941,44270509000.0,54903000.0,523102000.0,8751242000.0,246.414,977454000.0
26,ETR,MRT,2014-12-31,2014-12-31,2014-12-31,2021-09-07,-42307000.0,46414455000.0,46499504250.0,4389633000.0,42024822000.0,0.269,55.751,-2646639000.0,1422026000.0,1422026000.0,8730793000.0,960257000.0,1.14,3.628,13916710000.0,1500290000.0,12416420000.0,13916710000.0,0.0,2127892000.0,412166000.0,0.038,3.32,2177361000.0,4305253000.0,0.345,4305253000.0,2177361000.0,1549854000.0,5.24,5.22,5.24,10007725000.0,10007725000.0,10007725000.0,28392947690.0,13.0,6.595,1242922000.0,6.924,1.0,3764128000.0,0.301,377172000.0,627507000.0,54683076000.0,54853174500.0,1124018000.0,36234000.0,0.0,36234000.0,36312730000.0,3848891000.0,32463839000.0,15788489690.0,682900000.0,0.0,11595000.0,328281000.0,-596117000.0,-252173000.0,-2954488000.0,1919098000.0,3889561000.0,0.0,960257000.0,940721000.0,940721000.0,0.0,0.0,0.075,1757239000.0,2006889000.0,1166431000.0,0.634,1.578,16.783,16.695,28936737000.0,19536000.0,87.48,1.264,1.257,1103255000.0,10169657000.0,12494921000.0,12494921000.0,0.0,0.02,0.094,0.04,0.174,0.0,0.0,1.0,180481135.0,179506151,180296885.0,69.607,46037283000.0,76134000.0,589597000.0,9546829000.0,256.466,540742000.0
27,ETR,MRT,2014-09-30,2014-09-30,2014-09-30,2021-09-07,-42307000.0,46527854000.0,45747502000.0,4389633000.0,42138221000.0,0.27,55.719,-2493037000.0,1422026000.0,1422026000.0,8658612000.0,986602000.0,1.14,3.64,14030109000.0,1500290000.0,12529819000.0,14030109000.0,0.0,2124638000.0,412166000.0,0.043,3.32,2129062000.0,4253700000.0,0.344,4253700000.0,2129062000.0,1505855000.0,5.4,5.39,5.4,10007725000.0,9913910250.0,10007725000.0,26930540336.0,13.0,6.331,1388212000.0,7.729,1.0,3696897000.0,0.299,377172000.0,623207000.0,54909874000.0,54159217500.0,1124018000.0,36234000.0,0.0,36234000.0,36426129000.0,3848891000.0,32577238000.0,13889087336.0,703177000.0,147922000.0,73616000.0,28910000.0,-594314000.0,-465522000.0,-2712258000.0,2412449000.0,3881249000.0,-292000.0,986602000.0,967523000.0,967523000.0,0.0,0.0,0.078,1827706000.0,1869191000.0,1166431000.0,0.615,1.388,14.355,14.32,28936737000.0,19079000.0,77.33,1.124,1.124,1103255000.0,10169657000.0,12355509000.0,12355509000.0,0.0,0.021,0.098,0.039,0.172,0.0,0.0,1.0,179608009.0,179610067,180527116.0,68.791,46150682000.0,76134000.0,519253000.0,9546829000.0,256.949,540742000.0
28,ETR,MRT,2014-06-30,2014-06-30,2014-06-30,2021-09-07,-42307000.0,46527854000.0,44967150000.0,4389633000.0,42138221000.0,0.272,55.799,-2554164000.0,1422026000.0,1422026000.0,8533135000.0,995868000.0,1.14,3.64,14030109000.0,1500290000.0,12529819000.0,14030109000.0,0.0,2105096000.0,412166000.0,0.04,3.32,1996349000.0,4101445000.0,0.335,4101445000.0,1996349000.0,1377909000.0,5.47,5.46,5.47,10007725000.0,9820095500.0,10007725000.0,27677092052.0,14.0,6.748,1047713000.0,5.842,1.0,3716223000.0,0.303,377172000.0,618440000.0,54909874000.0,53408561000.0,1124018000.0,36234000.0,0.0,36234000.0,36426129000.0,3848891000.0,32577238000.0,14725446052.0,338696000.0,147922000.0,70992000.0,-75749000.0,-593211000.0,-575106000.0,-2687079000.0,2038544000.0,3601877000.0,-996000.0,995868000.0,977336000.0,977336000.0,0.0,0.0,0.08,1950997000.0,1765226000.0,1166431000.0,0.607,1.471,15.067,15.007,28936737000.0,18532000.0,82.09,1.202,1.202,1103255000.0,10169657000.0,12249358000.0,12249358000.0,0.0,0.022,0.1,0.037,0.163,0.0,0.0,1.0,179381728.0,179354103,180045432.0,68.297,46150682000.0,76134000.0,382041000.0,9546829000.0,257.316,540742000.0
29,ETR,MRT,2014-03-31,2014-03-31,2014-03-31,2021-09-07,-42307000.0,46527854000.0,44186798000.0,4389633000.0,42138221000.0,0.271,55.972,-2661615000.0,1422026000.0,1422026000.0,8407880000.0,969642000.0,1.14,3.64,14030109000.0,1500290000.0,12529819000.0,14030109000.0,0.0,2055585000.0,412166000.0,0.05,3.32,1907659000.0,3963244000.0,0.331,3963244000.0,1907659000.0,1296053000.0,5.33,5.33,5.33,10007725000.0,9726280750.0,10007725000.0,24875538437.0,13.0,6.277,750772000.0,4.199,1.0,3583036000.0,0.299,377172000.0,611606000.0,54909874000.0,52657904500.0,1124018000.0,36234000.0,0.0,36234000.0,36426129000.0,3848891000.0,32577238000.0,11936992437.0,645552000.0,147922000.0,51963000.0,364905000.0,-593410000.0,-170386000.0,-2595432000.0,2149493000.0,3412387000.0,-1017000.0,969642000.0,951676000.0,951676000.0,0.0,0.0,0.079,1925775000.0,1657261000.0,1166431000.0,0.623,1.193,12.543,12.542,28936737000.0,17966000.0,66.85,0.996,0.997,1103255000.0,10169657000.0,11990916000.0,11990916000.0,0.0,0.022,0.098,0.036,0.159,0.0,0.0,1.0,178563836.0,178797829,179055967.0,67.064,46150682000.0,76134000.0,326411000.0,9546829000.0,258.117,540742000.0
30,ETR,MRT,2013-12-31,2013-12-31,2013-12-31,2021-09-07,-29324000.0,43406446000.0,43406446000.0,3929691000.0,39476755000.0,0.262,54.051,-2822718000.0,739126000.0,739126000.0,8189235000.0,730572000.0,0.968,3.497,13677672000.0,1506305000.0,12171367000.0,13677672000.0,0.0,2012076000.0,370997000.0,0.052,3.32,1560590000.0,3572666000.0,0.314,3572666000.0,1560590000.0,956553000.0,3.99,3.99,3.99,9632466000.0,9632466000.0,9632466000.0,24540250529.0,16.0,6.869,366501000.0,2.057,1.0,3201712000.0,0.281,377172000.0,604037000.0,51907248000.0,51907248000.0,1123964000.0,40350000.0,0.0,40350000.0,33679980000.0,4060572000.0,29619408000.0,11282260529.0,206557000.0,147922000.0,24527000.0,182239000.0,-593037000.0,-380824000.0,-2601593000.0,1948597000.0,3189219000.0,-245000.0,730572000.0,711902000.0,711902000.0,0.0,0.0,0.062,1890282000.0,1311430000.0,1173313000.0,0.832,1.171,15.848,15.857,28081019000.0,18670000.0,63.27,0.99,0.99,1172186000.0,9825053000.0,11390947000.0,11390947000.0,0.0,0.016,0.074,0.03,0.137,0.0,0.0,1.0,178319275.0,178211192,178570400.0,63.918,43029274000.0,237084000.0,225981000.0,9207800000.0,241.451,-130881000.0
31,ETR,MRT,2013-09-30,2013-09-30,2013-09-30,2021-09-07,-29324000.0,43406446000.0,43355460000.0,3929691000.0,39476755000.0,0.257,54.029,-3586383000.0,739126000.0,739126000.0,7885757000.0,881069000.0,0.968,3.497,13677672000.0,1506305000.0,12171367000.0,13677672000.0,0.0,1950967000.0,370997000.0,0.053,3.32,1608974000.0,3559941000.0,0.32,3559941000.0,1608974000.0,1015986000.0,4.84,4.82,4.84,9632466000.0,9523621750.0,9632466000.0,24701303856.0,15.0,6.939,-666427000.0,-3.738,1.0,3249543000.0,0.292,377172000.0,592988000.0,51907248000.0,51845360250.0,1123964000.0,40350000.0,0.0,40350000.0,33679980000.0,4060572000.0,29619408000.0,11265664856.0,-384387000.0,0.0,27004000.0,657293000.0,-592948000.0,70048000.0,-3374346000.0,1762583000.0,2919956000.0,-45000.0,881069000.0,861241000.0,861241000.0,0.0,0.0,0.077,1795890000.0,1453653000.0,1173313000.0,0.686,1.17,13.081,13.056,28081019000.0,19828000.0,63.19,1.012,1.012,1172186000.0,9825053000.0,11135300000.0,11135300000.0,0.0,0.02,0.09,0.031,0.144,0.0,0.0,1.0,178282400.0,178283721,178652210.0,62.458,43029274000.0,237084000.0,134917000.0,9207800000.0,241.353,-130881000.0
32,ETR,MRT,2013-06-30,2013-06-30,2013-06-30,2021-09-07,-29324000.0,43406446000.0,43304474000.0,3929691000.0,39476755000.0,0.248,54.055,-3649608000.0,739126000.0,739126000.0,7523597000.0,979557000.0,0.968,3.497,13677672000.0,1506305000.0,12171367000.0,13677672000.0,0.0,1887937000.0,370997000.0,0.048,3.32,1912158000.0,3800095000.0,0.354,3800095000.0,1912158000.0,1322424000.0,5.39,5.37,5.39,9632466000.0,9414777500.0,9632466000.0,25624112640.0,13.0,6.743,-781337000.0,-4.385,1.0,3223304000.0,0.3,377172000.0,589734000.0,51907248000.0,51783472500.0,1123964000.0,40350000.0,0.0,40350000.0,33679980000.0,4060572000.0,29619408000.0,12415928640.0,27979000.0,0.0,44892000.0,1173060000.0,-592522000.0,604129000.0,-3444765000.0,1858132000.0,2868271000.0,344000.0,979557000.0,958479000.0,958479000.0,0.0,0.0,0.089,1467693000.0,1755611000.0,1173313000.0,0.616,1.289,12.954,12.928,28081019000.0,21078000.0,69.68,1.155,1.155,1172186000.0,9825053000.0,10746901000.0,10746901000.0,0.0,0.022,0.102,0.037,0.178,0.0,0.0,1.0,178184969.0,178196525,178614383.0,60.309,43029274000.0,237084000.0,342867000.0,9207800000.0,241.471,-130881000.0
33,ETR,MRT,2013-03-31,2013-03-31,2013-03-31,2021-09-07,-29324000.0,43406446000.0,43253488000.0,3929691000.0,39476755000.0,0.243,54.106,-3701393000.0,739126000.0,739126000.0,7243967000.0,1182085000.0,0.968,3.497,13677672000.0,1506305000.0,12171367000.0,13677672000.0,0.0,1794573000.0,370997000.0,0.052,3.32,1909528000.0,3704101000.0,0.352,3704101000.0,1909528000.0,1329638000.0,6.53,6.51,6.53,9632466000.0,9305933250.0,9632466000.0,24203259028.0,13.0,6.534,-817619000.0,-4.593,1.0,3283326000.0,0.312,377172000.0,579890000.0,51907248000.0,51721584750.0,1123964000.0,40350000.0,0.0,40350000.0,33679980000.0,4060572000.0,29619408000.0,11262571028.0,-422071000.0,0.0,38162000.0,820467000.0,-590437000.0,245863000.0,-3552282000.0,1813605000.0,2883774000.0,574000.0,1182085000.0,1159757000.0,1159757000.0,0.0,0.0,0.11,1531243000.0,1752083000.0,1173313000.0,0.508,1.169,9.711,9.685,28081019000.0,22328000.0,63.24,1.07,1.069,1172186000.0,9825053000.0,10527293000.0,10527293000.0,0.0,0.027,0.125,0.037,0.181,0.0,0.0,1.0,178092521.0,178027961,178413287.0,59.133,43029274000.0,237084000.0,147553000.0,9207800000.0,241.7,-130881000.0
34,ETR,MRT,2012-12-31,2012-12-31,2012-12-31,2021-09-07,-293083000.0,43202502000.0,43202502000.0,3683126000.0,39519376000.0,0.238,51.866,-3688966000.0,532569000.0,532569000.0,7140925000.0,868363000.0,0.897,3.687,13473257000.0,1518398000.0,11954859000.0,13473257000.0,0.0,1771649000.0,359078000.0,0.052,3.32,1468502000.0,3240151000.0,0.315,3240151000.0,1468502000.0,899218000.0,4.77,4.76,4.77,9197089000.0,9197089000.0,9197089000.0,23512142112.0,16.0,7.256,-748681000.0,-4.222,1.0,3161154000.0,0.307,377172000.0,569284000.0,51659697000.0,51659697000.0,1142361000.0,46738000.0,0.0,46738000.0,33911413000.0,4106321000.0,29805092000.0,11330478112.0,-161869000.0,0.0,62886000.0,1035803000.0,-589209000.0,538151000.0,-3639797000.0,2089230000.0,2940285000.0,-508000.0,868363000.0,846673000.0,846673000.0,0.0,0.0,0.082,1859973000.0,1301181000.0,1217180000.0,0.696,1.232,13.382,13.365,27554584000.0,21690000.0,63.75,1.1,1.097,1001715000.0,9704591000.0,10302079000.0,10302079000.0,0.0,0.02,0.092,0.028,0.143,0.0,0.0,1.0,177732990.0,177324813,177737565.0,58.097,42825330000.0,344650000.0,30855000.0,8932280000.0,241.508,-423195000.0
35,ETR,MRT,2012-09-30,2012-09-30,2012-09-30,2021-09-07,-293083000.0,43202502000.0,42577301250.0,3683126000.0,39519376000.0,0.243,51.809,-3374228000.0,532569000.0,532569000.0,7239276000.0,726539000.0,0.897,3.687,13473257000.0,1518398000.0,11954859000.0,13473257000.0,0.0,1723392000.0,359078000.0,0.048,3.32,1482694000.0,3206086000.0,0.31,3206086000.0,1482694000.0,926870000.0,3.99,3.97,3.99,9197089000.0,9138134250.0,9197089000.0,24538137649.0,17.0,7.654,-155379000.0,-0.875,1.0,3115575000.0,0.301,377172000.0,555824000.0,51659697000.0,50511327500.0,1142361000.0,46738000.0,0.0,46738000.0,33911413000.0,4106321000.0,29805092000.0,12288224649.0,-237421000.0,0.0,69898000.0,437062000.0,-587607000.0,-81339000.0,-3374577000.0,1703029000.0,3218849000.0,-354000.0,726539000.0,704545000.0,704545000.0,0.0,0.0,0.068,1795901000.0,1319674000.0,1217180000.0,0.832,1.336,17.441,17.368,27554584000.0,21994000.0,69.3,1.187,1.188,1001715000.0,9704591000.0,10354851000.0,10354851000.0,0.0,0.017,0.077,0.029,0.143,0.0,0.0,1.0,177319259.0,177517846,177975075.0,58.331,42825330000.0,344650000.0,200331000.0,8932280000.0,241.245,-423195000.0
36,ETR,MRT,2012-06-30,2012-06-30,2012-06-30,2021-09-07,-293083000.0,43202502000.0,41952100500.0,3683126000.0,39519376000.0,0.257,51.912,-3127332000.0,532569000.0,532569000.0,7580329000.0,1016938000.0,0.897,3.687,13473257000.0,1518398000.0,11954859000.0,13473257000.0,0.0,1726089000.0,359078000.0,0.049,3.32,1401250000.0,3127339000.0,0.29,3127339000.0,1401250000.0,865635000.0,5.64,5.61,5.64,9197089000.0,9079179500.0,9197089000.0,23960991952.0,17.0,7.662,212155000.0,1.197,1.0,3206515000.0,0.297,377172000.0,535615000.0,51659697000.0,49362958000.0,1142361000.0,46738000.0,0.0,46738000.0,33911413000.0,4106321000.0,29805092000.0,12027337952.0,-246465000.0,6531000.0,-11175000.0,132429000.0,-586991000.0,-467112000.0,-3119336000.0,1737267000.0,3339487000.0,496000.0,1016938000.0,995511000.0,995511000.0,0.0,0.0,0.092,1976784000.0,1229731000.0,1217180000.0,0.589,1.308,12.082,12.037,27554584000.0,21427000.0,67.89,1.115,1.115,1001715000.0,9704591000.0,10786844000.0,10786844000.0,0.0,0.024,0.11,0.028,0.13,0.0,0.0,1.0,177159198.0,177166519,177565351.0,60.885,42825330000.0,344650000.0,-151303000.0,8932280000.0,241.724,-423195000.0
37,ETR,MRT,2012-03-31,2012-03-31,2012-03-31,2021-09-07,-293083000.0,43202502000.0,41326899750.0,3683126000.0,39519376000.0,0.268,52.001,-3304719000.0,532569000.0,532569000.0,7748297000.0,966953000.0,0.897,3.687,13473257000.0,1518398000.0,11954859000.0,13473257000.0,0.0,1773053000.0,359078000.0,0.049,3.32,1612185000.0,3385238000.0,0.306,3385238000.0,1612185000.0,1088804000.0,5.35,5.31,5.35,9197089000.0,9020224750.0,9197089000.0,23561283022.0,15.0,6.96,101497000.0,0.574,1.0,3323226000.0,0.3,377172000.0,523381000.0,51659697000.0,48214588500.0,1142361000.0,46738000.0,0.0,46738000.0,33911413000.0,4106321000.0,29805092000.0,11868892022.0,-41235000.0,6531000.0,-113497000.0,553483000.0,-587601000.0,-148423000.0,-3299303000.0,1506590000.0,3406216000.0,275000.0,966953000.0,946093000.0,946093000.0,0.0,0.0,0.085,1877741000.0,1445485000.0,1217180000.0,0.621,1.291,12.545,12.561,27554584000.0,20860000.0,67.2,1.072,1.074,1001715000.0,9704591000.0,11071523000.0,11071523000.0,0.0,0.023,0.105,0.033,0.146,0.0,0.0,1.0,176620417.0,176865363,177388045.0,62.599,42825330000.0,344650000.0,121851000.0,8932280000.0,242.135,-423195000.0
38,ETR,MRT,2011-12-31,2011-12-31,2011-12-31,2021-09-07,-168452000.0,40701699000.0,40701699000.0,3622703000.0,37078996000.0,0.276,50.506,-3327657000.0,694438000.0,694438000.0,7717083000.0,1367372000.0,0.732,3.531,12386829000.0,2304695000.0,10082134000.0,12386829000.0,0.0,1745455000.0,351741000.0,0.045,3.32,2167262000.0,3912717000.0,0.348,3912717000.0,2167262000.0,1653635000.0,7.59,7.55,7.59,8961270000.0,8961270000.0,8961270000.0,24330356239.0,11.0,6.218,-198840000.0,-1.121,1.0,3511990000.0,0.313,377172000.0,513627000.0,47066219000.0,47066219000.0,1096888000.0,44876000.0,0.0,44876000.0,31646429000.0,4950699000.0,26695730000.0,12865303239.0,-600034000.0,6531000.0,-188447000.0,547008000.0,-589605000.0,-282285000.0,-3446853000.0,1348723000.0,3128817000.0,287000.0,1367372000.0,1346439000.0,1346439000.0,0.0,0.0,0.12,1498756000.0,2013234000.0,1069096000.0,0.437,1.436,9.555,9.625,25869721000.0,20933000.0,73.05,1.146,1.154,1001868000.0,9446960000.0,11229073000.0,11229073000.0,0.0,0.033,0.15,0.046,0.193,0.0,0.0,1.0,176116403.0,177430208,178370695.0,63.287,40324527000.0,28859000.0,286263000.0,8759363000.0,227.27,-1327996000.0
39,ETR,MRT,2011-09-30,2011-09-30,2011-09-30,2021-09-07,-168452000.0,40701699000.0,40197593250.0,3622703000.0,37078996000.0,0.28,50.643,-2891185000.0,694438000.0,694438000.0,7704579000.0,1440651000.0,0.732,3.531,12386829000.0,2304695000.0,10082134000.0,12386829000.0,0.0,1761518000.0,351741000.0,0.05,3.32,2238809000.0,4000327000.0,0.355,4000327000.0,2238809000.0,1717735000.0,7.99,7.95,7.99,8961270000.0,8845052500.0,8961270000.0,23548975377.0,11.0,5.887,-437000.0,-0.002,1.0,3568565000.0,0.317,377172000.0,521074000.0,47066219000.0,46813086500.0,1096888000.0,44876000.0,0.0,44876000.0,31646429000.0,4950699000.0,26695730000.0,11718832377.0,-943779000.0,225027000.0,-409295000.0,162959000.0,-593461000.0,-859858000.0,-2974982000.0,1532031000.0,2890748000.0,313000.0,1440651000.0,1420591000.0,1420591000.0,0.0,0.0,0.126,1548420000.0,2020145000.0,1069096000.0,0.416,1.308,8.249,8.297,25869721000.0,20060000.0,66.29,1.04,1.041,1001868000.0,9446960000.0,11273144000.0,11273144000.0,0.0,0.035,0.161,0.048,0.199,0.0,0.0,1.0,176781300.0,176950469,177723020.0,63.708,40324527000.0,28859000.0,277084000.0,8759363000.0,227.886,-1327996000.0
40,ETR,MRT,2011-06-30,2011-06-30,2011-06-30,2021-09-07,-168452000.0,40701699000.0,39693487500.0,3622703000.0,37078996000.0,0.282,50.398,-2938637000.0,694438000.0,694438000.0,7699178000.0,1305483000.0,0.732,3.531,12386829000.0,2304695000.0,10082134000.0,12386829000.0,0.0,1725574000.0,351741000.0,0.049,3.32,2406946000.0,4132520000.0,0.369,4132520000.0,2406946000.0,1886334000.0,7.09,7.04,7.09,8961270000.0,8728835000.0,8961270000.0,23443114080.0,10.0,5.673,496859000.0,2.794,1.0,3510589000.0,0.313,377172000.0,520612000.0,47066219000.0,46559954000.0,1096888000.0,44876000.0,0.0,44876000.0,31646429000.0,4950699000.0,26695730000.0,12151651080.0,-805666000.0,218496000.0,-841024000.0,451115000.0,-601413000.0,-1011383000.0,-3229045000.0,1681887000.0,3435496000.0,-734000.0,1305483000.0,1285423000.0,1285423000.0,0.0,0.0,0.115,1320711000.0,2189878000.0,1069096000.0,0.468,1.356,9.453,9.63,25869721000.0,20060000.0,68.28,1.084,1.083,1001868000.0,9446960000.0,11209767000.0,11209767000.0,0.0,0.032,0.147,0.052,0.215,0.0,0.0,1.0,177967942.0,177808890,178925180.0,63.044,40324527000.0,28859000.0,580851000.0,8759363000.0,226.786,-1327996000.0
41,ETR,MRT,2011-03-31,2011-03-31,2011-03-31,2021-09-07,-168452000.0,40701699000.0,39189381750.0,3622703000.0,37078996000.0,0.288,50.109,-2656721000.0,694438000.0,694438000.0,7719338000.0,1305168000.0,0.732,3.531,12386829000.0,2304695000.0,10082134000.0,12386829000.0,0.0,1704310000.0,351741000.0,0.049,3.32,2470542000.0,4174852000.0,0.37,4174852000.0,2470542000.0,1938973000.0,6.99,6.93,6.99,8961270000.0,8612617500.0,8961270000.0,22554972872.0,9.0,5.403,918196000.0,5.134,1.0,3550100000.0,0.315,377172000.0,531569000.0,47066219000.0,46306821500.0,1096888000.0,44876000.0,0.0,44876000.0,31646429000.0,4950699000.0,26695730000.0,12033138872.0,-930797000.0,218496000.0,-875615000.0,-43229000.0,-610640000.0,-1549547000.0,-2955600000.0,2243928000.0,3574917000.0,-567000.0,1305168000.0,1285106000.0,1285106000.0,0.0,0.0,0.114,1292719000.0,2257381000.0,1069096000.0,0.475,1.343,9.364,9.615,25869721000.0,20062000.0,67.21,1.068,1.067,1001868000.0,9446960000.0,11269438000.0,11269438000.0,0.0,0.033,0.149,0.053,0.219,0.0,0.0,1.0,179037924.0,178834342,180083830.0,63.016,40324527000.0,28859000.0,633805000.0,8759363000.0,225.485,-1327996000.0
42,ETR,MRT,2010-12-31,2010-12-31,2010-12-31,2021-09-07,-38212000.0,38685276000.0,38685276000.0,4339083000.0,34346193000.0,0.297,45.677,-2381997000.0,1294472000.0,1294472000.0,7937822000.0,1270305000.0,1.563,3.542,11816306000.0,457071000.0,11359235000.0,11816306000.0,0.0,1705331000.0,335058000.0,0.046,3.24,2462711000.0,4168042000.0,0.363,4168042000.0,2462711000.0,1887544000.0,6.72,6.66,6.72,8496400000.0,8496400000.0,8496400000.0,23130738066.0,9.0,5.55,1544084000.0,8.301,1.0,3549755000.0,0.309,377172000.0,575167000.0,46053689000.0,46053689000.0,1074428000.0,40697000.0,0.0,40697000.0,30094876000.0,2776249000.0,27318627000.0,12814221066.0,-415079000.0,228171000.0,-827413000.0,-315945000.0,-603854000.0,-1767275000.0,-2574223000.0,2631339000.0,3926081000.0,338000.0,1270305000.0,1250242000.0,1250242000.0,0.0,0.0,0.109,1326551000.0,2223204000.0,1181099000.0,0.482,1.508,10.249,10.54,24106202000.0,20063000.0,70.83,1.115,1.147,1035582000.0,8689401000.0,11487577000.0,11487577000.0,0.0,0.032,0.147,0.053,0.214,0.0,0.0,1.0,180915164.0,186010452,187814235.0,61.758,38308104000.0,364802000.0,617239000.0,8915283000.0,205.946,1562834000.0
43,ETR,MRT,2010-09-30,2010-09-30,2010-09-30,2021-09-07,-38212000.0,38685276000.0,38404445250.0,4339083000.0,34346193000.0,0.298,45.689,-2548646000.0,1294472000.0,1294472000.0,7771778000.0,1355738000.0,1.563,3.542,11816306000.0,457071000.0,11359235000.0,11816306000.0,0.0,1642289000.0,335058000.0,0.041,3.16,2544568000.0,4186857000.0,0.366,4186857000.0,2544568000.0,1990605000.0,7.11,7.03,7.11,8496400000.0,8525640000.0,8496400000.0,24814671567.0,10.0,5.927,1540270000.0,8.283,1.0,3681349000.0,0.321,377172000.0,553963000.0,46053689000.0,45614188750.0,1074428000.0,40697000.0,0.0,40697000.0,30094876000.0,2776249000.0,27318627000.0,14297011567.0,800139000.0,10175000.0,-608878000.0,577900000.0,-595461000.0,-646452000.0,-2641477000.0,3000246000.0,4088916000.0,-848000.0,1355738000.0,1335726000.0,1335726000.0,0.0,0.0,0.117,1304551000.0,2376798000.0,1181099000.0,0.444,1.683,10.704,10.764,24106202000.0,20012000.0,76.53,1.248,1.243,1035582000.0,8689401000.0,11453127000.0,11453127000.0,0.0,0.035,0.157,0.056,0.222,0.0,0.0,1.0,186815779.0,185962431,187777172.0,61.588,38308104000.0,364802000.0,634867000.0,8915283000.0,205.999,1562834000.0
44,ETR,MRT,2010-06-30,2010-06-30,2010-06-30,2021-09-07,-38212000.0,38685276000.0,38074275500.0,4339083000.0,34346193000.0,0.29,45.008,-2512506000.0,1294472000.0,1294472000.0,7345736000.0,1318004000.0,1.563,3.542,11816306000.0,457071000.0,11359235000.0,11816306000.0,0.0,1593441000.0,335058000.0,0.043,3.08,2628243000.0,4221684000.0,0.382,4221684000.0,2628243000.0,2048649000.0,6.81,6.73,6.81,8496400000.0,8554880000.0,8496400000.0,24052511011.0,9.0,5.697,872137000.0,4.62,1.0,3712310000.0,0.336,377172000.0,579594000.0,46053689000.0,45125349500.0,1074428000.0,40697000.0,0.0,40697000.0,30094876000.0,2776249000.0,27318627000.0,13557884011.0,54617000.0,40575000.0,-716651000.0,142926000.0,-586593000.0,-1182161000.0,-2147814000.0,2914979000.0,3384643000.0,-51000.0,1318004000.0,1298009000.0,1298009000.0,0.0,0.0,0.117,1305850000.0,2406460000.0,1181099000.0,0.452,1.596,10.445,10.517,24106202000.0,19995000.0,71.62,1.226,1.223,1035582000.0,8689401000.0,11058046000.0,11058046000.0,0.0,0.034,0.152,0.058,0.238,0.0,0.0,1.0,189303044.0,188776240,190717958.0,58.578,38308104000.0,364802000.0,730645000.0,8915283000.0,202.929,1562834000.0
45,ETR,MRT,2010-03-31,2010-03-31,2010-03-31,2021-09-07,-38212000.0,38685276000.0,37744105750.0,4339083000.0,34346193000.0,0.284,44.906,-2394904000.0,1294472000.0,1294472000.0,7129309000.0,1229532000.0,1.563,3.542,11816306000.0,457071000.0,11359235000.0,11816306000.0,0.0,1533849000.0,335058000.0,0.037,3.0,2441293000.0,3975142000.0,0.371,3975142000.0,2441293000.0,1846911000.0,6.3,6.22,6.3,8496400000.0,8584120000.0,8496400000.0,25696174560.0,11.0,6.464,837900000.0,4.429,1.0,3586576000.0,0.335,377172000.0,594382000.0,46053689000.0,44636510250.0,1074428000.0,40697000.0,0.0,40697000.0,30094876000.0,2776249000.0,27318627000.0,15391270560.0,-145924000.0,49229000.0,-579776000.0,-235776000.0,-576763000.0,-1414137000.0,-1963040000.0,2939855000.0,3232804000.0,-1551000.0,1229532000.0,1209556000.0,1209556000.0,0.0,0.0,0.113,1331861000.0,2254715000.0,1181099000.0,0.476,1.812,12.725,12.913,24106202000.0,19976000.0,81.35,1.436,1.436,1035582000.0,8689401000.0,10715885000.0,10715885000.0,0.0,0.032,0.141,0.055,0.228,0.0,0.0,1.0,189198163.0,189202684,191283703.0,56.637,38308104000.0,364802000.0,617379000.0,8915283000.0,202.471,1562834000.0
46,ETR,MRT,2009-12-31,2009-12-31,2009-12-31,2021-09-07,-75185000.0,37561953000.0,37413936000.0,4534161000.0,33027792000.0,0.287,44.682,-2456719000.0,1709551000.0,1709551000.0,7201013000.0,1251050000.0,1.42,3.35,12014455000.0,954484000.0,11059971000.0,12014455000.0,0.0,1458861000.0,323342000.0,0.037,3.0,2454234000.0,3913095000.0,0.364,3913095000.0,2454234000.0,1883790000.0,6.39,6.3,6.39,8613360000.0,8613360000.0,8613360000.0,25853446695.0,11.0,6.607,476439000.0,2.472,1.0,3544637000.0,0.33,377172000.0,570444000.0,44295688000.0,44147671000.0,1022557000.0,39580000.0,0.0,39580000.0,28854593000.0,3193997000.0,25660596000.0,15462218695.0,-210940000.0,39554000.0,-584927000.0,135300000.0,-576956000.0,-1048388000.0,-2094394000.0,2671479000.0,2933158000.0,-1316000.0,1251050000.0,1231092000.0,1231092000.0,0.0,0.0,0.115,1260111000.0,2284526000.0,998228000.0,0.469,1.795,12.56,12.808,23637066000.0,19958000.0,81.84,1.439,1.468,980827000.0,8043122000.0,10745650000.0,10745650000.0,0.0,0.033,0.143,0.056,0.228,0.0,0.0,1.0,188932291.0,192772032,195838068.0,55.743,37184781000.0,184819000.0,632740000.0,8019777000.0,192.895,1340164000.0
47,ETR,MRT,2009-09-30,2009-09-30,2009-09-30,2021-09-07,-75185000.0,37364597000.0,37177652250.0,4534161000.0,32830436000.0,0.303,44.531,-2487504000.0,1709551000.0,1709551000.0,7908637000.0,1107883000.0,1.42,3.327,12014455000.0,954484000.0,11059971000.0,12014455000.0,0.0,1570859000.0,323342000.0,0.038,3.0,2296718000.0,3867577000.0,0.344,3867577000.0,2296718000.0,1700726000.0,5.64,5.53,5.64,8613360000.0,8451668000.0,8613360000.0,25865353370.0,11.0,6.688,153341000.0,0.793,1.0,3339227000.0,0.297,377172000.0,595992000.0,44098332000.0,43781881500.0,1022557000.0,39580000.0,0.0,39580000.0,28657237000.0,3193997000.0,25463240000.0,15635966370.0,-1425108000.0,39054000.0,-641248000.0,-732412000.0,-577191000.0,-1972688000.0,-2095090000.0,2340999000.0,2640845000.0,1825000.0,1107883000.0,1087891000.0,1087891000.0,0.0,0.0,0.097,1201167000.0,2138060000.0,998228000.0,0.532,1.815,14.373,14.16,23637066000.0,19992000.0,79.86,1.39,1.373,980827000.0,8043122000.0,11247864000.0,11247864000.0,0.0,0.029,0.129,0.052,0.204,0.0,0.0,1.0,195792216.0,193424904,195875241.0,58.151,36987425000.0,0.0,592843000.0,7779298000.0,191.224,1340164000.0
48,ETR,MRT,2009-06-30,2009-06-30,2009-06-30,2021-09-07,-75185000.0,37364597000.0,36990707500.0,4534161000.0,32830436000.0,0.332,43.922,-2931939000.0,1709551000.0,1709551000.0,8959501000.0,1123003000.0,1.42,3.327,12014455000.0,954484000.0,11059971000.0,12014455000.0,0.0,1503120000.0,323342000.0,0.039,3.0,2208881000.0,3712001000.0,0.302,3712001000.0,2208881000.0,1603671000.0,5.76,5.62,5.76,8613360000.0,8289976000.0,8613360000.0,25432739599.0,12.0,6.851,495169000.0,2.525,1.0,3315152000.0,0.27,377172000.0,605210000.0,44098332000.0,43465431000.0,1022557000.0,39580000.0,0.0,39580000.0,28657237000.0,3193997000.0,25463240000.0,15201909599.0,194486000.0,8654000.0,-133135000.0,193253000.0,-574032000.0,-533904000.0,-2701933000.0,2225148000.0,3427108000.0,3215000.0,1123003000.0,1103011000.0,1103011000.0,0.0,0.0,0.09,1225304000.0,2089848000.0,998228000.0,0.521,1.765,13.782,13.458,23637066000.0,19992000.0,77.52,1.238,1.238,980827000.0,8043122000.0,12274653000.0,12274653000.0,0.0,0.03,0.133,0.051,0.18,0.0,0.0,1.0,196103065.0,196105002,198243169.0,62.592,36987425000.0,0.0,480668000.0,7779298000.0,188.61,1340164000.0
49,ETR,MRT,2009-03-31,2009-03-31,2009-03-31,2021-09-07,-75185000.0,37364597000.0,36803762750.0,4534161000.0,32830436000.0,0.354,44.723,-2877549000.0,1709551000.0,1709551000.0,9603661000.0,1167121000.0,1.42,3.327,12014455000.0,954484000.0,11059971000.0,12014455000.0,0.0,1449152000.0,323342000.0,0.044,3.0,2340659000.0,3789811000.0,0.291,3789811000.0,2340659000.0,1740160000.0,6.02,5.85,6.02,8613360000.0,8128284000.0,8613360000.0,23258452604.0,10.0,6.137,373228000.0,1.938,1.0,3414474000.0,0.262,377172000.0,600499000.0,44098332000.0,43148980500.0,1022557000.0,39580000.0,0.0,39580000.0,28657237000.0,3193997000.0,25463240000.0,12899674604.0,887252000.0,30725000.0,-323137000.0,1193080000.0,-570551000.0,281639000.0,-2649277000.0,1903659000.0,3250777000.0,4113000.0,1167121000.0,1147152000.0,1147152000.0,0.0,0.0,0.088,1231013000.0,2183461000.0,998228000.0,0.498,1.498,11.245,11.311,23637066000.0,19969000.0,68.09,0.991,1.007,980827000.0,8043122000.0,13018135000.0,13018135000.0,0.0,0.031,0.141,0.054,0.18,0.0,0.0,1.0,189450354.0,192593601,198058002.0,67.594,36987425000.0,0.0,573039000.0,7779298000.0,192.049,1340164000.0
50,ETR,MRT,2008-12-31,2008-12-31,2008-12-31,2021-09-07,-112698000.0,36616818000.0,36616818000.0,5160389000.0,31456429000.0,0.358,41.726,-2903029000.0,1920491000.0,1920491000.0,9530437000.0,1240535000.0,1.37,3.584,12279269000.0,761887000.0,11517382000.0,12279269000.0,0.0,1391689000.0,302303000.0,0.036,3.0,2452454000.0,3844143000.0,0.294,3844143000.0,2452454000.0,1843533000.0,6.39,6.2,6.39,7966592000.0,7966592000.0,7966592000.0,25838863118.0,11.0,6.722,421299000.0,2.207,1.0,3563319000.0,0.272,377172000.0,608921000.0,42832530000.0,42832530000.0,992315000.0,66247000.0,0.0,66247000.0,28556226000.0,3765894000.0,24790332000.0,15739016118.0,666763000.0,30725000.0,-477576000.0,999889000.0,-573045000.0,-70757000.0,-2590096000.0,1578846000.0,3324328000.0,3288000.0,1240535000.0,1220566000.0,1220566000.0,0.0,0.0,0.093,1280152000.0,2283167000.0,1475745000.0,0.469,1.976,12.895,13.009,22660229000.0,19969000.0,83.13,1.202,1.212,1198135000.0,7382719000.0,13093756000.0,13093756000.0,0.0,0.033,0.153,0.057,0.187,0.0,0.0,1.0,189330159.0,190925613,201011588.0,68.58,36239646000.0,7307000.0,602998000.0,6966550000.0,189.81,1394495000.0
51,ETR,MRT,2008-09-30,2008-09-30,2008-09-30,2021-09-07,-112698000.0,36616818000.0,35873364000.0,5160389000.0,31456429000.0,0.358,41.846,-2681621000.0,1920491000.0,1920491000.0,9281294000.0,1283961000.0,1.37,3.584,12279269000.0,761887000.0,11517382000.0,12279269000.0,0.0,1194921000.0,302303000.0,0.034,3.0,2488358000.0,3683279000.0,0.287,3683279000.0,2488358000.0,1859275000.0,6.49,6.31,6.49,7966592000.0,7940611750.0,7966592000.0,28467542209.0,11.0,7.729,944211000.0,4.96,1.0,3543495000.0,0.276,377172000.0,629083000.0,42832530000.0,42093980000.0,992315000.0,66247000.0,0.0,66247000.0,28556226000.0,3765894000.0,24790332000.0,17052052209.0,1089203000.0,30725000.0,-603976000.0,1317907000.0,-576785000.0,71398000.0,-2609696000.0,1254633000.0,3625832000.0,1669000.0,1283961000.0,1243885000.0,1243885000.0,0.0,0.0,0.097,1287659000.0,2255836000.0,1475745000.0,0.462,2.14,13.709,13.715,22660229000.0,40076000.0,89.01,1.33,1.321,1198135000.0,7382719000.0,12824789000.0,12824789000.0,0.0,0.035,0.157,0.059,0.194,0.0,0.0,1.0,191574567.0,190379009,194960830.0,67.365,36239646000.0,7307000.0,575314000.0,6966550000.0,190.355,1394495000.0
52,ETR,MRT,2008-06-30,2008-06-30,2008-06-30,2021-09-07,-112698000.0,36616818000.0,35129910000.0,5160389000.0,31456429000.0,0.346,41.639,-2103033000.0,1920491000.0,1920491000.0,8581916000.0,1269833000.0,1.37,3.584,12279269000.0,761887000.0,11517382000.0,12279269000.0,0.0,1166411000.0,302303000.0,0.025,3.0,2560524000.0,3726935000.0,0.307,3726935000.0,2560524000.0,1907748000.0,6.39,6.2,6.39,7966592000.0,7914631500.0,7966592000.0,33448450174.0,13.0,8.975,406174000.0,2.123,1.0,3568076000.0,0.294,377172000.0,652776000.0,42832530000.0,41355430000.0,992315000.0,66247000.0,0.0,66247000.0,28556226000.0,3765894000.0,24790332000.0,23072315174.0,-233801000.0,30725000.0,-706744000.0,721124000.0,-580027000.0,-633785000.0,-2109066000.0,1190936000.0,2509207000.0,-157000.0,1269833000.0,1234755000.0,1234755000.0,0.0,0.0,0.102,1254000000.0,2314076000.0,1475745000.0,0.469,2.896,18.686,18.854,22660229000.0,35078000.0,120.48,1.899,1.897,1198135000.0,7382719000.0,12149992000.0,12149992000.0,0.0,0.035,0.156,0.062,0.211,0.0,0.0,1.0,191503280.0,191326928,197864459.0,63.504,36239646000.0,7307000.0,637915000.0,6966550000.0,189.412,1394495000.0
53,ETR,MRT,2008-03-31,2008-03-31,2008-03-31,2021-09-07,-112698000.0,36616818000.0,34386456000.0,5160389000.0,31456429000.0,0.339,41.355,-2435707000.0,1920491000.0,1920491000.0,8212020000.0,1261506000.0,1.37,3.584,12279269000.0,761887000.0,11517382000.0,12279269000.0,0.0,1152351000.0,302303000.0,0.026,2.79,2485313000.0,3637664000.0,0.312,3637664000.0,2485313000.0,1822860000.0,6.33,6.15,6.33,7966592000.0,7888651250.0,7966592000.0,30921332636.0,12.0,8.5,78915000.0,0.41,1.0,3443053000.0,0.295,377172000.0,662453000.0,42832530000.0,40638627250.0,992315000.0,66247000.0,0.0,66247000.0,28556226000.0,3765894000.0,24790332000.0,21071351636.0,-184806000.0,400000.0,-762963000.0,1117839000.0,-542939000.0,-260706000.0,-2438780000.0,1625066000.0,2514622000.0,58000.0,1261506000.0,1231403000.0,1231403000.0,0.0,0.0,0.106,1219046000.0,2224007000.0,1475745000.0,0.441,2.645,17.112,17.232,22660229000.0,30103000.0,109.08,1.808,1.803,1198135000.0,7382719000.0,11655073000.0,11655073000.0,0.0,0.036,0.156,0.061,0.213,0.0,0.0,1.0,193173374.0,192639605,198300041.0,60.502,36239646000.0,7307000.0,561354000.0,6966550000.0,188.121,1394495000.0
54,ETR,MRT,2007-12-31,2007-12-31,2007-12-31,2021-09-07,8320000.0,33643002000.0,33643002000.0,3958247000.0,29684755000.0,0.341,39.999,-2322973000.0,1253728000.0,1253728000.0,8241466000.0,1159954000.0,1.215,3.279,11122982000.0,1174409000.0,9948573000.0,11122982000.0,0.0,1131610000.0,291171000.0,0.022,2.58,2336455000.0,3468065000.0,0.302,3468065000.0,2336455000.0,1674371000.0,5.77,5.6,5.77,7862671000.0,7862671000.0,7862671000.0,32952466121.0,14.0,9.502,236797000.0,1.205,1.0,3242932000.0,0.282,377172000.0,662084000.0,39878330000.0,39900077250.0,900960000.0,78992000.0,0.0,78992000.0,25780331000.0,3256754000.0,22523577000.0,23231839121.0,220483000.0,13063000.0,-1136748000.0,1496191000.0,-507327000.0,-221586000.0,-2117731000.0,1625304000.0,2559770000.0,30000.0,1159954000.0,1134849000.0,1134849000.0,0.0,0.0,0.099,1186564000.0,2056368000.0,1031300000.0,0.447,2.955,20.471,20.714,21194474000.0,25105000.0,119.52,2.023,2.046,1176071000.0,6735965000.0,11484398000.0,11484398000.0,0.0,0.034,0.144,0.059,0.203,0.0,0.0,1.0,194376164.0,196572945,202780283.0,58.423,33265830000.0,38117000.0,514417000.0,6723218000.0,169.229,701493000.0
55,ETR,MRT,2007-09-30,2007-09-30,2007-09-30,2021-09-07,8320000.0,33643002000.0,33002934250.0,3958247000.0,29684755000.0,0.34,40.349,-2138463000.0,1253728000.0,1253728000.0,8060375000.0,1209244000.0,1.215,3.279,11122982000.0,1174409000.0,9948573000.0,11122982000.0,0.0,1103160000.0,291171000.0,0.022,2.37,2347429000.0,3450589000.0,0.307,3450589000.0,2347429000.0,1691474000.0,6.09,5.93,6.09,7862671000.0,7946475000.0,7862671000.0,30797528010.0,13.0,8.925,678771000.0,3.483,1.0,3173028000.0,0.282,377172000.0,655955000.0,39878330000.0,39073059250.0,900960000.0,78992000.0,0.0,78992000.0,25780331000.0,3256754000.0,22523577000.0,21190412010.0,704564000.0,13063000.0,-1510820000.0,1886414000.0,-473424000.0,-126799000.0,-1983090000.0,1505440000.0,2817234000.0,-2781000.0,1209244000.0,1209244000.0,1209244000.0,10326000.0,0.0,0.108,1167166000.0,2005862000.0,1031300000.0,0.389,2.695,17.524,17.782,21194474000.0,0.0,108.29,1.886,1.878,1176071000.0,6735965000.0,11233403000.0,11233403000.0,0.0,0.037,0.152,0.06,0.209,0.0,0.0,1.0,195682076.0,194864359,200532942.0,57.647,33265830000.0,38117000.0,482230000.0,6723218000.0,170.713,701493000.0
56,ETR,MRT,2007-06-30,2007-06-30,2007-06-30,2021-09-07,8320000.0,33643002000.0,32362866500.0,3958247000.0,29684755000.0,0.346,39.916,-2155488000.0,1253728000.0,1253728000.0,8252483000.0,1136968000.0,1.215,3.279,11209971000.0,1234434000.0,9975537000.0,11209971000.0,0.0,1089494000.0,291171000.0,0.02,2.16,2202024000.0,3291518000.0,0.294,3291518000.0,2202024000.0,1590795000.0,5.59,5.46,5.59,7862671000.0,8030279000.0,7862671000.0,29961975942.0,14.0,9.103,775940000.0,3.939,1.0,2946552000.0,0.263,377172000.0,611229000.0,39965319000.0,38246041250.0,900960000.0,78992000.0,0.0,78992000.0,25780331000.0,3256754000.0,22523577000.0,21176385942.0,574195000.0,13063000.0,-1300864000.0,1306438000.0,-439968000.0,-464897000.0,-1889442000.0,1284738000.0,2931428000.0,-2894000.0,1136968000.0,1136968000.0,1136968000.0,11376000.0,0.0,0.102,1106614000.0,1839938000.0,1031300000.0,0.386,2.693,18.625,19.204,21194474000.0,0.0,107.35,1.891,1.888,1176071000.0,6735965000.0,11199035000.0,11199035000.0,0.0,0.035,0.142,0.058,0.197,0.0,0.0,1.0,197264890.0,196979140,203423646.0,56.854,33265830000.0,38117000.0,453827000.0,6723218000.0,168.88,701493000.0
57,ETR,MRT,2007-03-31,2007-03-31,2007-03-31,2021-09-07,8320000.0,33643002000.0,31722798750.0,3958247000.0,29684755000.0,0.349,39.206,-1691684000.0,1253728000.0,1253728000.0,8201186000.0,1151168000.0,1.215,3.279,11122982000.0,1174409000.0,9948573000.0,11122982000.0,0.0,1063586000.0,291171000.0,0.021,2.16,2212969000.0,3276555000.0,0.296,3276555000.0,2212969000.0,1621445000.0,5.58,5.47,5.58,7862671000.0,8114083000.0,7862671000.0,29136473281.0,13.0,8.892,1236958000.0,6.168,1.0,2856999000.0,0.258,377172000.0,591524000.0,39878330000.0,37397276000.0,900960000.0,79153000.0,161000.0,78992000.0,25780331000.0,3256754000.0,22523577000.0,20806644281.0,331033000.0,89822000.0,-1052840000.0,450530000.0,-445731000.0,-1259188000.0,-1335376000.0,740947000.0,2928642000.0,-3045000.0,1151168000.0,1151168000.0,1151168000.0,-1743000.0,0.0,0.104,1007808000.0,1849191000.0,1031300000.0,0.387,2.646,18.074,18.803,21194474000.0,0.0,104.92,1.882,1.903,1183785000.0,6735965000.0,11058185000.0,11058185000.0,0.0,0.036,0.142,0.059,0.2,0.0,0.0,1.0,198309610.0,200549935,206133440.0,55.139,33265830000.0,38117000.0,470277000.0,6723218000.0,165.873,701493000.0
58,ETR,MRT,2006-12-31,2006-12-31,2006-12-31,2021-09-07,-100512000.0,31082731000.0,31082731000.0,3325434000.0,27757297000.0,0.352,39.516,-2047715000.0,1016152000.0,1016152000.0,8215802000.0,1132602000.0,1.349,2.792,9345981000.0,359861000.0,8986120000.0,9345981000.0,0.0,1035153000.0,248031000.0,0.023,2.16,2149599000.0,3184752000.0,0.291,3184752000.0,2149599000.0,1575646000.0,5.46,5.36,5.46,8197887000.0,8197887000.0,8197887000.0,27395518183.0,13.0,8.602,1400124000.0,6.749,1.0,2716356000.0,0.248,377172000.0,573953000.0,36570258000.0,36570258000.0,798096000.0,281722000.0,52633000.0,229089000.0,22884844000.0,2465130000.0,20419714000.0,19097421183.0,433332000.0,77159000.0,-513738000.0,18340000.0,-448954000.0,-1083727000.0,-1927573000.0,771231000.0,3447839000.0,-3207000.0,1132602000.0,1132602000.0,1132602000.0,496000.0,0.0,0.104,910996000.0,1805360000.0,1122596000.0,0.396,2.33,16.862,16.908,19650803000.0,0.0,92.32,1.747,1.752,1146942000.0,6113042000.0,10932158000.0,10932158000.0,0.0,0.036,0.138,0.059,0.197,0.0,0.0,1.0,206861148.0,207456838,211452455.0,52.696,30705559000.0,11680000.0,443044000.0,6366574000.0,148.009,860304000.0
59,ETR,MRT,2006-09-30,2006-09-30,2006-09-30,2021-09-07,-100512000.0,31082731000.0,31026462500.0,3325434000.0,27757297000.0,0.358,39.341,-2235438000.0,1016152000.0,1016152000.0,8377792000.0,935329000.0,1.349,2.792,9345981000.0,359861000.0,8986120000.0,9345981000.0,0.0,1020082000.0,248031000.0,0.028,2.16,2026593000.0,3046675000.0,0.274,3046675000.0,2026593000.0,1472609000.0,4.59,4.52,4.59,8197887000.0,8085483000.0,8197887000.0,24961101436.0,12.0,8.193,382779000.0,1.837,1.0,2725876000.0,0.245,377172000.0,553984000.0,36570258000.0,36442502750.0,798096000.0,281722000.0,52633000.0,229089000.0,22884844000.0,2465130000.0,20419714000.0,16299801436.0,146997000.0,77159000.0,23588000.0,180573000.0,-449175000.0,-286790000.0,-2183795000.0,860212000.0,2618217000.0,-635000.0,935329000.0,954546000.0,954546000.0,23678000.0,0.0,0.086,888345000.0,1837531000.0,1122596000.0,0.471,1.988,17.076,17.044,19650803000.0,-19217000.0,78.23,1.468,1.468,1146942000.0,6113042000.0,11103668000.0,11103668000.0,0.0,0.031,0.118,0.056,0.183,0.0,0.0,1.0,208357426.0,208382863,212404770.0,53.285,30705559000.0,11680000.0,537280000.0,6366574000.0,147.352,860304000.0
60,ETR,MRT,2006-06-30,2006-06-30,2006-06-30,2021-09-07,-100512000.0,31082731000.0,30968597000.0,3325434000.0,27757297000.0,0.347,39.416,-2136932000.0,1016152000.0,1016152000.0,8001384000.0,902834000.0,1.349,2.792,9345981000.0,359861000.0,8986120000.0,9345981000.0,0.0,1004026000.0,248031000.0,0.031,2.16,2002579000.0,3006605000.0,0.28,3006605000.0,2002579000.0,1459757000.0,4.4,4.34,4.4,8197887000.0,7971698000.0,8197887000.0,23276420478.0,12.0,7.742,38267000.0,0.184,1.0,2745823000.0,0.255,377172000.0,542822000.0,36570258000.0,36309263500.0,798096000.0,281722000.0,52633000.0,229089000.0,22884844000.0,2465130000.0,20419714000.0,14711809478.0,122302000.0,77159000.0,-206796000.0,1046973000.0,-448613000.0,320931000.0,-2372541000.0,1034615000.0,2175199000.0,-1287000.0,902834000.0,915615000.0,915615000.0,29736000.0,0.0,0.085,898360000.0,1847463000.0,1122596000.0,0.491,1.795,16.068,16.08,19650803000.0,-12781000.0,70.75,1.369,1.369,1146942000.0,6113042000.0,10747207000.0,10747207000.0,0.0,0.03,0.115,0.055,0.186,0.0,0.0,1.0,207940770.0,207982485,211557985.0,51.674,30705559000.0,11680000.0,556923000.0,6366574000.0,147.635,860304000.0
61,ETR,MRT,2006-03-31,2006-03-31,2006-03-31,2021-09-07,-100512000.0,31082731000.0,30910731500.0,3325434000.0,27757297000.0,0.342,39.464,-2401068000.0,1016152000.0,1016152000.0,7776270000.0,913580000.0,1.349,2.792,9345981000.0,359861000.0,8986120000.0,9345981000.0,0.0,990570000.0,248031000.0,0.031,2.16,2023424000.0,3013994000.0,0.285,3013994000.0,2023424000.0,1499451000.0,4.41,4.34,4.41,8197887000.0,7857913000.0,8197887000.0,23020066534.0,11.0,7.638,-417510000.0,-2.01,1.0,2787826000.0,0.264,377172000.0,523973000.0,36570258000.0,36176024250.0,798096000.0,281722000.0,52633000.0,229089000.0,22884844000.0,2465130000.0,20419714000.0,14328948534.0,275511000.0,0.0,-442002000.0,1336987000.0,-450194000.0,585697000.0,-2292925000.0,1462752000.0,1983558000.0,-819000.0,913580000.0,919963000.0,919963000.0,45666000.0,0.0,0.087,912082000.0,1875744000.0,1122596000.0,0.49,1.748,15.576,15.633,19650803000.0,-6383000.0,68.94,1.356,1.356,1146942000.0,6113042000.0,10564096000.0,10564096000.0,0.0,0.03,0.117,0.056,0.192,0.0,0.0,1.0,207846657.0,207732341,211374512.0,50.854,30705559000.0,11680000.0,585871000.0,6366574000.0,147.813,860304000.0
62,ETR,MRT,2005-12-31,2005-12-31,2005-12-31,2021-09-07,-343819000.0,30857657000.0,30852866000.0,4062682000.0,26794975000.0,0.328,36.872,-1934575000.0,582820000.0,582820000.0,7364642000.0,898331000.0,1.305,2.983,9273938000.0,274440000.0,8999498000.0,9273938000.0,0.0,1001852000.0,222206000.0,0.031,2.16,1962595000.0,2964447000.0,0.293,2964447000.0,1962595000.0,1457615000.0,4.27,4.19,4.27,7748271000.0,7744128000.0,7748271000.0,22497239795.0,11.0,7.589,-466767000.0,-2.221,1.0,2741605000.0,0.271,377172000.0,504980000.0,36059237000.0,36042785000.0,817127000.0,390011000.0,93227000.0,296784000.0,23109386000.0,3112366000.0,19997020000.0,14243891795.0,-29012000.0,0.0,-772120000.0,1653214000.0,-453508000.0,496390000.0,-1992608000.0,1142108000.0,1467808000.0,-602000.0,898331000.0,898331000.0,898331000.0,44794000.0,0.0,0.089,949616000.0,1791989000.0,1655787000.0,0.506,1.838,15.856,16.077,19425878000.0,0.0,68.65,1.409,1.427,1561206000.0,5433931000.0,10106247000.0,10106247000.0,0.0,0.029,0.116,0.054,0.194,0.0,0.0,1.0,207485678.0,210141887,214441362.0,48.092,30480485000.0,0.0,559284000.0,5990877000.0,145.047,950316000.0
63,ETR,MRT,2005-09-30,2005-09-30,2005-09-30,2021-09-07,-343819000.0,30851269000.0,30216146000.0,4056294000.0,26794975000.0,0.312,37.241,-1838001000.0,582820000.0,582820000.0,6763032000.0,964764000.0,1.297,2.985,9273938000.0,274440000.0,8999498000.0,9273938000.0,0.0,1016713000.0,222206000.0,0.029,2.16,1844559000.0,2861272000.0,0.303,2861272000.0,1844559000.0,1349272000.0,4.55,4.46,4.55,7742747000.0,7881232000.0,7742747000.0,23337223806.0,13.0,8.156,484601000.0,2.331,1.0,2676092000.0,0.284,377172000.0,495287000.0,36037301000.0,35220708500.0,817127000.0,390011000.0,93227000.0,296784000.0,23108522000.0,3127914000.0,19980608000.0,15427295806.0,64644000.0,53452000.0,-1335471000.0,976678000.0,-464829000.0,-852467000.0,-1403959000.0,1851996000.0,2322602000.0,-1532000.0,964764000.0,963035000.0,963035000.0,11326000.0,0.0,0.102,989615000.0,1686477000.0,1655787000.0,0.475,1.992,16.019,16.334,19425878000.0,1729000.0,74.32,1.634,1.637,1561206000.0,5428407000.0,9439124000.0,9439124000.0,0.0,0.032,0.122,0.052,0.195,0.0,0.0,1.0,207579330.0,207906762,212335619.0,45.401,30474097000.0,0.0,384508000.0,5987346000.0,146.576,928380000.0
64,ETR,MRT,2005-06-30,2005-06-30,2005-06-30,2021-09-07,-343819000.0,30851269000.0,29581023000.0,4056294000.0,26794975000.0,0.321,36.672,-1913435000.0,582820000.0,582820000.0,6919610000.0,896423000.0,1.297,2.985,9273938000.0,274440000.0,8999498000.0,9273938000.0,0.0,1037845000.0,222206000.0,0.027,2.07,1719502000.0,2757347000.0,0.29,2757347000.0,1719502000.0,1233627000.0,4.11,4.03,4.11,7742747000.0,8019717000.0,7742747000.0,23781431246.0,14.0,8.625,859966000.0,4.073,1.0,2584837000.0,0.272,377172000.0,485875000.0,36037301000.0,34404116000.0,817127000.0,390011000.0,93227000.0,296784000.0,23108522000.0,3127914000.0,19980608000.0,16016455246.0,56188000.0,53452000.0,-1234314000.0,302938000.0,-454905000.0,-1384122000.0,-1333739000.0,1594754000.0,2773401000.0,648000.0,896423000.0,895327000.0,895327000.0,4218000.0,0.0,0.094,981228000.0,1603609000.0,1655787000.0,0.504,2.069,17.889,18.382,19425878000.0,1096000.0,75.55,1.685,1.678,1561206000.0,5428407000.0,9504447000.0,9504447000.0,0.0,0.03,0.112,0.05,0.181,0.0,0.0,1.0,211998084.0,211134467,215568534.0,45.016,30474097000.0,0.0,337204000.0,5987346000.0,144.335,928380000.0
65,ETR,MRT,2005-03-31,2005-03-31,2005-03-31,2021-09-07,-343819000.0,30851269000.0,28945900000.0,4056294000.0,26794975000.0,0.33,36.159,-1708162000.0,582820000.0,582820000.0,6952722000.0,874886000.0,1.297,2.985,9273938000.0,274440000.0,8999498000.0,9273938000.0,0.0,1049215000.0,222206000.0,0.028,1.98,1723029000.0,2772244000.0,0.29,2772244000.0,1723029000.0,1226436000.0,3.91,3.84,3.91,7742747000.0,8158202000.0,7742747000.0,22042596076.0,13.0,7.951,1319149000.0,6.161,1.0,2591431000.0,0.272,377172000.0,496593000.0,36037301000.0,33587523500.0,817127000.0,390011000.0,93227000.0,296784000.0,23108522000.0,3127914000.0,19980608000.0,15060837076.0,-323334000.0,53452000.0,-1233185000.0,-82182000.0,-443176000.0,-1786072000.0,-1564443000.0,932696000.0,3027311000.0,-130000.0,874886000.0,874359000.0,874359000.0,1407000.0,0.0,0.092,1009084000.0,1582347000.0,1655787000.0,0.506,1.945,17.225,18.072,19425878000.0,527000.0,70.66,1.578,1.585,1561206000.0,5428407000.0,9544153000.0,9544153000.0,0.0,0.03,0.107,0.051,0.181,0.0,0.0,1.0,213145161.0,214128023,218633202.0,44.572,30474097000.0,0.0,351550000.0,5987346000.0,142.317,928380000.0
66,ETR,MRT,2004-12-31,2004-12-31,2004-12-31,2021-09-07,-93453000.0,28310777000.0,28310777000.0,3077276000.0,25233501000.0,0.342,36.571,-1655200000.0,619786000.0,619786000.0,7027857000.0,909524000.0,1.319,2.412,7789495000.0,626604000.0,7162891000.0,7789495000.0,0.0,1045122000.0,222320000.0,0.028,1.89,1778346000.0,2823468000.0,0.292,2823468000.0,1778346000.0,1274829000.0,4.01,3.93,4.01,8296687000.0,8296687000.0,8296687000.0,22573821069.0,13.0,7.995,1274119000.0,5.616,1.0,2657664000.0,0.274,377172000.0,503517000.0,32770931000.0,32770931000.0,696658000.0,422821000.0,191042000.0,231779000.0,20014090000.0,2332383000.0,17681707000.0,15109381069.0,112353000.0,75430000.0,-847759000.0,-369224000.0,-427901000.0,-1671859000.0,-1143225000.0,1109814000.0,2929319000.0,-1882000.0,909524000.0,909524000.0,909524000.0,41000.0,0.0,0.094,1007492000.0,1650172000.0,896528000.0,0.471,1.821,16.612,16.855,18915348000.0,0.0,67.59,1.56,1.583,1253178000.0,4984302000.0,9685521000.0,9685521000.0,0.0,0.032,0.11,0.054,0.184,0.0,0.0,1.0,223544623.0,226863758,231193686.0,42.693,27933605000.0,76899000.0,365305000.0,5690620000.0,123.129,744893000.0
67,ETR,MRT,2004-09-30,2004-09-30,2004-09-30,2021-09-07,-93453000.0,28310777000.0,28364929750.0,3108118000.0,25202659000.0,0.34,36.568,-1692090000.0,619786000.0,619786000.0,7197615000.0,738449000.0,1.333,2.412,7789495000.0,626604000.0,7162891000.0,7789495000.0,0.0,1027463000.0,222320000.0,0.03,1.8,1688245000.0,2715708000.0,0.282,2715708000.0,1688245000.0,1183782000.0,3.12,3.06,3.12,8296687000.0,8398429750.0,8296687000.0,21321961155.0,13.0,7.851,851315000.0,3.752,1.0,2443566000.0,0.253,377172000.0,504463000.0,32770931000.0,32927559750.0,696658000.0,422821000.0,191042000.0,231779000.0,20014090000.0,2332383000.0,17681707000.0,13752925155.0,-36203000.0,21978000.0,-265004000.0,-521676000.0,-407469000.0,-1220942000.0,-1358485000.0,1030434000.0,2543405000.0,-181000.0,738449000.0,715107000.0,715107000.0,14404000.0,0.0,0.074,937379000.0,1506187000.0,896528000.0,0.577,1.658,19.232,19.426,18915348000.0,23342000.0,60.61,1.426,1.426,1253178000.0,4984302000.0,9641181000.0,9641181000.0,0.0,0.025,0.085,0.051,0.175,0.0,0.0,1.0,226908516.0,226882474,231127583.0,42.494,27933605000.0,76899000.0,445333000.0,5690620000.0,123.119,775735000.0
68,ETR,MRT,2004-06-30,2004-06-30,2004-06-30,2021-09-07,-93453000.0,28310777000.0,28425788000.0,3108118000.0,25202659000.0,0.33,36.275,-1716828000.0,619786000.0,619786000.0,6880015000.0,822052000.0,1.333,2.412,7789495000.0,626604000.0,7162891000.0,7789495000.0,0.0,1009987000.0,222320000.0,0.032,1.8,1834034000.0,2844021000.0,0.303,2844021000.0,1834034000.0,1313425000.0,3.48,3.41,3.48,8296687000.0,8500172500.0,8296687000.0,20286075936.0,11.0,7.133,692799000.0,3.029,1.0,2497710000.0,0.266,377172000.0,520609000.0,32770931000.0,33075857250.0,696658000.0,422821000.0,191042000.0,231779000.0,20014090000.0,2332383000.0,17681707000.0,12897533936.0,-519383000.0,22551000.0,-130776000.0,-1046264000.0,-407808000.0,-1611943000.0,-1316830000.0,1030310000.0,2409627000.0,-237000.0,822052000.0,798637000.0,798637000.0,14404000.0,0.0,0.085,943990000.0,1553720000.0,896528000.0,0.517,1.555,16.149,16.095,18915348000.0,23415000.0,56.01,1.375,1.366,1253178000.0,4984302000.0,9377725000.0,9377725000.0,0.0,0.028,0.094,0.055,0.196,0.0,0.0,1.0,230271986.0,228714654,232775049.0,41.002,27933605000.0,76899000.0,491373000.0,5690620000.0,122.133,775735000.0
69,ETR,MRT,2004-03-31,2004-03-31,2004-03-31,2021-09-07,-93453000.0,28310777000.0,28486646250.0,3108118000.0,25202659000.0,0.325,36.031,-1755579000.0,619786000.0,619786000.0,6774333000.0,762558000.0,1.333,2.412,7789495000.0,626604000.0,7162891000.0,7789495000.0,0.0,997055000.0,222320000.0,0.029,1.7,1742587000.0,2739642000.0,0.296,2739642000.0,1742587000.0,1213569000.0,3.23,3.16,3.23,8296687000.0,8601915250.0,8296687000.0,21215745938.0,12.0,7.744,598302000.0,2.598,1.0,2472204000.0,0.267,377172000.0,529018000.0,32770931000.0,33224154750.0,696658000.0,422821000.0,191042000.0,231779000.0,20014090000.0,2332383000.0,17681707000.0,13746439938.0,430705000.0,18355000.0,177998000.0,-196419000.0,-384901000.0,-430235000.0,-1494950000.0,985954000.0,2353881000.0,2009000.0,762558000.0,739096000.0,739096000.0,14404000.0,0.0,0.08,951220000.0,1520984000.0,896528000.0,0.526,1.657,18.599,18.421,18915348000.0,23462000.0,59.5,1.487,1.482,1253178000.0,4984302000.0,9246537000.0,9246537000.0,0.0,0.026,0.086,0.052,0.188,0.0,0.0,1.0,231032604.0,230264638,234978625.0,40.156,27933605000.0,76899000.0,451011000.0,5690620000.0,121.311,775735000.0
70,ETR,MRT,2003-12-31,2003-12-31,2003-12-31,2021-09-07,-7795000.0,28527388000.0,28547504500.0,2919244000.0,25608144000.0,0.316,38.375,-1864689000.0,692233000.0,692233000.0,6552791000.0,950467000.0,1.314,2.278,8161539000.0,684701000.0,7476838000.0,8161539000.0,0.0,996603000.0,199620000.0,0.028,1.6,1986732000.0,2983335000.0,0.33,2983335000.0,1986732000.0,1447900000.0,4.09,4.01,4.09,8703658000.0,8703658000.0,8703658000.0,21041103782.0,11.0,7.053,141131000.0,0.622,1.0,2479923000.0,0.275,377172000.0,538832000.0,33397446000.0,33372452250.0,659403000.0,1105058000.0,51730000.0,1053328000.0,19823730000.0,2222076000.0,17601654000.0,13071676782.0,-827895000.0,25987000.0,209386000.0,-688728000.0,-362814000.0,-869130000.0,-1967930000.0,666827000.0,2005820000.0,3345000.0,950467000.0,926943000.0,926943000.0,14404000.0,0.0,0.103,974367000.0,1505556000.0,796572000.0,0.391,1.502,14.102,13.968,18561181000.0,23524000.0,57.13,1.447,1.434,1024685000.0,4502508000.0,9032714000.0,9032714000.0,0.0,0.032,0.107,0.06,0.22,0.0,0.0,1.0,228805825.0,226804370,231146040.0,39.826,28150216000.0,0.0,497433000.0,5447650000.0,124.117,697168000.0
71,ETR,MRT,2003-09-30,2003-09-30,2003-09-30,2021-09-07,-7795000.0,28554210000.0,28291749000.0,2919244000.0,25634966000.0,0.317,38.156,-1816674000.0,692233000.0,692233000.0,6433177000.0,1065761000.0,1.279,2.281,8161539000.0,684701000.0,7476838000.0,8161539000.0,0.0,980563000.0,199620000.0,0.028,1.5,2081170000.0,3061733000.0,0.341,3061733000.0,2081170000.0,1507452000.0,4.63,4.53,4.63,8703658000.0,8487302750.0,8703658000.0,20432298238.0,10.0,6.673,-129168000.0,-0.566,1.0,2537326000.0,0.283,377172000.0,573718000.0,33364121000.0,32880531250.0,659403000.0,1105058000.0,51730000.0,1053328000.0,19850552000.0,2282223000.0,17568329000.0,12344153238.0,-371302000.0,-3503000.0,198038000.0,217842000.0,-337630000.0,51215000.0,-2109923000.0,-186647000.0,1687506000.0,-100000.0,1065761000.0,1042177000.0,1042177000.0,0.0,0.0,0.116,1035806000.0,1501520000.0,796572000.0,0.324,1.418,11.845,11.695,18561181000.0,23584000.0,54.15,1.376,1.377,1024685000.0,4502508000.0,8970503000.0,8970503000.0,0.0,0.037,0.123,0.063,0.232,0.0,0.0,1.0,227962202.0,228105505,232515434.0,39.326,28177038000.0,0.0,441691000.0,5447650000.0,123.526,637021000.0
72,ETR,MRT,2003-06-30,2003-06-30,2003-06-30,2021-09-07,-7795000.0,28554210000.0,27847444750.0,2919244000.0,25634966000.0,0.314,38.408,-1932899000.0,692233000.0,692233000.0,6198531000.0,1060911000.0,1.279,2.281,8161539000.0,684701000.0,7476838000.0,8161539000.0,0.0,956568000.0,199620000.0,0.026,1.38,2095839000.0,3052407000.0,0.349,3052407000.0,2095839000.0,1510464000.0,4.64,4.55,4.64,8703658000.0,8266388000.0,8703658000.0,19943217147.0,10.0,6.534,-28916000.0,-0.128,1.0,2540722000.0,0.291,377172000.0,585375000.0,33364121000.0,32302665500.0,659403000.0,1105058000.0,51730000.0,1053328000.0,19850552000.0,2282223000.0,17568329000.0,11917121147.0,347121000.0,93387000.0,75622000.0,723267000.0,-309017000.0,463535000.0,-2030451000.0,-167550000.0,1903983000.0,10054000.0,1060911000.0,1037279000.0,1037279000.0,0.0,0.0,0.119,1004512000.0,1536210000.0,796572000.0,0.297,1.369,11.489,11.375,18561181000.0,23632000.0,52.78,1.364,1.369,1024685000.0,4502508000.0,8739253000.0,8739253000.0,0.0,0.037,0.125,0.065,0.24,0.0,0.0,1.0,225788578.0,226609159,231579242.0,38.565,28177038000.0,0.0,449553000.0,5447650000.0,124.342,637021000.0
73,ETR,MRT,2003-03-31,2003-03-31,2003-03-31,2021-09-07,-7795000.0,28554210000.0,27209225750.0,2919244000.0,25634966000.0,0.312,38.912,-2068579000.0,692233000.0,692233000.0,6089107000.0,1096979000.0,1.279,2.281,8161539000.0,684701000.0,7476838000.0,8161539000.0,0.0,940829000.0,199620000.0,0.028,1.36,2162720000.0,3103549000.0,0.366,3103549000.0,2162720000.0,1569233000.0,4.81,4.72,4.81,8703658000.0,8004483750.0,8703658000.0,18247409750.0,8.0,5.88,-190067000.0,-0.85,1.0,2392818000.0,0.282,377172000.0,593487000.0,33364121000.0,31431758750.0,659403000.0,1105058000.0,51730000.0,1053328000.0,19850552000.0,2282223000.0,17568329000.0,10779302750.0,-385837000.0,205850000.0,43694000.0,-28216000.0,-303908000.0,-314815000.0,-1951647000.0,-167229000.0,1878512000.0,2113000.0,1096979000.0,1073291000.0,1073291000.0,0.0,0.0,0.127,832025000.0,1560793000.0,796572000.0,0.283,1.238,10.043,10.01,18561181000.0,23688000.0,48.15,1.271,1.27,1024685000.0,4502508000.0,8481925000.0,8481925000.0,0.0,0.039,0.134,0.069,0.255,0.0,0.0,1.0,223869216.0,223673332,228230756.0,37.921,28177038000.0,0.0,472254000.0,5447650000.0,125.974,637021000.0
74,ETR,MRT,2002-12-31,2002-12-31,2002-12-31,2021-09-07,-22360000.0,27504366000.0,26448137250.0,3205583000.0,24298783000.0,0.314,35.142,-1997566000.0,1335328000.0,1335328000.0,5961096000.0,623072000.0,1.011,2.509,8810085000.0,1345493000.0,7464592000.0,8810085000.0,0.0,915597000.0,198442000.0,0.029,1.34,1514012000.0,2429609000.0,0.293,2429609000.0,1514012000.0,917010000.0,2.69,2.64,2.69,7838237000.0,7686898250.0,7838237000.0,17956286191.0,12.0,7.391,184137000.0,0.826,1.0,2343939000.0,0.282,377172000.0,597002000.0,31429762000.0,30572444750.0,622367000.0,826287000.0,2078000.0,824209000.0,19666129000.0,3172189000.0,16493940000.0,10121595191.0,583755000.0,215088000.0,11562000.0,100389000.0,-298991000.0,-212610000.0,-1388463000.0,188964000.0,2181703000.0,3125000.0,623072000.0,599360000.0,599360000.0,0.0,0.0,0.072,1202218000.0,1141721000.0,855446000.0,0.498,1.291,16.887,16.948,17962297000.0,23712000.0,45.59,1.219,1.224,884387000.0,3938693000.0,8305035000.0,8305035000.0,0.0,0.023,0.078,0.05,0.182,0.0,0.0,1.0,222013494.0,223047431,227303103.0,37.234,27127194000.0,0.0,293938000.0,5110508000.0,121.621,33394000.0
75,ETR,MRT,2002-09-30,2002-09-30,2002-09-30,2021-09-07,-45156000.0,26776993000.0,26049623500.0,2950430000.0,23826563000.0,0.319,34.955,-2004347000.0,948846000.0,948846000.0,5980794000.0,568002000.0,0.927,2.424,8783537000.0,1132826000.0,7650711000.0,8783537000.0,0.0,920249000.0,196583000.0,0.032,1.32,1514781000.0,2435030000.0,0.293,2435030000.0,1514781000.0,915436000.0,2.43,2.38,2.43,7819999000.0,7591344000.0,7819999000.0,17473856914.0,12.0,7.176,652722000.0,2.918,1.0,2330804000.0,0.28,377172000.0,599345000.0,31052658000.0,30359172000.0,612378000.0,758759000.0,2077000.0,756682000.0,18956994000.0,3181854000.0,15775140000.0,9319597914.0,47570000.0,222915000.0,14000000.0,-1010408000.0,-288225000.0,-1308050000.0,-1306724000.0,290137000.0,2657069000.0,5275000.0,568002000.0,544258000.0,544258000.0,0.0,0.0,0.065,1147851000.0,1182953000.0,662261000.0,0.543,1.192,17.123,17.119,17750108000.0,23744000.0,41.6,1.121,1.12,1094617000.0,3941240000.0,8311598000.0,8311598000.0,0.0,0.021,0.072,0.05,0.182,0.0,0.0,1.0,224028796.0,223714449,227054321.0,37.153,26399821000.0,22936000.0,347434000.0,5311976000.0,118.007,-231424000.0
76,ETR,MRT,2002-06-30,2002-06-30,2002-06-30,2021-09-07,-17241000.0,26001334000.0,25900783750.0,2698777000.0,23302557000.0,0.325,34.128,-2411526000.0,730660000.0,730660000.0,6272699000.0,518656000.0,0.692,2.396,8884919000.0,1927929000.0,6956990000.0,8884919000.0,0.0,792747000.0,199571000.0,0.031,1.305,1485008000.0,2277755000.0,0.271,2277755000.0,1485008000.0,822712000.0,2.23,2.18,2.23,7656041000.0,7596737500.0,7656041000.0,17347688471.0,12.0,7.616,6306000.0,0.028,1.0,2146913000.0,0.255,377472000.0,662296000.0,29880494000.0,30242497500.0,573367000.0,709944000.0,3244000.0,706700000.0,18345293000.0,3897627000.0,14447666000.0,9518373471.0,31965000.0,917397000.0,88664000.0,-653084000.0,-281691000.0,-907216000.0,-1475866000.0,29286000.0,2417832000.0,-2785000.0,518656000.0,495866000.0,495866000.0,0.0,0.0,0.059,1009999000.0,1136914000.0,584762000.0,0.585,1.243,19.195,19.031,17496445000.0,22790000.0,42.44,1.131,1.131,1026061000.0,3653841000.0,8419612000.0,8419612000.0,0.0,0.019,0.065,0.049,0.176,0.0,0.0,1.0,224278357.0,224330654,228847752.0,37.532,25623862000.0,0.0,304056000.0,5048050000.0,114.224,-1198850000.0
77,ETR,MRT,2002-03-31,2002-03-31,2002-03-31,2021-09-07,-27679000.0,25509856000.0,25742160750.0,2458800000.0,23051056000.0,0.343,33.492,-2144459000.0,763295000.0,763295000.0,6554233000.0,516654000.0,0.81,2.432,8592610000.0,1126827000.0,7465783000.0,8592610000.0,0.0,760953000.0,190594000.0,0.03,1.29,1536137000.0,2297090000.0,0.26,2297090000.0,1536137000.0,838018000.0,2.23,2.18,2.23,7433316000.0,7587491250.0,7433316000.0,17794448289.0,12.0,7.747,240438000.0,1.083,1.0,2275073000.0,0.258,377472000.0,698119000.0,29926865000.0,30342747000.0,575872000.0,725115000.0,47904000.0,677211000.0,18076540000.0,3034834000.0,15041706000.0,9645767289.0,-266536000.0,823130000.0,78095000.0,-851441000.0,-275692000.0,-1129896000.0,-1524570000.0,-227154000.0,2384897000.0,3033000.0,516654000.0,493119000.0,493119000.0,0.0,0.0,0.056,1143769000.0,1131304000.0,523016000.0,0.578,1.298,19.561,19.466,17184144000.0,23535000.0,43.41,1.092,1.091,783159000.0,3486122000.0,8829306000.0,8829306000.0,0.0,0.019,0.065,0.051,0.174,0.0,0.0,1.0,222201504.0,221943451,221943451.0,39.782,25132384000.0,32038000.0,321364000.0,4956271000.0,113.238,-576034000.0
78,ETR,MRT,2001-12-31,2001-12-31,2001-12-31,2021-09-07,-88794000.0,25910311000.0,25662636500.0,2756530000.0,23153781000.0,0.375,33.746,-2158102000.0,751573000.0,751573000.0,7343845000.0,750507000.0,0.888,2.475,8900254000.0,1183141000.0,7717113000.0,8900254000.0,0.0,749619000.0,188230000.0,0.033,1.275,1942199000.0,2691818000.0,0.28,2691818000.0,1942199000.0,1206200000.0,3.29,3.23,3.29,7456020000.0,7578984250.0,7456020000.0,17154537442.0,9.0,6.373,57446000.0,0.26,1.0,2277054000.0,0.237,377172000.0,735999000.0,30576671000.0,30349673000.0,558141000.0,918240000.0,152137000.0,766103000.0,18454291000.0,3105149000.0,15349142000.0,8644851442.0,-630851000.0,784282000.0,27450000.0,-316714000.0,-269122000.0,-622004000.0,-2224720000.0,-781975000.0,2215548000.0,325000.0,750507000.0,726196000.0,726196000.0,0.0,0.0,0.075,729109000.0,1547945000.0,592529000.0,0.388,1.159,11.904,11.888,17185545000.0,24311000.0,39.11,0.899,0.898,858978000.0,3638448000.0,9620899000.0,9620899000.0,0.0,0.028,0.096,0.064,0.202,0.0,0.0,1.0,221039413.0,220944270,224733662.0,43.544,25533139000.0,6488000.0,455693000.0,4995887000.0,115.564,-348619000.0
79,ETR,MRT,2001-09-30,2001-09-30,2001-09-30,2021-09-07,-96913000.0,26181634000.0,25548032750.0,3356711000.0,22824923000.0,0.406,35.374,-2064454000.0,901276000.0,901276000.0,8037182000.0,773951000.0,0.818,2.339,9410962000.0,1807668000.0,7603294000.0,9410962000.0,0.0,720357000.0,183808000.0,0.035,1.26,1984846000.0,2705203000.0,0.261,2705203000.0,1984846000.0,1271827000.0,3.41,3.34,3.41,7841573000.0,7465895500.0,7841573000.0,16353077411.0,8.0,6.045,-307004000.0,-1.385,1.0,2339703000.0,0.225,0.0,713019000.0,30585960000.0,30152863250.0,576515000.0,895066000.0,253600000.0,641466000.0,18340061000.0,4105360000.0,14234701000.0,7883878411.0,-331813000.0,805945000.0,2976000.0,595929000.0,-268471000.0,260268000.0,-2344389000.0,-877195000.0,1757450000.0,-5142000.0,773951000.0,748853000.0,748853000.0,0.0,0.0,0.072,695450000.0,1644253000.0,594320000.0,0.37,1.005,10.528,10.428,17231153000.0,25098000.0,35.56,0.76,0.76,1150621000.0,3688624000.0,10376885000.0,10376885000.0,0.0,0.029,0.1,0.066,0.191,0.0,0.0,1.0,221706367.0,221675578,224830056.0,46.811,26181634000.0,0.0,497876000.0,4868663000.0,118.108,-748649000.0
80,ETR,MRT,2001-06-30,2001-06-30,2001-06-30,2021-09-07,-100433000.0,25366842000.0,25009400000.0,3066696000.0,22300146000.0,0.449,34.458,-1505746000.0,698695000.0,698695000.0,8733387000.0,763186000.0,0.863,2.329,9167894000.0,1469644000.0,7698250000.0,9167894000.0,0.0,815730000.0,181717000.0,0.032,1.245,1929626000.0,2745356000.0,0.244,2745356000.0,1929626000.0,1283689000.0,3.35,3.29,3.35,7619056000.0,7357321000.0,7619056000.0,16823791265.0,9.0,6.128,222965000.0,1.008,1.0,2498164000.0,0.222,0.0,645937000.0,30281492000.0,29493397250.0,547556000.0,574479000.0,832000.0,573647000.0,17747786000.0,3554549000.0,14193237000.0,8473191265.0,-1098379000.0,14000000.0,-73601000.0,-87500000.0,-266194000.0,-463933000.0,-2357517000.0,-614644000.0,1728711000.0,-5640000.0,763186000.0,736303000.0,736303000.0,0.0,0.0,0.066,867730000.0,1630434000.0,641371000.0,0.372,1.112,11.508,11.46,16839515000.0,26883000.0,38.39,0.754,0.756,1150418000.0,3445141000.0,11231551000.0,11231551000.0,0.0,0.029,0.1,0.065,0.172,0.0,0.0,1.0,220713500.0,221113598,225706421.0,50.795,25366842000.0,0.0,520503000.0,4654021000.0,114.723,-487853000.0
81,ETR,MRT,2001-03-31,2001-03-31,2001-03-31,2021-09-07,-117968000.0,25191759000.0,24748758500.0,3368072000.0,21823687000.0,0.439,33.646,-1782994000.0,1029831000.0,1029831000.0,8430373000.0,763376000.0,0.939,2.405,9380431000.0,1607843000.0,7772588000.0,9380431000.0,0.0,808373000.0,174520000.0,0.032,1.23,1873550000.0,2681923000.0,0.247,2681923000.0,1873550000.0,1267900000.0,3.31,3.27,3.31,7399288000.0,7269587750.0,7399288000.0,16138054172.0,9.0,6.017,39669000.0,0.18,1.0,2432691000.0,0.224,0.0,605650000.0,29954569000.0,28997171250.0,579987000.0,505790000.0,6543000.0,499247000.0,17792471000.0,3587790000.0,14204681000.0,8362367172.0,-656265000.0,61519000.0,-338565000.0,746083000.0,-266634000.0,-29462000.0,-2442541000.0,-381010000.0,1822663000.0,-6925000.0,763376000.0,734589000.0,734589000.0,0.0,0.0,0.068,849268000.0,1583423000.0,712965000.0,0.372,1.13,11.384,11.48,16733022000.0,28787000.0,38.0,0.77,0.769,1113032000.0,3275548000.0,10863064000.0,10863064000.0,0.0,0.03,0.101,0.065,0.172,0.0,0.0,1.0,220062294.0,219917139,223785716.0,49.396,25191759000.0,0.0,504524000.0,4478907000.0,114.551,-219718000.0
82,ETR,MRT,2000-12-31,2000-12-31,2000-12-31,2021-09-07,-75033000.0,25451896000.0,24291375500.0,3958015000.0,21493881000.0,0.413,30.91,-1836963000.0,1382424000.0,1382424000.0,7693385000.0,710915000.0,1.151,2.634,9158111000.0,1009145000.0,8148966000.0,9158111000.0,0.0,785609000.0,172169000.0,0.029,1.215,1752542000.0,2538151000.0,0.253,2538151000.0,1752542000.0,1189836000.0,3.0,2.97,3.0,7003665000.0,7252893000.0,7003665000.0,16145742411.0,9.0,6.361,130884000.0,0.578,1.0,2328744000.0,0.232,0.0,562706000.0,29789432000.0,28352930250.0,519036000.0,140095000.0,3608000.0,136487000.0,18448231000.0,3438151000.0,15010080000.0,9291119411.0,168705000.0,61519000.0,-508298000.0,990193000.0,-271019000.0,20818000.0,-1814012000.0,305408000.0,1967847000.0,-5948000.0,710915000.0,679294000.0,679294000.0,0.0,0.0,0.068,819682000.0,1509062000.0,1204227000.0,0.405,1.327,13.678,14.103,16708698000.0,31621000.0,42.31,0.927,0.957,1328376000.0,3190639000.0,10022129000.0,10022129000.0,0.0,0.028,0.094,0.062,0.175,0.0,0.0,1.0,219596299.0,226580449,228541307.0,44.232,25451896000.0,0.0,478921000.0,4420858000.0,112.331,519864000.0
83,ETR,MRT,2000-09-30,2000-09-30,2000-09-30,2021-09-07,-64493000.0,24027103000.0,23670886500.0,3749454000.0,20277649000.0,0.386,33.342,-1823477000.0,1233089000.0,1233089000.0,6905634000.0,677076000.0,1.278,2.244,8087712000.0,584118000.0,7503594000.0,8087712000.0,0.0,761302000.0,168163000.0,0.032,1.2,1693402000.0,2454704000.0,0.269,2454704000.0,1693402000.0,1131955000.0,2.84,2.83,2.84,7407275000.0,7366441000.0,7407275000.0,15087321881.0,9.0,6.146,-4032000.0,-0.018,1.0,2219975000.0,0.243,0.0,561447000.0,27948096000.0,27689415000.0,483886000.0,26277000.0,26063000.0,214000.0,16619828000.0,2933630000.0,13686198000.0,8307629881.0,-111309000.0,61519000.0,-599748000.0,771384000.0,-278101000.0,-319132000.0,-1609192000.0,446757000.0,1819445000.0,-2430000.0,677076000.0,640268000.0,640268000.0,0.0,0.0,0.07,826916000.0,1393059000.0,866587000.0,0.423,1.122,12.975,13.123,16244885000.0,36808000.0,37.27,0.91,0.907,1371994000.0,3216395000.0,9125609000.0,9125609000.0,0.0,0.027,0.087,0.061,0.186,0.0,0.0,1.0,222903941.0,222159091,224352165.0,41.077,24027103000.0,0.0,454879000.0,4622281000.0,108.153,815824000.0
84,ETR,MRT,2000-06-30,2000-06-30,2000-06-30,2021-09-07,-76086000.0,24324276000.0,23513567250.0,3881156000.0,20443120000.0,0.372,31.864,-1756838000.0,1797074000.0,1797074000.0,6580728000.0,666545000.0,1.382,2.347,8576766000.0,805290000.0,7771476000.0,8576766000.0,0.0,734019000.0,164986000.0,0.044,1.2,1671237000.0,2405256000.0,0.275,2405256000.0,1671237000.0,1124294000.0,2.65,2.65,2.65,7268123000.0,7427340750.0,7268123000.0,12555023718.0,8.0,5.22,-119267000.0,-0.523,1.0,2177861000.0,0.249,0.0,546943000.0,28296588000.0,27470942250.0,481052000.0,26957000.0,26743000.0,214000.0,17056153000.0,2807380000.0,14248773000.0,6253012718.0,711340000.0,61519000.0,-609597000.0,1095724000.0,-287009000.0,-13879000.0,-908999000.0,933256000.0,1637571000.0,-3353000.0,666545000.0,626553000.0,626553000.0,0.0,0.0,0.072,781044000.0,1396817000.0,796560000.0,0.453,0.86,9.98,10.26,16193503000.0,39992000.0,27.19,0.714,0.708,1052613000.0,2982495000.0,8758589000.0,8758589000.0,0.0,0.027,0.084,0.061,0.191,0.0,0.0,1.0,229974723.0,228097385,228152627.0,38.398,24324276000.0,0.0,457749000.0,4427152000.0,106.64,1073776000.0
85,ETR,MRT,2000-03-31,2000-03-31,2000-03-31,2021-09-07,-79447000.0,23362227000.0,23203431250.0,3332374000.0,20029853000.0,0.385,30.99,-1547112000.0,1686096000.0,1686096000.0,6741972000.0,630530000.0,1.457,2.186,7988107000.0,702654000.0,7285453000.0,7988107000.0,0.0,737041000.0,166931000.0,0.059,1.2,1587067000.0,2324108000.0,0.26,2324108000.0,1587067000.0,1024849000.0,3.06,3.06,3.06,7332509000.0,7500906750.0,7332509000.0,11080627733.0,7.0,4.768,-38463000.0,-0.163,1.0,2195233000.0,0.246,0.0,562218000.0,27377605000.0,27160687750.0,511359000.0,3849000.0,3635000.0,214000.0,16029718000.0,2286633000.0,13743085000.0,4767782733.0,599742000.0,135666000.0,-373476000.0,322075000.0,-292161000.0,-409231000.0,-499630000.0,956356000.0,1508649000.0,-46000.0,630530000.0,589138000.0,589138000.0,0.0,0.0,0.066,868003000.0,1327230000.0,591132000.0,0.392,0.65,8.093,6.598,15992298000.0,41392000.0,20.19,0.533,0.535,788996000.0,2814499000.0,8937205000.0,8937205000.0,0.0,0.025,0.079,0.058,0.178,0.0,0.0,1.0,236145752.0,236608445,236671604.0,37.772,23362227000.0,0.0,394319000.0,4345202000.0,98.738,1045741000.0
86,ETR,MRT,1999-12-31,1999-12-31,1999-12-31,2021-09-07,-73805000.0,22969940000.0,23075220500.0,3203985000.0,19765955000.0,0.38,30.424,-1414672000.0,1213719000.0,1213719000.0,6646245000.0,595026000.0,1.492,2.08,7526564000.0,493517000.0,7033047000.0,7526564000.0,0.0,744869000.0,161909000.0,0.047,1.2,1511041000.0,2255910000.0,0.257,2255910000.0,1511041000.0,951693000.0,2.25,2.25,2.25,7457857000.0,7526671250.0,7457857000.0,12314223178.0,8.0,5.459,-25648000.0,-0.105,1.0,2119390000.0,0.242,0.0,559348000.0,27135371000.0,27179454000.0,465634000.0,323726000.0,323512000.0,214000.0,15512083000.0,2147414000.0,13364669000.0,6213026178.0,29224000.0,351082000.0,-229684000.0,-247587000.0,-291483000.0,-910972000.0,-447880000.0,635005000.0,1389024000.0,-948000.0,595026000.0,552459000.0,552459000.0,0.0,0.0,0.063,875329000.0,1244061000.0,707678000.0,0.533,0.833,11.246,11.444,15817921000.0,42567000.0,25.75,0.709,0.72,825639000.0,2786467000.0,8765635000.0,8765635000.0,0.0,0.024,0.073,0.056,0.172,0.0,0.0,1.0,241282570.0,245127460,245326883.0,35.759,22969940000.0,0.0,356667000.0,4348567000.0,93.706,1056571000.0
87,ETR,MRT,1999-09-30,1999-09-30,1999-09-30,2021-09-07,-64691000.0,23397826000.0,23041909000.0,3952809000.0,19445017000.0,0.395,31.069,-1506565000.0,1344398000.0,1344398000.0,6830052000.0,825822000.0,1.63,2.058,7445595000.0,493364000.0,6952231000.0,7445595000.0,0.0,789176000.0,153897000.0,0.041,1.2,1859081000.0,2648257000.0,0.291,2648257000.0,1859081000.0,1242140000.0,3.82,3.82,3.82,7650874000.0,7523580750.0,7650874000.0,13632252773.0,7.0,5.148,65295000.0,0.265,1.0,2276228000.0,0.25,0.0,616941000.0,27074205000.0,27253235500.0,510187000.0,471129000.0,470915000.0,214000.0,15746952000.0,2424818000.0,13322134000.0,7143374773.0,536237000.0,2647989000.0,181296000.0,-1203560000.0,-591483000.0,-1741868000.0,704344000.0,-459741000.0,1571860000.0,1901000.0,825822000.0,783708000.0,783708000.0,0.0,0.0,0.086,948282000.0,1327946000.0,757743000.0,0.314,0.934,9.115,7.576,15496337000.0,42114000.0,28.94,0.784,0.783,1159765000.0,2852718000.0,9106280000.0,9106280000.0,0.0,0.034,0.104,0.068,0.204,0.0,0.0,1.0,246833959.0,246253929,246389119.0,36.979,23397826000.0,0.0,416318000.0,4617269000.0,95.015,1527991000.0
88,ETR,MRT,1999-06-30,1999-06-30,1999-06-30,2021-09-07,-47697000.0,23083732000.0,24035017250.0,4083332000.0,19000400000.0,0.442,32.547,-1437538000.0,1085734000.0,1085734000.0,8173551000.0,792261000.0,1.622,2.052,7574612000.0,648137000.0,6926475000.0,7574612000.0,0.0,872363000.0,152663000.0,0.038,1.2,1757406000.0,2629769000.0,0.247,2629769000.0,1757406000.0,1075621000.0,3.68,3.68,3.68,7562387000.0,7420048500.0,7562387000.0,14329021781.0,8.0,5.449,336097000.0,1.446,1.0,2455641000.0,0.231,0.0,681785000.0,27055570000.0,28450629500.0,492590000.0,958993000.0,958779000.0,214000.0,15521345000.0,2517040000.0,13004305000.0,7711238781.0,312399000.0,2623585000.0,219628000.0,-1280358000.0,-517500000.0,-1711119000.0,250751000.0,-947444000.0,1773635000.0,-868000.0,792261000.0,748475000.0,748475000.0,0.0,0.0,0.07,1134617000.0,1321024000.0,0.0,0.326,1.02,10.303,8.492,15376577000.0,43786000.0,31.25,0.725,0.683,1171006000.0,2640373000.0,10629192000.0,10629192000.0,0.0,0.031,0.101,0.062,0.165,0.0,0.0,1.0,246759641.0,232352915,232382112.0,45.746,23083732000.0,0.0,283360000.0,4501633000.0,99.348,1566292000.0
89,ETR,MRT,1999-03-31,1999-03-31,1999-03-31,2021-09-07,-46360000.0,22849384000.0,25057428750.0,3607181000.0,19242203000.0,0.432,30.155,-1396911000.0,1086354000.0,1086354000.0,8242914000.0,798482000.0,1.791,2.073,7704137000.0,824420000.0,6879717000.0,7704137000.0,0.0,929513000.0,151032000.0,0.049,1.35,1792033000.0,2721546000.0,0.251,2721546000.0,1792033000.0,1061991000.0,3.06,3.06,3.06,7435567000.0,7298202750.0,7435567000.0,13354200932.0,7.0,4.907,366524000.0,1.486,1.0,2578688000.0,0.238,0.0,730042000.0,27452670000.0,29722090250.0,478989000.0,959153000.0,959153000.0,0.0,15413817000.0,2014497000.0,13399320000.0,6778588932.0,97318000.0,2507021000.0,-5866000.0,-1339420000.0,-332864000.0,-1814786000.0,151835000.0,-947444000.0,1763435000.0,-3166000.0,798482000.0,752973000.0,752973000.0,0.0,0.0,0.07,1148905000.0,1429783000.0,496480000.0,0.441,0.912,9.002,8.987,15396110000.0,45509000.0,27.5,0.626,0.627,493600000.0,2514735000.0,10821602000.0,10821602000.0,0.0,0.03,0.103,0.06,0.166,0.0,0.0,1.0,246494143.0,246579198,246716928.0,43.887,22849384000.0,15120000.0,263509000.0,4461760000.0,92.665,1592684000.0
90,ETR,MRT,1998-12-31,1998-12-31,1998-12-31,2021-09-07,-46739000.0,22836694000.0,26105539250.0,3643948000.0,19192746000.0,0.44,30.218,-1331373000.0,1184495000.0,1184495000.0,8725550000.0,785629000.0,1.839,2.067,7760107000.0,728281000.0,7031826000.0,7760107000.0,0.0,984929000.0,148972000.0,0.048,1.5,1853012000.0,2837941000.0,0.247,2837941000.0,1853012000.0,1052364000.0,3.0,3.0,3.0,7445495000.0,7161914250.0,7445495000.0,17135614745.0,9.0,6.038,504309000.0,2.047,1.0,2769222000.0,0.241,0.0,800648000.0,27430497000.0,30962514750.0,465082000.0,959542000.0,959328000.0,214000.0,15391199000.0,1981809000.0,13409390000.0,7676537745.0,353948000.0,2275014000.0,16377000.0,-1042194000.0,-373441000.0,-1463548000.0,-19753000.0,-947444000.0,1835682000.0,1567000.0,785629000.0,739069000.0,739069000.0,0.0,0.0,0.064,1257367000.0,1511855000.0,522072000.0,0.5,1.031,10.387,10.377,15604003000.0,46560000.0,31.13,0.668,0.667,747677000.0,2526888000.0,11494772000.0,11494772000.0,0.0,0.028,0.103,0.06,0.161,0.0,0.0,1.0,246596137.0,246396469,246572328.0,46.652,22836694000.0,0.0,266735000.0,4420899000.0,92.683,1662139000.0
91,ETR,MRT,1998-09-30,1998-09-30,1998-09-30,2021-09-07,-88373000.0,27370259000.0,27146540750.0,3474092000.0,23896167000.0,0.439,29.344,-3171077000.0,808161000.0,808161000.0,8871809000.0,502549000.0,1.091,2.782,10267238000.0,876570000.0,9390668000.0,10267238000.0,0.0,1017879000.0,178877000.0,0.054,1.65,1472434000.0,2490313000.0,0.209,2490313000.0,1472434000.0,659387000.0,1.67,1.67,1.67,7236745000.0,7058533250.0,7236745000.0,17305997922.0,12.0,6.949,-1680467000.0,-6.814,1.0,3055040000.0,0.256,1781256000.0,813047000.0,31863781000.0,32120215250.0,485990000.0,9490000.0,9490000.0,0.0,20133514000.0,3184299000.0,16949215000.0,7583025922.0,-53604000.0,1983961000.0,-213503000.0,-308516000.0,-110001000.0,-394217000.0,-1137184000.0,0.0,1490610000.0,-12813000.0,502549000.0,414242000.0,414242000.0,0.0,0.0,0.035,1350509000.0,1704531000.0,1197566000.0,0.988,1.048,18.306,18.413,18181705000.0,88307000.0,30.75,0.636,0.636,1180435000.0,2365285000.0,11926849000.0,11926849000.0,0.0,0.015,0.059,0.046,0.123,0.0,0.0,1.0,246602469.0,246615620,246777031.0,48.362,25589003000.0,18800000.0,156838000.0,5776299000.0,103.761,289793000.0
92,ETR,MRT,1998-06-30,1998-06-30,1998-06-30,2021-09-07,-73665000.0,27173378000.0,27081520000.0,3174830000.0,23998548000.0,0.374,28.707,-3251506000.0,773336000.0,773336000.0,7017317000.0,320894000.0,1.071,2.841,10496308000.0,1090825000.0,9405483000.0,10496308000.0,0.0,1008240000.0,178176000.0,0.063,1.8,1598719000.0,2606959000.0,0.257,2606959000.0,1598719000.0,751348000.0,0.98,0.98,0.98,7075004000.0,7027714750.0,7075004000.0,16819254414.0,11.0,6.452,-1645614000.0,-6.677,1.0,3119672000.0,0.308,1790873000.0,847371000.0,32141413000.0,32176925750.0,507411000.0,5449000.0,5449000.0,0.0,20098374000.0,2964064000.0,17134310000.0,7084011414.0,85815000.0,2037295000.0,-68035000.0,-269488000.0,-226042000.0,-337890000.0,-1172108000.0,0.0,1605892000.0,-10079000.0,320894000.0,244198000.0,244198000.0,0.0,0.0,0.024,1333197000.0,1786475000.0,893454000.0,1.837,1.001,29.009,29.337,18142072000.0,76696000.0,28.75,0.699,0.699,1057788000.0,2188165000.0,10136989000.0,10136989000.0,0.0,0.009,0.035,0.05,0.158,0.0,0.0,1.0,246400397.0,246452120,246555555.0,41.132,25382505000.0,0.0,430454000.0,5616430000.0,102.992,210766000.0
93,ETR,MRT,1998-03-31,1998-03-31,1998-03-31,2021-09-07,-53124000.0,27041826000.0,27033924750.0,3063450000.0,23978376000.0,0.363,28.019,-3040127000.0,989036000.0,989036000.0,6695072000.0,251191000.0,1.015,2.925,10724279000.0,1282784000.0,9441495000.0,10724279000.0,0.0,1004437000.0,183736000.0,0.061,1.8,1564638000.0,2569075000.0,0.262,2569075000.0,1564638000.0,703902000.0,0.76,0.76,0.76,6890413000.0,7055526250.0,6890413000.0,16991055104.0,11.0,6.614,-1470221000.0,-5.978,1.0,3111193000.0,0.317,1343224000.0,860736000.0,32414368000.0,32267344500.0,498123000.0,5589000.0,5589000.0,0.0,20151413000.0,3019477000.0,17131936000.0,7314939104.0,370787000.0,2059063000.0,218710000.0,-222624000.0,-444087000.0,-219213000.0,-972240000.0,0.0,1569906000.0,-7666000.0,251191000.0,186199000.0,186199000.0,0.0,0.0,0.019,1363541000.0,1747652000.0,714245000.0,2.368,1.062,39.286,39.145,18149405000.0,64992000.0,29.75,0.746,0.746,917376000.0,1984903000.0,9806265000.0,9806265000.0,0.0,0.007,0.026,0.048,0.16,0.0,0.0,1.0,245880306.0,245920415,246188177.0,39.876,25698602000.0,0.0,452711000.0,5605521000.0,104.5,43973000.0
94,ETR,MRT,1997-12-31,1997-12-31,1997-12-31,2021-09-07,-69817000.0,27000700000.0,27060608750.0,3171322000.0,23829378000.0,0.353,29.275,-2975830000.0,830547000.0,830547000.0,6321297000.0,300899000.0,1.132,2.84,10506663000.0,987338000.0,9519325000.0,10506663000.0,0.0,980008000.0,178162000.0,0.06,1.8,1621130000.0,2601138000.0,0.273,2601138000.0,1621130000.0,772240000.0,1.03,1.03,1.03,7031971000.0,7105455250.0,7031971000.0,17120106716.0,11.0,6.582,-1183059000.0,-4.925,1.0,3217629000.0,0.337,1813465000.0,848890000.0,32061299000.0,32341806000.0,487201000.0,8157000.0,8157000.0,0.0,19968729000.0,2802052000.0,17166677000.0,7303066716.0,441844000.0,54153000.0,305379000.0,1437638000.0,-438183000.0,1511520000.0,-2851283000.0,0.0,1792771000.0,-11164000.0,300899000.0,247683000.0,247683000.0,0.0,0.0,0.026,1383266000.0,1834363000.0,915800000.0,1.748,1.039,29.486,29.068,18132828000.0,53216000.0,29.94,0.766,0.754,1075263000.0,2157912000.0,9538926000.0,9538926000.0,0.0,0.009,0.035,0.05,0.17,0.0,0.0,1.0,243923404.0,240207539,240347697.0,39.711,25187235000.0,0.0,471341000.0,5571353000.0,104.856,369270000.0
95,ETR,MRT,1997-09-30,1997-09-30,1997-09-30,2021-09-07,-5682000.0,27110176000.0,26049440000.0,3293730000.0,23816446000.0,0.33,29.374,-764595000.0,861765000.0,861765000.0,5579525000.0,390666000.0,1.105,2.811,10678805000.0,830472000.0,9848333000.0,10678805000.0,0.0,920395000.0,185336000.0,0.069,1.8,1770241000.0,2690636000.0,0.313,2690636000.0,1770241000.0,950600000.0,1.57,,1.57,7113471000.0,7115430000.0,7113471000.0,16540496480.0,9.0,6.147,1069431000.0,4.416,1.0,3004430000.0,0.35,1856310000.0,819641000.0,32090623000.0,31467555750.0,430914000.0,9316000.0,9316000.0,0.0,19996705000.0,2980283000.0,17016422000.0,6287494480.0,254338000.0,-2051204000.0,621086000.0,1392706000.0,-733528000.0,1122313000.0,-2704640000.0,0.0,1834026000.0,2639000.0,390666000.0,375875000.0,375875000.0,0.0,0.0,0.044,1300322000.0,1704108000.0,793625000.0,1.146,0.884,16.728,16.599,18130096000.0,14791000.0,26.06,0.732,0.735,1346027000.0,2246729000.0,8583955000.0,8583955000.0,0.0,0.014,0.053,0.056,0.206,0.0,0.0,1.0,241269934.0,242172319,,35.446,25253866000.0,0.0,559934000.0,5915618000.0,104.281,313447000.0
96,ETR,MRT,1997-06-30,1997-06-30,1997-06-30,2021-09-07,10203000.0,26982997000.0,,3072099000.0,23910898000.0,,30.121,-600803000.0,687520000.0,687520000.0,5039378000.0,608890000.0,1.174,2.755,10940522000.0,940304000.0,10000218000.0,10940522000.0,0.0,870225000.0,180128000.0,0.065,1.8,1783632000.0,2653857000.0,0.334,2653857000.0,1783632000.0,1010764000.0,2.46,,2.46,7186250000.0,,7186250000.0,16964510770.0,10.0,6.392,1141083000.0,4.783,1.0,2895322000.0,0.365,2116183000.0,772868000.0,32503088000.0,,471897000.0,8708000.0,8708000.0,0.0,19796747000.0,2616728000.0,17180019000.0,6535826770.0,341869000.0,-2024233000.0,284957000.0,1299667000.0,-417994000.0,1077680000.0,-2478483000.0,0.0,1741886000.0,786000.0,608890000.0,574813000.0,574813000.0,0.0,0.0,0.072,1254068000.0,1641254000.0,746602000.0,0.732,0.909,11.37,11.179,18231592000.0,34077000.0,27.5,0.824,0.827,1224930000.0,2384923000.0,7934700000.0,7934700000.0,0.0,,,,0.225,0.0,0.0,1.0,237666428.0,238577894,,33.258,24866814000.0,0.0,401874000.0,5726337000.0,104.229,455371000.0
97,ETR,MRT,1997-03-31,1997-03-31,1997-03-31,2021-09-07,20966000.0,27148562000.0,,2995156000.0,24153406000.0,,30.154,-661166000.0,618249000.0,618249000.0,4692135000.0,669315000.0,1.099,2.829,11046933000.0,1132220000.0,9914713000.0,11046933000.0,0.0,824410000.0,181693000.0,0.073,1.8,1846436000.0,2670846000.0,0.351,2670846000.0,1846436000.0,1109823000.0,2.68,,2.68,7090129000.0,,7090129000.0,13857437944.0,8.0,5.188,1103799000.0,4.694,1.0,2918152000.0,0.383,2140311000.0,736613000.0,32712214000.0,,498180000.0,9524000.0,9524000.0,0.0,20058433000.0,2724721000.0,17333712000.0,5760383944.0,9852000.0,-2065103000.0,216782000.0,1141191000.0,-410667000.0,828806000.0,-2583171000.0,0.0,1764965000.0,-748000.0,669315000.0,616860000.0,616860000.0,0.0,0.0,0.081,1209616000.0,1708536000.0,511661000.0,0.672,0.812,9.338,9.142,18280002000.0,52455000.0,24.5,0.757,0.757,1242678000.0,2345917000.0,7610287000.0,7610287000.0,0.0,,,,0.243,0.0,0.0,1.0,235117712.0,235133608,,32.366,25008251000.0,0.0,440508000.0,5694994000.0,106.358,270435000.0
98,ETR,MRT,1996-12-31,1996-12-31,1996-12-31,2021-09-07,21725000.0,22956025000.0,22610977500.0,2362533000.0,20593492000.0,0.317,30.87,-695819000.0,388703000.0,388703000.0,4326430000.0,490563000.0,1.255,2.246,8485757000.0,517593000.0,7968164000.0,8485757000.0,0.0,790948000.0,155534000.0,0.065,1.8,1631757000.0,2422705000.0,0.338,2422705000.0,1631757000.0,911722000.0,1.83,1.83,1.83,7071870000.0,7047272500.0,7071870000.0,,,,832230000.0,3.633,1.0,2837096000.0,0.396,606214000.0,720035000.0,28564298000.0,28020820000.0,479225000.0,1384000.0,1384000.0,0.0,15884155000.0,1882567000.0,14001588000.0,6493951205.0,-144887000.0,-1199714000.0,118087000.0,490706000.0,-405346000.0,101371000.0,-1774357000.0,0.0,1528049000.0,50000.0,490563000.0,420027000.0,420027000.0,0.0,0.0,0.059,1158375000.0,1678721000.0,554558000.0,0.984,0.918,15.461,15.093,16170564000.0,70536000.0,27.62,0.907,0.883,892198000.0,2341703000.0,7163526000.0,7163526000.0,0.0,0.019,0.06,0.058,0.228,0.0,0.0,1.0,235117712.0,229084241,229249574.0,31.27,22349811000.0,0.0,421159000.0,4626482000.0,97.562,479966000.0
99,ETR,MRT,1996-09-30,1996-09-30,1996-09-30,2021-09-07,,,,,,,,,,,,,,,,,,,,,,0.067,1.8,,,,,,,,,,,,,,,,,,1.0,,,,,,,,,,,,,,,,,,,,,,,,,,,,,,,,,,,,,,,,27.0,,,,,,,,,,,,,,1.0,,228603813,,,,,,,,
100,ETR,MRT,1996-06-30,1996-06-30,1996-06-30,2021-09-07,,,,,,,,,,,,,,,,,,,,,,0.065,1.8,,,,,,,,,,,,,,,,,,1.0,,,,,,,,,,,,,,,,,,,,,,,,,,,,,,,,,,,,,,,,27.875,,,,,,,,,,,,,,1.0,,228036032,,,,,,,,
101,ETR,MRT,1996-03-31,1996-03-31,1996-03-31,2021-09-07,,,,,,,,,,,,,,,,,,,,,,0.064,1.8,,,,,,,,,,,,,,,,,,1.0,,,,,,,,,,,,,,,,,,,,,,,,,,,,,,,,,,,,,,,,28.125,,,,,,,,,,,,,,1.0,,227780604,,,,,,,,
102,ETR,MRT,1995-12-31,1995-12-31,1995-12-31,2021-09-07,0.0,22265930000.0,,2315240000.0,19950690000.0,,30.846,-998751000.0,533590000.0,533590000.0,3665928000.0,597949000.0,1.107,2.171,7836245000.0,755457000.0,7080788000.0,7836245000.0,0.0,695865000.0,140054000.0,0.062,1.8,1593363000.0,2289228000.0,0.365,2289228000.0,1593363000.0,934131000.0,2.28,2.28,2.28,7022675000.0,,7022675000.0,,,,504931000.0,2.218,1.0,2607144000.0,0.416,0.0,659232000.0,27477342000.0,,467497000.0,379360000.0,6907000.0,372453000.0,15243255000.0,2091243000.0,13152012000.0,,-80317000.0,0.0,0.0,-259416000.0,-408553000.0,-792502000.0,-791497000.0,0.0,1503682000.0,0.0,597949000.0,519980000.0,519980000.0,0.0,0.0,0.083,1103952000.0,1503192000.0,460379000.0,0.789,,,12.829,15820791000.0,77969000.0,29.25,,1.062,851530000.0,2335579000.0,6273072000.0,6273072000.0,0.0,,,,0.254,0.0,0.0,1.0,,227669970,227729975.0,27.553,22265930000.0,0.0,336182000.0,4671020000.0,97.799,223997000.0
103,ETR,MRT,1994-12-31,1994-12-31,1994-12-31,2021-09-07,,,,,,,,-879971000.0,,,3752306000.0,341841000.0,,,,,,,,659142000.0,,0.082,1.8,1233240000.0,1892382000.0,0.316,1892382000.0,1233240000.0,473565000.0,1.49,,1.49,,,,,,,677947000.0,2.964,1.0,2229514000.0,0.373,,759675000.0,,,,,,,,,,,50158000.0,0.0,-119486000.0,-169416000.0,-410223000.0,-748216000.0,-759544000.0,0.0,1557918000.0,0.0,341841000.0,341841000.0,341841000.0,0.0,0.0,0.057,1058263000.0,1171251000.0,,1.208,,,14.685,,0.0,21.88,,0.837,,,5981820000.0,5981820000.0,0.0,,,,0.206,0.0,0.0,1.0,,228734843,,26.152,,,131724000.0,,,
