None,ticker,dimension,calendardate,datekey,reportperiod,lastupdated,accoci,assets,assetsavg,assetsc,assetsnc,assetturnover,bvps,capex,cashneq,cashnequsd,cor,consolinc,currentratio,de,debt,debtc,debtnc,debtusd,deferredrev,depamor,deposits,divyield,dps,ebit,ebitda,ebitdamargin,ebitdausd,ebitusd,ebt,eps,epsdil,epsusd,equity,equityavg,equityusd,ev,evebit,evebitda,fcf,fcfps,fxusd,gp,grossmargin,intangibles,intexp,invcap,invcapavg,inventory,investments,investmentsc,investmentsnc,liabilities,liabilitiesc,liabilitiesnc,marketcap,ncf,ncfbus,ncfcommon,ncfdebt,ncfdiv,ncff,ncfi,ncfinv,ncfo,ncfx,netinc,netinccmn,netinccmnusd,netincdis,netincnci,netmargin,opex,opinc,payables,payoutratio,pb,pe,pe1,ppnenet,prefdivis,price,ps,ps1,receivables,retearn,revenue,revenueusd,rnd,roa,roe,roic,ros,sbcomp,sgna,sharefactor,sharesbas,shareswa,shareswadil,sps,tangibles,taxassets,taxexp,taxliabilities,tbvps,workingcapital
0,MCHP,MRY,2021-12-31,2021-03-31,2021-03-31,2021-10-16,-26200000.0,16478800000.0,16713475000.0,2145200000.0,14333600000.0,0.325,10.279,-84300000.0,280000000.0,280000000.0,2059600000.0,349400000.0,0.89,2.088,8904100000.0,1322900000.0,7581200000.0,8904100000.0,0.0,1153300000.0,0.0,0.01,0.747,696400000.0,1849700000.0,0.34,1849700000.0,696400000.0,339500000.0,0.675,0.645,0.675,5337100000.0,5394775000.0,5337100000.0,50565149658.0,73.0,27.337,1832200000.0,3.529,1.0,3378800000.0,0.621,11465400000.0,356900000.0,11227900000.0,11319700000.0,665000000.0,2000000.0,2000000.0,0.0,11141700000.0,2409600000.0,8732100000.0,41794849658.0,0.0,0.0,60300000.0,-1414000000.0,-388300000.0,-1799000000.0,-173300000.0,0.0,1916500000.0,,349400000.0,349400000.0,349400000.0,0.0,0.0,0.064,2380700000.0,998100000.0,292400000.0,1.107,7.831,119.619,114.978,854700000.0,0.0,77.61,7.685,7.409,997700000.0,3393500000.0,5438400000.0,5438400000.0,836400000.0,0.021,0.065,0.062,0.128,198300000.0,610300000.0,1.0,538524026.0,519200000,541200000.0,10.475,5013400000.0,1749200000.0,-9900000.0,733800000.0,9.656,-264400000.0
1,MCHP,MRY,2020-12-31,2020-03-31,2020-03-31,2021-10-16,-21600000.0,17426100000.0,17779900000.0,2217200000.0,15208900000.0,0.297,11.69,-64400000.0,401000000.0,401000000.0,2032100000.0,570600000.0,1.354,2.12,9482200000.0,608800000.0,8873400000.0,9482200000.0,0.0,1215600000.0,0.0,0.022,0.732,647700000.0,1863300000.0,0.353,1863300000.0,647700000.0,150400000.0,1.195,1.115,1.195,5585500000.0,5462925000.0,5585500000.0,25424081553.0,39.0,13.645,1479400000.0,3.096,1.0,3242100000.0,0.615,12367100000.0,497300000.0,12502800000.0,12168050000.0,685700000.0,2000000.0,2000000.0,0.0,11840600000.0,1637400000.0,10203200000.0,16240681553.0,0.0,0.0,58800000.0,-1069100000.0,-350100000.0,-1369300000.0,-133200000.0,2700000.0,1543800000.0,0.0,570600000.0,570600000.0,570600000.0,0.0,0.0,0.108,2595000000.0,647100000.0,246800000.0,0.613,2.908,28.462,28.368,876100000.0,0.0,33.9,3.079,3.071,934000000.0,3432400000.0,5274200000.0,5274200000.0,877800000.0,0.032,0.104,0.053,0.123,170200000.0,676600000.0,1.0,479076152.0,477800000,512400000.0,11.039,5059000000.0,1748500000.0,-420200000.0,986900000.0,10.588,579800000.0
2,MCHP,MRY,2019-12-31,2019-03-31,2019-03-31,2021-10-16,-20700000.0,18350000000.0,18605400000.0,2214800000.0,16135200000.0,0.288,11.193,-228700000.0,428600000.0,428600000.0,2418200000.0,355900000.0,0.933,2.47,10307000000.0,1360800000.0,8946200000.0,10307000000.0,0.0,876400000.0,0.0,0.018,0.729,707400000.0,1583800000.0,0.296,1583800000.0,707400000.0,204500000.0,0.755,0.71,0.755,5287500000.0,5185650000.0,5287500000.0,29769044341.0,42.0,18.796,1446100000.0,3.061,1.0,2931300000.0,0.548,13349500000.0,502900000.0,12504400000.0,13601350000.0,711700000.0,2300000.0,2300000.0,0.0,13062500000.0,2374500000.0,10688000000.0,19658944341.0,0.0,-7850600000.0,42600000.0,5110600000.0,-344400000.0,4736100000.0,-6811000000.0,1286900000.0,1674800000.0,0.0,355900000.0,355900000.0,355900000.0,0.0,0.0,0.067,2217000000.0,714300000.0,226400000.0,0.966,3.718,55.237,54.94,996700000.0,0.0,41.48,3.675,3.663,880600000.0,3210600000.0,5349500000.0,5349500000.0,826300000.0,0.019,0.069,0.052,0.132,166400000.0,682900000.0,1.0,473937906.0,472400000,499800000.0,11.324,5000500000.0,1677200000.0,-151400000.0,1462300000.0,10.585,-159700000.0
3,MCHP,MRY,2018-12-31,2018-03-31,2018-03-31,2021-10-16,-17600000.0,8257200000.0,8081020500.0,3356300000.0,4900900000.0,0.493,7.041,-196500000.0,901300000.0,901300000.0,1560100000.0,255400000.0,1.664,1.518,3068300000.0,1309900000.0,1758400000.0,3068300000.0,333800000.0,615900000.0,0.0,0.016,0.724,936300000.0,1552200000.0,0.39,1552200000.0,936300000.0,737300000.0,0.55,0.515,0.55,3279800000.0,3355888250.0,3279800000.0,23777126053.0,25.0,15.318,1223100000.0,2.626,1.0,2420700000.0,0.608,3961000000.0,199000000.0,4445800000.0,5113104500.0,476200000.0,1295300000.0,1295300000.0,0.0,4977400000.0,2017400000.0,2960000000.0,21409582053.0,-7400000.0,0.0,42000000.0,-74200000.0,-337500000.0,-415300000.0,-1011700000.0,-808100000.0,1419600000.0,0.0,255400000.0,255400000.0,255400000.0,0.0,0.0,0.064,1484400000.0,936300000.0,144100000.0,1.316,6.528,83.828,83.055,767900000.0,0.0,45.68,5.378,5.345,563700000.0,1397300000.0,3980800000.0,3980800000.0,529300000.0,0.032,0.076,0.183,0.235,93200000.0,452100000.0,1.0,468686122.0,465800000,497800000.0,8.546,4296200000.0,100200000.0,481900000.0,960700000.0,9.223,1338900000.0
4,MCHP,MRY,2017-12-31,2017-03-31,2017-03-31,2021-10-16,-14400000.0,7686900000.0,7316158250.0,2305000000.0,5381900000.0,0.466,7.529,-52300000.0,908700000.0,908700000.0,1650600000.0,164600000.0,3.272,1.35,2950500000.0,50000000.0,2900500000.0,2950500000.0,292800000.0,469200000.0,0.0,0.02,0.721,230100000.0,699300000.0,0.205,699300000.0,230100000.0,83800000.0,0.38,0.355,0.38,3270700000.0,2722414750.0,3270700000.0,18428421134.0,80.0,26.353,1007200000.0,2.319,1.0,1757200000.0,0.516,4447100000.0,146300000.0,4577100000.0,4516300500.0,417200000.0,501600000.0,394100000.0,107500000.0,4416200000.0,704500000.0,3711700000.0,15968365134.0,-1184000000.0,-2747500000.0,42200000.0,964000000.0,-315400000.0,595500000.0,-2838000000.0,-28000000.0,1059500000.0,-1000000.0,164600000.0,164600000.0,164600000.0,6000000.0,0.0,0.048,1481400000.0,275800000.0,149200000.0,1.897,4.882,97.013,97.079,683300000.0,0.0,36.89,4.686,4.702,478400000.0,1479400000.0,3407800000.0,3407800000.0,545300000.0,0.022,0.06,0.051,0.068,128100000.0,499800000.0,1.0,432864330.0,434400000,469600000.0,7.845,3239800000.0,68900000.0,-80800000.0,594000000.0,7.458,1600500000.0
5,MCHP,MRY,2016-12-31,2016-03-31,2016-03-31,2021-10-16,-3357000.0,5537883000.0,5406932500.0,3096713000.0,2441170000.0,0.402,5.287,-83600000.0,2092751000.0,2092751000.0,967800000.0,323900000.0,8.106,1.575,2453405000.0,0.0,2453405000.0,2453405000.0,183432000.0,283200000.0,0.0,0.03,0.716,385500000.0,668700000.0,0.308,668700000.0,385500000.0,281500000.0,0.795,0.745,0.795,2150919000.0,2126381500.0,2150919000.0,11883771730.0,31.0,17.771,660800000.0,1.624,1.0,1205500000.0,0.555,1619001000.0,104000000.0,3897527000.0,4999823250.0,306815000.0,471833000.0,353284000.0,118549000.0,3386964000.0,382009000.0,3004955000.0,9808748730.0,1484900000.0,-361900000.0,-335100000.0,589500000.0,-291100000.0,-59900000.0,800400000.0,1253000000.0,744400000.0,0.0,324100000.0,324100000.0,324100000.0,0.0,-200000.0,0.149,853200000.0,352300000.0,79312000.0,0.901,4.56,30.265,30.314,609396000.0,0.0,24.1,4.513,4.511,290183000.0,1582585000.0,2173300000.0,2173300000.0,372600000.0,0.06,0.152,0.077,0.177,70600000.0,301700000.0,1.0,407002022.0,406800000,434800000.0,5.342,3918882000.0,14831000.0,-42600000.0,510279000.0,9.633,2714704000.0
6,MCHP,MRY,2015-12-31,2015-03-31,2015-03-31,2021-10-16,11076000.0,4780713000.0,4630500000.0,2664617000.0,2116096000.0,0.464,5.088,-149472000.0,607815000.0,607815000.0,917472000.0,365325000.0,7.528,1.33,1826858000.0,0.0,1826858000.0,1826858000.0,166128000.0,278298000.0,0.0,0.029,0.713,411625000.0,689923000.0,0.321,689923000.0,411625000.0,349591000.0,0.92,0.825,0.92,2044654000.0,2168502250.0,2044654000.0,10754092931.0,26.0,15.587,571710000.0,1.423,1.0,1229564000.0,0.573,1075688000.0,62034000.0,4570096000.0,4132566250.0,279456000.0,1734380000.0,1351054000.0,383326000.0,2719687000.0,353972000.0,2365715000.0,9850836931.0,141212000.0,-659929000.0,34433000.0,401727000.0,-286478000.0,98548000.0,-678317000.0,137747000.0,721182000.0,-201000.0,369009000.0,369009000.0,369009000.0,0.0,-3684000.0,0.172,803944000.0,425620000.0,86866000.0,0.775,4.818,26.695,26.576,581572000.0,0.0,24.45,4.588,4.576,273937000.0,1549540000.0,2147036000.0,2147036000.0,349543000.0,0.08,0.17,0.1,0.192,58596000.0,274815000.0,1.0,402897216.0,401874000,447122000.0,5.343,3705025000.0,71045000.0,-19418000.0,495528000.0,9.219,2310645000.0
7,MCHP,MRY,2014-12-31,2014-03-31,2014-03-31,2021-10-16,1051000.0,4067630000.0,3979866000.0,1969399000.0,2098231000.0,0.485,5.385,-96837000.0,466603000.0,466603000.0,802474000.0,395281000.0,5.86,0.905,1020758000.0,17500000.0,1003258000.0,1020758000.0,147798000.0,189139000.0,0.0,0.03,0.708,481070000.0,670209000.0,0.347,670209000.0,481070000.0,432354000.0,0.995,0.91,0.995,2135461000.0,2045842000.0,2135461000.0,10155031711.0,21.0,15.152,579727000.0,1.462,1.0,1128743000.0,0.584,721596000.0,48716000.0,3564110000.0,3505414000.0,262725000.0,1676894000.0,878182000.0,798712000.0,1932169000.0,336079000.0,1596090000.0,9510660711.0,-61731000.0,-25887000.0,60086000.0,29546000.0,-281204000.0,-235016000.0,-503279000.0,-386186000.0,676564000.0,0.0,395281000.0,395281000.0,395281000.0,0.0,0.0,0.205,669879000.0,458864000.0,74050000.0,0.712,4.454,24.061,24.0,531967000.0,0.0,23.88,4.925,4.904,242405000.0,1467009000.0,1931217000.0,1931217000.0,305043000.0,0.099,0.193,0.137,0.249,53787000.0,267278000.0,1.0,398268874.0,396582000,435260000.0,4.87,3346034000.0,67490000.0,37073000.0,555282000.0,8.437,1633320000.0
8,MCHP,MRY,2013-12-31,2013-03-31,2013-03-31,2021-10-16,6935000.0,3851405000.0,3682036250.0,2236370000.0,1615035000.0,0.43,4.968,-50512000.0,528334000.0,528334000.0,743164000.0,127389000.0,6.547,0.992,983385000.0,0.0,983385000.0,983385000.0,138952000.0,204097000.0,0.0,0.038,0.703,193092000.0,397189000.0,0.251,397189000.0,193092000.0,152177000.0,0.325,0.31,0.325,1933470000.0,1960661000.0,1933470000.0,7689599243.0,40.0,19.36,408853000.0,1.051,1.0,838459000.0,0.53,801484000.0,40915000.0,3163361000.0,2965288250.0,242334000.0,1307713000.0,1050263000.0,257450000.0,1917935000.0,341611000.0,1576324000.0,7183483243.0,-107421000.0,-752302000.0,51365000.0,620000000.0,-273822000.0,382170000.0,-949942000.0,-142398000.0,459365000.0,986000.0,127389000.0,127389000.0,127389000.0,0.0,0.0,0.081,659906000.0,178553000.0,75551000.0,2.163,3.715,56.39,56.569,514544000.0,0.0,18.385,4.542,4.524,229955000.0,1352932000.0,1581623000.0,1581623000.0,254723000.0,0.035,0.065,0.065,0.122,52069000.0,261471000.0,1.0,390725224.0,389190000,411552000.0,4.064,3049921000.0,80687000.0,24788000.0,182723000.0,7.837,1894759000.0
9,MCHP,MRY,2012-12-31,2012-03-31,2012-03-31,2021-10-16,3101000.0,3083776000.0,3041993750.0,2015861000.0,1067915000.0,0.455,5.203,-61959000.0,635755000.0,635755000.0,583882000.0,336705000.0,8.133,0.549,355050000.0,0.0,355050000.0,355050000.0,108709000.0,99424000.0,0.0,0.037,0.695,413961000.0,513385000.0,0.371,513385000.0,413961000.0,379695000.0,0.88,0.825,0.88,1990673000.0,1928784750.0,1990673000.0,6892228619.0,17.0,13.425,350019000.0,0.915,1.0,799294000.0,0.578,183949000.0,34266000.0,2371249000.0,2312726500.0,217278000.0,1151840000.0,823254000.0,328586000.0,1093103000.0,247873000.0,845230000.0,7144612619.0,-68169000.0,-38580000.0,57457000.0,0.0,-266178000.0,-208145000.0,-272002000.0,-165645000.0,411978000.0,0.0,336705000.0,336705000.0,336705000.0,0.0,0.0,0.243,402778000.0,396516000.0,50287000.0,0.79,3.589,21.219,21.136,516611000.0,0.0,18.6,5.165,5.144,170201000.0,1499365000.0,1383176000.0,1383176000.0,182650000.0,0.111,0.175,0.179,0.299,37713000.0,208328000.0,1.0,384118958.0,382566000,407038000.0,3.616,2899827000.0,91191000.0,42990000.0,70490000.0,7.58,1767988000.0
10,MCHP,MRY,2011-12-31,2011-03-31,2011-03-31,2021-10-16,3357000.0,2968058000.0,2824605750.0,1774983000.0,1193075000.0,0.527,4.844,-92786000.0,703924000.0,703924000.0,605954000.0,418950000.0,5.216,0.638,347334000.0,0.0,347334000.0,347334000.0,140044000.0,106612000.0,0.0,0.036,0.687,482002000.0,588614000.0,0.396,588614000.0,482002000.0,450481000.0,1.12,1.075,1.12,1812438000.0,1666753500.0,1812438000.0,7006914260.0,15.0,11.904,489875000.0,1.309,1.0,881251000.0,0.593,153947000.0,31521000.0,2117205000.0,2185293000.0,180800000.0,1004410000.0,539572000.0,464838000.0,1155620000.0,340316000.0,815304000.0,7161949260.0,211794000.0,-125727000.0,71940000.0,0.0,-256811000.0,-183017000.0,-187850000.0,47230000.0,582661000.0,0.0,418950000.0,418950000.0,418950000.0,10217000.0,0.0,0.282,407068000.0,474183000.0,68433000.0,0.613,3.952,17.095,16.969,540513000.0,0.0,19.005,4.816,4.781,181202000.0,1428838000.0,1487205000.0,1487205000.0,170607000.0,0.148,0.251,0.221,0.324,34958000.0,222184000.0,1.0,376845528.0,374132000,389430000.0,3.975,2814111000.0,88822000.0,31531000.0,58125000.0,7.522,1434667000.0
11,MCHP,MRY,2010-12-31,2010-03-31,2010-03-31,2021-10-16,3032000.0,2516313000.0,2441153500.0,1610969000.0,905344000.0,0.388,4.175,-47504000.0,492130000.0,492130000.0,413487000.0,217005000.0,7.921,0.641,340672000.0,0.0,340672000.0,340672000.0,98941000.0,90057000.0,0.0,0.048,0.679,268963000.0,359020000.0,0.379,359020000.0,268963000.0,237813000.0,0.59,0.58,0.59,1533380000.0,1483195000.0,1533380000.0,5165777329.0,19.0,14.389,404543000.0,1.101,1.0,534242000.0,0.564,75865000.0,31150000.0,2085600000.0,2042486750.0,116579000.0,1039408000.0,722193000.0,317215000.0,982933000.0,203390000.0,779543000.0,5188068329.0,45801000.0,-58402000.0,36478000.0,0.0,-249556000.0,-210984000.0,-195262000.0,-73917000.0,452047000.0,0.0,217005000.0,217005000.0,217005000.0,0.0,0.0,0.229,289283000.0,244959000.0,44238000.0,1.151,3.383,23.908,23.864,493039000.0,0.0,14.08,5.474,5.457,137806000.0,1266699000.0,947729000.0,947729000.0,120823000.0,0.089,0.146,0.132,0.284,34684000.0,167222000.0,1.0,368470762.0,367284000,374678000.0,2.58,2440448000.0,77810000.0,20808000.0,57140000.0,6.645,1407579000.0
12,MCHP,MRY,2009-12-31,2009-03-31,2009-03-31,2021-10-16,4312000.0,2405711000.0,2478319000.0,1742789000.0,662922000.0,0.364,4.068,-102204000.0,446329000.0,446329000.0,386793000.0,245587000.0,11.197,0.614,334184000.0,0.0,334184000.0,334184000.0,83931000.0,96046000.0,0.0,0.064,0.673,261519000.0,357565000.0,0.396,357565000.0,261519000.0,232079000.0,0.67,0.655,0.67,1490311000.0,1137632750.0,1490311000.0,4617118328.0,18.0,12.913,206449000.0,0.564,1.0,516504000.0,0.572,61883000.0,29440000.0,2076038000.0,2727705000.0,131510000.0,994442000.0,943616000.0,50826000.0,915400000.0,155645000.0,759755000.0,3859337328.0,-41407000.0,0.0,-90374000.0,0.0,-246657000.0,-330233000.0,-19827000.0,103977000.0,308653000.0,0.0,245587000.0,245587000.0,245587000.0,0.0,0.0,0.272,283176000.0,233328000.0,29228000.0,1.004,2.59,15.715,15.813,531687000.0,0.0,10.595,4.273,4.297,88525000.0,1299250000.0,903297000.0,903297000.0,115524000.0,0.099,0.216,0.096,0.29,25683000.0,161218000.0,1.0,364260248.0,366316000,373576000.0,2.466,2343828000.0,69626000.0,-13508000.0,70051000.0,6.398,1587144000.0
13,MCHP,MRY,2008-12-31,2008-03-31,2008-03-31,2021-10-16,2508000.0,2512307000.0,2435019000.0,1717730000.0,794577000.0,0.425,2.5,-68102000.0,487736000.0,487736000.0,410799000.0,296793000.0,8.99,1.424,1150128000.0,0.0,1150128000.0,1150128000.0,95441000.0,100076000.0,0.0,0.037,0.603,358951000.0,459027000.0,0.443,459027000.0,358951000.0,349456000.0,0.715,0.7,0.715,1036223000.0,1550608750.0,1036223000.0,6498655211.0,18.0,14.157,379205000.0,0.915,1.0,624938000.0,0.603,43499000.0,9495000.0,2940119000.0,2367446250.0,124483000.0,1031328000.0,837054000.0,194274000.0,1476084000.0,191081000.0,1285003000.0,6179557211.0,320259000.0,27523000.0,-1078928000.0,1127000000.0,-251959000.0,-182703000.0,55655000.0,101246000.0,447307000.0,0.0,296793000.0,296793000.0,296793000.0,0.0,0.0,0.287,323273000.0,301665000.0,39317000.0,0.843,5.964,20.821,22.888,522305000.0,0.0,16.365,5.966,6.548,138319000.0,1301275000.0,1035737000.0,1035737000.0,120864000.0,0.122,0.191,0.152,0.347,33576000.0,175646000.0,1.0,377608140.0,414440000,424096000.0,2.499,2468808000.0,63261000.0,52663000.0,112311000.0,5.957,1526649000.0
14,MCHP,MRY,2007-12-31,2007-03-31,2007-03-31,2021-10-16,-7169000.0,2269541000.0,2283488000.0,1084737000.0,1184804000.0,0.455,4.651,-58293000.0,167477000.0,167477000.0,414915000.0,357029000.0,4.239,0.132,0.0,0.0,0.0,0.0,91363000.0,116171000.0,0.0,0.027,0.482,406506000.0,522677000.0,0.503,522677000.0,406506000.0,401090000.0,0.83,0.81,0.83,2004368000.0,1882833500.0,2004368000.0,7553993327.0,19.0,14.453,371476000.0,0.862,1.0,624756000.0,0.601,40342000.0,5416000.0,1805802000.0,1769373250.0,121024000.0,1110910000.0,583000000.0,527910000.0,265173000.0,255920000.0,9253000.0,7677770327.0,-397796000.0,0.0,68723000.0,-268954000.0,-207898000.0,-385341000.0,-442224000.0,-383087000.0,429769000.0,0.0,357029000.0,357029000.0,357029000.0,0.0,0.0,0.343,276945000.0,347811000.0,34675000.0,0.581,3.831,21.505,21.404,605722000.0,0.0,17.765,7.385,7.364,124559000.0,1255486000.0,1039671000.0,1039671000.0,113698000.0,0.156,0.19,0.23,0.391,27453000.0,163247000.0,1.0,432185214.0,430996000,441696000.0,2.412,2229199000.0,61983000.0,44061000.0,0.0,5.172,828817000.0
15,MCHP,MRY,2006-12-31,2006-03-31,2006-03-31,2021-10-16,-13913000.0,2350596000.0,2051805000.0,1118829000.0,1231767000.0,0.452,4.108,-74953000.0,565273000.0,565273000.0,377016000.0,242369000.0,1.837,0.362,268954000.0,268954000.0,0.0,268954000.0,99481000.0,110682000.0,0.0,0.016,0.285,361152000.0,471834000.0,0.509,471834000.0,361152000.0,359185000.0,0.575,0.565,0.575,1726189000.0,1635319000.0,1726189000.0,7621871674.0,21.0,16.154,362370000.0,0.862,1.0,550877000.0,0.594,41375000.0,1967000.0,1403933000.0,1470278500.0,115024000.0,719851000.0,199491000.0,520360000.0,624407000.0,608969000.0,15438000.0,7733869674.0,496543000.0,0.0,92431000.0,223500000.0,-120109000.0,195822000.0,-136602000.0,-59054000.0,437323000.0,0.0,242369000.0,242369000.0,242369000.0,0.0,0.0,0.261,224513000.0,326364000.0,50847000.0,0.496,4.48,31.909,31.565,659972000.0,0.0,18.15,8.335,8.219,139361000.0,1106355000.0,927893000.0,927893000.0,94926000.0,0.118,0.148,0.246,0.389,29955000.0,129587000.0,1.0,426108522.0,420208000,430048000.0,2.208,2309221000.0,78544000.0,116816000.0,0.0,5.495,509860000.0
16,MCHP,MRY,2005-12-31,2005-03-31,2005-03-31,2021-10-16,-9718000.0,1817554000.0,1736476000.0,1075348000.0,742206000.0,0.488,3.593,-61552000.0,68730000.0,68730000.0,362961000.0,213785000.0,3.507,0.223,45454000.0,45454000.0,0.0,45454000.0,91730000.0,120466000.0,0.0,0.008,0.104,278208000.0,398674000.0,0.471,398674000.0,278208000.0,277268000.0,0.515,0.505,0.515,1485734000.0,1415054500.0,1485734000.0,5358642306.0,19.0,13.441,291158000.0,0.704,1.0,483975000.0,0.571,41175000.0,940000.0,1446438000.0,1360026250.0,103728000.0,665874000.0,665874000.0,0.0,331820000.0,306665000.0,25155000.0,5390573306.0,-36604000.0,0.0,-21042000.0,45454000.0,-42997000.0,-18585000.0,-370729000.0,-309177000.0,352710000.0,0.0,213785000.0,213785000.0,213785000.0,0.0,0.0,0.252,225328000.0,258647000.0,34328000.0,0.202,3.628,25.215,25.252,693302000.0,0.0,13.005,6.365,6.349,113088000.0,984095000.0,846936000.0,846936000.0,93040000.0,0.123,0.151,0.205,0.328,15296000.0,111188000.0,1.0,414500062.0,413480000,423924000.0,2.048,1776379000.0,105097000.0,63483000.0,0.0,4.296,768683000.0
17,MCHP,MRY,2004-12-31,2004-03-31,2004-03-31,2021-10-16,733000.0,1622143000.0,1532091750.0,883945000.0,738198000.0,0.456,3.205,-61178000.0,105334000.0,105334000.0,349301000.0,137262000.0,3.273,0.228,0.0,0.0,0.0,0.0,84816000.0,142235000.0,0.0,0.004,0.056,178145000.0,320380000.0,0.458,320380000.0,178145000.0,177896000.0,0.335,0.325,0.335,1320517000.0,1271444000.0,1320517000.0,5439747710.0,31.0,16.979,281902000.0,0.684,1.0,349959000.0,0.5,42044000.0,249000.0,1204714000.0,1193557000.0,94514000.0,369216000.0,369216000.0,0.0,301626000.0,270051000.0,31575000.0,5497921710.0,51425000.0,0.0,-714000.0,0.0,-23321000.0,-24035000.0,-267620000.0,-205742000.0,343080000.0,0.0,137262000.0,137262000.0,137262000.0,0.0,0.0,0.196,178665000.0,171294000.0,61184000.0,0.167,4.163,40.054,39.433,689206000.0,0.0,13.21,7.862,7.784,107890000.0,813307000.0,699260000.0,699260000.0,85389000.0,0.09,0.108,0.149,0.255,37639000.0,92411000.0,1.0,416193922.0,412064000,424344000.0,1.697,1580099000.0,126046000.0,40634000.0,0.0,3.835,613894000.0
18,MCHP,MRY,2003-12-31,2003-03-31,2003-03-31,2021-10-16,0.0,1428275000.0,1379855000.0,609109000.0,819166000.0,0.472,2.911,-79779000.0,53909000.0,53909000.0,299227000.0,88232000.0,2.831,0.211,0.0,0.0,0.0,0.0,70988000.0,111076000.0,0.0,0.002,0.02,117382000.0,228458000.0,0.351,228458000.0,117382000.0,116889000.0,0.22,0.21,0.22,1178949000.0,1149939000.0,1178949000.0,3850397513.0,33.0,16.854,180408000.0,0.445,1.0,352235000.0,0.541,43176000.0,493000.0,1116060000.0,976849750.0,102344000.0,162602000.0,162602000.0,0.0,249326000.0,215130000.0,34196000.0,4048628513.0,-119688000.0,-235391000.0,5008000.0,0.0,-8129000.0,-3121000.0,-376754000.0,-55552000.0,260187000.0,0.0,88232000.0,88232000.0,88232000.0,0.0,0.0,0.135,228118000.0,124117000.0,34143000.0,0.091,3.434,45.886,45.227,767933000.0,0.0,9.95,6.215,6.185,95387000.0,699366000.0,651462000.0,651462000.0,87963000.0,0.064,0.077,0.12,0.18,17951000.0,89355000.0,1.0,406897338.0,404966000,421292000.0,1.609,1385099000.0,116481000.0,28657000.0,0.0,3.42,393979000.0
19,MCHP,MRY,2002-12-31,2002-03-31,2002-03-31,2021-10-16,0.0,1275600000.0,1203897250.0,549176000.0,726424000.0,0.475,2.7,-44153000.0,173597000.0,173597000.0,284518000.0,94814000.0,3.277,0.186,0.0,0.0,0.0,0.0,40800000.0,109039000.0,0.0,0.0,0.0,127758000.0,236797000.0,0.415,236797000.0,127758000.0,127191000.0,0.24,0.225,0.24,1075779000.0,1031449000.0,1075779000.0,5319784849.0,42.0,22.466,134673000.0,0.338,1.0,286736000.0,0.502,835000.0,567000.0,933570000.0,877360000.0,88615000.0,107050000.0,107050000.0,0.0,199821000.0,167598000.0,32223000.0,5563041849.0,56150000.0,0.0,16065000.0,0.0,0.0,16065000.0,-138741000.0,-94588000.0,178826000.0,0.0,94814000.0,94814000.0,94814000.0,0.0,0.0,0.166,164265000.0,122471000.0,38292000.0,0.0,5.171,58.673,58.097,715960000.0,0.0,13.943,9.738,9.723,80747000.0,619254000.0,571254000.0,571254000.0,81650000.0,0.079,0.092,0.146,0.224,18752000.0,82615000.0,1.0,398975031.0,398368000,417814000.0,1.434,1274765000.0,83980000.0,32377000.0,0.0,3.2,381578000.0
20,MCHP,MRY,2001-12-31,2001-03-31,2001-03-31,2021-10-16,0.0,1161349000.0,1021690250.0,371559000.0,789790000.0,0.701,2.435,-438855000.0,129909000.0,129909000.0,335016000.0,142836000.0,1.909,0.232,0.0,0.0,0.0,0.0,64106000.0,104326000.0,0.0,0.0,0.0,196952000.0,301278000.0,0.421,301278000.0,196952000.0,196199000.0,0.37,0.35,0.37,942848000.0,787113500.0,942848000.0,3219796643.0,16.0,10.687,-184491000.0,-0.476,1.0,380714000.0,0.532,0.0,753000.0,836817000.0,684802000.0,95699000.0,0.0,0.0,0.0,218501000.0,194623000.0,23878000.0,3298598643.0,-35210000.0,0.0,0.0,-9000000.0,0.0,109537000.0,-399111000.0,42674000.0,254364000.0,0.0,142836000.0,142836000.0,142836000.0,0.0,0.0,0.2,198573000.0,182141000.0,57652000.0,0.0,3.499,23.094,22.802,780016000.0,0.0,8.437,4.609,4.565,76543000.0,524440000.0,715730000.0,715730000.0,78595000.0,0.14,0.181,0.288,0.275,15936000.0,102620000.0,1.0,390983640.0,387264000,410380000.0,1.848,1161349000.0,47508000.0,53363000.0,0.0,2.999,176936000.0
21,MCHP,MRY,2000-12-31,2000-03-31,2000-03-31,2021-10-16,1018000.0,861352000.0,645172250.0,403963000.0,457389000.0,0.857,1.806,-212463000.0,206525000.0,206525000.0,269611000.0,115173000.0,2.264,0.299,9000000.0,9000000.0,0.0,9000000.0,59395000.0,71173000.0,0.0,0.0,0.0,155861000.0,227034000.0,0.411,227034000.0,155861000.0,154614000.0,0.315,0.295,0.315,662878000.0,481577750.0,662878000.0,4982685663.0,32.0,21.947,34470000.0,0.094,1.0,283440000.0,0.513,0.0,1247000.0,485368000.0,418888000.0,68324000.0,2286000.0,2286000.0,0.0,198474000.0,178459000.0,20015000.0,5036177663.0,161640000.0,-3000000.0,-4772000.0,-23021000.0,0.0,123440000.0,-208733000.0,6730000.0,246933000.0,0.0,115173000.0,115173000.0,115173000.0,0.0,0.0,0.208,136984000.0,146456000.0,70750000.0,0.0,7.597,43.727,46.384,445821000.0,0.0,14.611,9.106,9.694,84225000.0,377925000.0,553051000.0,553051000.0,52365000.0,0.179,0.239,0.372,0.282,15511000.0,86750000.0,1.0,344681361.0,366942000,391018000.0,1.507,861352000.0,35637000.0,39441000.0,0.0,2.347,225504000.0
22,MCHP,MRY,1999-12-31,1999-03-31,1999-03-31,2021-10-16,0.0,505230000.0,516365000.0,203415000.0,301815000.0,0.892,0.968,-45456000.0,30826000.0,30826000.0,240170000.0,46541000.0,1.847,0.408,28325000.0,3325000.0,25000000.0,28325000.0,28607000.0,70398000.0,0.0,0.0,0.0,69445000.0,139843000.0,0.304,139843000.0,69445000.0,66022000.0,0.127,0.12,0.127,358797000.0,346053000.0,358797000.0,1775516170.0,26.0,12.696,67038000.0,0.181,1.0,220553000.0,0.479,0.0,3423000.0,392609000.0,412491000.0,67975000.0,0.0,0.0,0.0,146433000.0,110120000.0,36313000.0,1756170170.0,-4413000.0,0.0,-87437000.0,-3450000.0,0.0,-73920000.0,-42987000.0,2469000.0,112494000.0,0.0,46541000.0,46541000.0,46541000.0,0.0,0.0,0.101,153372000.0,67181000.0,28489000.0,0.0,4.895,37.734,40.397,293663000.0,0.0,5.13,3.812,4.126,62545000.0,264281000.0,460723000.0,460723000.0,46375000.0,0.09,0.134,0.168,0.151,4915000.0,72502000.0,1.0,342308653.0,370500000,386646000.0,1.244,505230000.0,37129000.0,19481000.0,0.0,1.364,93295000.0
23,MCHP,MRY,1998-12-31,1998-03-31,1998-03-31,2021-10-16,0.0,524743000.0,506515000.0,194589000.0,330154000.0,0.784,1.019,-145301000.0,32188000.0,32188000.0,199538000.0,64368000.0,1.396,0.429,29170000.0,20402000.0,8768000.0,29170000.0,29515000.0,53768000.0,0.0,0.0,0.0,89297000.0,143065000.0,0.36,143065000.0,89297000.0,88167000.0,0.178,0.169,0.178,367308000.0,358483500.0,367308000.0,1078768289.0,12.0,7.54,-8760000.0,-0.024,1.0,197356000.0,0.497,0.0,1130000.0,382307000.0,334734000.0,66293000.0,0.0,0.0,0.0,157435000.0,139418000.0,18017000.0,1113275289.0,-10811000.0,0.0,-31481000.0,16925000.0,0.0,-2051000.0,-145301000.0,0.0,136541000.0,0.0,64368000.0,64368000.0,64368000.0,0.0,0.0,0.162,110911000.0,86445000.0,36049000.0,0.0,3.031,17.295,17.478,325892000.0,0.0,3.111,2.805,2.824,56320000.0,214193000.0,396894000.0,396894000.0,38362000.0,0.127,0.18,0.267,0.225,5332000.0,67549000.0,1.0,357838486.0,360288000,380115000.0,1.102,524743000.0,35778000.0,23799000.0,0.0,1.456,55171000.0
24,MCHP,MRY,1997-12-31,1997-03-31,1997-03-31,2021-10-16,0.0,428092000.0,393139500.0,189536000.0,238556000.0,0.85,0.909,-79012000.0,42999000.0,42999000.0,167330000.0,51132000.0,1.927,0.352,12245000.0,6246000.0,5999000.0,12245000.0,20441000.0,40153000.0,0.0,0.0,0.0,72764000.0,112917000.0,0.338,112917000.0,72764000.0,69493000.0,0.147,0.139,0.147,316584000.0,268108000.0,316584000.0,1571426270.0,22.0,13.917,-1426000.0,-0.004,1.0,166922000.0,0.499,0.0,3271000.0,298978000.0,282228500.0,56813000.0,0.0,0.0,0.0,111508000.0,98360000.0,13148000.0,1542162270.0,11940000.0,0.0,-19463000.0,-26682000.0,0.0,13366000.0,-79012000.0,0.0,77586000.0,0.0,51132000.0,51132000.0,51132000.0,0.0,0.0,0.153,95865000.0,71057000.0,35281000.0,0.0,4.871,30.16,30.234,234058000.0,0.0,4.444,4.614,4.628,61102000.0,149825000.0,334252000.0,334252000.0,32073000.0,0.13,0.191,0.258,0.218,5742000.0,56248000.0,1.0,346986511.0,348090750,369110250.0,0.96,428092000.0,24251000.0,18361000.0,0.0,1.23,91176000.0
25,MCHP,MRY,1996-12-31,1996-03-31,1996-03-31,2021-10-16,0.0,358187000.0,,156431000.0,201756000.0,,0.641,-115845000.0,31059000.0,31059000.0,137708000.0,43752000.0,1.555,0.631,38927000.0,5677000.0,33250000.0,38927000.0,19527000.0,29975000.0,0.0,0.0,0.0,62915000.0,92890000.0,0.325,92890000.0,62915000.0,59934000.0,0.127,0.119,0.127,219632000.0,,219632000.0,,,,-42486000.0,-0.124,1.0,148180000.0,0.518,0.0,2981000.0,265479000.0,,56127000.0,0.0,0.0,0.0,138555000.0,100576000.0,37979000.0,,-1579000.0,0.0,0.0,17486000.0,0.0,27111000.0,-102049000.0,13796000.0,73359000.0,0.0,43752000.0,43752000.0,43752000.0,0.0,0.0,0.153,87868000.0,60312000.0,47165000.0,0.0,,,21.483,197383000.0,0.0,2.728,,3.269,47208000.0,98693000.0,285888000.0,285888000.0,27517000.0,,,,0.22,4130000.0,48903000.0,1.0,,342562500,368097750.0,0.835,358187000.0,19121000.0,16182000.0,0.0,1.046,55855000.0
26,MCHP,MRY,1995-12-31,1995-03-31,1995-03-31,2021-10-16,,,,,,,,-70848000.0,,,101039000.0,36299000.0,,,,,,,,17196000.0,,0.0,0.0,51117000.0,68313000.0,0.328,68313000.0,51117000.0,49128000.0,0.104,0.104,0.104,,,,,,,-27733000.0,-0.08,1.0,106922000.0,0.514,,1989000.0,,,,,,,,,,,8236000.0,0.0,0.0,-2173000.0,0.0,31549000.0,-66428000.0,4420000.0,43115000.0,0.0,36299000.0,36299000.0,36299000.0,0.0,0.0,0.175,57721000.0,49201000.0,,0.0,,,26.714,,0.0,2.778,,4.657,,,207961000.0,207961000.0,20746000.0,,,,0.246,4120000.0,36975000.0,1.0,,348576750,348576750.0,0.597,,,12829000.0,,,
0,MCHP,MRQ,2021-06-30,2021-06-30,2021-06-30,2021-10-16,-26200000.0,16277800000.0,,2157100000.0,14120700000.0,,10.08,-86300000.0,277700000.0,277700000.0,561800000.0,252800000.0,1.981,1.949,8527400000.0,0.0,8527400000.0,8527400000.0,0.0,272200000.0,0.0,0.01,0.206,369300000.0,641500000.0,0.409,641500000.0,369300000.0,297000000.0,0.46,0.445,0.46,5519900000.0,,5519900000.0,49582693184.0,57.0,24.67,543600000.0,0.993,1.0,1007600000.0,0.642,11252000000.0,72300000.0,12186400000.0,,683800000.0,2000000.0,2000000.0,0.0,10757900000.0,1089100000.0,9668800000.0,40958593184.0,-2300000.0,0.0,12200000.0,-391200000.0,-113100000.0,-519500000.0,-112700000.0,0.0,629900000.0,0.0,252800000.0,252800000.0,252800000.0,0.0,0.0,0.161,638800000.0,368800000.0,284400000.0,0.448,7.42,85.58,83.654,892200000.0,0.0,74.87,7.188,7.195,1000700000.0,3533200000.0,1569400000.0,1569400000.0,238400000.0,,,,,56600000.0,174300000.0,1.0,547062818.0,547600000,565200000.0,2.866,5025800000.0,1719500000.0,44200000.0,730400000.0,9.178,1068000000.0
1,MCHP,MRQ,2021-03-31,2021-03-31,2021-03-31,2021-10-16,-26200000.0,16478800000.0,,2145200000.0,14333600000.0,,9.836,-47300000.0,280000000.0,280000000.0,540300000.0,116000000.0,0.89,2.088,8904100000.0,1322900000.0,7581200000.0,8904100000.0,0.0,287800000.0,0.0,0.01,0.195,222400000.0,510200000.0,0.348,510200000.0,222400000.0,144400000.0,0.22,0.21,0.22,5337100000.0,,5337100000.0,50565149658.0,73.0,27.337,401900000.0,0.741,1.0,926800000.0,0.632,11465400000.0,78000000.0,11227900000.0,,665000000.0,2000000.0,2000000.0,0.0,11141700000.0,2409600000.0,8732100000.0,41794849658.0,0.0,0.0,20100000.0,-368600000.0,-106600000.0,-411500000.0,-63200000.0,0.0,449200000.0,,116000000.0,116000000.0,116000000.0,0.0,0.0,0.079,618800000.0,308000000.0,292400000.0,0.886,7.831,119.619,114.978,854700000.0,0.0,77.61,7.685,7.409,997700000.0,3393500000.0,1467100000.0,1467100000.0,228500000.0,,,,,55000000.0,165100000.0,1.0,538524026.0,542600000,562800000.0,2.704,5013400000.0,1749200000.0,28400000.0,733800000.0,9.24,-264400000.0
2,MCHP,MRQ,2020-12-31,2020-12-31,2020-12-31,2021-10-16,-22300000.0,16576100000.0,,2152500000.0,14423600000.0,,10.055,-21400000.0,370700000.0,370700000.0,506300000.0,36200000.0,0.853,2.129,9141000000.0,1493200000.0,7647800000.0,9141000000.0,0.0,286900000.0,0.0,0.011,0.184,103300000.0,390200000.0,0.289,390200000.0,103300000.0,16800000.0,0.07,0.065,0.07,5297000000.0,,5297000000.0,44769751181.0,70.0,24.713,488300000.0,0.927,1.0,845800000.0,0.626,11696400000.0,86500000.0,11127800000.0,,666100000.0,2000000.0,2000000.0,0.0,11279100000.0,2522200000.0,8756900000.0,35960551181.0,2400000.0,0.0,10600000.0,-302000000.0,-96000000.0,-455800000.0,-51500000.0,0.0,509700000.0,0.0,36200000.0,36200000.0,36200000.0,0.0,0.0,0.027,600200000.0,245600000.0,259800000.0,2.629,6.789,107.892,102.304,827400000.0,0.0,69.055,6.788,6.867,893800000.0,3384100000.0,1352100000.0,1352100000.0,210100000.0,,,,,51200000.0,154200000.0,1.0,520752316.0,526800000,550800000.0,2.567,4879700000.0,1628400000.0,-19400000.0,679500000.0,9.263,-369700000.0
3,MCHP,MRQ,2020-09-30,2020-09-30,2020-09-30,2021-10-16,-20900000.0,16770900000.0,,2122100000.0,14648800000.0,,10.632,-6300000.0,368300000.0,368300000.0,501600000.0,73600000.0,1.074,2.081,9177500000.0,996100000.0,8181400000.0,9177500000.0,0.0,285800000.0,0.0,0.014,0.184,182100000.0,467900000.0,0.357,467900000.0,182100000.0,88800000.0,0.145,0.135,0.145,5443700000.0,,5443700000.0,34890017681.0,53.0,18.842,449500000.0,0.878,1.0,807900000.0,0.617,11920600000.0,93300000.0,11684300000.0,,661400000.0,2000000.0,2000000.0,0.0,11327200000.0,1975200000.0,9352000000.0,25941917681.0,-9900000.0,0.0,18600000.0,-331300000.0,-95300000.0,-424000000.0,-41700000.0,0.0,455800000.0,0.0,73600000.0,73600000.0,73600000.0,0.0,0.0,0.056,581700000.0,226200000.0,216900000.0,1.269,4.765,42.654,40.94,822100000.0,0.0,51.38,4.957,5.027,903700000.0,3443900000.0,1309500000.0,1309500000.0,199800000.0,,,,,49700000.0,144700000.0,1.0,504903030.0,512000000,535400000.0,2.558,4850300000.0,1634900000.0,15200000.0,745900000.0,9.473,146900000.0
4,MCHP,MRQ,2020-06-30,2020-06-30,2020-06-30,2021-10-16,-21100000.0,17028100000.0,,2135000000.0,14893100000.0,,11.105,-9300000.0,378200000.0,378200000.0,511400000.0,123600000.0,0.826,2.095,9326300000.0,1596300000.0,7730000000.0,9326300000.0,0.0,292800000.0,0.0,0.014,0.184,188600000.0,481400000.0,0.368,481400000.0,188600000.0,89500000.0,0.25,0.24,0.25,5501300000.0,,5501300000.0,34917165259.0,53.0,18.727,492500000.0,0.994,1.0,798300000.0,0.61,12151600000.0,99100000.0,11238800000.0,,657200000.0,2000000.0,2000000.0,0.0,11526800000.0,2585800000.0,8941000000.0,25835965259.0,-22800000.0,0.0,11000000.0,-412100000.0,-90400000.0,-507700000.0,-16900000.0,0.0,501800000.0,0.0,123600000.0,123600000.0,123600000.0,0.0,0.0,0.094,580000000.0,218300000.0,211100000.0,0.736,4.696,40.149,39.295,844000000.0,0.0,52.655,4.911,4.958,894300000.0,3465600000.0,1309700000.0,1309700000.0,198000000.0,,,,,42400000.0,146300000.0,1.0,490664994.0,495400000,515600000.0,2.644,4876500000.0,1639100000.0,-34100000.0,793400000.0,9.844,-450800000.0
5,MCHP,MRQ,2020-03-31,2020-03-31,2020-03-31,2021-10-16,-21600000.0,17426100000.0,,2217200000.0,15208900000.0,,11.632,-9200000.0,401000000.0,401000000.0,512500000.0,99900000.0,1.354,2.12,9482200000.0,608800000.0,8873400000.0,9482200000.0,0.0,310900000.0,0.0,0.022,0.183,161200000.0,472100000.0,0.356,472100000.0,161200000.0,45800000.0,0.21,0.195,0.21,5585500000.0,,5585500000.0,25424081553.0,39.0,13.645,362500000.0,0.755,1.0,813900000.0,0.614,12367100000.0,115400000.0,12502800000.0,,685700000.0,2000000.0,2000000.0,0.0,11840600000.0,1637400000.0,10203200000.0,16240681553.0,0.0,0.0,20000000.0,-238500000.0,-88000000.0,-263400000.0,-35500000.0,4700000.0,371700000.0,0.0,99900000.0,99900000.0,99900000.0,0.0,0.0,0.075,653200000.0,160700000.0,246800000.0,0.871,2.908,28.462,28.368,876100000.0,0.0,33.9,3.079,3.071,934000000.0,3432400000.0,1326400000.0,1326400000.0,221800000.0,,,,,40700000.0,165700000.0,1.0,479076152.0,480200000,514800000.0,2.762,5059000000.0,1748500000.0,-54100000.0,986900000.0,10.535,579800000.0
6,MCHP,MRQ,2019-12-31,2019-12-31,2019-12-31,2021-10-16,-22000000.0,17588600000.0,,2104000000.0,15484600000.0,,11.74,-14100000.0,397100000.0,397100000.0,501900000.0,311100000.0,0.9,2.132,9580500000.0,1400800000.0,8179700000.0,9580500000.0,0.0,300000000.0,0.0,0.014,0.183,130300000.0,430300000.0,0.334,430300000.0,130300000.0,10600000.0,0.65,0.6,0.65,5616600000.0,,5616600000.0,34426538042.0,44.0,17.956,381400000.0,0.797,1.0,785500000.0,0.61,12604300000.0,119700000.0,11831100000.0,,708800000.0,5200000.0,5200000.0,0.0,11972000000.0,2336600000.0,9635400000.0,25025738042.0,-4700000.0,0.0,11300000.0,-257200000.0,-87700000.0,-357200000.0,-43000000.0,-2000000.0,395500000.0,0.0,311100000.0,311100000.0,311100000.0,0.0,0.0,0.242,654300000.0,131200000.0,209300000.0,0.282,4.456,38.776,38.642,909700000.0,0.0,52.36,4.742,4.746,807500000.0,3420500000.0,1287400000.0,1287400000.0,217100000.0,,,,,43500000.0,170700000.0,1.0,477955272.0,478400000,516600000.0,2.691,4984300000.0,1738400000.0,-300500000.0,1097700000.0,10.419,-232600000.0
7,MCHP,MRQ,2019-09-30,2019-09-30,2019-09-30,2021-10-16,-22300000.0,17858500000.0,,2177800000.0,15680700000.0,,11.244,-17400000.0,401800000.0,401800000.0,510300000.0,108900000.0,0.899,2.331,9802600000.0,1387300000.0,8415300000.0,9802600000.0,0.0,297600000.0,0.0,0.016,0.183,183100000.0,480700000.0,0.359,480700000.0,183100000.0,53500000.0,0.23,0.215,0.23,5361300000.0,,5361300000.0,31767931805.0,38.0,16.516,378600000.0,0.794,1.0,827500000.0,0.619,12851900000.0,129600000.0,11984000000.0,,734200000.0,3300000.0,3300000.0,0.0,12497200000.0,2423400000.0,10073800000.0,22116631805.0,-32200000.0,0.0,20200000.0,-315700000.0,-87300000.0,-399800000.0,-28400000.0,0.0,396000000.0,0.0,108900000.0,108900000.0,108900000.0,0.0,0.0,0.081,643900000.0,183600000.0,235600000.0,0.796,4.125,57.67,57.352,937000000.0,0.0,46.455,4.122,4.129,848600000.0,3197100000.0,1337800000.0,1337800000.0,219800000.0,,,,,45300000.0,172300000.0,1.0,476087220.0,476800000,510600000.0,2.806,5006600000.0,1662000000.0,-55400000.0,1294400000.0,10.5,-245600000.0
8,MCHP,MRQ,2019-06-30,2019-06-30,2019-06-30,2021-10-16,-22300000.0,18246400000.0,,2278500000.0,15967900000.0,,11.119,-23700000.0,434000000.0,434000000.0,507400000.0,50700000.0,0.93,2.45,10085300000.0,1373900000.0,8711400000.0,10085300000.0,0.0,307100000.0,0.0,0.017,0.183,173100000.0,480200000.0,0.363,480200000.0,173100000.0,40500000.0,0.105,0.1,0.105,5288300000.0,,5288300000.0,30506628244.0,41.0,17.304,356900000.0,0.75,1.0,815200000.0,0.616,13092600000.0,132600000.0,12354300000.0,,733100000.0,3100000.0,3100000.0,0.0,12958100000.0,2450800000.0,10507300000.0,20628228244.0,5400000.0,0.0,7300000.0,-257700000.0,-87100000.0,-348900000.0,-26300000.0,0.0,380600000.0,0.0,50700000.0,50700000.0,50700000.0,0.0,0.0,0.038,643600000.0,171600000.0,245700000.0,1.743,3.901,55.617,55.223,963000000.0,0.0,43.35,3.778,3.776,936800000.0,3175500000.0,1322600000.0,1322600000.0,219100000.0,,,,,40700000.0,167900000.0,1.0,475853016.0,475600000,507800000.0,2.781,5153800000.0,1680000000.0,-10200000.0,1439500000.0,10.836,-172300000.0
9,MCHP,MRQ,2019-03-31,2019-03-31,2019-03-31,2021-10-16,-20700000.0,18350000000.0,,2214800000.0,16135200000.0,,11.15,-40100000.0,428600000.0,428600000.0,509400000.0,174700000.0,0.933,2.47,10307000000.0,1360800000.0,8946200000.0,10307000000.0,0.0,238700000.0,0.0,0.018,0.182,287400000.0,526100000.0,0.396,526100000.0,287400000.0,151200000.0,0.37,0.345,0.37,5287500000.0,,5287500000.0,29769044341.0,42.0,18.796,363300000.0,0.766,1.0,820400000.0,0.617,13349500000.0,136200000.0,12504400000.0,,711700000.0,2300000.0,2300000.0,0.0,13062500000.0,2374500000.0,10688000000.0,19658944341.0,0.0,0.0,15700000.0,-276900000.0,-86600000.0,-290800000.0,-43600000.0,2300000.0,403400000.0,0.0,174700000.0,174700000.0,174700000.0,0.0,0.0,0.131,535700000.0,284700000.0,226400000.0,0.492,3.718,55.237,54.94,996700000.0,0.0,41.48,3.675,3.663,880600000.0,3210600000.0,1329800000.0,1329800000.0,214700000.0,,,,,38900000.0,167400000.0,1.0,473937906.0,474200000,502200000.0,2.804,5000500000.0,1677200000.0,-23500000.0,1462300000.0,10.545,-159700000.0
10,MCHP,MRQ,2018-12-31,2018-12-31,2018-12-31,2021-10-16,-17000000.0,18155700000.0,,1877600000.0,16278100000.0,,10.902,-27300000.0,432200000.0,432200000.0,595100000.0,49200000.0,2.917,2.518,10542300000.0,0.0,10542300000.0,10542300000.0,0.0,243900000.0,0.0,0.02,0.182,192600000.0,436500000.0,0.318,436500000.0,192600000.0,55000000.0,0.105,0.1,0.105,5161100000.0,,5161100000.0,27436175035.0,42.0,18.882,454200000.0,0.959,1.0,779600000.0,0.567,13414900000.0,137600000.0,14207200000.0,,702500000.0,4000000.0,4000000.0,0.0,12994600000.0,643700000.0,12350900000.0,17009775035.0,-27500000.0,0.0,6600000.0,-377700000.0,-86400000.0,-477600000.0,-31400000.0,-200000.0,481500000.0,0.0,49200000.0,49200000.0,49200000.0,0.0,0.0,0.036,584900000.0,194700000.0,236000000.0,1.733,3.296,51.875,51.371,1039700000.0,0.0,35.96,3.387,3.39,544800000.0,3122400000.0,1374700000.0,1374700000.0,217700000.0,,,,,39600000.0,174800000.0,1.0,473019328.0,473400000,489200000.0,2.904,4740800000.0,1717100000.0,5800000.0,1551200000.0,10.014,1233900000.0
11,MCHP,MRQ,2018-09-30,2018-09-30,2018-09-30,2021-10-16,-16700000.0,18667100000.0,,2176200000.0,16490900000.0,,10.963,-72000000.0,459700000.0,459700000.0,743200000.0,96300000.0,1.042,2.611,10886100000.0,1335000000.0,9551100000.0,10886100000.0,0.0,221000000.0,0.0,0.018,0.182,99200000.0,320200000.0,0.224,320200000.0,99200000.0,-39400000.0,0.205,0.19,0.205,5170200000.0,,5170200000.0,29302268207.0,41.0,20.672,415500000.0,0.881,1.0,689300000.0,0.481,13613400000.0,138600000.0,13392000000.0,,836700000.0,4500000.0,4500000.0,0.0,13496900000.0,2088100000.0,11408800000.0,18587868207.0,-175500000.0,600000.0,13900000.0,-501300000.0,-85900000.0,-593500000.0,-69500000.0,9200000.0,487500000.0,0.0,96300000.0,96300000.0,96300000.0,0.0,0.0,0.067,586600000.0,102700000.0,271200000.0,0.888,3.595,673.473,657.583,1051900000.0,0.0,39.455,4.005,4.009,668800000.0,3159600000.0,1432500000.0,1432500000.0,221900000.0,,,,,42600000.0,176600000.0,1.0,471115656.0,471600000,503600000.0,3.038,5053700000.0,1715500000.0,-135700000.0,1592500000.0,10.716,88100000.0
12,MCHP,MRQ,2018-06-30,2018-06-30,2018-06-30,2021-10-16,-14900000.0,19248800000.0,,2818400000.0,16430400000.0,,10.892,-89300000.0,635200000.0,635200000.0,570500000.0,35700000.0,1.317,2.757,11349600000.0,1329800000.0,10019800000.0,11349600000.0,0.0,172800000.0,0.0,0.016,0.182,128100000.0,300900000.0,0.248,300900000.0,128100000.0,37700000.0,0.075,0.07,0.075,5123800000.0,,5123800000.0,23543588138.0,28.0,15.848,213100000.0,0.453,1.0,642000000.0,0.529,13522100000.0,90400000.0,14301800000.0,,1104800000.0,14500000.0,14500000.0,0.0,14125000000.0,2139300000.0,11985700000.0,21376588138.0,-266100000.0,-7851200000.0,6400000.0,6266500000.0,-85500000.0,6098000000.0,-6666500000.0,1275600000.0,302400000.0,0.0,35700000.0,35700000.0,35700000.0,0.0,0.0,0.029,509700000.0,132300000.0,318200000.0,2.427,4.172,177.399,174.904,1078400000.0,0.0,45.475,5.064,5.068,789400000.0,3149200000.0,1212500000.0,1212500000.0,171900000.0,,,,,45300000.0,164000000.0,1.0,470073406.0,470400000,504400000.0,2.578,5726700000.0,1675800000.0,2000000.0,1690900000.0,12.174,679100000.0
13,MCHP,MRQ,2018-03-31,2018-03-31,2018-03-31,2021-10-16,-17600000.0,8257200000.0,,3356300000.0,4900900000.0,,6.987,-58400000.0,901300000.0,901300000.0,387200000.0,146700000.0,1.664,1.518,3068300000.0,1309900000.0,1758400000.0,3068300000.0,333800000.0,156900000.0,0.0,0.016,0.181,238500000.0,395400000.0,0.394,395400000.0,238500000.0,188200000.0,0.315,0.295,0.315,3279800000.0,,3279800000.0,23777126053.0,25.0,15.318,301100000.0,0.641,1.0,615100000.0,0.614,3961000000.0,50300000.0,4445800000.0,,476200000.0,1295300000.0,1295300000.0,0.0,4977400000.0,2017400000.0,2960000000.0,21409582053.0,229200000.0,0.0,15400000.0,-200000.0,-85100000.0,-80200000.0,-50100000.0,10000000.0,359500000.0,0.0,146700000.0,146700000.0,146700000.0,0.0,0.0,0.146,371000000.0,244100000.0,144100000.0,0.575,6.528,83.828,83.055,767900000.0,0.0,45.68,5.378,5.345,563700000.0,1397300000.0,1002300000.0,1002300000.0,133600000.0,,,,,23200000.0,114500000.0,1.0,468686122.0,469400000,503200000.0,2.135,4296200000.0,100200000.0,41500000.0,960700000.0,9.153,1338900000.0
14,MCHP,MRQ,2017-12-31,2017-12-31,2017-12-31,2021-10-16,-22193000.0,8123793000.0,,2253441000.0,5870352000.0,,6.803,-66300000.0,672079000.0,672079000.0,387100000.0,-251100000.0,2.977,1.551,3039623000.0,0.0,3039623000.0,3039623000.0,335705000.0,154600000.0,0.0,0.016,0.181,246400000.0,401000000.0,0.403,401000000.0,246400000.0,196700000.0,-0.535,-0.535,-0.535,3185075000.0,,3185075000.0,22747030410.0,28.0,16.266,298700000.0,0.638,1.0,607100000.0,0.611,4083577000.0,49700000.0,5650928000.0,,487065000.0,1312906000.0,427514000.0,885392000.0,4938718000.0,756832000.0,4181886000.0,20555605410.0,-154300000.0,0.0,7000000.0,-58400000.0,-85000000.0,-149700000.0,-369600000.0,-301700000.0,365000000.0,0.0,-251100000.0,-251100000.0,-251100000.0,0.0,0.0,-0.253,361900000.0,245200000.0,162718000.0,-0.338,6.454,83.706,79.171,754780000.0,0.0,43.94,5.296,5.301,553135000.0,1335697000.0,994200000.0,994200000.0,131600000.0,,,,,24000000.0,109100000.0,1.0,467810774.0,468200000,468200000.0,2.123,4040216000.0,70793000.0,447800000.0,903600000.0,8.629,1496609000.0
15,MCHP,MRQ,2017-09-30,2017-09-30,2017-09-30,2021-10-16,-17812000.0,8055198000.0,,2443422000.0,5611776000.0,,7.6,-59800000.0,826407000.0,826407000.0,398000000.0,189200000.0,3.328,1.272,3017832000.0,5980000.0,3011852000.0,3017832000.0,324363000.0,152600000.0,0.0,0.016,0.181,235700000.0,388300000.0,0.384,388300000.0,235700000.0,186200000.0,0.405,0.385,0.405,3546124000.0,,3546124000.0,23116488151.0,34.0,18.78,290300000.0,0.622,1.0,614100000.0,0.607,4204739000.0,49500000.0,5307698000.0,,456939000.0,1017446000.0,488197000.0,529249000.0,4509074000.0,734186000.0,3774888000.0,20894360151.0,53400000.0,0.0,15100000.0,-15400000.0,-84500000.0,-96100000.0,-200600000.0,-139000000.0,350100000.0,0.0,189200000.0,189200000.0,189200000.0,0.0,0.0,0.187,388700000.0,225400000.0,182599000.0,0.447,5.892,34.602,33.5,722780000.0,0.0,44.89,5.615,5.629,545416000.0,1671695000.0,1012100000.0,1012100000.0,133600000.0,,,,,23600000.0,114300000.0,1.0,465456898.0,466600000,489600000.0,2.169,3850459000.0,81370000.0,-3000000.0,522577000.0,8.252,1709236000.0
16,MCHP,MRQ,2017-06-30,2017-06-30,2017-06-30,2021-10-16,-19133000.0,7887891000.0,,2298762000.0,5589129000.0,,7.438,-12000000.0,773036000.0,773036000.0,387700000.0,170600000.0,3.121,1.311,2995164000.0,11256000.0,2983908000.0,2995164000.0,308797000.0,151800000.0,0.0,0.019,0.181,215700000.0,367500000.0,0.378,367500000.0,215700000.0,166200000.0,0.37,0.35,0.37,3412554000.0,,3412554000.0,19746720147.0,39.0,19.472,333000000.0,0.726,1.0,584400000.0,0.601,4325584000.0,49500000.0,5047992000.0,,426843000.0,877668000.0,457210000.0,420458000.0,4475337000.0,736443000.0,3738894000.0,17704928147.0,-135700000.0,0.0,4500000.0,-200000.0,-82900000.0,-89300000.0,-391400000.0,-377400000.0,345000000.0,0.0,170600000.0,170600000.0,170600000.0,0.0,0.0,0.175,362800000.0,221600000.0,171857000.0,0.489,5.188,39.47,38.02,693995000.0,0.0,38.59,4.945,4.945,528954000.0,1567059000.0,972100000.0,972100000.0,130500000.0,,,,,22400000.0,114300000.0,1.0,458795754.0,458800000,485800000.0,2.119,3562307000.0,74065000.0,-4400000.0,534471000.0,7.764,1562319000.0
17,MCHP,MRQ,2017-03-31,2017-03-31,2017-03-31,2021-10-16,-14400000.0,7686900000.0,,2305000000.0,5381900000.0,,7.343,-23031000.0,908700000.0,908700000.0,369829000.0,136869000.0,3.272,1.35,2950500000.0,50000000.0,2900500000.0,2950500000.0,292800000.0,128275000.0,0.0,0.02,0.18,113383000.0,241658000.0,0.268,241658000.0,113383000.0,71768000.0,0.315,0.295,0.315,3270700000.0,,3270700000.0,18428421134.0,80.0,26.353,299577000.0,0.673,1.0,532830000.0,0.59,4447100000.0,41615000.0,4577100000.0,,417200000.0,501600000.0,394100000.0,107500000.0,4416200000.0,704500000.0,3711700000.0,15968365134.0,244813000.0,16000.0,13307000.0,526087000.0,-82553000.0,409702000.0,-487504000.0,-463886000.0,322608000.0,7000.0,136869000.0,136869000.0,136869000.0,47000.0,0.0,0.152,378760000.0,154070000.0,149200000.0,0.571,4.882,97.013,97.079,683300000.0,0.0,36.89,4.686,4.702,478400000.0,1479400000.0,902659000.0,902659000.0,127189000.0,,,,,22011000.0,111149000.0,1.0,432864330.0,445440000,478294000.0,2.026,3239800000.0,68900000.0,-65101000.0,594000000.0,7.273,1600500000.0
18,MCHP,MRQ,2016-12-31,2016-12-31,2016-12-31,2021-10-16,-10828000.0,7144581000.0,,1676750000.0,5467831000.0,,5.936,7311000.0,663938000.0,663938000.0,369107000.0,107175000.0,2.573,1.783,3123994000.0,0.0,3123994000.0,3123994000.0,294259000.0,114968000.0,0.0,0.022,0.18,118481000.0,233449000.0,0.28,233449000.0,118481000.0,83338000.0,0.25,0.23,0.25,2566898000.0,,2566898000.0,16472881856.0,82.0,26.673,298113000.0,0.689,1.0,465259000.0,0.558,4595711000.0,35143000.0,4357373000.0,,419618000.0,35712000.0,5705000.0,30007000.0,4577683000.0,651553000.0,3926130000.0,13857436856.0,173950000.0,0.0,3441000.0,4804000.0,-77970000.0,-82043000.0,-34176000.0,-35122000.0,290802000.0,-633000.0,107175000.0,107175000.0,107175000.0,160000.0,0.0,0.128,347185000.0,118074000.0,135160000.0,0.72,5.399,145.785,139.457,698704000.0,0.0,32.075,4.525,4.529,475093000.0,1425073000.0,834366000.0,834366000.0,132433000.0,,,,,22120000.0,111017000.0,1.0,432032326.0,432420000,470848000.0,1.93,2548870000.0,60797000.0,-23837000.0,653587000.0,5.894,1025197000.0
19,MCHP,MRQ,2016-09-30,2016-09-30,2016-09-30,2021-10-16,-15896000.0,7074396000.0,,1490735000.0,5583661000.0,,5.845,-18138000.0,489988000.0,489988000.0,460743000.0,33919000.0,2.576,1.808,3105433000.0,0.0,3105433000.0,3105433000.0,223196000.0,112816000.0,0.0,0.023,0.18,58705000.0,171521000.0,0.197,171521000.0,58705000.0,23579000.0,0.08,0.07,0.08,2519512000.0,,2519512000.0,16114001848.0,101.0,29.953,203985000.0,0.473,1.0,410621000.0,0.471,4707446000.0,35126000.0,4403592000.0,,424690000.0,848000.0,848000.0,0.0,4554884000.0,578803000.0,3976081000.0,13378023848.0,-110538000.0,0.0,20822000.0,-244696000.0,-77640000.0,-312174000.0,-20591000.0,14000.0,222123000.0,104000.0,33919000.0,33919000.0,33919000.0,1655000.0,0.0,0.039,347861000.0,62760000.0,131625000.0,2.25,5.31,272.52,239.0,716998000.0,0.0,31.07,4.832,4.837,451042000.0,1395868000.0,871364000.0,871364000.0,137795000.0,,,,,24390000.0,120129000.0,1.0,430576886.0,431048000,467920000.0,2.022,2366950000.0,68823000.0,-10340000.0,709409000.0,5.491,911932000.0
20,MCHP,MRQ,2016-06-30,2016-06-30,2016-06-30,2021-10-16,-14428000.0,7358756000.0,,1672988000.0,5685768000.0,,5.908,-18442000.0,600526000.0,600526000.0,450921000.0,-113363000.0,2.918,1.906,3336504000.0,0.0,3336504000.0,3336504000.0,213171000.0,113141000.0,0.0,0.028,0.18,-60469000.0,52672000.0,0.066,52672000.0,-60469000.0,-94885000.0,-0.265,-0.265,-0.265,2532549000.0,,2532549000.0,11294306719.0,62.0,21.839,205525000.0,0.479,1.0,348490000.0,0.436,4794312000.0,34416000.0,4727137000.0,,518431000.0,1266000.0,1266000.0,0.0,4826207000.0,573285000.0,4252922000.0,10904020719.0,-1492225000.0,-2747516000.0,4630000.0,677805000.0,-77237000.0,580015000.0,-2295729000.0,470994000.0,223967000.0,-478000.0,-113363000.0,-113363000.0,-113363000.0,4138000.0,0.0,-0.142,407594000.0,-59104000.0,137614000.0,-0.679,4.306,136.181,120.857,732816000.0,0.0,25.38,4.471,4.461,435511000.0,1439589000.0,799411000.0,799411000.0,147883000.0,,,,,59579000.0,157505000.0,1.0,429630446.0,428690000,428690000.0,1.865,2564444000.0,68653000.0,18478000.0,759305000.0,5.982,1099703000.0
21,MCHP,MRQ,2016-03-31,2016-03-31,2016-03-31,2021-10-16,-3357000.0,5537883000.0,,3096713000.0,2441170000.0,,5.277,-16473000.0,2092751000.0,2092751000.0,254798000.0,67330000.0,8.106,1.575,2453405000.0,0.0,2453405000.0,2453405000.0,183432000.0,75538000.0,0.0,0.03,0.179,84410000.0,159948000.0,0.287,159948000.0,84410000.0,57613000.0,0.165,0.155,0.165,2150919000.0,,2150919000.0,11883771730.0,31.0,17.771,186036000.0,0.456,1.0,302815000.0,0.543,1619001000.0,26797000.0,3897527000.0,,306815000.0,471833000.0,353284000.0,118549000.0,3386964000.0,382009000.0,3004955000.0,9808748730.0,1761264000.0,79000.0,10813000.0,43504000.0,-73161000.0,-23422000.0,1582177000.0,1599710000.0,202509000.0,0.0,67323000.0,67323000.0,67323000.0,0.0,7000.0,0.121,222914000.0,79901000.0,79312000.0,1.085,4.56,30.265,30.314,609396000.0,0.0,24.1,4.513,4.511,290183000.0,1582585000.0,557613000.0,557613000.0,95642000.0,,,,,17232000.0,78323000.0,1.0,407002022.0,407598000,435520000.0,1.368,3918882000.0,14831000.0,-9710000.0,510279000.0,9.615,2714704000.0
22,MCHP,MRQ,2015-12-31,2015-12-31,2015-12-31,2021-10-16,-10665000.0,5446553000.0,,1632721000.0,3813832000.0,,5.23,-17869000.0,331451000.0,331451000.0,247626000.0,61211000.0,4.747,1.561,2406474000.0,0.0,2406474000.0,2406474000.0,163582000.0,76178000.0,0.0,0.031,0.179,77665000.0,153843000.0,0.285,153843000.0,77665000.0,50158000.0,0.15,0.14,0.15,2126344000.0,,2126344000.0,11602109378.0,30.0,17.45,192608000.0,0.474,1.0,292718000.0,0.542,1665801000.0,27507000.0,5511861000.0,,319524000.0,2066438000.0,676449000.0,1389989000.0,3320209000.0,343914000.0,2976295000.0,9453313378.0,-207627000.0,0.0,4396000.0,-288170000.0,-72923000.0,-364196000.0,-53908000.0,-33059000.0,210477000.0,0.0,61211000.0,61211000.0,61211000.0,0.0,0.0,0.113,216586000.0,76132000.0,69059000.0,1.193,4.446,26.541,26.294,622842000.0,0.0,23.27,4.379,4.382,248006000.0,1588378000.0,540344000.0,540344000.0,97022000.0,,,,,16637000.0,76270000.0,1.0,406244666.0,406588000,435950000.0,1.329,3780752000.0,18910000.0,-11053000.0,528748000.0,9.299,1288807000.0
23,MCHP,MRQ,2015-09-30,2015-09-30,2015-09-30,2021-10-16,-3095000.0,5786309000.0,,2778887000.0,3007422000.0,,5.212,-16274000.0,539078000.0,539078000.0,240441000.0,64899000.0,7.475,1.717,2687874000.0,0.0,2687874000.0,2687874000.0,179962000.0,71109000.0,0.0,0.033,0.179,79601000.0,150710000.0,0.278,150710000.0,79601000.0,53957000.0,0.16,0.15,0.16,2129381000.0,,2129381000.0,10391067610.0,25.0,15.147,133612000.0,0.327,1.0,300950000.0,0.556,1711103000.0,25644000.0,5852226000.0,,363760000.0,2047376000.0,1462466000.0,584910000.0,3656928000.0,371776000.0,3285152000.0,9095917610.0,-24469000.0,-343928000.0,-353806000.0,799332000.0,-72685000.0,366325000.0,-540680000.0,-179263000.0,149886000.0,0.0,64899000.0,64899000.0,64899000.0,0.0,0.0,0.12,226002000.0,74948000.0,72362000.0,1.119,4.272,23.872,22.679,631600000.0,0.0,21.545,4.236,4.099,281063000.0,1600090000.0,541391000.0,541391000.0,95256000.0,,,,,22882000.0,80258000.0,1.0,422182298.0,408550000,434198000.0,1.325,4075206000.0,69343000.0,-10942000.0,556236000.0,9.975,2407111000.0
24,MCHP,MRQ,2015-06-30,2015-06-30,2015-06-30,2021-10-16,-5171000.0,4856985000.0,,2255614000.0,2601371000.0,,5.189,-32984000.0,563547000.0,563547000.0,224935000.0,130460000.0,6.058,1.314,1858697000.0,0.0,1858697000.0,1858697000.0,167529000.0,60375000.0,0.0,0.03,0.179,143824000.0,204199000.0,0.382,204199000.0,143824000.0,119772000.0,0.325,0.3,0.325,2098882000.0,,2098882000.0,10814221946.0,25.0,15.179,148544000.0,0.367,1.0,309017000.0,0.579,1042148000.0,24052000.0,4737679000.0,,303690000.0,1867027000.0,969003000.0,898024000.0,2758103000.0,372308000.0,2385795000.0,9595178946.0,-44268000.0,-18051000.0,3497000.0,34834000.0,-72331000.0,-38607000.0,-187189000.0,-134388000.0,181528000.0,0.0,130667000.0,130667000.0,130667000.0,0.0,-207000.0,0.245,187698000.0,121319000.0,93655000.0,0.551,4.572,23.416,23.134,595247000.0,0.0,23.712,4.458,4.456,277033000.0,1607876000.0,533952000.0,533952000.0,84680000.0,,,,,13849000.0,66849000.0,1.0,404646450.0,404464000,433534000.0,1.32,3814837000.0,71045000.0,-10895000.0,478404000.0,9.432,1883306000.0
25,MCHP,MRQ,2015-03-31,2015-03-31,2015-03-31,2021-10-16,11076000.0,4780713000.0,,2664617000.0,2116096000.0,,5.068,-29458000.0,607815000.0,607815000.0,229575000.0,98580000.0,7.528,1.33,1826858000.0,0.0,1826858000.0,1826858000.0,166128000.0,73186000.0,0.0,0.029,0.178,82957000.0,156143000.0,0.287,156143000.0,82957000.0,62843000.0,0.25,0.225,0.25,2044654000.0,,2044654000.0,10754092931.0,26.0,15.587,149052000.0,0.369,1.0,313632000.0,0.577,1075688000.0,20114000.0,4570096000.0,,279456000.0,1734380000.0,1351054000.0,383326000.0,2719687000.0,353972000.0,2365715000.0,9850836931.0,151476000.0,-9161000.0,13604000.0,70927000.0,-72047000.0,-25474000.0,-1560000.0,38448000.0,178510000.0,0.0,99402000.0,99402000.0,99402000.0,0.0,-822000.0,0.183,203285000.0,110347000.0,86866000.0,0.712,4.818,26.695,26.576,581572000.0,0.0,24.45,4.588,4.576,273937000.0,1549540000.0,543207000.0,543207000.0,87662000.0,,,,,16283000.0,67778000.0,1.0,402897216.0,403458000,441890000.0,1.346,3705025000.0,71045000.0,-36559000.0,495528000.0,9.183,2310645000.0
26,MCHP,MRQ,2014-12-31,2014-12-31,2014-12-31,2021-10-16,15563000.0,4628917000.0,,1783479000.0,2845438000.0,,5.607,-36642000.0,456339000.0,456339000.0,226751000.0,84798000.0,5.051,1.04,1359595000.0,17500000.0,1342095000.0,1359595000.0,154264000.0,73303000.0,0.0,0.032,0.178,101673000.0,174976000.0,0.331,174976000.0,101673000.0,87450000.0,0.215,0.195,0.215,2256289000.0,,2256289000.0,9925492246.0,22.0,13.991,148196000.0,0.368,1.0,301959000.0,0.571,1116500000.0,14223000.0,4062587000.0,,276143000.0,1773343000.0,666119000.0,1107224000.0,2346639000.0,353086000.0,1993553000.0,9065560246.0,-25100000.0,-21169000.0,6794000.0,15473000.0,-71787000.0,-53372000.0,-156566000.0,-97140000.0,184838000.0,0.0,86057000.0,86057000.0,86057000.0,0.0,-1259000.0,0.163,203950000.0,98009000.0,76933000.0,0.828,4.018,23.788,23.618,577123000.0,0.0,22.555,4.323,4.328,242595000.0,1522185000.0,528710000.0,528710000.0,88697000.0,,,,,14701000.0,66668000.0,1.0,401931290.0,402406000,446974000.0,1.314,3512417000.0,50490000.0,1393000.0,607230000.0,8.729,1430393000.0
27,MCHP,MRQ,2014-09-30,2014-09-30,2014-09-30,2021-10-16,-4657000.0,4610627000.0,,1978965000.0,2631662000.0,,5.491,-38735000.0,481439000.0,481439000.0,238789000.0,92038000.0,5.134,1.07,1341371000.0,17500000.0,1323871000.0,1341371000.0,159585000.0,70821000.0,0.0,0.03,0.178,106326000.0,177147000.0,0.324,177147000.0,106326000.0,92307000.0,0.235,0.21,0.235,2203421000.0,,2203421000.0,10200343357.0,21.0,14.473,153311000.0,0.382,1.0,307454000.0,0.563,1156990000.0,14019000.0,3928085000.0,,275746000.0,1642947000.0,801670000.0,841277000.0,2358419000.0,385484000.0,1972935000.0,9464935357.0,-136331000.0,-254234000.0,9910000.0,-14525000.0,-71442000.0,-80413000.0,-247763000.0,47742000.0,192046000.0,-201000.0,93641000.0,93641000.0,93641000.0,0.0,-1603000.0,0.171,206136000.0,101318000.0,94402000.0,0.757,4.296,23.636,23.498,585102000.0,0.0,23.615,4.615,4.62,287473000.0,1507915000.0,546243000.0,546243000.0,88814000.0,,,,,14291000.0,71114000.0,1.0,400801836.0,401258000,450568000.0,1.361,3453637000.0,62411000.0,-1334000.0,608713000.0,8.607,1593481000.0
28,MCHP,MRQ,2014-06-30,2014-06-30,2014-06-30,2021-10-16,4089000.0,4501743000.0,,2450351000.0,2051392000.0,,5.419,-44637000.0,617770000.0,617770000.0,222357000.0,89909000.0,6.812,1.075,1353178000.0,17500000.0,1335678000.0,1353178000.0,146583000.0,60988000.0,0.0,0.029,0.178,120669000.0,181657000.0,0.343,181657000.0,120669000.0,106991000.0,0.225,0.2,0.225,2169645000.0,,2169645000.0,10330365006.0,21.0,14.773,121151000.0,0.303,1.0,306519000.0,0.58,907964000.0,13678000.0,3969497000.0,,264505000.0,1669630000.0,1142091000.0,527539000.0,2332098000.0,359690000.0,1972408000.0,9776210006.0,151167000.0,-375365000.0,4125000.0,329852000.0,-71202000.0,257807000.0,-272428000.0,148697000.0,165788000.0,0.0,89909000.0,89909000.0,89909000.0,0.0,0.0,0.17,190573000.0,115946000.0,79889000.0,0.791,4.506,24.043,23.926,569908000.0,0.0,24.405,4.895,4.892,286699000.0,1485716000.0,528876000.0,528876000.0,84370000.0,,,,,13321000.0,69255000.0,1.0,400582258.0,400374000,449054000.0,1.321,3593779000.0,70926000.0,17082000.0,144549000.0,8.976,2090661000.0
29,MCHP,MRQ,2014-03-31,2014-03-31,2014-03-31,2021-10-16,1051000.0,4067630000.0,,1969399000.0,2098231000.0,,5.349,-33501000.0,466603000.0,466603000.0,202798000.0,111495000.0,5.86,0.905,1020758000.0,17500000.0,1003258000.0,1020758000.0,147798000.0,45435000.0,0.0,0.03,0.177,130185000.0,175620000.0,0.356,175620000.0,130185000.0,118224000.0,0.28,0.255,0.28,2135461000.0,,2135461000.0,10155031711.0,21.0,15.152,169840000.0,0.425,1.0,290586000.0,0.589,721596000.0,11961000.0,3564110000.0,,262725000.0,1676894000.0,878182000.0,798712000.0,1932169000.0,336079000.0,1596090000.0,9510660711.0,91503000.0,-14700000.0,17569000.0,-141000.0,-70882000.0,-56918000.0,-54920000.0,-19812000.0,203341000.0,0.0,111495000.0,111495000.0,111495000.0,0.0,0.0,0.226,164549000.0,126037000.0,74050000.0,0.632,4.454,24.061,24.0,531967000.0,0.0,23.88,4.925,4.904,242405000.0,1467009000.0,493384000.0,493384000.0,77363000.0,,,,,12412000.0,65344000.0,1.0,398268874.0,399258000,445382000.0,1.236,3346034000.0,67490000.0,6729000.0,555282000.0,8.381,1633320000.0
30,MCHP,MRQ,2013-12-31,2013-12-31,2013-12-31,2021-10-16,-2579000.0,4003108000.0,,1969028000.0,2034080000.0,,5.22,-24330000.0,375100000.0,375100000.0,199652000.0,105401000.0,6.223,0.929,1019471000.0,14159000.0,1005312000.0,1019471000.0,143315000.0,45242000.0,0.0,0.032,0.177,125133000.0,170375000.0,0.353,170375000.0,125133000.0,112588000.0,0.265,0.24,0.265,2075108000.0,,2075108000.0,9539070274.0,23.0,15.444,123970000.0,0.312,1.0,282720000.0,0.586,742245000.0,12545000.0,3588834000.0,,274629000.0,1656227000.0,932302000.0,723925000.0,1928000000.0,316400000.0,1611600000.0,8876985274.0,30898000.0,-9013000.0,9629000.0,9865000.0,-70554000.0,-58133000.0,-59269000.0,-21415000.0,148300000.0,0.0,105401000.0,105401000.0,105401000.0,0.0,0.0,0.219,165802000.0,116918000.0,62750000.0,0.668,4.278,25.845,25.867,520565000.0,0.0,22.375,4.752,4.762,224273000.0,1426396000.0,482372000.0,482372000.0,76341000.0,,,,,13719000.0,66856000.0,1.0,396736772.0,397518000,438178000.0,1.213,3260863000.0,72142000.0,7187000.0,179246000.0,8.203,1652628000.0
31,MCHP,MRQ,2013-09-30,2013-09-30,2013-09-30,2021-10-16,-2525000.0,3965151000.0,,1820906000.0,2144245000.0,,5.102,-27449000.0,344202000.0,344202000.0,203806000.0,99806000.0,5.373,0.964,1006287000.0,8375000.0,997912000.0,1006287000.0,151049000.0,48052000.0,0.0,0.035,0.177,123560000.0,171612000.0,0.348,171612000.0,123560000.0,111206000.0,0.25,0.23,0.25,2018539000.0,,2018539000.0,8520427861.0,28.0,16.014,130102000.0,0.329,1.0,288863000.0,0.586,749249000.0,12354000.0,3539094000.0,,275124000.0,1637365000.0,807709000.0,829656000.0,1946612000.0,338893000.0,1607719000.0,7949408861.0,-59029000.0,0.0,20274000.0,29866000.0,-70086000.0,-39624000.0,-176956000.0,-148172000.0,157551000.0,0.0,99806000.0,99806000.0,99806000.0,0.0,0.0,0.203,171355000.0,117508000.0,77768000.0,0.708,3.938,32.022,32.232,518191000.0,0.0,20.145,4.412,4.424,230493000.0,1391549000.0,492669000.0,492669000.0,78254000.0,,,,,15000000.0,69368000.0,1.0,394609524.0,395650000,432950000.0,1.245,3215902000.0,70383000.0,11400000.0,192007000.0,8.128,1482013000.0
32,MCHP,MRQ,2013-06-30,2013-06-30,2013-06-30,2021-10-16,-3113000.0,3883575000.0,,1615697000.0,2267878000.0,,4.961,-11557000.0,403231000.0,403231000.0,196218000.0,78579000.0,4.594,0.987,974250000.0,0.0,974250000.0,974250000.0,149817000.0,50410000.0,0.0,0.038,0.177,102192000.0,152602000.0,0.33,152602000.0,102192000.0,90336000.0,0.2,0.185,0.2,1954260000.0,,1954260000.0,7798551648.0,40.0,18.37,155815000.0,0.396,1.0,266574000.0,0.576,773312000.0,11856000.0,3329618000.0,,256136000.0,1492019000.0,558644000.0,933375000.0,1929315000.0,351664000.0,1577651000.0,7343500648.0,-125103000.0,-2174000.0,12614000.0,-10044000.0,-69682000.0,-80341000.0,-212134000.0,-196787000.0,167372000.0,0.0,78579000.0,78579000.0,78579000.0,0.0,0.0,0.17,168173000.0,98401000.0,77693000.0,0.885,3.758,57.706,58.203,513723000.0,0.0,18.625,4.339,4.335,232262000.0,1361829000.0,462792000.0,462792000.0,73085000.0,,,,,12656000.0,65710000.0,1.0,394281914.0,393900000,424532000.0,1.175,3110263000.0,73080000.0,11757000.0,186588000.0,7.896,1264033000.0
33,MCHP,MRQ,2013-03-31,2013-03-31,2013-03-31,2021-10-16,6935000.0,3851405000.0,,2236370000.0,1615035000.0,,4.935,-14742000.0,528334000.0,528334000.0,191105000.0,59690000.0,6.547,0.992,983385000.0,0.0,983385000.0,983385000.0,138952000.0,63629000.0,0.0,0.038,0.176,59434000.0,123063000.0,0.286,123063000.0,59434000.0,49502000.0,0.15,0.145,0.15,1933470000.0,,1933470000.0,7689599243.0,40.0,19.36,113141000.0,0.289,1.0,239039000.0,0.556,801484000.0,9932000.0,3163361000.0,,242334000.0,1307713000.0,1050263000.0,257450000.0,1917935000.0,341611000.0,1576324000.0,7183483243.0,63041000.0,0.0,28746000.0,10000000.0,-69230000.0,-46011000.0,-18831000.0,-3377000.0,127883000.0,0.0,59690000.0,59690000.0,59690000.0,0.0,0.0,0.139,182326000.0,56713000.0,75551000.0,1.173,3.715,56.39,56.569,514544000.0,0.0,18.385,4.542,4.524,229955000.0,1352932000.0,430144000.0,430144000.0,70438000.0,,,,,13510000.0,64744000.0,1.0,390725224.0,391818000,418890000.0,1.098,3049921000.0,80687000.0,-10188000.0,182723000.0,7.784,1894759000.0
34,MCHP,MRQ,2012-12-31,2012-12-31,2012-12-31,2021-10-16,6774000.0,3843524000.0,,2296583000.0,1546941000.0,,4.942,-9624000.0,465293000.0,465293000.0,215619000.0,10173000.0,7.751,0.994,971409000.0,0.0,971409000.0,971409000.0,122611000.0,64012000.0,0.0,0.043,0.176,20769000.0,84781000.0,0.204,84781000.0,20769000.0,9692000.0,0.025,0.025,0.025,1927086000.0,,1927086000.0,6865113267.0,29.0,17.221,129587000.0,0.332,1.0,200428000.0,0.482,834115000.0,11077000.0,3219246000.0,,261594000.0,1306672000.0,1157010000.0,149662000.0,1916438000.0,296279000.0,1620159000.0,6342192267.0,28558000.0,0.0,6301000.0,10000000.0,-68697000.0,-52354000.0,-57946000.0,-46508000.0,139211000.0,-353000.0,10173000.0,10173000.0,10173000.0,0.0,0.0,0.024,183015000.0,17413000.0,54051000.0,7.04,3.291,42.756,42.325,522737000.0,0.0,16.295,4.255,4.263,177502000.0,1362472000.0,416047000.0,416047000.0,71377000.0,,,,,14078000.0,69368000.0,1.0,389210940.0,389916000,408810000.0,1.067,3009409000.0,129704000.0,-481000.0,181418000.0,7.718,2000304000.0
35,MCHP,MRQ,2012-09-30,2012-09-30,2012-09-30,2021-10-16,6689000.0,3888376000.0,,2289278000.0,1599098000.0,,5.061,-15892000.0,436735000.0,436735000.0,189103000.0,-21184000.0,7.034,0.98,959656000.0,0.0,959656000.0,959656000.0,123122000.0,51211000.0,0.0,0.043,0.175,12877000.0,64088000.0,0.167,64088000.0,12877000.0,2119000.0,-0.055,-0.055,-0.055,1964098000.0,,1964098000.0,5918998893.0,19.0,13.727,47408000.0,0.122,1.0,194195000.0,0.507,867186000.0,10758000.0,3218638000.0,,289526000.0,1270677000.0,1116675000.0,154002000.0,1924278000.0,325473000.0,1598805000.0,6341491893.0,-343113000.0,-731746000.0,11357000.0,600000000.0,-68146000.0,543303000.0,-951055000.0,-202822000.0,63300000.0,1339000.0,-21184000.0,-21184000.0,-21184000.0,0.0,0.0,-0.055,186101000.0,8094000.0,82265000.0,-3.182,3.229,29.406,29.232,536727000.0,0.0,16.37,4.518,4.527,230457000.0,1420996000.0,383298000.0,383298000.0,64082000.0,,,,,14515000.0,71767000.0,1.0,387384966.0,388120000,388120000.0,0.988,3021190000.0,116866000.0,23303000.0,179807000.0,7.784,1963805000.0
36,MCHP,MRQ,2012-06-30,2012-06-30,2012-06-30,2021-10-16,2963000.0,3144840000.0,,2229298000.0,915542000.0,,5.216,-10254000.0,779848000.0,779848000.0,147337000.0,78710000.0,8.918,0.558,357355000.0,0.0,357355000.0,357355000.0,110793000.0,25245000.0,0.0,0.042,0.175,100012000.0,125257000.0,0.356,125257000.0,100012000.0,90864000.0,0.205,0.195,0.205,2017990000.0,,2017990000.0,6123027918.0,16.0,12.459,118717000.0,0.307,1.0,204797000.0,0.582,212450000.0,9148000.0,2259908000.0,,221481000.0,1041389000.0,881913000.0,159476000.0,1126850000.0,249989000.0,876861000.0,6403732918.0,144093000.0,-20556000.0,4961000.0,0.0,-67749000.0,-62768000.0,77890000.0,110309000.0,128971000.0,0.0,78710000.0,78710000.0,78710000.0,0.0,0.0,0.224,108464000.0,96333000.0,52646000.0,0.854,3.173,20.257,20.048,506229000.0,0.0,16.54,4.706,4.703,174685000.0,1510326000.0,352134000.0,352134000.0,48826000.0,,,,,9966000.0,55592000.0,1.0,387166440.0,386904000,407400000.0,0.91,2932390000.0,94968000.0,12154000.0,73261000.0,7.579,1979309000.0
37,MCHP,MRQ,2012-03-31,2012-03-31,2012-03-31,2021-10-16,3101000.0,3083776000.0,,2015861000.0,1067915000.0,,5.169,-3589000.0,635755000.0,635755000.0,143265000.0,80636000.0,8.133,0.549,355050000.0,0.0,355050000.0,355050000.0,108709000.0,24254000.0,0.0,0.037,0.174,100268000.0,124522000.0,0.367,124522000.0,100268000.0,91922000.0,0.21,0.195,0.21,1990673000.0,,1990673000.0,6892228619.0,17.0,13.425,114391000.0,0.297,1.0,195646000.0,0.577,183949000.0,8346000.0,2371249000.0,,217278000.0,1151840000.0,823254000.0,328586000.0,1093103000.0,247873000.0,845230000.0,7144612619.0,30030000.0,-38580000.0,17047000.0,0.0,-67259000.0,-50077000.0,-37873000.0,3236000.0,117980000.0,0.0,80636000.0,80636000.0,80636000.0,0.0,0.0,0.238,101737000.0,93909000.0,50287000.0,0.829,3.589,21.219,21.136,516611000.0,0.0,18.6,5.165,5.144,170201000.0,1499365000.0,338911000.0,338911000.0,47713000.0,,,,,9684000.0,49725000.0,1.0,384118958.0,385140000,412036000.0,0.88,2899827000.0,91191000.0,11286000.0,70490000.0,7.529,1767988000.0
38,MCHP,MRQ,2011-12-31,2011-12-31,2011-12-31,2021-10-16,-1755000.0,3021151000.0,,1830080000.0,1191071000.0,,5.065,-5969000.0,605725000.0,605725000.0,143668000.0,77489000.0,7.363,0.556,353341000.0,0.0,353341000.0,353341000.0,115786000.0,24642000.0,0.0,0.028,0.174,92671000.0,117313000.0,0.356,117313000.0,92671000.0,83677000.0,0.2,0.19,0.2,1941305000.0,,1941305000.0,6677384816.0,15.0,12.404,49970000.0,0.13,1.0,185488000.0,0.564,151149000.0,8994000.0,2369052000.0,,217853000.0,1164634000.0,696548000.0,468086000.0,1079846000.0,248566000.0,831280000.0,7001142816.0,-69404000.0,0.0,14743000.0,0.0,-66813000.0,-52031000.0,-73312000.0,-65611000.0,55939000.0,0.0,77489000.0,77489000.0,77489000.0,0.0,0.0,0.235,97361000.0,88127000.0,40039000.0,0.87,3.606,18.347,18.224,533652000.0,0.0,18.315,4.916,4.929,149277000.0,1485989000.0,329156000.0,329156000.0,44256000.0,,,,,9923000.0,51087000.0,1.0,382262780.0,383280000,406582000.0,0.859,2870002000.0,87337000.0,6188000.0,71386000.0,7.488,1581514000.0
39,MCHP,MRQ,2011-09-30,2011-09-30,2011-09-30,2021-10-16,-596000.0,3033749000.0,,1933376000.0,1100373000.0,,4.989,-25182000.0,675129000.0,675129000.0,143899000.0,79287000.0,6.573,0.593,351371000.0,0.0,351371000.0,351371000.0,144185000.0,25177000.0,0.0,0.044,0.173,99181000.0,124358000.0,0.365,124358000.0,99181000.0,90270000.0,0.21,0.2,0.21,1903939000.0,,1903939000.0,5627258899.0,12.0,9.888,129572000.0,0.34,1.0,196703000.0,0.578,152564000.0,8911000.0,2263274000.0,,211206000.0,1100289000.0,740309000.0,359980000.0,1129810000.0,294153000.0,835657000.0,5929532899.0,23746000.0,0.0,7395000.0,0.0,-66206000.0,-58794000.0,-72214000.0,-42862000.0,154754000.0,0.0,79287000.0,79287000.0,79287000.0,0.0,0.0,0.233,99083000.0,97620000.0,57792000.0,0.824,3.114,14.645,14.47,548977000.0,0.0,15.555,4.053,4.058,142409000.0,1475312000.0,340602000.0,340602000.0,45383000.0,,,,,9467000.0,50997000.0,1.0,381197872.0,381618000,400398000.0,0.893,2881185000.0,96488000.0,10983000.0,65040000.0,7.55,1639223000.0
40,MCHP,MRQ,2011-06-30,2011-06-30,2011-06-30,2021-10-16,5284000.0,3029299000.0,,2095687000.0,933612000.0,,4.942,-27219000.0,651383000.0,651383000.0,154759000.0,99293000.0,6.388,0.612,349109000.0,0.0,349109000.0,349109000.0,145598000.0,25351000.0,0.0,0.036,0.173,121841000.0,147192000.0,0.393,147192000.0,121841000.0,113826000.0,0.26,0.245,0.26,1879222000.0,,1879222000.0,6864493683.0,14.0,11.447,56086000.0,0.148,1.0,219748000.0,0.587,151611000.0,8015000.0,2247331000.0,,202455000.0,1065919000.0,866369000.0,199550000.0,1150077000.0,328083000.0,821994000.0,7221083683.0,-52541000.0,0.0,18272000.0,0.0,-65900000.0,-47243000.0,-88603000.0,-60408000.0,83305000.0,0.0,99293000.0,99293000.0,99293000.0,0.0,0.0,0.265,102888000.0,116860000.0,67528000.0,0.665,3.843,16.845,16.627,545703000.0,0.0,18.955,4.799,4.79,196254000.0,1462231000.0,374507000.0,374507000.0,45298000.0,,,,,8639000.0,57590000.0,1.0,380959308.0,380224000,409134000.0,0.985,2877688000.0,87473000.0,14533000.0,61742000.0,7.568,1767604000.0
41,MCHP,MRQ,2011-03-31,2011-03-31,2011-03-31,2021-10-16,3357000.0,2968058000.0,,1774983000.0,1193075000.0,,4.797,-23231000.0,703924000.0,703924000.0,147579000.0,125528000.0,5.216,0.638,347334000.0,0.0,347334000.0,347334000.0,140044000.0,26459000.0,0.0,0.036,0.0,123010000.0,149469000.0,0.393,149469000.0,123010000.0,114945000.0,0.335,0.31,0.335,1812438000.0,,1812438000.0,7006914260.0,15.0,11.904,129306000.0,0.342,1.0,232406000.0,0.612,153947000.0,8065000.0,2117205000.0,,180800000.0,1004410000.0,539572000.0,464838000.0,1155620000.0,340316000.0,815304000.0,7161949260.0,203308000.0,-13020000.0,20593000.0,0.0,-3000.0,21204000.0,29567000.0,67542000.0,152537000.0,0.0,125528000.0,125528000.0,125528000.0,5084000.0,0.0,0.33,108045000.0,124361000.0,68433000.0,0.0,3.952,17.095,16.969,540513000.0,0.0,19.005,4.816,4.781,181202000.0,1428838000.0,379985000.0,379985000.0,44159000.0,,,,,8413000.0,51288000.0,1.0,376845528.0,377864000,403656000.0,1.006,2814111000.0,88822000.0,-10583000.0,58125000.0,7.447,1434667000.0
42,MCHP,MRQ,2010-12-31,2010-12-31,2010-12-31,2021-10-16,2774000.0,2828726000.0,,1738444000.0,1090282000.0,,4.4,-32048000.0,500616000.0,500616000.0,151427000.0,100776000.0,5.796,0.714,345581000.0,0.0,345581000.0,345581000.0,142685000.0,27177000.0,0.0,0.05,0.344,120909000.0,148086000.0,0.403,148086000.0,120909000.0,113237000.0,0.27,0.255,0.27,1649945000.0,,1649945000.0,6311628366.0,14.0,11.407,106629000.0,0.284,1.0,216397000.0,0.588,138531000.0,7672000.0,2235225000.0,,177705000.0,1072400000.0,690568000.0,381832000.0,1178781000.0,299935000.0,878846000.0,6391264366.0,76895000.0,0.0,29078000.0,0.0,-129447000.0,-99129000.0,37347000.0,82805000.0,138677000.0,0.0,100776000.0,100776000.0,100776000.0,1154000.0,0.0,0.274,98944000.0,117453000.0,66070000.0,1.274,3.874,17.312,17.278,528215000.0,0.0,17.105,4.614,4.63,187267000.0,1303311000.0,367824000.0,367824000.0,42198000.0,,,,,8169000.0,56100000.0,1.0,373648896.0,374976000,392510000.0,0.981,2690195000.0,107617000.0,12461000.0,106201000.0,7.174,1438509000.0
43,MCHP,MRQ,2010-09-30,2010-09-30,2010-09-30,2021-10-16,1790000.0,2808370000.0,,1917305000.0,891065000.0,,4.394,-21834000.0,423721000.0,423721000.0,157266000.0,103080000.0,6.182,0.715,344085000.0,0.0,344085000.0,344085000.0,132282000.0,27537000.0,0.0,0.043,0.172,127375000.0,154912000.0,0.405,154912000.0,127375000.0,119330000.0,0.275,0.27,0.275,1637166000.0,,1637166000.0,5666338170.0,14.0,11.214,136295000.0,0.366,1.0,225005000.0,0.589,130675000.0,8045000.0,2287919000.0,,166569000.0,1145199000.0,955047000.0,190152000.0,1171204000.0,310140000.0,861064000.0,5847589170.0,-99753000.0,0.0,14959000.0,0.0,-63908000.0,-48949000.0,-208933000.0,-185808000.0,158129000.0,0.0,103080000.0,103080000.0,103080000.0,1668000.0,0.0,0.27,101862000.0,123143000.0,73882000.0,0.625,3.572,17.311,17.28,517668000.0,0.0,15.725,4.613,4.623,202754000.0,1331984000.0,382271000.0,382271000.0,43720000.0,,,,,8925000.0,57584000.0,1.0,371865766.0,372606000,381408000.0,1.026,2677695000.0,97671000.0,16250000.0,100527000.0,7.186,1607165000.0
44,MCHP,MRQ,2010-06-30,2010-06-30,2010-06-30,2021-10-16,-4253000.0,2693269000.0,,1847882000.0,845387000.0,,4.224,-15673000.0,523474000.0,523474000.0,149682000.0,89566000.0,6.505,0.718,342223000.0,0.0,342223000.0,342223000.0,108070000.0,25439000.0,0.0,0.049,0.171,110708000.0,136147000.0,0.381,136147000.0,110708000.0,102969000.0,0.24,0.235,0.24,1567465000.0,,1567465000.0,4995502906.0,15.0,11.555,117645000.0,0.317,1.0,207443000.0,0.581,127111000.0,7739000.0,2100823000.0,,128129000.0,952471000.0,792342000.0,160129000.0,1125804000.0,284084000.0,841720000.0,5146960906.0,31344000.0,-112707000.0,7310000.0,0.0,-63453000.0,-56143000.0,-45831000.0,82691000.0,133318000.0,0.0,89566000.0,89566000.0,89566000.0,2311000.0,0.0,0.251,98217000.0,109226000.0,84517000.0,0.713,3.284,18.434,18.371,507666000.0,0.0,13.87,4.629,4.629,193499000.0,1292812000.0,357125000.0,357125000.0,40530000.0,,,,,9451000.0,57212000.0,1.0,371085862.0,371080000,380144000.0,0.962,2566158000.0,95529000.0,13403000.0,96221000.0,6.915,1563798000.0
45,MCHP,MRQ,2010-03-31,2010-03-31,2010-03-31,2021-10-16,3032000.0,2516313000.0,,1610969000.0,905344000.0,,4.152,-19188000.0,492130000.0,492130000.0,109549000.0,75749000.0,7.921,0.641,340672000.0,0.0,340672000.0,340672000.0,98941000.0,22322000.0,0.0,0.048,0.171,91835000.0,114157000.0,0.411,114157000.0,91835000.0,83997000.0,0.205,0.2,0.205,1533380000.0,,1533380000.0,5165777329.0,19.0,14.389,88840000.0,0.241,1.0,168471000.0,0.606,75865000.0,7838000.0,2085600000.0,,116579000.0,1039408000.0,722193000.0,317215000.0,982933000.0,203390000.0,779543000.0,5188068329.0,130839000.0,-58402000.0,17900000.0,0.0,-62962000.0,-45018000.0,67829000.0,154883000.0,108028000.0,0.0,75749000.0,75749000.0,75749000.0,0.0,0.0,0.272,79984000.0,88487000.0,44238000.0,0.834,3.383,23.908,23.864,493039000.0,0.0,14.08,5.474,5.457,137806000.0,1266699000.0,278020000.0,278020000.0,33287000.0,,,,,9399000.0,46697000.0,1.0,368470762.0,369330000,378092000.0,0.753,2440448000.0,77810000.0,8248000.0,57140000.0,6.608,1407579000.0
46,MCHP,MRQ,2009-12-31,2009-12-31,2009-12-31,2021-10-16,2712000.0,2443607000.0,,1442737000.0,1000870000.0,,4.035,-18583000.0,361291000.0,361291000.0,104103000.0,69403000.0,7.793,0.647,339000000.0,0.0,339000000.0,339000000.0,97583000.0,22437000.0,0.0,0.047,0.17,77642000.0,100079000.0,0.4,100079000.0,77642000.0,69879000.0,0.19,0.185,0.19,1483875000.0,,1483875000.0,5129696827.0,24.0,16.867,82344000.0,0.224,1.0,145996000.0,0.584,65161000.0,7763000.0,2171020000.0,,112784000.0,1138311000.0,716683000.0,421628000.0,959732000.0,185135000.0,774597000.0,5333338827.0,-179754000.0,0.0,9603000.0,0.0,-62520000.0,-51576000.0,-229105000.0,-209440000.0,100927000.0,0.0,69403000.0,69403000.0,69403000.0,0.0,0.0,0.278,73428000.0,72568000.0,38387000.0,0.895,3.594,32.676,32.64,495065000.0,0.0,14.525,6.327,6.336,113763000.0,1253977000.0,250099000.0,250099000.0,30332000.0,,,,,7496000.0,43096000.0,1.0,367183396.0,367712000,375722000.0,0.68,2378446000.0,73744000.0,476000.0,53967000.0,6.468,1257602000.0
47,MCHP,MRQ,2009-09-30,2009-09-30,2009-09-30,2021-10-16,4349000.0,2418285000.0,,1727456000.0,690829000.0,,3.98,-5977000.0,541045000.0,541045000.0,103321000.0,44485000.0,10.141,0.658,337403000.0,0.0,337403000.0,337403000.0,86261000.0,22639000.0,0.0,0.051,0.17,59312000.0,81951000.0,0.362,81951000.0,59312000.0,51282000.0,0.12,0.12,0.12,1458317000.0,,1458317000.0,4606767701.0,28.0,18.024,122048000.0,0.333,1.0,123340000.0,0.544,64940000.0,8030000.0,1979353000.0,,108451000.0,931678000.0,822949000.0,108729000.0,959968000.0,170350000.0,789618000.0,4848207701.0,-35934000.0,0.0,8431000.0,0.0,-62083000.0,-52943000.0,-111016000.0,-101048000.0,128025000.0,0.0,44485000.0,44485000.0,44485000.0,0.0,0.0,0.196,70614000.0,52726000.0,33926000.0,1.417,3.325,29.176,29.121,497958000.0,0.0,13.25,6.176,6.184,106651000.0,1247094000.0,226661000.0,226661000.0,29568000.0,,,,,8791000.0,41046000.0,1.0,365902468.0,366380000,373844000.0,0.619,2353345000.0,78076000.0,6797000.0,75522000.0,6.423,1557106000.0
48,MCHP,MRQ,2009-06-30,2009-06-30,2009-06-30,2021-10-16,4282000.0,2386409000.0,,1761141000.0,625268000.0,,3.985,-3756000.0,576979000.0,576979000.0,96514000.0,27368000.0,11.805,0.638,335539000.0,0.0,335539000.0,335539000.0,83431000.0,22659000.0,0.0,0.06,0.17,40174000.0,62833000.0,0.326,62833000.0,40174000.0,32655000.0,0.075,0.075,0.075,1457208000.0,,1457208000.0,4826483526.0,24.0,16.248,111311000.0,0.304,1.0,96435000.0,0.5,61804000.0,7519000.0,1933974000.0,,113872000.0,861185000.0,830456000.0,30729000.0,929201000.0,149191000.0,780010000.0,4123628526.0,130650000.0,0.0,544000.0,0.0,-61991000.0,-61447000.0,77030000.0,81688000.0,115067000.0,0.0,27368000.0,27368000.0,27368000.0,0.0,0.0,0.142,65257000.0,31178000.0,28885000.0,2.267,2.83,20.889,20.88,513765000.0,0.0,11.275,4.98,4.98,98044000.0,1264693000.0,192949000.0,192949000.0,27636000.0,,,,,8998000.0,36383000.0,1.0,365732020.0,365712000,371052000.0,0.528,2324605000.0,71039000.0,5287000.0,72737000.0,6.356,1611950000.0
49,MCHP,MRQ,2009-03-31,2009-03-31,2009-03-31,2021-10-16,4312000.0,2405711000.0,,1742789000.0,662922000.0,,4.086,-10539000.0,446329000.0,446329000.0,89286000.0,21964000.0,11.197,0.614,334184000.0,0.0,334184000.0,334184000.0,83931000.0,23836000.0,0.0,0.064,0.17,35433000.0,59269000.0,0.342,59269000.0,35433000.0,27601000.0,0.06,0.06,0.06,1490311000.0,,1490311000.0,4617118328.0,18.0,12.913,33546000.0,0.092,1.0,83967000.0,0.485,61883000.0,7832000.0,2076038000.0,,131510000.0,994442000.0,943616000.0,50826000.0,915400000.0,155645000.0,759755000.0,3859337328.0,55135000.0,0.0,7079000.0,0.0,-61822000.0,-58398000.0,69448000.0,86564000.0,44085000.0,0.0,21964000.0,21964000.0,21964000.0,0.0,0.0,0.127,64926000.0,19041000.0,29228000.0,2.833,2.59,15.715,15.813,531687000.0,0.0,10.595,4.273,4.297,88525000.0,1299250000.0,173253000.0,173253000.0,25656000.0,,,,,540000.0,33336000.0,1.0,364260248.0,364780000,368338000.0,0.475,2343828000.0,69626000.0,5637000.0,70051000.0,6.425,1587144000.0
50,MCHP,MRQ,2008-12-31,2008-12-31,2008-12-31,2021-10-16,5275000.0,2447143000.0,,1740932000.0,706211000.0,,2.799,-23793000.0,391194000.0,391194000.0,87379000.0,72356000.0,9.906,1.403,1148975000.0,0.0,1148975000.0,1148975000.0,98421000.0,24029000.0,0.0,0.068,0.17,27506000.0,51535000.0,0.268,51535000.0,27506000.0,20410000.0,0.2,0.195,0.2,1018524000.0,,1018524000.0,4390093636.0,14.0,10.53,-26712000.0,-0.073,1.0,104787000.0,0.545,54954000.0,7096000.0,2974226000.0,,136509000.0,1082749000.0,1006417000.0,76332000.0,1428619000.0,175744000.0,1252875000.0,3552327636.0,79456000.0,0.0,1010000.0,0.0,-61690000.0,-58782000.0,141157000.0,179377000.0,-2919000.0,0.0,72356000.0,72356000.0,72356000.0,0.0,0.0,0.377,64313000.0,40474000.0,29273000.0,0.85,3.488,11.868,11.982,543705000.0,0.0,9.765,3.587,3.588,78557000.0,1342432000.0,192166000.0,192166000.0,26973000.0,,,,,8156000.0,36840000.0,1.0,363781632.0,363926000,367998000.0,0.528,2392189000.0,69399000.0,-51946000.0,68637000.0,6.573,1565188000.0
51,MCHP,MRQ,2008-09-30,2008-09-30,2008-09-30,2021-10-16,-693000.0,2516984000.0,,1486560000.0,1030424000.0,,2.694,-46234000.0,311738000.0,311738000.0,105553000.0,75720000.0,6.712,1.545,1149504000.0,0.0,1149504000.0,1149504000.0,103507000.0,24415000.0,0.0,0.044,0.169,99004000.0,123419000.0,0.458,123419000.0,99004000.0,92134000.0,0.205,0.2,0.205,989168000.0,,989168000.0,5883496985.0,15.0,12.204,98160000.0,0.267,1.0,164153000.0,0.609,43067000.0,6870000.0,3090204000.0,,126835000.0,1207958000.0,796677000.0,411281000.0,1527816000.0,221479000.0,1306337000.0,5418844985.0,-373837000.0,0.0,-89248000.0,0.0,-62168000.0,-148039000.0,-370192000.0,-323599000.0,144394000.0,0.0,75720000.0,75720000.0,75720000.0,0.0,0.0,0.281,76972000.0,87181000.0,60514000.0,0.824,5.478,17.646,18.167,543122000.0,0.0,14.715,5.156,5.142,120888000.0,1330952000.0,269706000.0,269706000.0,31343000.0,,,,,8538000.0,45629000.0,1.0,368253142.0,367230000,375872000.0,0.734,2473917000.0,67150000.0,16414000.0,122830000.0,6.737,1265081000.0
52,MCHP,MRQ,2008-06-30,2008-06-30,2008-06-30,2021-10-16,-711000.0,2543438000.0,,1431335000.0,1112103000.0,,2.85,-21638000.0,685575000.0,685575000.0,104575000.0,75547000.0,7.358,1.417,1150227000.0,0.0,1150227000.0,1150227000.0,97125000.0,23766000.0,0.0,0.041,0.165,99576000.0,123342000.0,0.46,123342000.0,99576000.0,91934000.0,0.205,0.2,0.205,1052528000.0,,1052528000.0,6310841258.0,18.0,13.878,101455000.0,0.275,1.0,163597000.0,0.61,43217000.0,7642000.0,2770352000.0,,125798000.0,867143000.0,353588000.0,513555000.0,1490910000.0,194521000.0,1296389000.0,5648449258.0,197839000.0,0.0,-9215000.0,0.0,-60977000.0,-65014000.0,139760000.0,161635000.0,123093000.0,0.0,75547000.0,75547000.0,75547000.0,0.0,0.0,0.282,76965000.0,86632000.0,47769000.0,0.805,5.367,19.341,20.497,520790000.0,0.0,15.27,5.432,5.424,135753000.0,1316609000.0,268172000.0,268172000.0,31552000.0,,,,,8449000.0,45413000.0,1.0,369904994.0,369326000,382098000.0,0.726,2500221000.0,66619000.0,16387000.0,117674000.0,6.77,1236814000.0
53,MCHP,MRQ,2008-03-31,2008-03-31,2008-03-31,2021-10-16,2508000.0,2512307000.0,,1717730000.0,794577000.0,,2.867,-20224000.0,487736000.0,487736000.0,101784000.0,75697000.0,8.99,1.424,1150128000.0,0.0,1150128000.0,1150128000.0,95441000.0,23471000.0,0.0,0.037,0.16,95152000.0,118623000.0,0.456,118623000.0,95152000.0,87292000.0,0.205,0.2,0.205,1036223000.0,,1036223000.0,6498655211.0,18.0,14.157,66948000.0,0.185,1.0,158634000.0,0.609,43499000.0,7860000.0,2940119000.0,,124483000.0,1031328000.0,837054000.0,194274000.0,1476084000.0,191081000.0,1285003000.0,6179557211.0,-343269000.0,0.0,-158710000.0,0.0,-60367000.0,-214704000.0,-215737000.0,-195218000.0,87172000.0,0.0,75697000.0,75697000.0,75697000.0,0.0,0.0,0.291,103665000.0,54969000.0,39317000.0,0.78,5.964,20.821,22.888,522305000.0,0.0,16.365,5.966,6.548,138319000.0,1301275000.0,260418000.0,260418000.0,31506000.0,,,,,8179000.0,45396000.0,1.0,377608140.0,361484000,369802000.0,0.72,2468808000.0,63261000.0,11595000.0,112311000.0,6.83,1526649000.0
54,MCHP,MRQ,2007-12-31,2007-12-31,2007-12-31,2021-10-16,-168000.0,2616748000.0,,1797222000.0,819526000.0,,2.81,-11633000.0,831005000.0,831005000.0,99553000.0,80124000.0,10.165,1.25,1150103000.0,0.0,1150103000.0,1150103000.0,93349000.0,23814000.0,0.0,0.037,0.155,92912000.0,116726000.0,0.462,116726000.0,92912000.0,91277000.0,0.195,0.19,0.195,1163195000.0,,1163195000.0,6557216789.0,18.0,13.999,120465000.0,0.291,1.0,153047000.0,0.606,43675000.0,1635000.0,2715367000.0,,124801000.0,822395000.0,607011000.0,215384000.0,1453553000.0,176804000.0,1276749000.0,6731441789.0,656780000.0,27523000.0,-807707000.0,1127000000.0,-66378000.0,255989000.0,268693000.0,254852000.0,132098000.0,0.0,80124000.0,80124000.0,80124000.0,0.0,0.0,0.317,73807000.0,79240000.0,35596000.0,0.795,5.787,19.299,19.276,524769000.0,0.0,15.71,6.513,6.293,114396000.0,1284989000.0,252600000.0,252600000.0,30306000.0,,,,,9070000.0,43501000.0,1.0,428481336.0,414004000,422674000.0,0.61,2573073000.0,60658000.0,11153000.0,111512000.0,6.215,1620418000.0
55,MCHP,MRQ,2007-09-30,2007-09-30,2007-09-30,2021-10-16,-3015000.0,2248679000.0,,1242511000.0,1006168000.0,,4.479,-11225000.0,174225000.0,174225000.0,103935000.0,60679000.0,6.685,0.158,0.0,0.0,0.0,0.0,93383000.0,25893000.0,0.0,0.03,0.147,70144000.0,96037000.0,0.371,96037000.0,70144000.0,70144000.0,0.14,0.135,0.14,1941973000.0,,1941973000.0,7777474935.0,21.0,16.271,94182000.0,0.217,1.0,154712000.0,0.598,42085000.0,0.0,1846508000.0,,124587000.0,1074624000.0,659081000.0,415543000.0,306706000.0,185861000.0,120845000.0,7945477935.0,6222000.0,0.0,-134201000.0,0.0,-64095000.0,-193233000.0,94048000.0,107543000.0,105407000.0,0.0,60679000.0,60679000.0,60679000.0,0.0,0.0,0.235,72275000.0,82437000.0,39654000.0,1.05,4.091,23.264,22.987,536316000.0,0.0,18.16,7.7,7.631,125912000.0,1271242000.0,258647000.0,258647000.0,29306000.0,,,,,8201000.0,42969000.0,1.0,437526318.0,433594000,444008000.0,0.597,2206594000.0,64361000.0,9465000.0,106031000.0,5.089,1056650000.0
56,MCHP,MRQ,2007-06-30,2007-06-30,2007-06-30,2021-10-16,-8191000.0,2362342000.0,,1084086000.0,1278256000.0,,4.609,-25020000.0,168003000.0,168003000.0,105527000.0,80293000.0,5.819,0.146,0.0,0.0,0.0,0.0,89932000.0,26898000.0,0.0,0.028,0.14,100743000.0,127641000.0,0.483,127641000.0,100743000.0,100743000.0,0.185,0.18,0.185,2061044000.0,,2061044000.0,7920301193.0,20.0,15.29,97610000.0,0.218,1.0,158545000.0,0.6,40262000.0,0.0,1967791000.0,,123767000.0,1175478000.0,553569000.0,621909000.0,301298000.0,186286000.0,115012000.0,8087778193.0,526000.0,0.0,21690000.0,0.0,-61119000.0,-30755000.0,-91349000.0,-65931000.0,122630000.0,0.0,80293000.0,80293000.0,80293000.0,0.0,0.0,0.304,73526000.0,85019000.0,48472000.0,0.757,3.924,22.445,22.18,604772000.0,0.0,18.52,7.768,7.954,127320000.0,1274660000.0,264072000.0,264072000.0,29746000.0,,,,,8126000.0,43780000.0,1.0,436705086.0,447184000,436222000.0,0.591,2322080000.0,63270000.0,20450000.0,107890000.0,5.193,897800000.0
57,MCHP,MRQ,2007-03-31,2007-03-31,2007-03-31,2021-10-16,-7169000.0,2269541000.0,,1084737000.0,1184804000.0,,4.593,-8623000.0,167477000.0,167477000.0,103575000.0,127708000.0,4.239,0.132,0.0,0.0,0.0,0.0,91363000.0,28379000.0,0.0,0.027,0.133,99622000.0,128001000.0,0.496,128001000.0,99622000.0,99352000.0,0.295,0.29,0.295,2004368000.0,,2004368000.0,7553993327.0,19.0,14.453,63321000.0,0.145,1.0,154601000.0,0.599,40342000.0,270000.0,1805802000.0,,121024000.0,1110910000.0,583000000.0,527910000.0,265173000.0,255920000.0,9253000.0,7677770327.0,14200000.0,0.0,26421000.0,-29500000.0,-57372000.0,-52311000.0,-5433000.0,3361000.0,71944000.0,0.0,127708000.0,127708000.0,127708000.0,0.0,0.0,0.495,69312000.0,85289000.0,34675000.0,0.451,3.831,21.505,21.404,605722000.0,0.0,17.765,7.385,7.364,124559000.0,1255486000.0,258176000.0,258176000.0,28547000.0,,,,,7728000.0,40765000.0,1.0,432185214.0,436366000,447762000.0,0.592,2229199000.0,61983000.0,-28356000.0,0.0,5.109,828817000.0
58,MCHP,MRQ,2006-12-31,2006-12-31,2006-12-31,2021-10-16,-9487000.0,2278460000.0,,1066544000.0,1211916000.0,,4.38,-15502000.0,153277000.0,153277000.0,101294000.0,72849000.0,2.845,0.206,29500000.0,29500000.0,0.0,29500000.0,92135000.0,29582000.0,0.0,0.027,0.125,96744000.0,126326000.0,0.503,126326000.0,96744000.0,95854000.0,0.17,0.165,0.17,1889492000.0,,1889492000.0,7004796726.0,17.0,13.415,91588000.0,0.212,1.0,149710000.0,0.596,40653000.0,890000.0,1739159000.0,,121850000.0,1111283000.0,575275000.0,536008000.0,388968000.0,374871000.0,14097000.0,7056565726.0,20708000.0,0.0,9219000.0,-51300000.0,-53953000.0,-92636000.0,6254000.0,21951000.0,107090000.0,0.0,72849000.0,72849000.0,72849000.0,0.0,0.0,0.29,68228000.0,81482000.0,34742000.0,0.735,3.735,23.145,23.028,624996000.0,0.0,16.35,6.86,6.857,120085000.0,1185152000.0,251004000.0,251004000.0,28043000.0,,,,,7747000.0,40185000.0,1.0,431594234.0,431420000,441840000.0,0.582,2237807000.0,68991000.0,23005000.0,0.0,5.187,691673000.0
59,MCHP,MRQ,2006-09-30,2006-09-30,2006-09-30,2021-10-16,-9974000.0,2291260000.0,,948901000.0,1342359000.0,,4.301,-18196000.0,132569000.0,132569000.0,105973000.0,79488000.0,2.229,0.239,80800000.0,80800000.0,0.0,80800000.0,98207000.0,29691000.0,0.0,0.025,0.117,106356000.0,136047000.0,0.508,136047000.0,106356000.0,104589000.0,0.185,0.18,0.185,1849665000.0,,1849665000.0,6968926958.0,17.0,13.491,102736000.0,0.239,1.0,161961000.0,0.604,40938000.0,1767000.0,1772846000.0,,117584000.0,1132859000.0,479446000.0,653413000.0,441595000.0,425707000.0,15888000.0,6968082958.0,-4087000.0,0.0,15606000.0,-56700000.0,-50509000.0,-87467000.0,-37552000.0,-19097000.0,120932000.0,0.0,79488000.0,79488000.0,79488000.0,0.0,0.0,0.297,70602000.0,91359000.0,41580000.0,0.632,3.767,25.603,25.528,638592000.0,0.0,16.21,6.882,6.885,123112000.0,1166254000.0,267934000.0,267934000.0,29084000.0,,,,,6170000.0,41518000.0,1.0,429863230.0,430050000,440256000.0,0.623,2250322000.0,69629000.0,25101000.0,0.0,5.233,523194000.0
60,MCHP,MRQ,2006-06-30,2006-06-30,2006-06-30,2021-10-16,-15280000.0,2294691000.0,,1105969000.0,1188722000.0,,4.174,-15972000.0,136656000.0,136656000.0,104073000.0,76984000.0,2.236,0.284,137500000.0,137500000.0,0.0,137500000.0,110911000.0,28519000.0,0.0,0.021,0.107,103784000.0,132303000.0,0.504,132303000.0,103784000.0,101295000.0,0.18,0.175,0.18,1787809000.0,,1787809000.0,6896137314.0,18.0,13.923,113831000.0,0.266,1.0,158484000.0,0.604,41150000.0,2489000.0,1759686000.0,,116642000.0,1107401000.0,617133000.0,490268000.0,506882000.0,494699000.0,12183000.0,7192456314.0,-428617000.0,0.0,17477000.0,-131454000.0,-46064000.0,-152927000.0,-405493000.0,-389302000.0,129803000.0,0.0,76984000.0,76984000.0,76984000.0,0.0,0.0,0.293,68803000.0,89681000.0,41453000.0,0.594,4.023,27.842,27.727,648542000.0,0.0,16.775,7.4,7.393,137196000.0,1137276000.0,262557000.0,262557000.0,28024000.0,,,,,5808000.0,40779000.0,1.0,428760436.0,428350000,439582000.0,0.613,2253541000.0,77049000.0,24311000.0,0.0,5.261,611270000.0
61,MCHP,MRQ,2006-03-31,2006-03-31,2006-03-31,2021-10-16,-13913000.0,2350596000.0,,1118829000.0,1231767000.0,,4.076,-32955000.0,565273000.0,565273000.0,98626000.0,75568000.0,1.837,0.362,268954000.0,268954000.0,0.0,268954000.0,99481000.0,27576000.0,0.0,0.016,0.095,99902000.0,127478000.0,0.516,127478000.0,99902000.0,99432000.0,0.175,0.175,0.175,1726189000.0,,1726189000.0,7621871674.0,21.0,16.154,81309000.0,0.192,1.0,148546000.0,0.601,41375000.0,470000.0,1403933000.0,,115024000.0,719851000.0,199491000.0,520360000.0,624407000.0,608969000.0,15438000.0,7733869674.0,407821000.0,0.0,32250000.0,223500000.0,-40497000.0,215253000.0,78304000.0,112150000.0,114264000.0,0.0,75568000.0,75568000.0,75568000.0,0.0,0.0,0.306,59094000.0,89452000.0,50847000.0,0.543,4.48,31.909,31.565,659972000.0,0.0,18.15,8.335,8.219,139361000.0,1106355000.0,247172000.0,247172000.0,24517000.0,,,,,12028000.0,34577000.0,1.0,426108522.0,423496000,434434000.0,0.584,2309221000.0,78544000.0,23864000.0,0.0,5.453,509860000.0
62,MCHP,MRQ,2005-12-31,2005-12-31,2005-12-31,2021-10-16,-11618000.0,2006470000.0,,1302186000.0,704284000.0,,3.911,-17376000.0,157452000.0,157452000.0,94626000.0,40124000.0,3.855,0.217,45454000.0,45454000.0,0.0,45454000.0,84673000.0,27085000.0,0.0,0.014,0.08,93630000.0,120715000.0,0.514,120715000.0,93630000.0,93071000.0,0.095,0.095,0.095,1649131000.0,,1649131000.0,6692696269.0,20.0,14.939,102622000.0,0.243,1.0,140270000.0,0.597,41327000.0,559000.0,1515390000.0,,114639000.0,834898000.0,834898000.0,0.0,357339000.0,337755000.0,19584000.0,6757322269.0,47372000.0,0.0,23565000.0,0.0,-33645000.0,-10080000.0,-62546000.0,-44994000.0,119998000.0,0.0,40124000.0,40124000.0,40124000.0,0.0,0.0,0.171,55682000.0,84588000.0,36356000.0,0.842,4.098,30.274,30.33,653560000.0,0.0,16.075,7.603,7.626,111975000.0,1071281000.0,234896000.0,234896000.0,23377000.0,,,,,8555000.0,32305000.0,1.0,420362194.0,421672000,431334000.0,0.557,1965143000.0,62714000.0,52947000.0,0.0,4.66,964431000.0
63,MCHP,MRQ,2005-09-30,2005-09-30,2005-09-30,2021-10-16,-9512000.0,1958095000.0,,1245219000.0,712876000.0,,3.85,-10072000.0,110080000.0,110080000.0,92742000.0,65653000.0,3.801,0.214,45454000.0,45454000.0,0.0,45454000.0,88963000.0,27914000.0,0.0,0.011,0.062,86890000.0,114804000.0,0.505,114804000.0,86890000.0,86385000.0,0.155,0.155,0.155,1612640000.0,,1612640000.0,6204985371.0,20.0,14.498,98992000.0,0.236,1.0,134556000.0,0.592,41652000.0,505000.0,1524224000.0,,110226000.0,792410000.0,792410000.0,0.0,345455000.0,327593000.0,17862000.0,6300903371.0,-31292000.0,0.0,19917000.0,0.0,-26172000.0,-6255000.0,-134101000.0,-123501000.0,109064000.0,0.0,65653000.0,65653000.0,65653000.0,0.0,0.0,0.289,55261000.0,79295000.0,32629000.0,0.4,3.907,26.674,26.655,662592000.0,0.0,15.06,7.333,7.341,120500000.0,1064804000.0,227298000.0,227298000.0,23637000.0,,,,,3949000.0,31624000.0,1.0,418386678.0,418848000,429376000.0,0.543,1916443000.0,90600000.0,20732000.0,0.0,4.576,917626000.0
64,MCHP,MRQ,2005-06-30,2005-06-30,2005-06-30,2021-10-16,-5493000.0,1892059000.0,,1162610000.0,729449000.0,,3.727,-14550000.0,141372000.0,141372000.0,91022000.0,61024000.0,3.665,0.218,45454000.0,45454000.0,0.0,45454000.0,90062000.0,28107000.0,0.0,0.009,0.048,80730000.0,108837000.0,0.498,108837000.0,80730000.0,80297000.0,0.145,0.145,0.145,1553316000.0,,1553316000.0,6152200584.0,20.0,14.502,79447000.0,0.191,1.0,127505000.0,0.583,41343000.0,433000.0,1437567000.0,,103839000.0,673667000.0,673667000.0,0.0,338743000.0,317231000.0,21512000.0,6175476584.0,72642000.0,0.0,16699000.0,0.0,-19795000.0,-3096000.0,-18259000.0,-2709000.0,93997000.0,0.0,61024000.0,61024000.0,61024000.0,0.0,0.0,0.279,54476000.0,73029000.0,33189000.0,0.331,3.976,26.733,26.685,680123000.0,0.0,14.81,7.242,7.239,130614000.0,1025324000.0,218527000.0,218527000.0,23395000.0,,,,,5423000.0,31081000.0,1.0,416980188.0,416792000,426210000.0,0.524,1850716000.0,95863000.0,19273000.0,0.0,4.44,845379000.0
65,MCHP,MRQ,2005-03-31,2005-03-31,2005-03-31,2021-10-16,-9718000.0,1817554000.0,,1075348000.0,742206000.0,,3.582,-7367000.0,68730000.0,68730000.0,88732000.0,56403000.0,3.507,0.223,45454000.0,45454000.0,0.0,45454000.0,91730000.0,29101000.0,0.0,0.008,0.035,74540000.0,103641000.0,0.498,103641000.0,74540000.0,74214000.0,0.135,0.135,0.135,1485734000.0,,1485734000.0,5358642306.0,19.0,13.441,49895000.0,0.12,1.0,119351000.0,0.574,41175000.0,326000.0,1446438000.0,,103728000.0,665874000.0,665874000.0,0.0,331820000.0,306665000.0,25155000.0,5390573306.0,-7453000.0,0.0,9831000.0,1202000.0,-14506000.0,-3473000.0,-61242000.0,-53875000.0,57262000.0,0.0,56403000.0,56403000.0,56403000.0,0.0,0.0,0.271,51231000.0,68120000.0,34328000.0,0.259,3.628,25.215,25.252,693302000.0,0.0,13.005,6.365,6.349,113088000.0,984095000.0,208083000.0,208083000.0,23331000.0,,,,,885000.0,27900000.0,1.0,414500062.0,414740000,424926000.0,0.502,1776379000.0,105097000.0,17811000.0,0.0,4.283,768683000.0
66,MCHP,MRQ,2004-12-31,2004-12-31,2004-12-31,2021-10-16,-3396000.0,1785313000.0,,1082671000.0,702642000.0,,3.482,-21208000.0,76183000.0,76183000.0,88596000.0,53140000.0,3.558,0.24,44252000.0,44252000.0,0.0,44252000.0,95248000.0,30524000.0,0.0,0.007,0.026,70192000.0,100716000.0,0.49,100716000.0,70192000.0,69921000.0,0.13,0.125,0.13,1439440000.0,,1439440000.0,5453363424.0,20.0,14.104,89275000.0,0.216,1.0,116788000.0,0.569,40997000.0,271000.0,1408123000.0,,97760000.0,619606000.0,619606000.0,0.0,345873000.0,304262000.0,41611000.0,5486313424.0,958000.0,0.0,12039000.0,1977000.0,-10752000.0,3264000.0,-112789000.0,-91581000.0,110483000.0,0.0,53140000.0,53140000.0,53140000.0,0.0,0.0,0.259,51166000.0,65622000.0,40309000.0,0.2,3.811,26.864,26.859,654168000.0,0.0,13.295,6.607,6.619,105453000.0,942198000.0,205384000.0,205384000.0,23110000.0,,,,,5366000.0,28056000.0,1.0,412659904.0,413412000,423454000.0,0.497,1744316000.0,102489000.0,16781000.0,0.0,4.219,778409000.0
67,MCHP,MRQ,2004-09-30,2004-09-30,2004-09-30,2021-10-16,-1173000.0,1698328000.0,,986257000.0,712071000.0,,3.346,-20165000.0,75225000.0,75225000.0,94317000.0,60443000.0,3.367,0.231,42275000.0,42275000.0,0.0,42275000.0,100990000.0,31288000.0,0.0,0.006,0.023,79737000.0,111025000.0,0.503,111025000.0,79737000.0,79530000.0,0.145,0.145,0.145,1379915000.0,,1379915000.0,5438549200.0,22.0,14.745,60325000.0,0.146,1.0,126377000.0,0.573,41336000.0,207000.0,1331090000.0,,89915000.0,530635000.0,530635000.0,0.0,318413000.0,292952000.0,25461000.0,5525435200.0,-11661000.0,0.0,-31484000.0,42275000.0,-9473000.0,1318000.0,-93469000.0,-73304000.0,80490000.0,0.0,60443000.0,60443000.0,60443000.0,0.0,0.0,0.274,51326000.0,75051000.0,38280000.0,0.159,4.004,28.789,28.86,663141000.0,0.0,13.42,6.881,6.892,120702000.0,899811000.0,220694000.0,220694000.0,23318000.0,,,,,2660000.0,28008000.0,1.0,411731386.0,412382000,422806000.0,0.535,1656992000.0,89023000.0,19087000.0,0.0,4.018,693305000.0
68,MCHP,MRQ,2004-06-30,2004-06-30,2004-06-30,2021-10-16,-5760000.0,1644709000.0,,921835000.0,722874000.0,,3.278,-12812000.0,86886000.0,86886000.0,91316000.0,43799000.0,3.523,0.214,0.0,0.0,0.0,0.0,93632000.0,29553000.0,0.0,0.004,0.02,53739000.0,83292000.0,0.391,83292000.0,53739000.0,53603000.0,0.105,0.105,0.105,1355129000.0,,1355129000.0,6417075708.0,29.0,19.259,91663000.0,0.222,1.0,121459000.0,0.571,41673000.0,136000.0,1254454000.0,,90575000.0,451978000.0,451978000.0,0.0,289580000.0,261696000.0,27884000.0,6522409708.0,-18448000.0,0.0,-11428000.0,0.0,-8266000.0,-19694000.0,-103229000.0,-90417000.0,104475000.0,0.0,43799000.0,43799000.0,43799000.0,0.0,0.0,0.206,71605000.0,49854000.0,37759000.0,0.19,4.813,38.919,38.463,673576000.0,0.0,15.77,8.688,8.683,112519000.0,848840000.0,212775000.0,212775000.0,23281000.0,,,,,6385000.0,27224000.0,1.0,413596050.0,413388000,425928000.0,0.515,1603036000.0,101297000.0,9804000.0,0.0,3.878,660139000.0
69,MCHP,MRQ,2004-03-31,2004-03-31,2004-03-31,2021-10-16,733000.0,1622143000.0,,883945000.0,738198000.0,,3.174,-22690000.0,105334000.0,105334000.0,85299000.0,46845000.0,3.273,0.228,0.0,0.0,0.0,0.0,84816000.0,28671000.0,0.0,0.004,0.018,62961000.0,91632000.0,0.478,91632000.0,62961000.0,62880000.0,0.115,0.11,0.115,1320517000.0,,1320517000.0,5439747710.0,31.0,16.979,72426000.0,0.174,1.0,106225000.0,0.555,42044000.0,81000.0,1204714000.0,,94514000.0,369216000.0,369216000.0,0.0,301626000.0,270051000.0,31575000.0,5497921710.0,47160000.0,0.0,-41902000.0,0.0,-7286000.0,-49188000.0,1232000.0,23922000.0,95116000.0,0.0,46845000.0,46845000.0,46845000.0,0.0,0.0,0.245,46889000.0,59336000.0,61184000.0,0.157,4.163,40.054,39.433,689206000.0,0.0,13.21,7.862,7.784,107890000.0,813307000.0,191524000.0,191524000.0,22101000.0,,,,,11590000.0,24788000.0,1.0,416193922.0,416006000,423060000.0,0.46,1580099000.0,126046000.0,16035000.0,0.0,3.798,613894000.0
70,MCHP,MRQ,2003-12-31,2003-12-31,2003-12-31,2021-10-16,0.0,1581538000.0,,838741000.0,742797000.0,,3.188,-17916000.0,58174000.0,58174000.0,80948000.0,40843000.0,3.591,0.198,0.0,0.0,0.0,0.0,76852000.0,27865000.0,0.0,0.003,0.015,55021000.0,82886000.0,0.466,82886000.0,55021000.0,54969000.0,0.1,0.095,0.1,1320593000.0,,1320593000.0,6877663204.0,43.0,22.819,84948000.0,0.205,1.0,97019000.0,0.545,42422000.0,52000.0,1247398000.0,,96175000.0,392266000.0,392266000.0,0.0,260945000.0,233544000.0,27401000.0,6922125204.0,13712000.0,0.0,20838000.0,0.0,-6223000.0,14615000.0,-103767000.0,-85851000.0,102864000.0,0.0,40843000.0,40843000.0,40843000.0,0.0,0.0,0.229,43167000.0,53852000.0,33944000.0,0.15,5.242,56.07,53.823,693678000.0,0.0,16.685,10.372,10.357,92173000.0,773747000.0,177967000.0,177967000.0,20858000.0,,,,,14891000.0,23056000.0,1.0,414871154.0,414284000,430688000.0,0.43,1539116000.0,121994000.0,14126000.0,0.0,3.715,605197000.0
71,MCHP,MRQ,2003-09-30,2003-09-30,2003-09-30,2021-10-16,0.0,1492291000.0,,739721000.0,752570000.0,,3.048,-10242000.0,44462000.0,44462000.0,77292000.0,36104000.0,3.432,0.194,0.0,0.0,0.0,0.0,70671000.0,26868000.0,0.0,0.004,0.012,48523000.0,75391000.0,0.447,75391000.0,48523000.0,48461000.0,0.09,0.085,0.09,1250235000.0,,1250235000.0,4861515017.0,32.0,16.472,67053000.0,0.163,1.0,91194000.0,0.541,42843000.0,62000.0,1189453000.0,,103798000.0,306415000.0,306415000.0,0.0,242056000.0,215533000.0,26523000.0,4909164017.0,-3187000.0,0.0,16841000.0,0.0,-4919000.0,11922000.0,-92404000.0,-81462000.0,77295000.0,0.0,36104000.0,36104000.0,36104000.0,0.0,0.0,0.214,43600000.0,47594000.0,27968000.0,0.133,3.927,41.256,39.933,703272000.0,0.0,11.98,7.473,7.48,90785000.0,739128000.0,168486000.0,168486000.0,21148000.0,,,,,7765000.0,22452000.0,1.0,409779968.0,410178000,425156000.0,0.411,1449448000.0,115721000.0,12357000.0,0.0,3.534,524188000.0
72,MCHP,MRQ,2003-06-30,2003-06-30,2003-06-30,2021-10-16,0.0,1432395000.0,,661858000.0,770537000.0,,2.929,-10330000.0,47649000.0,47649000.0,105762000.0,13470000.0,3.16,0.199,0.0,0.0,0.0,0.0,70775000.0,58831000.0,0.0,0.003,0.012,11640000.0,70471000.0,0.437,70471000.0,11640000.0,11586000.0,0.035,0.03,0.035,1194431000.0,,1194431000.0,4990198915.0,46.0,19.787,57475000.0,0.141,1.0,55521000.0,0.344,42645000.0,54000.0,1132663000.0,,108287000.0,224953000.0,224953000.0,0.0,237964000.0,209438000.0,28526000.0,5044107915.0,-6260000.0,0.0,3509000.0,0.0,-4893000.0,-1384000.0,-72681000.0,-62351000.0,67805000.0,0.0,13470000.0,13470000.0,13470000.0,0.0,0.0,0.084,45009000.0,10512000.0,26076000.0,0.343,4.223,54.598,52.66,719331000.0,0.0,12.375,7.699,7.702,88168000.0,707943000.0,161283000.0,161283000.0,21282000.0,,,,,3393000.0,22115000.0,1.0,407604680.0,407806000,420314000.0,0.395,1389750000.0,116478000.0,-1884000.0,0.0,3.408,452420000.0
73,MCHP,MRQ,2003-03-31,2003-03-31,2003-03-31,2021-10-16,0.0,1428275000.0,,609109000.0,819166000.0,,2.897,-16861000.0,53909000.0,53909000.0,72992000.0,33038000.0,2.831,0.211,0.0,0.0,0.0,0.0,70988000.0,28181000.0,0.0,0.002,0.01,44467000.0,72648000.0,0.455,72648000.0,44467000.0,44346000.0,0.085,0.08,0.085,1178949000.0,,1178949000.0,3850397513.0,33.0,16.854,39827000.0,0.098,1.0,86674000.0,0.543,43176000.0,121000.0,1116060000.0,,102344000.0,162602000.0,162602000.0,0.0,249326000.0,215130000.0,34196000.0,4048628513.0,5573000.0,0.0,-11447000.0,0.0,-4068000.0,-15515000.0,-35600000.0,-12707000.0,56688000.0,0.0,33038000.0,33038000.0,33038000.0,0.0,0.0,0.207,43600000.0,43074000.0,34143000.0,0.118,3.434,45.886,45.227,767933000.0,0.0,9.95,6.215,6.185,95387000.0,699366000.0,159666000.0,159666000.0,21743000.0,,,,,534000.0,21857000.0,1.0,406897338.0,406952000,422264000.0,0.392,1385099000.0,116481000.0,11308000.0,0.0,3.404,393979000.0
74,MCHP,MRQ,2002-12-31,2002-12-31,2002-12-31,2021-10-16,0.0,1410453000.0,,586876000.0,823577000.0,,2.893,-20801000.0,198231000.0,198231000.0,74580000.0,36382000.0,2.971,0.2,0.0,0.0,0.0,0.0,46240000.0,27825000.0,0.0,0.001,0.01,48795000.0,76620000.0,0.458,76620000.0,48795000.0,48681000.0,0.09,0.085,0.09,1175248000.0,,1175248000.0,4824080886.0,45.0,22.23,54179000.0,0.133,1.0,92894000.0,0.555,35879000.0,114000.0,978813000.0,,93961000.0,0.0,0.0,0.0,235205000.0,197530000.0,37675000.0,4965408886.0,2686000.0,-205000.0,6990000.0,0.0,-4061000.0,2929000.0,-75223000.0,-54217000.0,74980000.0,0.0,36382000.0,36382000.0,36382000.0,0.0,0.0,0.217,44753000.0,48141000.0,36621000.0,0.111,4.225,60.918,58.214,777753000.0,0.0,12.225,7.751,7.752,93375000.0,684219000.0,167474000.0,167474000.0,22323000.0,,,,,4698000.0,22430000.0,1.0,406168416.0,406218000,421858000.0,0.412,1374574000.0,120731000.0,12299000.0,0.0,3.384,389346000.0
75,MCHP,MRQ,2002-09-30,2002-09-30,2002-09-30,2021-10-16,0.0,1345983000.0,,515720000.0,830263000.0,,2.798,-16853000.0,141328000.0,141328000.0,76478000.0,9496000.0,2.81,0.191,0.0,0.0,0.0,0.0,46148000.0,27842000.0,0.0,0.0,0.0,4611000.0,32453000.0,0.195,32453000.0,4611000.0,4489000.0,0.025,0.025,0.025,1130534000.0,,1130534000.0,3844917362.0,43.0,19.273,40404000.0,0.1,1.0,90300000.0,0.541,36079000.0,122000.0,985057000.0,,92142000.0,0.0,0.0,0.0,215449000.0,183519000.0,31930000.0,4128962362.0,-16870000.0,-184512000.0,1391000.0,0.0,0.0,1391000.0,-75518000.0,125847000.0,57257000.0,0.0,9496000.0,9496000.0,9496000.0,0.0,0.0,0.057,86964000.0,3336000.0,33962000.0,0.0,3.652,60.097,56.806,784276000.0,0.0,10.225,6.714,6.718,89919000.0,651243000.0,166778000.0,166778000.0,22337000.0,,,,,3858000.0,23127000.0,1.0,403810500.0,404094000,419284000.0,0.413,1309904000.0,112102000.0,-5007000.0,0.0,3.242,332201000.0
76,MCHP,MRQ,2002-06-30,2002-06-30,2002-06-30,2021-10-16,0.0,1334709000.0,,572955000.0,761754000.0,,2.77,-25264000.0,284045000.0,284045000.0,75177000.0,9316000.0,3.058,0.197,0.0,0.0,0.0,0.0,48358000.0,27228000.0,0.0,0.0,0.0,19509000.0,46737000.0,0.297,46737000.0,19509000.0,19373000.0,0.025,0.02,0.025,1115025000.0,,1115025000.0,5235892547.0,45.0,23.172,45998000.0,0.114,1.0,82367000.0,0.523,35827000.0,136000.0,827469000.0,,88747000.0,0.0,0.0,0.0,219684000.0,187368000.0,32316000.0,5516539547.0,-111077000.0,-50674000.0,8074000.0,0.0,0.0,8074000.0,-190413000.0,-114475000.0,71262000.0,0.0,9316000.0,9316000.0,9316000.0,0.0,0.0,0.059,52801000.0,29566000.0,37604000.0,0.0,4.947,66.983,63.791,713399000.0,0.0,13.715,9.352,9.36,83710000.0,640980000.0,157544000.0,157544000.0,21560000.0,,,,,8861000.0,21941000.0,1.0,402226726.0,402584000,423054000.0,0.391,1298882000.0,99808000.0,10057000.0,0.0,3.226,385587000.0
77,MCHP,MRQ,2002-03-31,2002-03-31,2002-03-31,2021-10-16,0.0,1275600000.0,,549176000.0,726424000.0,,2.688,-8925000.0,173597000.0,173597000.0,73519000.0,26316000.0,3.277,0.186,0.0,0.0,0.0,0.0,40800000.0,26451000.0,0.0,0.0,0.0,34750000.0,61201000.0,0.411,61201000.0,34750000.0,34626000.0,0.07,0.06,0.07,1075779000.0,,1075779000.0,5319784849.0,42.0,22.466,58376000.0,0.146,1.0,75322000.0,0.506,835000.0,124000.0,933570000.0,,88615000.0,107050000.0,107050000.0,0.0,199821000.0,167598000.0,32223000.0,5563041849.0,-59336000.0,0.0,-20986000.0,-2138000.0,0.0,-23124000.0,-103513000.0,-94588000.0,67301000.0,0.0,26316000.0,26316000.0,26316000.0,0.0,0.0,0.177,41677000.0,33645000.0,38292000.0,0.0,5.171,58.673,58.097,715960000.0,0.0,13.943,9.738,9.723,80747000.0,619254000.0,148841000.0,148841000.0,20539000.0,,,,,3264000.0,21138000.0,1.0,398975031.0,400186000,422512000.0,0.372,1274765000.0,83980000.0,8310000.0,0.0,3.185,381578000.0
78,MCHP,MRQ,2001-12-31,2001-12-31,2001-12-31,2021-10-16,0.0,1220547000.0,,478629000.0,741918000.0,,2.656,-5362000.0,245395000.0,245395000.0,70718000.0,23577000.0,3.793,0.147,2138000.0,2138000.0,0.0,2138000.0,41179000.0,27973000.0,0.0,0.0,0.0,31134000.0,59107000.0,0.417,59107000.0,31134000.0,31023000.0,0.06,0.055,0.06,1063865000.0,,1063865000.0,4993396499.0,45.0,22.727,52005000.0,0.13,1.0,71139000.0,0.501,0.0,111000.0,851091000.0,,92256000.0,0.0,0.0,0.0,156682000.0,126199000.0,30483000.0,5164539499.0,74252000.0,0.0,20109000.0,2138000.0,0.0,22247000.0,-5362000.0,0.0,57367000.0,0.0,23577000.0,23577000.0,23577000.0,0.0,0.0,0.166,41278000.0,29861000.0,31293000.0,0.0,4.855,63.981,62.992,733409000.0,0.0,12.913,8.97,8.983,64500000.0,592918000.0,141857000.0,141857000.0,21409000.0,,,,,6098000.0,19869000.0,1.0,399938526.0,400546000,419620000.0,0.354,1220547000.0,37164000.0,7446000.0,0.0,3.047,352430000.0
79,MCHP,MRQ,2001-09-30,2001-09-30,2001-09-30,2021-10-16,0.0,1177374000.0,,412880000.0,764494000.0,,2.545,-17862000.0,171143000.0,171143000.0,70793000.0,23148000.0,2.97,0.161,0.0,0.0,0.0,0.0,44198000.0,27072000.0,0.0,0.0,0.0,31840000.0,58912000.0,0.416,58912000.0,31840000.0,31715000.0,0.06,0.055,0.06,1014081000.0,,1014081000.0,3422564214.0,25.0,13.907,20220000.0,0.051,1.0,70869000.0,0.5,0.0,125000.0,867231000.0,,94155000.0,0.0,0.0,0.0,163293000.0,139000000.0,24293000.0,3560983214.0,32724000.0,0.0,12504000.0,0.0,0.0,12504000.0,-17862000.0,0.0,38082000.0,0.0,23148000.0,23148000.0,23148000.0,0.0,0.0,0.163,40333000.0,30536000.0,35877000.0,0.0,3.512,35.828,35.033,755693000.0,0.0,8.933,5.706,5.703,69977000.0,569341000.0,141662000.0,141662000.0,20168000.0,,,,,6378000.0,20165000.0,1.0,398617524.0,398418000,417174000.0,0.356,1177374000.0,36485000.0,8567000.0,0.0,2.955,273880000.0
80,MCHP,MRQ,2001-06-30,2001-06-30,2001-06-30,2021-10-16,0.0,1142068000.0,,367812000.0,774256000.0,,2.466,-12004000.0,138419000.0,138419000.0,69488000.0,21773000.0,2.518,0.175,0.0,0.0,0.0,0.0,53924000.0,27543000.0,0.0,0.0,0.0,30034000.0,57577000.0,0.415,57577000.0,30034000.0,29827000.0,0.055,0.055,0.055,972071000.0,,972071000.0,4256772959.0,25.0,15.328,4072000.0,0.01,1.0,69406000.0,0.5,0.0,207000.0,857548000.0,,96118000.0,0.0,0.0,0.0,169997000.0,146101000.0,23896000.0,4386681959.0,8510000.0,0.0,4438000.0,0.0,0.0,4438000.0,-12004000.0,0.0,16076000.0,0.0,21773000.0,21773000.0,21773000.0,0.0,0.0,0.157,40977000.0,28429000.0,34585000.0,0.0,4.513,35.816,35.376,764903000.0,0.0,11.143,6.481,6.49,67383000.0,546213000.0,138894000.0,138894000.0,19534000.0,,,,,3012000.0,21443000.0,1.0,393659763.0,394206000,412770000.0,0.352,1142068000.0,45401000.0,8054000.0,0.0,2.897,221711000.0
81,MCHP,MRQ,2001-03-31,2001-03-31,2001-03-31,2021-10-16,0.0,1161349000.0,,371559000.0,789790000.0,,2.377,-34706000.0,129909000.0,129909000.0,76802000.0,12222000.0,1.909,0.232,0.0,0.0,0.0,0.0,64106000.0,27100000.0,0.0,0.0,0.0,17014000.0,44114000.0,0.288,44114000.0,17014000.0,16742000.0,0.03,0.03,0.03,942848000.0,,942848000.0,3219796643.0,16.0,10.687,-63122000.0,-0.159,1.0,76564000.0,0.499,0.0,272000.0,836817000.0,,95699000.0,0.0,0.0,0.0,218501000.0,194623000.0,23878000.0,3298598643.0,65470000.0,1330000.0,0.0,0.0,0.0,87518000.0,6368000.0,42674000.0,-28416000.0,0.0,12222000.0,12222000.0,12222000.0,0.0,0.0,0.08,61000000.0,15564000.0,57652000.0,0.0,3.499,23.094,22.802,780016000.0,0.0,8.437,4.609,4.565,76543000.0,524440000.0,153366000.0,153366000.0,20504000.0,,,,,1544000.0,23138000.0,1.0,390983640.0,396588000,415135000.0,0.387,1161349000.0,47508000.0,4520000.0,0.0,2.928,176936000.0
82,MCHP,MRQ,2000-12-31,2000-12-31,2000-12-31,2021-10-16,0.0,1059780000.0,,282941000.0,776839000.0,,2.036,-142804000.0,78802000.0,78802000.0,88512000.0,42247000.0,1.134,0.341,0.0,0.0,0.0,0.0,63664000.0,27024000.0,0.0,0.0,0.0,58469000.0,85493000.0,0.45,85493000.0,58469000.0,58303000.0,0.11,0.103,0.11,790024000.0,,790024000.0,2499488994.0,11.0,7.399,-39264000.0,-0.101,1.0,101622000.0,0.534,0.0,166000.0,731393000.0,,76848000.0,0.0,0.0,0.0,269756000.0,249585000.0,20171000.0,2616576994.0,-37000000.0,0.0,0.0,0.0,0.0,2264000.0,-142804000.0,0.0,103540000.0,0.0,42247000.0,42247000.0,42247000.0,0.0,0.0,0.222,47363000.0,54259000.0,123539000.0,0.0,3.312,15.011,16.324,769150000.0,0.0,7.313,3.441,3.732,77366000.0,488291000.0,190134000.0,190134000.0,21143000.0,,,,,847000.0,26220000.0,1.0,357781722.0,388092000,409653000.0,0.49,1059780000.0,40633000.0,16056000.0,0.0,2.731,33356000.0
83,MCHP,MRQ,2000-09-30,2000-09-30,2000-09-30,2021-10-16,0.0,973809000.0,,313267000.0,660542000.0,,1.931,-156936000.0,117088000.0,117088000.0,87800000.0,46235000.0,1.497,0.308,0.0,0.0,0.0,0.0,65523000.0,26905000.0,0.0,0.0,0.0,63615000.0,90520000.0,0.465,90520000.0,63615000.0,63439000.0,0.12,0.113,0.12,744643000.0,,744643000.0,3758221938.0,17.0,12.313,-71523000.0,-0.185,1.0,106681000.0,0.549,0.0,176000.0,647487000.0,,62849000.0,0.0,0.0,0.0,229166000.0,209234000.0,19932000.0,3925436938.0,-47715000.0,-1330000.0,0.0,0.0,0.0,25138000.0,-158266000.0,0.0,85413000.0,0.0,46235000.0,46235000.0,46235000.0,0.0,0.0,0.238,46760000.0,59921000.0,84366000.0,0.0,5.272,24.766,26.554,652300000.0,0.0,11.02,5.611,6.074,84736000.0,445519000.0,194481000.0,194481000.0,19514000.0,,,,,6581000.0,27246000.0,1.0,356210248.0,385584000,412290000.0,0.504,973809000.0,41961000.0,17204000.0,0.0,2.526,104033000.0
84,MCHP,MRQ,2000-06-30,2000-06-30,2000-06-30,2021-10-16,0.0,891823000.0,,362286000.0,529537000.0,,1.748,-104409000.0,167215000.0,167215000.0,81902000.0,42132000.0,1.802,0.329,0.0,0.0,0.0,0.0,64166000.0,23297000.0,0.0,0.0,0.0,57854000.0,81151000.0,0.457,81151000.0,57854000.0,57715000.0,0.11,0.103,0.11,670939000.0,,670939000.0,4422534580.0,24.0,16.876,-10582000.0,-0.028,1.0,95847000.0,0.539,0.0,139000.0,523511000.0,,58705000.0,0.0,0.0,0.0,220884000.0,201097000.0,19787000.0,4601646580.0,-15965000.0,0.0,0.0,-9000000.0,0.0,-5383000.0,-104409000.0,0.0,93827000.0,0.0,42132000.0,42132000.0,42132000.0,0.0,0.0,0.237,43450000.0,52397000.0,88154000.0,0.0,6.859,33.997,35.77,521292000.0,0.0,12.949,7.385,7.979,90050000.0,403185000.0,177749000.0,177749000.0,17434000.0,,,,,6964000.0,26016000.0,1.0,355369995.0,383934000,411423000.0,0.463,891823000.0,38101000.0,15583000.0,0.0,2.323,161189000.0
85,MCHP,MRQ,2000-03-31,2000-03-31,2000-03-31,2021-10-16,1018000.0,861352000.0,,403963000.0,457389000.0,,1.517,-72734000.0,206525000.0,206525000.0,97658000.0,43697000.0,2.264,0.299,9000000.0,9000000.0,0.0,9000000.0,59395000.0,23399000.0,0.0,0.0,0.0,57274000.0,80673000.0,0.407,80673000.0,57274000.0,56704000.0,0.108,0.098,0.108,662878000.0,,662878000.0,4982685663.0,32.0,21.947,3012000.0,0.007,1.0,100475000.0,0.507,0.0,570000.0,485368000.0,,68324000.0,2286000.0,2286000.0,0.0,198474000.0,178459000.0,20015000.0,5036177663.0,123974000.0,-3000000.0,-4772000.0,-9696000.0,0.0,117232000.0,-69004000.0,6730000.0,75746000.0,0.0,43697000.0,43697000.0,43697000.0,0.0,0.0,0.221,50819000.0,49656000.0,70750000.0,0.0,7.597,43.727,46.384,445821000.0,0.0,14.611,9.106,9.694,84225000.0,377925000.0,198133000.0,198133000.0,19276000.0,,,,,7170000.0,31274000.0,1.0,344681361.0,436989000,391018000.0,0.453,861352000.0,35637000.0,13007000.0,0.0,1.971,225504000.0
86,MCHP,MRQ,1999-12-31,1999-12-31,1999-12-31,2021-10-16,0.0,632131000.0,,237915000.0,394216000.0,,1.332,-64730000.0,68492000.0,68492000.0,61754000.0,26437000.0,1.474,0.38,15000000.0,15000000.0,0.0,15000000.0,43383000.0,16446000.0,0.0,0.0,0.0,36424000.0,52870000.0,0.409,52870000.0,36424000.0,36215000.0,0.077,0.073,0.077,458147000.0,,458147000.0,3442177890.0,35.0,20.714,5281000.0,0.015,1.0,67433000.0,0.522,0.0,209000.0,417227000.0,,58158000.0,0.0,0.0,0.0,173984000.0,161412000.0,12572000.0,3486012890.0,24549000.0,0.0,0.0,14892000.0,0.0,19268000.0,-64730000.0,0.0,70011000.0,0.0,26437000.0,26437000.0,26437000.0,0.0,0.0,0.205,31664000.0,35769000.0,52550000.0,0.0,7.609,51.209,52.809,385843000.0,0.0,10.139,6.806,6.808,70342000.0,335757000.0,129187000.0,129187000.0,12130000.0,,,,,1906000.0,19534000.0,1.0,343813370.0,343911000,366822000.0,0.376,632131000.0,35709000.0,9778000.0,0.0,1.838,76503000.0
87,MCHP,MRQ,1999-09-30,1999-09-30,1999-09-30,2021-10-16,0.0,563647000.0,,218679000.0,344968000.0,,1.217,-51726000.0,43943000.0,43943000.0,57244000.0,23088000.0,1.629,0.351,108000.0,108000.0,0.0,108000.0,33012000.0,15541000.0,0.0,0.0,0.0,31832000.0,47373000.0,0.401,47373000.0,31832000.0,31626000.0,0.067,0.063,0.067,417241000.0,,417241000.0,2584547905.0,30.0,16.639,9719000.0,0.028,1.0,60777000.0,0.515,0.0,206000.0,385607000.0,,62273000.0,0.0,0.0,0.0,146406000.0,134205000.0,12201000.0,2612555905.0,-277000.0,0.0,0.0,-16104000.0,0.0,-9996000.0,-51726000.0,0.0,61445000.0,0.0,23088000.0,23088000.0,23088000.0,0.0,0.0,0.196,29728000.0,31049000.0,55772000.0,0.0,6.262,43.915,45.041,337484000.0,0.0,7.612,5.407,5.401,69673000.0,307568000.0,118021000.0,118021000.0,10652000.0,,,,,6435000.0,19076000.0,1.0,343222117.0,342813000,363933000.0,0.344,563647000.0,35995000.0,8538000.0,0.0,1.644,84474000.0
88,MCHP,MRQ,1999-06-30,1999-06-30,1999-06-30,2021-10-16,0.0,523559000.0,,214540000.0,309019000.0,,1.134,-23273000.0,44220000.0,44220000.0,52955000.0,20199000.0,1.983,0.349,16212000.0,212000.0,16000000.0,16212000.0,31062000.0,15787000.0,0.0,0.0,0.0,27931000.0,43718000.0,0.406,43718000.0,27931000.0,27669000.0,0.06,0.056,0.06,388045000.0,,388045000.0,2426725376.0,31.0,16.209,16458000.0,0.048,1.0,54755000.0,0.508,0.0,262000.0,387350000.0,,62594000.0,0.0,0.0,0.0,135514000.0,108201000.0,27313000.0,2429226376.0,13394000.0,0.0,0.0,-12113000.0,0.0,-3064000.0,-23273000.0,0.0,39731000.0,0.0,20199000.0,20199000.0,20199000.0,0.0,0.0,0.188,27173000.0,27582000.0,37988000.0,0.0,6.26,45.014,45.878,301225000.0,0.0,7.019,5.18,5.124,66105000.0,284480000.0,107710000.0,107710000.0,10307000.0,,,,,0.0,16866000.0,1.0,346080161.0,342319500,363064500.0,0.315,523559000.0,36132000.0,7470000.0,0.0,1.529,106339000.0
89,MCHP,MRQ,1999-03-31,1999-03-31,1999-03-31,2021-10-16,0.0,505230000.0,,203415000.0,301815000.0,,0.814,-15776000.0,30826000.0,30826000.0,88107000.0,-1650000.0,1.847,0.408,28325000.0,3325000.0,25000000.0,28325000.0,28607000.0,21195000.0,0.0,0.0,0.0,1024000.0,22219000.0,0.141,22219000.0,1024000.0,8000.0,-0.011,-0.013,-0.011,358797000.0,,358797000.0,1775516170.0,26.0,12.696,26534000.0,0.06,1.0,69180000.0,0.44,0.0,1016000.0,392609000.0,,67975000.0,0.0,0.0,0.0,146433000.0,110120000.0,36313000.0,1756170170.0,2814000.0,0.0,-17113000.0,-18587000.0,0.0,-26189000.0,-13307000.0,2469000.0,42310000.0,0.0,-1650000.0,-1650000.0,-1650000.0,0.0,0.0,-0.01,69271000.0,-91000.0,28489000.0,0.0,4.895,37.734,40.397,293663000.0,0.0,5.13,3.812,4.126,62545000.0,264281000.0,157287000.0,157287000.0,15277000.0,,,,,4915000.0,24999000.0,1.0,342308653.0,440704500,456742500.0,0.357,505230000.0,37129000.0,1658000.0,0.0,1.146,93295000.0
90,MCHP,MRQ,1998-12-31,1998-12-31,1998-12-31,2021-10-16,0.0,510788000.0,,200048000.0,310740000.0,,1.031,-5523000.0,24961000.0,24961000.0,49525000.0,17854000.0,1.68,0.449,44307000.0,15786000.0,28521000.0,44307000.0,29720000.0,16717000.0,0.0,0.0,0.0,25301000.0,42018000.0,0.419,42018000.0,25301000.0,24456000.0,0.053,0.049,0.053,352631000.0,,352631000.0,1922736595.0,22.0,12.658,15348000.0,0.045,1.0,50642000.0,0.506,0.0,845000.0,411060000.0,,72109000.0,0.0,0.0,0.0,158157000.0,119074000.0,39083000.0,1900058595.0,-2834000.0,0.0,-12434000.0,-6166000.0,0.0,-18182000.0,-5523000.0,0.0,20871000.0,0.0,17854000.0,17854000.0,17854000.0,0.0,0.0,0.178,25522000.0,25120000.0,24580000.0,0.0,5.388,30.441,30.795,306594000.0,0.0,5.481,4.792,4.726,56206000.0,262384000.0,100167000.0,100167000.0,10140000.0,,,,,0.0,15382000.0,1.0,346632311.0,341869500,359046000.0,0.293,510788000.0,41751000.0,6602000.0,0.0,1.494,80974000.0
91,MCHP,MRQ,1998-09-30,1998-09-30,1998-09-30,2021-10-16,0.0,529901000.0,,208056000.0,321845000.0,,1.008,-12194000.0,27795000.0,27795000.0,52307000.0,17563000.0,1.636,0.528,50473000.0,4617000.0,45856000.0,50473000.0,31916000.0,16653000.0,0.0,0.0,0.0,25108000.0,41761000.0,0.402,41761000.0,25108000.0,24059000.0,0.05,0.049,0.05,346793000.0,,346793000.0,1151118292.0,14.0,8.1,12980000.0,0.038,1.0,51473000.0,0.496,0.0,1049000.0,425441000.0,,71340000.0,0.0,0.0,0.0,183108000.0,127138000.0,55970000.0,1112221292.0,3887000.0,0.0,0.0,-12332000.0,0.0,-9093000.0,-12194000.0,0.0,25174000.0,0.0,17563000.0,17563000.0,17563000.0,0.0,0.0,0.169,26809000.0,24664000.0,36977000.0,0.0,3.207,19.279,20.259,317712000.0,0.0,3.241,2.781,2.788,63925000.0,244530000.0,103780000.0,103780000.0,10572000.0,,,,,0.0,16237000.0,1.0,343121285.0,344000250,360166500.0,0.302,529901000.0,39960000.0,6496000.0,0.0,1.54,80918000.0
92,MCHP,MRQ,1998-06-30,1998-06-30,1998-06-30,2021-10-16,0.0,519541000.0,,193232000.0,326309000.0,,0.926,-11963000.0,23908000.0,23908000.0,50231000.0,12774000.0,1.404,0.594,62805000.0,16572000.0,46233000.0,62805000.0,29444000.0,15833000.0,0.0,0.0,0.0,18023000.0,33856000.0,0.34,33856000.0,18023000.0,17499000.0,0.036,0.034,0.036,325991000.0,,325991000.0,1378485265.0,17.0,9.843,12176000.0,0.035,1.0,49258000.0,0.495,0.0,524000.0,420854000.0,,69310000.0,0.0,0.0,0.0,193550000.0,137584000.0,55966000.0,1381503265.0,-8280000.0,0.0,-57890000.0,33635000.0,0.0,-20456000.0,-11963000.0,0.0,24139000.0,0.0,12774000.0,12774000.0,12774000.0,0.0,0.0,0.128,31770000.0,17488000.0,29035000.0,0.0,4.238,23.293,23.749,322097000.0,0.0,3.871,3.461,3.414,57993000.0,226967000.0,99489000.0,99489000.0,10216000.0,,,,,0.0,16054000.0,1.0,356875126.0,352019250,367780500.0,0.283,519541000.0,37521000.0,4725000.0,0.0,1.476,55648000.0
93,MCHP,MRQ,1998-03-31,1998-03-31,1998-03-31,2021-10-16,0.0,524743000.0,,194589000.0,330154000.0,,1.019,-21942000.0,32188000.0,32188000.0,47062000.0,14227000.0,1.396,0.429,29170000.0,20402000.0,8768000.0,29170000.0,29515000.0,14488000.0,0.0,0.0,0.0,19776000.0,34264000.0,0.368,34264000.0,19776000.0,19481000.0,0.039,0.037,0.039,367308000.0,,367308000.0,1078768289.0,12.0,7.54,-10690000.0,-0.03,1.0,46018000.0,0.494,0.0,295000.0,382307000.0,,66293000.0,0.0,0.0,0.0,157435000.0,139418000.0,18017000.0,1113275289.0,-9656000.0,0.0,-23962000.0,21833000.0,0.0,1034000.0,-21942000.0,0.0,11252000.0,0.0,14227000.0,14227000.0,14227000.0,0.0,0.0,0.153,26674000.0,19344000.0,36049000.0,0.0,3.031,17.295,17.478,325892000.0,0.0,3.111,2.805,2.824,56320000.0,214193000.0,93080000.0,93080000.0,9763000.0,,,,,5332000.0,16911000.0,1.0,357838486.0,360571500,375180750.0,0.258,524743000.0,35778000.0,5254000.0,0.0,1.455,55171000.0
94,MCHP,MRQ,1997-12-31,1997-12-31,1997-12-31,2021-10-16,0.0,518514000.0,,195744000.0,322770000.0,,1.016,-44743000.0,41844000.0,41844000.0,53746000.0,13127000.0,1.393,0.407,7337000.0,4927000.0,2410000.0,7337000.0,33135000.0,13987000.0,0.0,0.0,0.0,18249000.0,32236000.0,0.311,32236000.0,18249000.0,17982000.0,0.036,0.034,0.036,368548000.0,,368548000.0,1563051740.0,17.0,11.029,-10877000.0,-0.03,1.0,49804000.0,0.481,0.0,267000.0,343523000.0,,58742000.0,0.0,0.0,0.0,149966000.0,140484000.0,9482000.0,1613791740.0,-18399000.0,0.0,-7519000.0,-2166000.0,0.0,-7522000.0,-44743000.0,0.0,33866000.0,0.0,13127000.0,13127000.0,13127000.0,0.0,0.0,0.127,32221000.0,17583000.0,49940000.0,0.0,4.379,24.193,24.024,318363000.0,0.0,4.444,4.062,4.059,62053000.0,199966000.0,103550000.0,103550000.0,10009000.0,,,,,0.0,17212000.0,1.0,363103142.0,362893500,383548500.0,0.285,518514000.0,28548000.0,4855000.0,0.0,1.429,55260000.0
95,MCHP,MRQ,1997-09-30,1997-09-30,1997-09-30,2021-10-16,0.0,508109000.0,,216091000.0,292018000.0,,0.998,-48249000.0,60243000.0,60243000.0,50895000.0,19182000.0,1.582,0.408,9503000.0,5965000.0,3538000.0,9503000.0,30573000.0,13123000.0,0.0,0.0,0.0,26564000.0,39687000.0,0.385,39687000.0,26564000.0,26277000.0,0.053,0.05,0.053,360777000.0,,360777000.0,2352378967.0,25.0,16.706,-10420000.0,-0.029,1.0,52141000.0,0.506,0.0,287000.0,320782000.0,,58790000.0,0.0,0.0,0.0,147332000.0,136587000.0,10745000.0,2409244967.0,-7402000.0,0.0,0.0,-1276000.0,0.0,3018000.0,-48249000.0,0.0,37829000.0,0.0,19182000.0,19182000.0,19182000.0,0.0,0.0,0.186,26578000.0,25563000.0,49418000.0,0.0,6.678,35.257,34.642,287532000.0,0.0,6.686,6.326,6.344,65708000.0,186839000.0,103036000.0,103036000.0,9380000.0,,,,,0.0,17198000.0,1.0,360345746.0,361361250,384311250.0,0.285,508109000.0,27209000.0,7095000.0,0.0,1.406,79504000.0
96,MCHP,MRQ,1997-06-30,1997-06-30,1997-06-30,2021-10-16,0.0,474694000.0,,217805000.0,256889000.0,,0.938,-30367000.0,67645000.0,67645000.0,47835000.0,17832000.0,1.735,0.407,10779000.0,6107000.0,4672000.0,10779000.0,27390000.0,12170000.0,0.0,0.0,0.0,24708000.0,36878000.0,0.379,36878000.0,24708000.0,24427000.0,0.049,0.047,0.049,337301000.0,,337301000.0,1551906700.0,18.0,11.929,23227000.0,0.065,1.0,49393000.0,0.508,0.0,281000.0,292324000.0,,59330000.0,0.0,0.0,0.0,137393000.0,125504000.0,11889000.0,1582660700.0,24646000.0,0.0,0.0,-1466000.0,0.0,1419000.0,-30367000.0,0.0,53594000.0,0.0,17832000.0,17832000.0,17832000.0,0.0,0.0,0.183,25438000.0,23955000.0,45670000.0,0.0,4.692,25.413,25.185,252331000.0,0.0,4.407,4.429,4.437,62587000.0,167657000.0,97228000.0,97228000.0,9210000.0,,,,,0.0,16228000.0,1.0,359091083.0,359714250,380916000.0,0.27,474694000.0,24240000.0,6595000.0,0.0,1.32,92301000.0
97,MCHP,MRQ,1997-03-31,1997-03-31,1997-03-31,2021-10-16,0.0,428092000.0,,189536000.0,238556000.0,,0.894,-19022000.0,42999000.0,42999000.0,46521000.0,16565000.0,1.927,0.352,12245000.0,6246000.0,5999000.0,12245000.0,20441000.0,10330000.0,0.0,0.0,0.0,22592000.0,32922000.0,0.352,32922000.0,22592000.0,22142000.0,0.047,0.044,0.047,316584000.0,,316584000.0,1571426270.0,22.0,13.917,8939000.0,0.025,1.0,46984000.0,0.502,0.0,450000.0,298978000.0,,56813000.0,0.0,0.0,0.0,111508000.0,98360000.0,13148000.0,1542162270.0,21008000.0,0.0,0.0,-39007000.0,0.0,12069000.0,-19022000.0,0.0,27961000.0,0.0,16565000.0,16565000.0,16565000.0,0.0,0.0,0.177,24780000.0,22204000.0,35281000.0,0.0,4.871,30.16,30.234,234058000.0,0.0,4.444,4.614,4.628,61102000.0,149825000.0,93505000.0,93505000.0,9070000.0,,,,,5712000.0,15710000.0,1.0,346986511.0,354064500,378870750.0,0.264,428092000.0,24251000.0,5577000.0,0.0,1.209,91176000.0
98,MCHP,MRQ,1996-12-31,1996-12-31,1996-12-31,2021-10-16,167000.0,385896000.0,,155152000.0,230744000.0,,0.704,-13465000.0,21991000.0,21991000.0,43562000.0,14755000.0,1.535,0.587,51255000.0,17424000.0,33831000.0,51255000.0,16093000.0,10051000.0,0.0,0.0,0.0,21271000.0,31322000.0,0.36,31322000.0,21271000.0,20210000.0,0.043,0.04,0.043,243202000.0,,243202000.0,,,,1155000.0,0.003,1.0,43514000.0,0.5,0.0,1061000.0,314071000.0,,57538000.0,0.0,0.0,0.0,142694000.0,101089000.0,41605000.0,1743328771.0,2469000.0,0.0,0.0,-1478000.0,0.0,1314000.0,-13465000.0,0.0,14620000.0,0.0,14755000.0,14755000.0,14755000.0,0.0,0.0,0.169,22723000.0,20791000.0,31867000.0,0.0,7.168,36.104,35.382,225292000.0,0.0,5.024,5.573,5.55,51964000.0,133261000.0,87076000.0,87076000.0,8432000.0,,,,,0.0,14291000.0,1.0,346986511.0,345525750,368509500.0,0.252,385896000.0,19481000.0,5455000.0,0.0,1.117,54063000.0
99,MCHP,MRQ,1996-09-30,1996-09-30,1996-09-30,2021-10-16,,,,,,,,-19769000.0,,,39722000.0,13126000.0,,,,,,,,9987000.0,,0.0,0.0,18981000.0,28968000.0,0.364,28968000.0,18981000.0,17980000.0,0.036,0.036,0.036,,,,,,,355000.0,0.001,1.0,39788000.0,0.5,,1001000.0,,,,,,,,,,,-3051000.0,0.0,-15363000.0,7249000.0,0.0,-3406000.0,-19769000.0,0.0,20124000.0,0.0,13126000.0,13126000.0,13126000.0,0.0,0.0,0.165,21271000.0,18517000.0,,0.0,,,32.385,,0.0,3.692,,4.417,,,79510000.0,79510000.0,7651000.0,,,,,15000.0,13620000.0,1.0,,363440250,363440250.0,0.219,,,4854000.0,,,
100,MCHP,MRQ,1996-06-30,1996-06-30,1996-06-30,2021-10-16,,,,,,,,-26756000.0,,,37525000.0,6686000.0,,,,,,,,9785000.0,,0.0,0.0,9920000.0,19705000.0,0.266,19705000.0,9920000.0,9161000.0,0.018,0.018,0.018,,,,,,,-11875000.0,-0.032,1.0,36636000.0,0.494,,759000.0,,,,,,,,,,,-8486000.0,0.0,-4100000.0,6554000.0,0.0,3389000.0,-26756000.0,0.0,14881000.0,0.0,6686000.0,6686000.0,6686000.0,0.0,0.0,0.09,27091000.0,9545000.0,,0.0,,,,,0.0,2.506,,,,,74161000.0,74161000.0,6920000.0,,,,,15000.0,12627000.0,1.0,,367355250,367355250.0,0.202,,,2475000.0,,,
101,MCHP,MRQ,1996-03-31,1996-03-31,1996-03-31,2021-10-16,0.0,358187000.0,,156431000.0,201756000.0,,0.641,-31019000.0,31059000.0,31059000.0,34711000.0,13719000.0,1.555,0.631,38927000.0,5677000.0,33250000.0,38927000.0,19527000.0,9362000.0,0.0,0.0,0.0,19228000.0,28590000.0,0.397,28590000.0,19228000.0,18040000.0,0.046,0.037,0.046,219632000.0,,219632000.0,,,,-11298000.0,-0.033,1.0,37344000.0,0.518,0.0,1188000.0,265479000.0,,56127000.0,0.0,0.0,0.0,138555000.0,100576000.0,37979000.0,,1412000.0,0.0,0.0,5641000.0,0.0,9619000.0,-27928000.0,3091000.0,19721000.0,0.0,13719000.0,13719000.0,13719000.0,0.0,0.0,0.19,19251000.0,18093000.0,47165000.0,0.0,,,21.483,197383000.0,0.0,2.728,,3.269,47208000.0,98693000.0,72055000.0,72055000.0,6994000.0,,,,,4085000.0,12257000.0,1.0,,342562500,362549250.0,0.21,358187000.0,19121000.0,4321000.0,0.0,1.046,55855000.0
102,MCHP,MRQ,1995-12-31,1995-12-31,1995-12-31,2021-10-16,,,,,,,,,,,37686000.0,5765000.0,,,,,,,,,,0.0,0.0,8647000.0,,,,8647000.0,8029000.0,0.015,0.015,0.015,,,,,,,,,1.0,40383000.0,0.517,,618000.0,,,,,,,,,,,,,,,,,,,,,5765000.0,5765000.0,5765000.0,0.0,0.0,0.074,32319000.0,8064000.0,,0.0,,,,,0.0,3.605,,,,,78069000.0,78069000.0,7497000.0,,,,,,13374000.0,1.0,,372053250,372053250.0,0.21,,,2264000.0,,,
0,MCHP,MRT,2021-06-30,2021-06-30,2021-06-30,2021-10-16,-26200000.0,16277800000.0,16525900000.0,2157100000.0,14120700000.0,0.345,10.08,-161300000.0,277700000.0,277700000.0,2110000000.0,478600000.0,1.981,1.949,8527400000.0,0.0,8527400000.0,8527400000.0,0.0,1132700000.0,0.0,0.01,0.77,877100000.0,2009800000.0,0.353,2009800000.0,877100000.0,547000000.0,0.895,0.855,0.895,5519900000.0,5399425000.0,5519900000.0,49582693184.0,57.0,24.67,1883300000.0,3.439,1.0,3588100000.0,0.63,11252000000.0,330100000.0,12186400000.0,11556600000.0,683800000.0,2000000.0,2000000.0,0.0,10757900000.0,1089100000.0,9668800000.0,40958593184.0,-9800000.0,0.0,61500000.0,-1393100000.0,-411000000.0,-1810800000.0,-269100000.0,0.0,2044600000.0,,478600000.0,478600000.0,478600000.0,0.0,0.0,0.084,2439500000.0,1148600000.0,284400000.0,0.86,7.42,85.58,83.654,892200000.0,0.0,74.87,7.188,7.195,1000700000.0,3533200000.0,5698100000.0,5698100000.0,876800000.0,0.029,0.089,0.076,0.154,212500000.0,638300000.0,1.0,547062818.0,547600000,565200000.0,10.406,5025800000.0,1719500000.0,68400000.0,730400000.0,9.178,1068000000.0
1,MCHP,MRT,2021-03-31,2021-03-31,2021-03-31,2021-10-16,-26200000.0,16478800000.0,16713475000.0,2145200000.0,14333600000.0,0.325,10.279,-84300000.0,280000000.0,280000000.0,2059600000.0,349400000.0,0.89,2.088,8904100000.0,1322900000.0,7581200000.0,8904100000.0,0.0,1153300000.0,0.0,0.01,0.747,696400000.0,1849700000.0,0.34,1849700000.0,696400000.0,339500000.0,0.675,0.645,0.675,5337100000.0,5394775000.0,5337100000.0,50565149658.0,73.0,27.337,1832200000.0,3.529,1.0,3378800000.0,0.621,11465400000.0,356900000.0,11227900000.0,11319700000.0,665000000.0,2000000.0,2000000.0,0.0,11141700000.0,2409600000.0,8732100000.0,41794849658.0,0.0,0.0,60300000.0,-1414000000.0,-388300000.0,-1799000000.0,-173300000.0,0.0,1916500000.0,,349400000.0,349400000.0,349400000.0,0.0,0.0,0.064,2380700000.0,998100000.0,292400000.0,1.107,7.831,119.619,114.978,854700000.0,0.0,77.61,7.685,7.409,997700000.0,3393500000.0,5438400000.0,5438400000.0,836400000.0,0.021,0.065,0.062,0.128,198300000.0,610300000.0,1.0,538524026.0,519200000,541200000.0,10.475,5013400000.0,1749200000.0,-9900000.0,733800000.0,9.656,-264400000.0
2,MCHP,MRT,2020-12-31,2020-12-31,2020-12-31,2021-10-16,-22300000.0,16576100000.0,16950300000.0,2152500000.0,14423600000.0,0.313,10.055,-46200000.0,370700000.0,370700000.0,2031800000.0,333300000.0,0.853,2.129,9141000000.0,1493200000.0,7647800000.0,9141000000.0,0.0,1176400000.0,0.0,0.011,0.735,635200000.0,1811600000.0,0.342,1811600000.0,635200000.0,240900000.0,0.675,0.635,0.675,5297000000.0,5456875000.0,5297000000.0,44769751181.0,70.0,24.713,1792800000.0,3.403,1.0,3265900000.0,0.616,11696400000.0,394300000.0,11127800000.0,11638425000.0,666100000.0,2000000.0,2000000.0,0.0,11279100000.0,2522200000.0,8756900000.0,35960551181.0,-30300000.0,0.0,60200000.0,-1283900000.0,-369700000.0,-1650900000.0,-145600000.0,4700000.0,1839000000.0,0.0,333300000.0,333300000.0,333300000.0,0.0,0.0,0.063,2415100000.0,850800000.0,259800000.0,1.089,6.789,107.892,102.304,827400000.0,0.0,69.055,6.788,6.867,893800000.0,3384100000.0,5297700000.0,5297700000.0,829700000.0,0.02,0.061,0.055,0.12,184000000.0,610900000.0,1.0,520752316.0,526800000,550800000.0,10.056,4879700000.0,1628400000.0,-92400000.0,679500000.0,9.263,-369700000.0
3,MCHP,MRT,2020-09-30,2020-09-30,2020-09-30,2021-10-16,-20900000.0,16770900000.0,17203425000.0,2122100000.0,14648800000.0,0.304,10.632,-38900000.0,368300000.0,368300000.0,2027400000.0,608200000.0,1.074,2.081,9177500000.0,996100000.0,8181400000.0,9177500000.0,0.0,1189500000.0,0.0,0.014,0.735,662200000.0,1851700000.0,0.354,1851700000.0,662200000.0,234700000.0,1.255,1.17,1.255,5443700000.0,5536775000.0,5443700000.0,34890017681.0,53.0,18.842,1685900000.0,3.293,1.0,3205600000.0,0.613,11920600000.0,427500000.0,11684300000.0,11814250000.0,661400000.0,2000000.0,2000000.0,0.0,11327200000.0,1975200000.0,9352000000.0,25941917681.0,-37400000.0,0.0,60900000.0,-1239100000.0,-361400000.0,-1552300000.0,-137100000.0,2700000.0,1724800000.0,0.0,608200000.0,608200000.0,608200000.0,0.0,0.0,0.116,2469200000.0,736400000.0,216900000.0,0.586,4.765,42.654,40.94,822100000.0,0.0,51.38,4.957,5.027,903700000.0,3443900000.0,5233000000.0,5233000000.0,836700000.0,0.035,0.11,0.056,0.127,176300000.0,627400000.0,1.0,504903030.0,512000000,535400000.0,10.221,4850300000.0,1634900000.0,-373500000.0,745900000.0,9.473,146900000.0
4,MCHP,MRT,2020-06-30,2020-06-30,2020-06-30,2021-10-16,-21100000.0,17028100000.0,17475325000.0,2135000000.0,14893100000.0,0.301,11.105,-50000000.0,378200000.0,378200000.0,2036100000.0,643500000.0,0.826,2.095,9326300000.0,1596300000.0,7730000000.0,9326300000.0,0.0,1201300000.0,0.0,0.014,0.734,663200000.0,1864500000.0,0.354,1864500000.0,663200000.0,199400000.0,1.34,1.25,1.34,5501300000.0,5516175000.0,5501300000.0,34917165259.0,53.0,18.727,1615000000.0,3.26,1.0,3225200000.0,0.613,12151600000.0,463800000.0,11238800000.0,11889175000.0,657200000.0,2000000.0,2000000.0,0.0,11526800000.0,2585800000.0,8941000000.0,25835965259.0,-59700000.0,0.0,62500000.0,-1223500000.0,-353400000.0,-1528100000.0,-123800000.0,2700000.0,1665000000.0,0.0,643500000.0,643500000.0,643500000.0,0.0,0.0,0.122,2531400000.0,693800000.0,211100000.0,0.548,4.696,40.149,39.295,844000000.0,0.0,52.655,4.911,4.958,894300000.0,3465600000.0,5261300000.0,5261300000.0,856700000.0,0.037,0.117,0.056,0.126,171900000.0,655000000.0,1.0,490664994.0,495400000,515600000.0,10.62,4876500000.0,1639100000.0,-444100000.0,793400000.0,9.844,-450800000.0
5,MCHP,MRT,2020-03-31,2020-03-31,2020-03-31,2021-10-16,-21600000.0,17426100000.0,17779900000.0,2217200000.0,15208900000.0,0.297,11.69,-64400000.0,401000000.0,401000000.0,2032100000.0,570600000.0,1.354,2.12,9482200000.0,608800000.0,8873400000.0,9482200000.0,0.0,1215600000.0,0.0,0.022,0.732,647700000.0,1863300000.0,0.353,1863300000.0,647700000.0,150400000.0,1.195,1.115,1.195,5585500000.0,5462925000.0,5585500000.0,25424081553.0,39.0,13.645,1479400000.0,3.096,1.0,3242100000.0,0.615,12367100000.0,497300000.0,12502800000.0,12168050000.0,685700000.0,2000000.0,2000000.0,0.0,11840600000.0,1637400000.0,10203200000.0,16240681553.0,0.0,0.0,58800000.0,-1069100000.0,-350100000.0,-1369300000.0,-133200000.0,2700000.0,1543800000.0,0.0,570600000.0,570600000.0,570600000.0,0.0,0.0,0.108,2595000000.0,647100000.0,246800000.0,0.613,2.908,28.462,28.368,876100000.0,0.0,33.9,3.079,3.071,934000000.0,3432400000.0,5274200000.0,5274200000.0,877800000.0,0.032,0.104,0.053,0.123,170200000.0,676600000.0,1.0,479076152.0,477800000,512400000.0,11.039,5059000000.0,1748500000.0,-420200000.0,986900000.0,10.588,579800000.0
6,MCHP,MRT,2019-12-31,2019-12-31,2019-12-31,2021-10-16,-22000000.0,17588600000.0,18010875000.0,2104000000.0,15484600000.0,0.293,11.74,-95300000.0,397100000.0,397100000.0,2029000000.0,645400000.0,0.9,2.132,9580500000.0,1400800000.0,8179700000.0,9580500000.0,0.0,1143400000.0,0.0,0.014,0.731,773900000.0,1917300000.0,0.363,1917300000.0,773900000.0,255800000.0,1.355,1.26,1.355,5616600000.0,5388425000.0,5616600000.0,34426538042.0,44.0,17.956,1480200000.0,3.094,1.0,3248600000.0,0.616,12604300000.0,518100000.0,11831100000.0,12168450000.0,708800000.0,5200000.0,5200000.0,0.0,11972000000.0,2336600000.0,9635400000.0,25025738042.0,-31500000.0,0.0,54500000.0,-1107500000.0,-348700000.0,-1396700000.0,-141300000.0,300000.0,1575500000.0,0.0,645400000.0,645400000.0,645400000.0,0.0,0.0,0.122,2477500000.0,771100000.0,209300000.0,0.539,4.456,38.776,38.642,909700000.0,0.0,52.36,4.742,4.746,807500000.0,3420500000.0,5277600000.0,5277600000.0,870700000.0,0.036,0.12,0.064,0.147,168400000.0,678300000.0,1.0,477955272.0,478400000,516600000.0,11.032,4984300000.0,1738400000.0,-389600000.0,1097700000.0,10.419,-232600000.0
7,MCHP,MRT,2019-09-30,2019-09-30,2019-09-30,2021-10-16,-22300000.0,17858500000.0,18152650000.0,2177800000.0,15680700000.0,0.296,11.244,-108500000.0,401800000.0,401800000.0,2122200000.0,383500000.0,0.899,2.331,9802600000.0,1387300000.0,8415300000.0,9802600000.0,0.0,1087300000.0,0.0,0.016,0.731,836200000.0,1923500000.0,0.359,1923500000.0,836200000.0,300200000.0,0.81,0.76,0.81,5361300000.0,5274550000.0,5361300000.0,31767931805.0,38.0,16.516,1553000000.0,3.257,1.0,3242700000.0,0.604,12851900000.0,536000000.0,11984000000.0,12762475000.0,734200000.0,3300000.0,3300000.0,0.0,12497200000.0,2423400000.0,10073800000.0,22116631805.0,-54300000.0,0.0,49800000.0,-1228000000.0,-347400000.0,-1517100000.0,-129700000.0,2100000.0,1661500000.0,0.0,383500000.0,383500000.0,383500000.0,0.0,0.0,0.071,2408100000.0,834600000.0,235600000.0,0.902,4.125,57.67,57.352,937000000.0,0.0,46.455,4.122,4.129,848600000.0,3197100000.0,5364900000.0,5364900000.0,871300000.0,0.021,0.073,0.066,0.156,164500000.0,682400000.0,1.0,476087220.0,476800000,510600000.0,11.252,5006600000.0,1662000000.0,-83300000.0,1294400000.0,10.5,-245600000.0
8,MCHP,MRT,2019-06-30,2019-06-30,2019-06-30,2021-10-16,-22300000.0,18246400000.0,18354800000.0,2278500000.0,15967900000.0,0.297,11.119,-163100000.0,434000000.0,434000000.0,2355100000.0,370900000.0,0.93,2.45,10085300000.0,1373900000.0,8711400000.0,10085300000.0,0.0,1010700000.0,0.0,0.017,0.73,752300000.0,1763000000.0,0.323,1763000000.0,752300000.0,207300000.0,0.785,0.735,0.785,5288300000.0,5226775000.0,5288300000.0,30506628244.0,41.0,17.304,1589900000.0,3.343,1.0,3104500000.0,0.569,13092600000.0,545000000.0,12354300000.0,13114475000.0,733100000.0,3100000.0,3100000.0,0.0,12958100000.0,2450800000.0,10507300000.0,20628228244.0,-197600000.0,600000.0,43500000.0,-1413600000.0,-346000000.0,-1710800000.0,-170800000.0,11300000.0,1753000000.0,0.0,370900000.0,370900000.0,370900000.0,0.0,0.0,0.068,2350800000.0,753700000.0,245700000.0,0.93,3.901,55.617,55.223,963000000.0,0.0,43.35,3.778,3.776,936800000.0,3175500000.0,5459600000.0,5459600000.0,873400000.0,0.02,0.071,0.057,0.138,161800000.0,686700000.0,1.0,475853016.0,475600000,507800000.0,11.479,5153800000.0,1680000000.0,-163600000.0,1439500000.0,10.836,-172300000.0
9,MCHP,MRT,2019-03-31,2019-03-31,2019-03-31,2021-10-16,-20700000.0,18350000000.0,18605400000.0,2214800000.0,16135200000.0,0.288,11.193,-228700000.0,428600000.0,428600000.0,2418200000.0,355900000.0,0.933,2.47,10307000000.0,1360800000.0,8946200000.0,10307000000.0,0.0,876400000.0,0.0,0.018,0.729,707400000.0,1583800000.0,0.296,1583800000.0,707400000.0,204500000.0,0.755,0.71,0.755,5287500000.0,5185650000.0,5287500000.0,29769044341.0,42.0,18.796,1446100000.0,3.061,1.0,2931300000.0,0.548,13349500000.0,502900000.0,12504400000.0,13601350000.0,711700000.0,2300000.0,2300000.0,0.0,13062500000.0,2374500000.0,10688000000.0,19658944341.0,0.0,-7850600000.0,42600000.0,5110600000.0,-344400000.0,4736100000.0,-6811000000.0,1286900000.0,1674800000.0,0.0,355900000.0,355900000.0,355900000.0,0.0,0.0,0.067,2217000000.0,714300000.0,226400000.0,0.966,3.718,55.237,54.94,996700000.0,0.0,41.48,3.675,3.663,880600000.0,3210600000.0,5349500000.0,5349500000.0,826300000.0,0.019,0.069,0.052,0.132,166400000.0,682900000.0,1.0,473937906.0,472400000,499800000.0,11.324,5000500000.0,1677200000.0,-151400000.0,1462300000.0,10.585,-159700000.0
10,MCHP,MRT,2018-12-31,2018-12-31,2018-12-31,2021-10-16,-17000000.0,18155700000.0,16082200000.0,1877600000.0,16278100000.0,0.312,10.902,-247000000.0,432200000.0,432200000.0,2296000000.0,327900000.0,2.917,2.518,10542300000.0,0.0,10542300000.0,10542300000.0,0.0,794600000.0,0.0,0.02,0.727,658400000.0,1453000000.0,0.289,1453000000.0,658400000.0,241500000.0,0.7,0.655,0.7,5161100000.0,4683725000.0,5161100000.0,27436175035.0,42.0,18.882,1383900000.0,2.923,1.0,2726000000.0,0.543,13414900000.0,416900000.0,14207200000.0,11586700000.0,702500000.0,4000000.0,4000000.0,0.0,12994600000.0,643700000.0,12350900000.0,17009775035.0,-239900000.0,-7850600000.0,42300000.0,5387300000.0,-342900000.0,4946700000.0,-6817500000.0,1294600000.0,1630900000.0,0.0,327900000.0,327900000.0,327900000.0,0.0,0.0,0.065,2052200000.0,673800000.0,236000000.0,1.039,3.296,51.875,51.371,1039700000.0,0.0,35.96,3.387,3.39,544800000.0,3122400000.0,5022000000.0,5022000000.0,745100000.0,0.02,0.07,0.057,0.131,150700000.0,629900000.0,1.0,473019328.0,473400000,489200000.0,10.608,4740800000.0,1717100000.0,-86400000.0,1551200000.0,10.014,1233900000.0
11,MCHP,MRT,2018-09-30,2018-09-30,2018-09-30,2021-10-16,-16700000.0,18667100000.0,13574223250.0,2176200000.0,16490900000.0,0.342,10.963,-286000000.0,459700000.0,459700000.0,2088000000.0,27600000.0,1.042,2.611,10886100000.0,1335000000.0,9551100000.0,10886100000.0,0.0,705300000.0,0.0,0.018,0.727,712200000.0,1417500000.0,0.305,1417500000.0,712200000.0,383200000.0,0.06,0.02,0.06,5170200000.0,4189718750.0,5170200000.0,29302268207.0,41.0,20.672,1228400000.0,2.605,1.0,2553500000.0,0.55,13613400000.0,329000000.0,13392000000.0,9447632000.0,836700000.0,4500000.0,4500000.0,0.0,13496900000.0,2088100000.0,11408800000.0,18587868207.0,-366700000.0,-7850600000.0,42700000.0,5706600000.0,-341500000.0,5274600000.0,-7155700000.0,993100000.0,1514400000.0,0.0,27600000.0,27600000.0,27600000.0,0.0,0.0,0.006,1829200000.0,724300000.0,271200000.0,12.117,3.595,673.473,657.583,1051900000.0,0.0,39.455,4.005,4.009,668800000.0,3159600000.0,4641500000.0,4641500000.0,659000000.0,0.002,0.007,0.075,0.153,135100000.0,564200000.0,1.0,471115656.0,471600000,503600000.0,9.842,5053700000.0,1715500000.0,355600000.0,1592500000.0,10.716,88100000.0
12,MCHP,MRT,2018-06-30,2018-06-30,2018-06-30,2021-10-16,-14900000.0,19248800000.0,10921247750.0,2818400000.0,16430400000.0,0.387,10.892,-273800000.0,635200000.0,635200000.0,1742800000.0,120500000.0,1.317,2.757,11349600000.0,1329800000.0,10019800000.0,11349600000.0,0.0,636900000.0,0.0,0.016,0.726,848700000.0,1485600000.0,0.352,1485600000.0,848700000.0,608800000.0,0.26,0.215,0.26,5123800000.0,3783699750.0,5123800000.0,23543588138.0,28.0,15.848,1103200000.0,2.345,1.0,2478300000.0,0.587,13522100000.0,239900000.0,14301800000.0,7426556500.0,1104800000.0,14500000.0,14500000.0,0.0,14125000000.0,2139300000.0,11985700000.0,21376588138.0,-137800000.0,-7851200000.0,43900000.0,6192500000.0,-340100000.0,5772000000.0,-7286800000.0,844900000.0,1377000000.0,0.0,120500000.0,120500000.0,120500000.0,0.0,0.0,0.029,1631300000.0,847000000.0,318200000.0,2.792,4.172,177.399,174.904,1078400000.0,0.0,45.475,5.064,5.068,789400000.0,3149200000.0,4221100000.0,4221100000.0,570700000.0,0.011,0.032,0.114,0.201,116100000.0,501900000.0,1.0,470073406.0,470400000,504400000.0,8.973,5726700000.0,1675800000.0,488300000.0,1690900000.0,12.174,679100000.0
13,MCHP,MRT,2018-03-31,2018-03-31,2018-03-31,2021-10-16,-17600000.0,8257200000.0,8081020500.0,3356300000.0,4900900000.0,0.493,7.041,-196500000.0,901300000.0,901300000.0,1560100000.0,255400000.0,1.664,1.518,3068300000.0,1309900000.0,1758400000.0,3068300000.0,333800000.0,615900000.0,0.0,0.016,0.724,936300000.0,1552200000.0,0.39,1552200000.0,936300000.0,737300000.0,0.55,0.515,0.55,3279800000.0,3355888250.0,3279800000.0,23777126053.0,25.0,15.318,1223100000.0,2.626,1.0,2420700000.0,0.608,3961000000.0,199000000.0,4445800000.0,5113104500.0,476200000.0,1295300000.0,1295300000.0,0.0,4977400000.0,2017400000.0,2960000000.0,21409582053.0,-7400000.0,0.0,42000000.0,-74200000.0,-337500000.0,-415300000.0,-1011700000.0,-808100000.0,1419600000.0,0.0,255400000.0,255400000.0,255400000.0,0.0,0.0,0.064,1484400000.0,936300000.0,144100000.0,1.316,6.528,83.828,83.055,767900000.0,0.0,45.68,5.378,5.345,563700000.0,1397300000.0,3980800000.0,3980800000.0,529300000.0,0.032,0.076,0.183,0.235,93200000.0,452100000.0,1.0,468686122.0,465800000,497800000.0,8.546,4296200000.0,100200000.0,481900000.0,960700000.0,9.223,1338900000.0
14,MCHP,MRT,2017-12-31,2017-12-31,2017-12-31,2021-10-16,-22193000.0,8123793000.0,7938445500.0,2253441000.0,5870352000.0,0.489,6.803,-161131000.0,672079000.0,672079000.0,1542629000.0,245569000.0,2.977,1.551,3039623000.0,0.0,3039623000.0,3039623000.0,335705000.0,587275000.0,0.0,0.016,0.723,811183000.0,1398458000.0,0.36,1398458000.0,811183000.0,620868000.0,0.555,0.495,0.555,3185075000.0,3353613250.0,3185075000.0,22747030410.0,28.0,16.266,1221577000.0,2.609,1.0,2338430000.0,0.603,4083577000.0,190315000.0,5650928000.0,5145929500.0,487065000.0,1312906000.0,427514000.0,885392000.0,4938718000.0,756832000.0,4181886000.0,20555605410.0,8213000.0,16000.0,39907000.0,452087000.0,-334953000.0,74602000.0,-1449104000.0,-1281986000.0,1382708000.0,7000.0,245569000.0,245569000.0,245569000.0,47000.0,0.0,0.063,1492160000.0,846270000.0,162718000.0,1.303,6.454,83.706,79.171,754780000.0,0.0,43.94,5.296,5.301,553135000.0,1335697000.0,3881059000.0,3881059000.0,522889000.0,0.031,0.073,0.158,0.209,92011000.0,448849000.0,1.0,467810774.0,468200000,468200000.0,8.289,4040216000.0,70793000.0,375299000.0,903600000.0,8.629,1496609000.0
15,MCHP,MRT,2017-09-30,2017-09-30,2017-09-30,2021-10-16,-17812000.0,8055198000.0,7693642500.0,2443422000.0,5611776000.0,0.484,7.6,-87520000.0,826407000.0,826407000.0,1524636000.0,603844000.0,3.328,1.272,3017832000.0,5980000.0,3011852000.0,3017832000.0,324363000.0,547643000.0,0.0,0.016,0.723,683264000.0,1230907000.0,0.331,1230907000.0,683264000.0,507506000.0,1.34,1.26,1.34,3546124000.0,3199069000.0,3546124000.0,23116488151.0,34.0,18.78,1220990000.0,2.617,1.0,2196589000.0,0.59,4204739000.0,175758000.0,5307698000.0,4822540750.0,456939000.0,1017446000.0,488197000.0,529249000.0,4509074000.0,734186000.0,3774888000.0,20894360151.0,336463000.0,16000.0,36348000.0,515291000.0,-327923000.0,142259000.0,-1113680000.0,-1015408000.0,1308510000.0,-626000.0,603844000.0,603844000.0,603844000.0,207000.0,0.0,0.162,1477445000.0,719144000.0,182599000.0,0.54,5.892,34.602,33.5,722780000.0,0.0,44.89,5.615,5.629,545416000.0,1671695000.0,3721225000.0,3721225000.0,523722000.0,0.078,0.189,0.142,0.184,90131000.0,450766000.0,1.0,465456898.0,466600000,489600000.0,7.975,3850459000.0,81370000.0,-96338000.0,522577000.0,8.252,1709236000.0
16,MCHP,MRT,2017-06-30,2017-06-30,2017-06-30,2021-10-16,-19133000.0,7887891000.0,7448442000.0,2298762000.0,5589129000.0,0.481,7.438,-45858000.0,773036000.0,773036000.0,1587379000.0,448563000.0,3.121,1.311,2995164000.0,11256000.0,2983908000.0,2995164000.0,308797000.0,507859000.0,0.0,0.019,0.722,506269000.0,1014128000.0,0.283,1014128000.0,506269000.0,344885000.0,1.015,0.945,1.015,3412554000.0,2942416000.0,3412554000.0,19746720147.0,39.0,19.472,1134675000.0,2.473,1.0,1993110000.0,0.557,4325584000.0,161384000.0,5047992000.0,4596514250.0,426843000.0,877668000.0,457210000.0,420458000.0,4475337000.0,736443000.0,3738894000.0,17704928147.0,172525000.0,16000.0,42070000.0,285995000.0,-321063000.0,-73815000.0,-933671000.0,-876394000.0,1180533000.0,-522000.0,448563000.0,448563000.0,448563000.0,1862000.0,0.0,0.125,1436606000.0,556504000.0,171857000.0,0.711,5.188,39.47,38.02,693995000.0,0.0,38.59,4.945,4.945,528954000.0,1567059000.0,3580489000.0,3580489000.0,527917000.0,0.06,0.152,0.11,0.141,90921000.0,456595000.0,1.0,458795754.0,458800000,485800000.0,7.804,3562307000.0,74065000.0,-103678000.0,534471000.0,7.764,1562319000.0
17,MCHP,MRT,2017-03-31,2017-03-31,2017-03-31,2021-10-16,-14400000.0,7686900000.0,7316158250.0,2305000000.0,5381900000.0,0.466,7.529,-52300000.0,908700000.0,908700000.0,1650600000.0,164600000.0,3.272,1.35,2950500000.0,50000000.0,2900500000.0,2950500000.0,292800000.0,469200000.0,0.0,0.02,0.721,230100000.0,699300000.0,0.205,699300000.0,230100000.0,83800000.0,0.38,0.355,0.38,3270700000.0,2722414750.0,3270700000.0,18428421134.0,80.0,26.353,1007200000.0,2.319,1.0,1757200000.0,0.516,4447100000.0,146300000.0,4577100000.0,4516300500.0,417200000.0,501600000.0,394100000.0,107500000.0,4416200000.0,704500000.0,3711700000.0,15968365134.0,-1184000000.0,-2747500000.0,42200000.0,964000000.0,-315400000.0,595500000.0,-2838000000.0,-28000000.0,1059500000.0,-1000000.0,164600000.0,164600000.0,164600000.0,6000000.0,0.0,0.048,1481400000.0,275800000.0,149200000.0,1.897,4.882,97.013,97.079,683300000.0,0.0,36.89,4.686,4.702,478400000.0,1479400000.0,3407800000.0,3407800000.0,545300000.0,0.022,0.06,0.051,0.068,128100000.0,499800000.0,1.0,432864330.0,434400000,469600000.0,7.845,3239800000.0,68900000.0,-80800000.0,594000000.0,7.458,1600500000.0
18,MCHP,MRT,2016-12-31,2016-12-31,2016-12-31,2021-10-16,-10828000.0,7144581000.0,6778904000.0,1676750000.0,5467831000.0,0.452,5.936,-45742000.0,663938000.0,663938000.0,1535569000.0,95061000.0,2.573,1.783,3123994000.0,0.0,3123994000.0,3123994000.0,294259000.0,416463000.0,0.0,0.022,0.719,201127000.0,617590000.0,0.202,617590000.0,201127000.0,69645000.0,0.23,0.19,0.23,2566898000.0,2442469500.0,2566898000.0,16472881856.0,82.0,26.673,893659000.0,2.067,1.0,1527185000.0,0.499,4595711000.0,131482000.0,4357373000.0,4346407250.0,419618000.0,35712000.0,5705000.0,30007000.0,4577683000.0,651553000.0,3926130000.0,13857436856.0,332451000.0,-2747437000.0,39706000.0,481417000.0,-306008000.0,162376000.0,-768319000.0,2035596000.0,939401000.0,-1007000.0,95054000.0,95054000.0,95054000.0,5953000.0,7000.0,0.031,1325554000.0,201631000.0,135160000.0,3.126,5.399,145.785,139.457,698704000.0,0.0,32.075,4.525,4.529,475093000.0,1425073000.0,3062754000.0,3062754000.0,513753000.0,0.014,0.039,0.046,0.066,123321000.0,466974000.0,1.0,432032326.0,432420000,470848000.0,7.083,2548870000.0,60797000.0,-25409000.0,653587000.0,5.894,1025197000.0
19,MCHP,MRT,2016-09-30,2016-09-30,2016-09-30,2021-10-16,-15896000.0,7074396000.0,6354397000.0,1490735000.0,5583661000.0,0.436,5.845,-70922000.0,489988000.0,489988000.0,1414088000.0,49097000.0,2.576,1.808,3105433000.0,0.0,3105433000.0,3105433000.0,223196000.0,377673000.0,0.0,0.023,0.719,160311000.0,537984000.0,0.194,537984000.0,160311000.0,36465000.0,0.13,0.1,0.13,2519512000.0,2332331000.0,2519512000.0,16114001848.0,101.0,29.953,788154000.0,1.828,1.0,1354644000.0,0.489,4707446000.0,123846000.0,4403592000.0,4635029250.0,424690000.0,848000.0,848000.0,0.0,4554884000.0,578803000.0,3976081000.0,13378023848.0,-49126000.0,-2747437000.0,40661000.0,188443000.0,-300961000.0,-119777000.0,-788051000.0,2037659000.0,859076000.0,-374000.0,49090000.0,49090000.0,49090000.0,5793000.0,7000.0,0.018,1194955000.0,159689000.0,131625000.0,5.531,5.31,272.52,239.0,716998000.0,0.0,31.07,4.832,4.837,451042000.0,1395868000.0,2768732000.0,2768732000.0,478342000.0,0.008,0.021,0.035,0.058,117838000.0,432227000.0,1.0,430576886.0,431048000,467920000.0,6.423,2366950000.0,68823000.0,-12625000.0,709409000.0,5.491,911932000.0
20,MCHP,MRT,2016-06-30,2016-06-30,2016-06-30,2021-10-16,-14428000.0,7358756000.0,6032375250.0,1672988000.0,5685768000.0,0.404,5.908,-69058000.0,600526000.0,600526000.0,1193786000.0,80077000.0,2.918,1.906,3336504000.0,0.0,3336504000.0,3336504000.0,213171000.0,335966000.0,0.0,0.028,0.718,181207000.0,517173000.0,0.212,517173000.0,181207000.0,66843000.0,0.21,0.18,0.21,2532549000.0,2234798250.0,2532549000.0,11294306719.0,62.0,21.839,717781000.0,1.674,1.0,1244973000.0,0.51,4794312000.0,114364000.0,4727137000.0,4997187750.0,518431000.0,1266000.0,1266000.0,0.0,4826207000.0,573285000.0,4252922000.0,10904020719.0,36943000.0,-3091365000.0,-333967000.0,1232471000.0,-296006000.0,558722000.0,-1308140000.0,1858382000.0,786839000.0,-478000.0,80070000.0,80070000.0,80070000.0,4138000.0,7000.0,0.033,1073096000.0,171877000.0,137614000.0,3.419,4.306,136.181,120.857,732816000.0,0.0,25.38,4.471,4.461,435511000.0,1439589000.0,2438759000.0,2438759000.0,435803000.0,0.013,0.036,0.036,0.074,116330000.0,392356000.0,1.0,429630446.0,428690000,428690000.0,5.689,2564444000.0,68653000.0,-13227000.0,759305000.0,5.982,1099703000.0
21,MCHP,MRT,2016-03-31,2016-03-31,2016-03-31,2021-10-16,-3357000.0,5537883000.0,5406932500.0,3096713000.0,2441170000.0,0.402,5.287,-83600000.0,2092751000.0,2092751000.0,967800000.0,323900000.0,8.106,1.575,2453405000.0,0.0,2453405000.0,2453405000.0,183432000.0,283200000.0,0.0,0.03,0.716,385500000.0,668700000.0,0.308,668700000.0,385500000.0,281500000.0,0.795,0.745,0.795,2150919000.0,2126381500.0,2150919000.0,11883771730.0,31.0,17.771,660800000.0,1.624,1.0,1205500000.0,0.555,1619001000.0,104000000.0,3897527000.0,4999823250.0,306815000.0,471833000.0,353284000.0,118549000.0,3386964000.0,382009000.0,3004955000.0,9808748730.0,1484900000.0,-361900000.0,-335100000.0,589500000.0,-291100000.0,-59900000.0,800400000.0,1253000000.0,744400000.0,0.0,324100000.0,324100000.0,324100000.0,0.0,-200000.0,0.149,853200000.0,352300000.0,79312000.0,0.901,4.56,30.265,30.314,609396000.0,0.0,24.1,4.513,4.511,290183000.0,1582585000.0,2173300000.0,2173300000.0,372600000.0,0.06,0.152,0.077,0.177,70600000.0,301700000.0,1.0,407002022.0,406800000,434800000.0,5.342,3918882000.0,14831000.0,-42600000.0,510279000.0,9.633,2714704000.0
22,MCHP,MRT,2015-12-31,2015-12-31,2015-12-31,2021-10-16,-10665000.0,5446553000.0,5217640000.0,1632721000.0,3813832000.0,0.414,5.23,-96585000.0,331451000.0,331451000.0,942577000.0,355150000.0,4.747,1.561,2406474000.0,0.0,2406474000.0,2406474000.0,163582000.0,280848000.0,0.0,0.031,0.715,384047000.0,664895000.0,0.308,664895000.0,384047000.0,286730000.0,0.885,0.815,0.885,2126344000.0,2099815250.0,2126344000.0,11602109378.0,30.0,17.45,623816000.0,1.534,1.0,1216317000.0,0.563,1665801000.0,97317000.0,5511861000.0,5167965500.0,319524000.0,2066438000.0,676449000.0,1389989000.0,3320209000.0,343914000.0,2976295000.0,9453313378.0,-124888000.0,-371140000.0,-332309000.0,616923000.0,-289986000.0,-61952000.0,-783337000.0,-308262000.0,720401000.0,0.0,356179000.0,356179000.0,356179000.0,0.0,-1029000.0,0.165,833571000.0,382746000.0,69059000.0,0.808,4.446,26.541,26.294,622842000.0,0.0,23.27,4.379,4.382,248006000.0,1588378000.0,2158894000.0,2158894000.0,364620000.0,0.068,0.17,0.074,0.178,69651000.0,291155000.0,1.0,406244666.0,406588000,435950000.0,5.31,3780752000.0,18910000.0,-69449000.0,528748000.0,9.299,1288807000.0
23,MCHP,MRT,2015-09-30,2015-09-30,2015-09-30,2021-10-16,-3095000.0,5786309000.0,5013231000.0,2778887000.0,3007422000.0,0.428,5.212,-115358000.0,539078000.0,539078000.0,921702000.0,378737000.0,7.475,1.717,2687874000.0,0.0,2687874000.0,2687874000.0,179962000.0,277973000.0,0.0,0.033,0.715,408055000.0,686028000.0,0.319,686028000.0,408055000.0,324022000.0,0.95,0.87,0.95,2129381000.0,2132301500.0,2129381000.0,10391067610.0,25.0,15.147,579404000.0,1.418,1.0,1225558000.0,0.571,1711103000.0,84033000.0,5852226000.0,4805647000.0,363760000.0,2047376000.0,1462466000.0,584910000.0,3656928000.0,371776000.0,3285152000.0,9095917610.0,57639000.0,-392309000.0,-329911000.0,920566000.0,-288850000.0,248872000.0,-885995000.0,-372343000.0,694762000.0,0.0,381025000.0,381025000.0,381025000.0,0.0,-2288000.0,0.177,820935000.0,404623000.0,72362000.0,0.753,4.272,23.872,22.679,631600000.0,0.0,21.545,4.236,4.099,281063000.0,1600090000.0,2147260000.0,2147260000.0,356295000.0,0.076,0.179,0.085,0.19,67715000.0,281553000.0,1.0,422182298.0,408550000,434198000.0,5.256,4075206000.0,69343000.0,-57003000.0,556236000.0,9.975,2407111000.0
24,MCHP,MRT,2015-06-30,2015-06-30,2015-06-30,2021-10-16,-5171000.0,4856985000.0,4719310500.0,2255614000.0,2601371000.0,0.456,5.189,-137819000.0,563547000.0,563547000.0,920050000.0,405876000.0,6.058,1.314,1858697000.0,0.0,1858697000.0,1858697000.0,167529000.0,277685000.0,0.0,0.03,0.714,434780000.0,712465000.0,0.331,712465000.0,434780000.0,362372000.0,1.025,0.93,1.025,2098882000.0,2150811500.0,2098882000.0,10814221946.0,25.0,15.179,599103000.0,1.481,1.0,1232062000.0,0.572,1042148000.0,72408000.0,4737679000.0,4324611750.0,303690000.0,1867027000.0,969003000.0,898024000.0,2758103000.0,372308000.0,2385795000.0,9595178946.0,-54223000.0,-302615000.0,33805000.0,106709000.0,-287607000.0,-197866000.0,-593078000.0,-145338000.0,736922000.0,-201000.0,409767000.0,409767000.0,409767000.0,0.0,-3891000.0,0.19,801069000.0,430993000.0,93655000.0,0.697,4.572,23.416,23.134,595247000.0,0.0,23.712,4.458,4.456,277033000.0,1607876000.0,2152112000.0,2152112000.0,349853000.0,0.087,0.191,0.101,0.202,59124000.0,272409000.0,1.0,404646450.0,404464000,433534000.0,5.321,3814837000.0,71045000.0,-47395000.0,478404000.0,9.432,1883306000.0
25,MCHP,MRT,2015-03-31,2015-03-31,2015-03-31,2021-10-16,11076000.0,4780713000.0,4630500000.0,2664617000.0,2116096000.0,0.464,5.088,-149472000.0,607815000.0,607815000.0,917472000.0,365325000.0,7.528,1.33,1826858000.0,0.0,1826858000.0,1826858000.0,166128000.0,278298000.0,0.0,0.029,0.713,411625000.0,689923000.0,0.321,689923000.0,411625000.0,349591000.0,0.92,0.825,0.92,2044654000.0,2168502250.0,2044654000.0,10754092931.0,26.0,15.587,571710000.0,1.423,1.0,1229564000.0,0.573,1075688000.0,62034000.0,4570096000.0,4132566250.0,279456000.0,1734380000.0,1351054000.0,383326000.0,2719687000.0,353972000.0,2365715000.0,9850836931.0,141212000.0,-659929000.0,34433000.0,401727000.0,-286478000.0,98548000.0,-678317000.0,137747000.0,721182000.0,-201000.0,369009000.0,369009000.0,369009000.0,0.0,-3684000.0,0.172,803944000.0,425620000.0,86866000.0,0.775,4.818,26.695,26.576,581572000.0,0.0,24.45,4.588,4.576,273937000.0,1549540000.0,2147036000.0,2147036000.0,349543000.0,0.08,0.17,0.1,0.192,58596000.0,274815000.0,1.0,402897216.0,401874000,447122000.0,5.343,3705025000.0,71045000.0,-19418000.0,495528000.0,9.219,2310645000.0
26,MCHP,MRT,2014-12-31,2014-12-31,2014-12-31,2021-10-16,15563000.0,4628917000.0,4452229250.0,1783479000.0,2845438000.0,0.471,5.607,-153515000.0,456339000.0,456339000.0,890695000.0,378240000.0,5.051,1.04,1359595000.0,17500000.0,1342095000.0,1359595000.0,154264000.0,250547000.0,0.0,0.032,0.711,458853000.0,709400000.0,0.338,709400000.0,458853000.0,404972000.0,0.955,0.86,0.955,2256289000.0,2191204000.0,2256289000.0,9925492246.0,22.0,13.991,592498000.0,1.472,1.0,1206518000.0,0.575,1116500000.0,53881000.0,4062587000.0,3881069750.0,276143000.0,1773343000.0,666119000.0,1107224000.0,2346639000.0,353086000.0,1993553000.0,9065560246.0,81239000.0,-665468000.0,38398000.0,330659000.0,-285313000.0,67104000.0,-731677000.0,79487000.0,746013000.0,-201000.0,381102000.0,381102000.0,381102000.0,0.0,-2862000.0,0.182,765208000.0,441310000.0,76933000.0,0.745,4.018,23.788,23.618,577123000.0,0.0,22.555,4.323,4.328,242595000.0,1522185000.0,2097213000.0,2097213000.0,339244000.0,0.086,0.174,0.118,0.219,54725000.0,272381000.0,1.0,401931290.0,402406000,446974000.0,5.212,3512417000.0,50490000.0,23870000.0,607230000.0,8.729,1430393000.0
27,MCHP,MRT,2014-09-30,2014-09-30,2014-09-30,2021-10-16,-4657000.0,4610627000.0,4295777000.0,1978965000.0,2631662000.0,0.477,5.491,-141203000.0,481439000.0,481439000.0,863596000.0,398843000.0,5.134,1.07,1341371000.0,17500000.0,1323871000.0,1341371000.0,159585000.0,222486000.0,0.0,0.03,0.711,482313000.0,704799000.0,0.344,704799000.0,482313000.0,430110000.0,1.005,0.905,1.005,2203421000.0,2145908750.0,2203421000.0,10200343357.0,21.0,14.473,568272000.0,1.416,1.0,1187279000.0,0.579,1156990000.0,52203000.0,3928085000.0,3762631500.0,275746000.0,1642947000.0,801670000.0,841277000.0,2358419000.0,385484000.0,1972935000.0,9464935357.0,137237000.0,-653312000.0,41233000.0,325051000.0,-284080000.0,62343000.0,-634380000.0,155212000.0,709475000.0,-201000.0,400446000.0,400446000.0,400446000.0,0.0,-1603000.0,0.195,727060000.0,460219000.0,94402000.0,0.707,4.296,23.636,23.498,585102000.0,0.0,23.615,4.615,4.62,287473000.0,1507915000.0,2050875000.0,2050875000.0,326888000.0,0.093,0.187,0.128,0.235,53743000.0,272569000.0,1.0,400801836.0,401258000,450568000.0,5.111,3453637000.0,62411000.0,29664000.0,608713000.0,8.607,1593481000.0
28,MCHP,MRT,2014-06-30,2014-06-30,2014-06-30,2021-10-16,4089000.0,4501743000.0,4134408000.0,2450351000.0,2051392000.0,0.483,5.419,-129917000.0,617770000.0,617770000.0,828613000.0,406611000.0,6.812,1.075,1353178000.0,17500000.0,1335678000.0,1353178000.0,146583000.0,199717000.0,0.0,0.029,0.71,499547000.0,699264000.0,0.35,699264000.0,499547000.0,449009000.0,1.02,0.925,1.02,2169645000.0,2099688250.0,2169645000.0,10330365006.0,21.0,14.773,545063000.0,1.361,1.0,1168688000.0,0.585,907964000.0,50538000.0,3969497000.0,3665383750.0,264505000.0,1669630000.0,1142091000.0,527539000.0,2332098000.0,359690000.0,1972408000.0,9776210006.0,214539000.0,-399078000.0,51597000.0,369442000.0,-282724000.0,103132000.0,-563573000.0,-40702000.0,674980000.0,0.0,406611000.0,406611000.0,406611000.0,0.0,0.0,0.204,692279000.0,476409000.0,79889000.0,0.696,4.506,24.043,23.926,569908000.0,0.0,24.405,4.895,4.892,286699000.0,1485716000.0,1997301000.0,1997301000.0,316328000.0,0.098,0.194,0.136,0.25,54452000.0,270823000.0,1.0,400582258.0,400374000,449054000.0,4.989,3593779000.0,70926000.0,42398000.0,144549000.0,8.976,2090661000.0
29,MCHP,MRT,2014-03-31,2014-03-31,2014-03-31,2021-10-16,1051000.0,4067630000.0,3979866000.0,1969399000.0,2098231000.0,0.485,5.385,-96837000.0,466603000.0,466603000.0,802474000.0,395281000.0,5.86,0.905,1020758000.0,17500000.0,1003258000.0,1020758000.0,147798000.0,189139000.0,0.0,0.03,0.708,481070000.0,670209000.0,0.347,670209000.0,481070000.0,432354000.0,0.995,0.91,0.995,2135461000.0,2045842000.0,2135461000.0,10155031711.0,21.0,15.152,579727000.0,1.462,1.0,1128743000.0,0.584,721596000.0,48716000.0,3564110000.0,3505414000.0,262725000.0,1676894000.0,878182000.0,798712000.0,1932169000.0,336079000.0,1596090000.0,9510660711.0,-61731000.0,-25887000.0,60086000.0,29546000.0,-281204000.0,-235016000.0,-503279000.0,-386186000.0,676564000.0,0.0,395281000.0,395281000.0,395281000.0,0.0,0.0,0.205,669879000.0,458864000.0,74050000.0,0.712,4.454,24.061,24.0,531967000.0,0.0,23.88,4.925,4.904,242405000.0,1467009000.0,1931217000.0,1931217000.0,305043000.0,0.099,0.193,0.137,0.249,53787000.0,267278000.0,1.0,398268874.0,396582000,435260000.0,4.87,3346034000.0,67490000.0,37073000.0,555282000.0,8.437,1633320000.0
30,MCHP,MRT,2013-12-31,2013-12-31,2013-12-31,2021-10-16,-2579000.0,4003108000.0,3925809750.0,1969028000.0,2034080000.0,0.476,5.22,-78078000.0,375100000.0,375100000.0,790781000.0,343476000.0,6.223,0.929,1019471000.0,14159000.0,1005312000.0,1019471000.0,143315000.0,207333000.0,0.0,0.032,0.707,410319000.0,617652000.0,0.331,617652000.0,410319000.0,363632000.0,0.865,0.8,0.865,2075108000.0,1995344250.0,2075108000.0,9539070274.0,23.0,15.444,523028000.0,1.316,1.0,1077196000.0,0.577,742245000.0,46687000.0,3588834000.0,3405226750.0,274629000.0,1656227000.0,932302000.0,723925000.0,1928000000.0,316400000.0,1611600000.0,8876985274.0,-90193000.0,-11187000.0,71263000.0,39687000.0,-279552000.0,-224109000.0,-467190000.0,-369751000.0,601106000.0,0.0,343476000.0,343476000.0,343476000.0,0.0,0.0,0.184,687656000.0,389540000.0,62750000.0,0.817,4.278,25.845,25.867,520565000.0,0.0,22.375,4.752,4.762,224273000.0,1426396000.0,1867977000.0,1867977000.0,298118000.0,0.087,0.172,0.12,0.22,54885000.0,266678000.0,1.0,396736772.0,397518000,438178000.0,4.699,3260863000.0,72142000.0,20156000.0,179246000.0,8.203,1652628000.0
31,MCHP,MRT,2013-09-30,2013-09-30,2013-09-30,2021-10-16,-2525000.0,3965151000.0,3885913750.0,1820906000.0,2144245000.0,0.464,5.102,-63372000.0,344202000.0,344202000.0,806748000.0,248248000.0,5.373,0.964,1006287000.0,8375000.0,997912000.0,1006287000.0,151049000.0,226103000.0,0.0,0.035,0.706,305955000.0,532058000.0,0.295,532058000.0,305955000.0,260736000.0,0.625,0.585,0.625,2018539000.0,1958338750.0,2018539000.0,8520427861.0,28.0,16.014,528645000.0,1.336,1.0,994904000.0,0.552,749249000.0,45219000.0,3539094000.0,3312829750.0,275124000.0,1637365000.0,807709000.0,829656000.0,1946612000.0,338893000.0,1607719000.0,7949408861.0,-92533000.0,-2174000.0,67935000.0,39822000.0,-277695000.0,-218330000.0,-465867000.0,-394844000.0,592017000.0,-353000.0,248248000.0,248248000.0,248248000.0,0.0,0.0,0.138,704869000.0,290035000.0,77768000.0,1.13,3.938,32.022,32.232,518191000.0,0.0,20.145,4.412,4.424,230493000.0,1391549000.0,1801652000.0,1801652000.0,293154000.0,0.064,0.127,0.092,0.17,55244000.0,269190000.0,1.0,394609524.0,395650000,432950000.0,4.554,3215902000.0,70383000.0,12488000.0,192007000.0,8.128,1482013000.0
32,MCHP,MRT,2013-06-30,2013-06-30,2013-06-30,2021-10-16,-3113000.0,3883575000.0,3866720000.0,1615697000.0,2267878000.0,0.438,4.961,-51815000.0,403231000.0,403231000.0,792045000.0,127258000.0,4.594,0.987,974250000.0,0.0,974250000.0,974250000.0,149817000.0,229262000.0,0.0,0.038,0.705,195272000.0,424534000.0,0.251,424534000.0,195272000.0,151649000.0,0.32,0.3,0.32,1954260000.0,1944728500.0,1954260000.0,7798551648.0,40.0,18.37,445951000.0,1.132,1.0,900236000.0,0.532,773312000.0,43623000.0,3329618000.0,3232715750.0,256136000.0,1492019000.0,558644000.0,933375000.0,1929315000.0,351664000.0,1577651000.0,7343500648.0,-376617000.0,-733920000.0,59018000.0,609956000.0,-275755000.0,364597000.0,-1239966000.0,-449494000.0,497766000.0,986000.0,127258000.0,127258000.0,127258000.0,0.0,0.0,0.075,719615000.0,180621000.0,77693000.0,2.203,3.758,57.706,58.203,513723000.0,0.0,18.625,4.339,4.335,232262000.0,1361829000.0,1692281000.0,1692281000.0,278982000.0,0.033,0.065,0.06,0.115,54759000.0,271589000.0,1.0,394281914.0,393900000,424532000.0,4.296,3110263000.0,73080000.0,24391000.0,186588000.0,7.896,1264033000.0
33,MCHP,MRT,2013-03-31,2013-03-31,2013-03-31,2021-10-16,6935000.0,3851405000.0,3682036250.0,2236370000.0,1615035000.0,0.43,4.968,-50512000.0,528334000.0,528334000.0,743164000.0,127389000.0,6.547,0.992,983385000.0,0.0,983385000.0,983385000.0,138952000.0,204097000.0,0.0,0.038,0.703,193092000.0,397189000.0,0.251,397189000.0,193092000.0,152177000.0,0.325,0.31,0.325,1933470000.0,1960661000.0,1933470000.0,7689599243.0,40.0,19.36,408853000.0,1.051,1.0,838459000.0,0.53,801484000.0,40915000.0,3163361000.0,2965288250.0,242334000.0,1307713000.0,1050263000.0,257450000.0,1917935000.0,341611000.0,1576324000.0,7183483243.0,-107421000.0,-752302000.0,51365000.0,620000000.0,-273822000.0,382170000.0,-949942000.0,-142398000.0,459365000.0,986000.0,127389000.0,127389000.0,127389000.0,0.0,0.0,0.081,659906000.0,178553000.0,75551000.0,2.163,3.715,56.39,56.569,514544000.0,0.0,18.385,4.542,4.524,229955000.0,1352932000.0,1581623000.0,1581623000.0,254723000.0,0.035,0.065,0.065,0.122,52069000.0,261471000.0,1.0,390725224.0,389190000,411552000.0,4.064,3049921000.0,80687000.0,24788000.0,182723000.0,7.837,1894759000.0
34,MCHP,MRT,2012-12-31,2012-12-31,2012-12-31,2021-10-16,6774000.0,3843524000.0,3490129000.0,2296583000.0,1546941000.0,0.427,4.942,-39359000.0,465293000.0,465293000.0,695324000.0,148335000.0,7.751,0.994,971409000.0,0.0,971409000.0,971409000.0,122611000.0,164722000.0,0.0,0.043,0.701,233926000.0,398648000.0,0.267,398648000.0,233926000.0,194597000.0,0.385,0.36,0.385,1927086000.0,1974961750.0,1927086000.0,6865113267.0,29.0,17.221,410103000.0,1.052,1.0,795066000.0,0.533,834115000.0,39329000.0,3219246000.0,2767260250.0,261594000.0,1306672000.0,1157010000.0,149662000.0,1916438000.0,296279000.0,1620159000.0,6342192267.0,-140432000.0,-790882000.0,39666000.0,610000000.0,-271851000.0,378104000.0,-968984000.0,-135785000.0,449462000.0,986000.0,148335000.0,148335000.0,148335000.0,0.0,0.0,0.1,579317000.0,215749000.0,54051000.0,1.821,3.291,42.756,42.325,522737000.0,0.0,16.295,4.255,4.263,177502000.0,1362472000.0,1490390000.0,1490390000.0,231998000.0,0.043,0.075,0.085,0.157,48243000.0,246452000.0,1.0,389210940.0,389916000,408810000.0,3.822,3009409000.0,129704000.0,46262000.0,181418000.0,7.718,2000304000.0
35,MCHP,MRT,2012-09-30,2012-09-30,2012-09-30,2021-10-16,6689000.0,3888376000.0,3284535750.0,2289278000.0,1599098000.0,0.427,5.061,-35704000.0,436735000.0,436735000.0,623373000.0,215651000.0,7.034,0.98,959656000.0,0.0,959656000.0,959656000.0,123122000.0,125352000.0,0.0,0.043,0.699,305828000.0,431180000.0,0.307,431180000.0,305828000.0,268582000.0,0.56,0.525,0.56,1964098000.0,1978516500.0,1964098000.0,5918998893.0,19.0,13.727,330486000.0,0.852,1.0,780126000.0,0.556,867186000.0,37246000.0,3218638000.0,2554711750.0,289526000.0,1270677000.0,1116675000.0,154002000.0,1924278000.0,325473000.0,1598805000.0,6341491893.0,-238394000.0,-790882000.0,48108000.0,600000000.0,-269967000.0,378427000.0,-984350000.0,-154888000.0,366190000.0,1339000.0,215651000.0,215651000.0,215651000.0,0.0,0.0,0.154,493663000.0,286463000.0,82265000.0,1.248,3.229,29.406,29.232,536727000.0,0.0,16.37,4.518,4.527,230457000.0,1420996000.0,1403499000.0,1403499000.0,204877000.0,0.066,0.109,0.12,0.218,44088000.0,228171000.0,1.0,387384966.0,388120000,388120000.0,3.616,3021190000.0,116866000.0,52931000.0,179807000.0,7.784,1963805000.0
36,MCHP,MRT,2012-06-30,2012-06-30,2012-06-30,2021-10-16,2963000.0,3144840000.0,3070879000.0,2229298000.0,915542000.0,0.443,5.216,-44994000.0,779848000.0,779848000.0,578169000.0,316122000.0,8.918,0.558,357355000.0,0.0,357355000.0,357355000.0,110793000.0,99318000.0,0.0,0.042,0.697,392132000.0,491450000.0,0.361,491450000.0,392132000.0,356733000.0,0.825,0.78,0.825,2017990000.0,1963476750.0,2017990000.0,6123027918.0,16.0,12.459,412650000.0,1.067,1.0,782634000.0,0.575,212450000.0,35399000.0,2259908000.0,2315870750.0,221481000.0,1041389000.0,881913000.0,159476000.0,1126850000.0,249989000.0,876861000.0,6403732918.0,128465000.0,-59136000.0,44146000.0,0.0,-268027000.0,-223670000.0,-105509000.0,5072000.0,457644000.0,0.0,316122000.0,316122000.0,316122000.0,0.0,0.0,0.232,406645000.0,375989000.0,52646000.0,0.845,3.173,20.257,20.048,506229000.0,0.0,16.54,4.706,4.703,174685000.0,1510326000.0,1360803000.0,1360803000.0,186178000.0,0.103,0.161,0.169,0.288,39040000.0,207401000.0,1.0,387166440.0,386904000,407400000.0,3.517,2932390000.0,94968000.0,40611000.0,73261000.0,7.579,1979309000.0
37,MCHP,MRT,2012-03-31,2012-03-31,2012-03-31,2021-10-16,3101000.0,3083776000.0,3041993750.0,2015861000.0,1067915000.0,0.455,5.203,-61959000.0,635755000.0,635755000.0,583882000.0,336705000.0,8.133,0.549,355050000.0,0.0,355050000.0,355050000.0,108709000.0,99424000.0,0.0,0.037,0.695,413961000.0,513385000.0,0.371,513385000.0,413961000.0,379695000.0,0.88,0.825,0.88,1990673000.0,1928784750.0,1990673000.0,6892228619.0,17.0,13.425,350019000.0,0.915,1.0,799294000.0,0.578,183949000.0,34266000.0,2371249000.0,2312726500.0,217278000.0,1151840000.0,823254000.0,328586000.0,1093103000.0,247873000.0,845230000.0,7144612619.0,-68169000.0,-38580000.0,57457000.0,0.0,-266178000.0,-208145000.0,-272002000.0,-165645000.0,411978000.0,0.0,336705000.0,336705000.0,336705000.0,0.0,0.0,0.243,402778000.0,396516000.0,50287000.0,0.79,3.589,21.219,21.136,516611000.0,0.0,18.6,5.165,5.144,170201000.0,1499365000.0,1383176000.0,1383176000.0,182650000.0,0.111,0.175,0.179,0.299,37713000.0,208328000.0,1.0,384118958.0,382566000,407038000.0,3.616,2899827000.0,91191000.0,42990000.0,70490000.0,7.58,1767988000.0
38,MCHP,MRT,2011-12-31,2011-12-31,2011-12-31,2021-10-16,-1755000.0,3021151000.0,3013064250.0,1830080000.0,1191071000.0,0.473,5.065,-81601000.0,605725000.0,605725000.0,589905000.0,381597000.0,7.363,0.556,353341000.0,0.0,353341000.0,353341000.0,115786000.0,101629000.0,0.0,0.028,0.52,436703000.0,538332000.0,0.378,538332000.0,436703000.0,402718000.0,1.005,0.945,1.005,1941305000.0,1884226000.0,1941305000.0,6677384816.0,15.0,12.404,364934000.0,0.952,1.0,834345000.0,0.586,151149000.0,33985000.0,2369052000.0,2249215500.0,217853000.0,1164634000.0,696548000.0,468086000.0,1079846000.0,248566000.0,831280000.0,7001142816.0,105109000.0,-13020000.0,61003000.0,0.0,-198922000.0,-136864000.0,-204562000.0,-101339000.0,446535000.0,0.0,381597000.0,381597000.0,381597000.0,5084000.0,0.0,0.268,407377000.0,426968000.0,40039000.0,0.517,3.606,18.347,18.224,533652000.0,0.0,18.315,4.916,4.929,149277000.0,1485989000.0,1424250000.0,1424250000.0,179096000.0,0.127,0.203,0.194,0.307,36442000.0,210962000.0,1.0,382262780.0,383280000,406582000.0,3.716,2870002000.0,87337000.0,21121000.0,71386000.0,7.488,1581514000.0
39,MCHP,MRT,2011-09-30,2011-09-30,2011-09-30,2021-10-16,-596000.0,3033749000.0,2964958000.0,1933376000.0,1100373000.0,0.493,4.989,-107680000.0,675129000.0,675129000.0,597664000.0,404884000.0,6.573,0.593,351371000.0,0.0,351371000.0,351371000.0,144185000.0,104164000.0,0.0,0.044,0.691,464941000.0,569105000.0,0.389,569105000.0,464941000.0,432278000.0,1.075,1.01,1.075,1903939000.0,1811386000.0,1903939000.0,5627258899.0,12.0,9.888,421593000.0,1.105,1.0,865254000.0,0.591,152564000.0,32663000.0,2263274000.0,2215758750.0,211206000.0,1100289000.0,740309000.0,359980000.0,1129810000.0,294153000.0,835657000.0,5929532899.0,251408000.0,-13020000.0,75338000.0,0.0,-261556000.0,-183962000.0,-93903000.0,47077000.0,529273000.0,0.0,404884000.0,404884000.0,404884000.0,6238000.0,0.0,0.277,408960000.0,456294000.0,57792000.0,0.643,3.114,14.645,14.47,548977000.0,0.0,15.555,4.053,4.058,142409000.0,1475312000.0,1462918000.0,1462918000.0,177038000.0,0.137,0.224,0.21,0.318,34688000.0,215975000.0,1.0,381197872.0,381618000,400398000.0,3.833,2881185000.0,96488000.0,27394000.0,65040000.0,7.55,1639223000.0
40,MCHP,MRT,2011-06-30,2011-06-30,2011-06-30,2021-10-16,5284000.0,3029299000.0,2908613250.0,2095687000.0,933612000.0,0.517,4.942,-104332000.0,651383000.0,651383000.0,611031000.0,428677000.0,6.388,0.612,349109000.0,0.0,349109000.0,349109000.0,145598000.0,106524000.0,0.0,0.036,0.689,493135000.0,599659000.0,0.399,599659000.0,493135000.0,461338000.0,1.14,1.08,1.14,1879222000.0,1744692750.0,1879222000.0,6864493683.0,14.0,11.447,428316000.0,1.126,1.0,893556000.0,0.594,151611000.0,31797000.0,2247331000.0,2221920000.0,202455000.0,1065919000.0,866369000.0,199550000.0,1150077000.0,328083000.0,821994000.0,7221083683.0,127909000.0,-13020000.0,82902000.0,0.0,-259258000.0,-174117000.0,-230622000.0,-95869000.0,532648000.0,0.0,428677000.0,428677000.0,428677000.0,7906000.0,0.0,0.285,411739000.0,481817000.0,67528000.0,0.604,3.843,16.845,16.627,545703000.0,0.0,18.955,4.799,4.79,196254000.0,1462231000.0,1504587000.0,1504587000.0,175375000.0,0.147,0.246,0.222,0.328,34146000.0,222562000.0,1.0,380959308.0,380224000,409134000.0,3.957,2877688000.0,87473000.0,32661000.0,61742000.0,7.568,1767604000.0
41,MCHP,MRT,2011-03-31,2011-03-31,2011-03-31,2021-10-16,3357000.0,2968058000.0,2824605750.0,1774983000.0,1193075000.0,0.527,4.844,-92786000.0,703924000.0,703924000.0,605954000.0,418950000.0,5.216,0.638,347334000.0,0.0,347334000.0,347334000.0,140044000.0,106612000.0,0.0,0.036,0.687,482002000.0,588614000.0,0.396,588614000.0,482002000.0,450481000.0,1.12,1.075,1.12,1812438000.0,1666753500.0,1812438000.0,7006914260.0,15.0,11.904,489875000.0,1.309,1.0,881251000.0,0.593,153947000.0,31521000.0,2117205000.0,2185293000.0,180800000.0,1004410000.0,539572000.0,464838000.0,1155620000.0,340316000.0,815304000.0,7161949260.0,211794000.0,-125727000.0,71940000.0,0.0,-256811000.0,-183017000.0,-187850000.0,47230000.0,582661000.0,0.0,418950000.0,418950000.0,418950000.0,10217000.0,0.0,0.282,407068000.0,474183000.0,68433000.0,0.613,3.952,17.095,16.969,540513000.0,0.0,19.005,4.816,4.781,181202000.0,1428838000.0,1487205000.0,1487205000.0,170607000.0,0.148,0.251,0.221,0.324,34958000.0,222184000.0,1.0,376845528.0,374132000,389430000.0,3.975,2814111000.0,88822000.0,31531000.0,58125000.0,7.522,1434667000.0
42,MCHP,MRT,2010-12-31,2010-12-31,2010-12-31,2021-10-16,2774000.0,2828726000.0,2711669500.0,1738444000.0,1090282000.0,0.511,4.4,-88743000.0,500616000.0,500616000.0,567924000.0,369171000.0,5.796,0.714,345581000.0,0.0,345581000.0,345581000.0,142685000.0,102475000.0,0.0,0.05,0.858,450827000.0,553302000.0,0.399,553302000.0,450827000.0,419533000.0,0.99,0.96,0.99,1649945000.0,1596989000.0,1649945000.0,6311628366.0,14.0,11.407,449409000.0,1.199,1.0,817316000.0,0.59,138531000.0,31294000.0,2235225000.0,2177391750.0,177705000.0,1072400000.0,690568000.0,381832000.0,1178781000.0,299935000.0,878846000.0,6391264366.0,139325000.0,-171109000.0,69247000.0,0.0,-319770000.0,-249239000.0,-149588000.0,134571000.0,538152000.0,0.0,369171000.0,369171000.0,369171000.0,5133000.0,0.0,0.267,379007000.0,438309000.0,66070000.0,0.867,3.874,17.312,17.278,528215000.0,0.0,17.105,4.614,4.63,187267000.0,1303311000.0,1385240000.0,1385240000.0,159735000.0,0.136,0.231,0.207,0.325,35944000.0,217593000.0,1.0,373648896.0,374976000,392510000.0,3.694,2690195000.0,107617000.0,50362000.0,106201000.0,7.174,1438509000.0
43,MCHP,MRT,2010-09-30,2010-09-30,2010-09-30,2021-10-16,1790000.0,2808370000.0,2615389750.0,1917305000.0,891065000.0,0.485,4.394,-75278000.0,423721000.0,423721000.0,520600000.0,337798000.0,6.182,0.715,344085000.0,0.0,344085000.0,344085000.0,132282000.0,97735000.0,0.0,0.043,0.683,407560000.0,505295000.0,0.399,505295000.0,407560000.0,376175000.0,0.91,0.89,0.91,1637166000.0,1555471500.0,1637166000.0,5666338170.0,14.0,11.214,425124000.0,1.141,1.0,746915000.0,0.589,130675000.0,31385000.0,2287919000.0,2161340500.0,166569000.0,1145199000.0,955047000.0,190152000.0,1171204000.0,310140000.0,861064000.0,5847589170.0,-117324000.0,-171109000.0,49772000.0,0.0,-252843000.0,-201686000.0,-416040000.0,-157674000.0,500402000.0,0.0,337798000.0,337798000.0,337798000.0,3979000.0,0.0,0.267,353491000.0,393424000.0,73882000.0,0.751,3.572,17.311,17.28,517668000.0,0.0,15.725,4.613,4.623,202754000.0,1331984000.0,1267515000.0,1267515000.0,147869000.0,0.129,0.217,0.189,0.322,35271000.0,204589000.0,1.0,371865766.0,372606000,381408000.0,3.402,2677695000.0,97671000.0,38377000.0,100527000.0,7.186,1607165000.0
44,MCHP,MRT,2010-06-30,2010-06-30,2010-06-30,2021-10-16,-4253000.0,2693269000.0,2517868500.0,1847882000.0,845387000.0,0.442,4.224,-59421000.0,523474000.0,523474000.0,466655000.0,279203000.0,6.505,0.718,342223000.0,0.0,342223000.0,342223000.0,108070000.0,92837000.0,0.0,0.049,0.681,339497000.0,432334000.0,0.389,432334000.0,339497000.0,308127000.0,0.755,0.74,0.755,1567465000.0,1510759250.0,1567465000.0,4995502906.0,15.0,11.555,410877000.0,1.107,1.0,645250000.0,0.58,127111000.0,31370000.0,2100823000.0,2084199000.0,128129000.0,952471000.0,792342000.0,160129000.0,1125804000.0,284084000.0,841720000.0,5146960906.0,-53505000.0,-171109000.0,43244000.0,0.0,-251018000.0,-205680000.0,-318123000.0,-72914000.0,470298000.0,0.0,279203000.0,279203000.0,279203000.0,2311000.0,0.0,0.251,322243000.0,323007000.0,84517000.0,0.902,3.284,18.434,18.371,507666000.0,0.0,13.87,4.629,4.629,193499000.0,1292812000.0,1111905000.0,1111905000.0,133717000.0,0.111,0.185,0.163,0.305,35137000.0,188051000.0,1.0,371085862.0,371080000,380144000.0,2.996,2566158000.0,95529000.0,28924000.0,96221000.0,6.915,1563798000.0
45,MCHP,MRT,2010-03-31,2010-03-31,2010-03-31,2021-10-16,3032000.0,2516313000.0,2441153500.0,1610969000.0,905344000.0,0.388,4.175,-47504000.0,492130000.0,492130000.0,413487000.0,217005000.0,7.921,0.641,340672000.0,0.0,340672000.0,340672000.0,98941000.0,90057000.0,0.0,0.048,0.679,268963000.0,359020000.0,0.379,359020000.0,268963000.0,237813000.0,0.59,0.58,0.59,1533380000.0,1483195000.0,1533380000.0,5165777329.0,19.0,14.389,404543000.0,1.101,1.0,534242000.0,0.564,75865000.0,31150000.0,2085600000.0,2042486750.0,116579000.0,1039408000.0,722193000.0,317215000.0,982933000.0,203390000.0,779543000.0,5188068329.0,45801000.0,-58402000.0,36478000.0,0.0,-249556000.0,-210984000.0,-195262000.0,-73917000.0,452047000.0,0.0,217005000.0,217005000.0,217005000.0,0.0,0.0,0.229,289283000.0,244959000.0,44238000.0,1.151,3.383,23.908,23.864,493039000.0,0.0,14.08,5.474,5.457,137806000.0,1266699000.0,947729000.0,947729000.0,120823000.0,0.089,0.146,0.132,0.284,34684000.0,167222000.0,1.0,368470762.0,367284000,374678000.0,2.58,2440448000.0,77810000.0,20808000.0,57140000.0,6.645,1407579000.0
46,MCHP,MRT,2009-12-31,2009-12-31,2009-12-31,2021-10-16,2712000.0,2443607000.0,2413503000.0,1442737000.0,1000870000.0,0.349,4.035,-38855000.0,361291000.0,361291000.0,393224000.0,163220000.0,7.793,0.647,339000000.0,0.0,339000000.0,339000000.0,97583000.0,91571000.0,0.0,0.047,0.678,212561000.0,304132000.0,0.361,304132000.0,212561000.0,181417000.0,0.445,0.44,0.445,1483875000.0,1472427750.0,1483875000.0,5129696827.0,24.0,16.867,349249000.0,0.95,1.0,449738000.0,0.534,65161000.0,31144000.0,2171020000.0,2040096250.0,112784000.0,1138311000.0,716683000.0,421628000.0,959732000.0,185135000.0,774597000.0,5333338827.0,-29903000.0,0.0,25657000.0,0.0,-248416000.0,-224364000.0,-193643000.0,-142236000.0,388104000.0,0.0,163220000.0,163220000.0,163220000.0,0.0,0.0,0.194,274225000.0,175513000.0,38387000.0,1.524,3.594,32.676,32.64,495065000.0,0.0,14.525,6.327,6.336,113763000.0,1253977000.0,842962000.0,842962000.0,113192000.0,0.068,0.111,0.104,0.252,25825000.0,153861000.0,1.0,367183396.0,367712000,375722000.0,2.292,2378446000.0,73744000.0,18197000.0,53967000.0,6.468,1257602000.0
47,MCHP,MRT,2009-09-30,2009-09-30,2009-09-30,2021-10-16,4349000.0,2418285000.0,2414387000.0,1727456000.0,690829000.0,0.325,3.98,-44065000.0,541045000.0,541045000.0,376500000.0,166173000.0,10.141,0.658,337403000.0,0.0,337403000.0,337403000.0,86261000.0,93163000.0,0.0,0.051,0.678,162425000.0,255588000.0,0.326,255588000.0,162425000.0,131948000.0,0.455,0.45,0.455,1458317000.0,1356090000.0,1458317000.0,4606767701.0,28.0,18.024,240193000.0,0.656,1.0,408529000.0,0.52,64940000.0,30477000.0,1979353000.0,2240897750.0,108451000.0,931678000.0,822949000.0,108729000.0,959968000.0,170350000.0,789618000.0,4848207701.0,229307000.0,0.0,17064000.0,0.0,-247586000.0,-231570000.0,176619000.0,246581000.0,284258000.0,0.0,166173000.0,166173000.0,166173000.0,0.0,0.0,0.212,265110000.0,143419000.0,33926000.0,1.49,3.325,29.176,29.121,497958000.0,0.0,13.25,6.176,6.184,106651000.0,1247094000.0,785029000.0,785029000.0,109833000.0,0.069,0.123,0.072,0.207,26485000.0,147605000.0,1.0,365902468.0,366380000,373844000.0,2.143,2353345000.0,78076000.0,-34225000.0,75522000.0,6.423,1557106000.0
48,MCHP,MRT,2009-06-30,2009-06-30,2009-06-30,2021-10-16,4282000.0,2386409000.0,2439061750.0,1761141000.0,625268000.0,0.34,3.985,-84322000.0,576979000.0,576979000.0,378732000.0,197408000.0,11.805,0.638,335539000.0,0.0,335539000.0,335539000.0,83431000.0,94939000.0,0.0,0.06,0.678,202117000.0,297056000.0,0.359,297056000.0,202117000.0,172800000.0,0.54,0.53,0.54,1457208000.0,1238802750.0,1457208000.0,4826483526.0,24.0,16.248,216305000.0,0.591,1.0,449342000.0,0.543,61804000.0,29317000.0,1933974000.0,2518610500.0,113872000.0,861185000.0,830456000.0,30729000.0,929201000.0,149191000.0,780010000.0,4123628526.0,-108596000.0,0.0,-80615000.0,0.0,-247671000.0,-326666000.0,-82557000.0,24030000.0,300627000.0,0.0,197408000.0,197408000.0,197408000.0,0.0,0.0,0.238,271468000.0,177874000.0,28885000.0,1.256,2.83,20.889,20.88,513765000.0,0.0,11.275,4.98,4.98,98044000.0,1264693000.0,828074000.0,828074000.0,111608000.0,0.081,0.159,0.08,0.244,26232000.0,152188000.0,1.0,365732020.0,365712000,371052000.0,2.264,2324605000.0,71039000.0,-24608000.0,72737000.0,6.356,1611950000.0
49,MCHP,MRT,2009-03-31,2009-03-31,2009-03-31,2021-10-16,4312000.0,2405711000.0,2478319000.0,1742789000.0,662922000.0,0.364,4.068,-102204000.0,446329000.0,446329000.0,386793000.0,245587000.0,11.197,0.614,334184000.0,0.0,334184000.0,334184000.0,83931000.0,96046000.0,0.0,0.064,0.673,261519000.0,357565000.0,0.396,357565000.0,261519000.0,232079000.0,0.67,0.655,0.67,1490311000.0,1137632750.0,1490311000.0,4617118328.0,18.0,12.913,206449000.0,0.564,1.0,516504000.0,0.572,61883000.0,29440000.0,2076038000.0,2727705000.0,131510000.0,994442000.0,943616000.0,50826000.0,915400000.0,155645000.0,759755000.0,3859337328.0,-41407000.0,0.0,-90374000.0,0.0,-246657000.0,-330233000.0,-19827000.0,103977000.0,308653000.0,0.0,245587000.0,245587000.0,245587000.0,0.0,0.0,0.272,283176000.0,233328000.0,29228000.0,1.004,2.59,15.715,15.813,531687000.0,0.0,10.595,4.273,4.297,88525000.0,1299250000.0,903297000.0,903297000.0,115524000.0,0.099,0.216,0.096,0.29,25683000.0,161218000.0,1.0,364260248.0,366316000,373576000.0,2.466,2343828000.0,69626000.0,-13508000.0,70051000.0,6.398,1587144000.0
50,MCHP,MRT,2008-12-31,2008-12-31,2008-12-31,2021-10-16,5275000.0,2447143000.0,2504968000.0,1740932000.0,706211000.0,0.395,2.799,-111889000.0,391194000.0,391194000.0,399291000.0,299320000.0,9.906,1.403,1148975000.0,0.0,1148975000.0,1148975000.0,98421000.0,95681000.0,0.0,0.068,0.664,321238000.0,416919000.0,0.421,416919000.0,321238000.0,291770000.0,0.815,0.795,0.815,1018524000.0,1024110750.0,1018524000.0,4390093636.0,14.0,10.53,239851000.0,0.659,1.0,591171000.0,0.597,54954000.0,29468000.0,2974226000.0,2943725250.0,136509000.0,1082749000.0,1006417000.0,76332000.0,1428619000.0,175744000.0,1252875000.0,3552327636.0,-439811000.0,0.0,-256163000.0,0.0,-245202000.0,-486539000.0,-305012000.0,-177805000.0,351740000.0,0.0,299320000.0,299320000.0,299320000.0,0.0,0.0,0.302,321915000.0,269256000.0,29273000.0,0.815,3.488,11.868,11.982,543705000.0,0.0,9.765,3.587,3.588,78557000.0,1342432000.0,990462000.0,990462000.0,121374000.0,0.119,0.292,0.109,0.324,33322000.0,173278000.0,1.0,363781632.0,363926000,367998000.0,2.722,2392189000.0,69399000.0,-7550000.0,68637000.0,6.573,1565188000.0
51,MCHP,MRT,2008-09-30,2008-09-30,2008-09-30,2021-10-16,-693000.0,2516984000.0,2547369250.0,1486560000.0,1030424000.0,0.413,2.694,-99729000.0,311738000.0,311738000.0,411465000.0,307088000.0,6.712,1.545,1149504000.0,0.0,1149504000.0,1149504000.0,103507000.0,95466000.0,0.0,0.044,0.649,386644000.0,482110000.0,0.459,482110000.0,386644000.0,362637000.0,0.81,0.79,0.81,989168000.0,1060278500.0,989168000.0,5883496985.0,15.0,12.204,387028000.0,1.054,1.0,639431000.0,0.608,43067000.0,24007000.0,3090204000.0,2879010500.0,126835000.0,1207958000.0,796677000.0,411281000.0,1527816000.0,221479000.0,1306337000.0,5418844985.0,137513000.0,27523000.0,-1064880000.0,1127000000.0,-249890000.0,-171768000.0,-177476000.0,-102330000.0,486757000.0,0.0,307088000.0,307088000.0,307088000.0,0.0,0.0,0.292,331409000.0,308022000.0,60514000.0,0.801,5.478,17.646,18.167,543122000.0,0.0,14.715,5.156,5.142,120888000.0,1330952000.0,1050896000.0,1050896000.0,124707000.0,0.121,0.29,0.134,0.368,34236000.0,179939000.0,1.0,368253142.0,367230000,375872000.0,2.862,2473917000.0,67150000.0,55549000.0,122830000.0,6.737,1265081000.0
52,MCHP,MRT,2008-06-30,2008-06-30,2008-06-30,2021-10-16,-711000.0,2543438000.0,2480293000.0,1431335000.0,1112103000.0,0.419,2.85,-64720000.0,685575000.0,685575000.0,409847000.0,292047000.0,7.358,1.417,1150227000.0,0.0,1150227000.0,1150227000.0,97125000.0,96944000.0,0.0,0.041,0.627,357784000.0,454728000.0,0.437,454728000.0,357784000.0,340647000.0,0.745,0.725,0.745,1052528000.0,1298479750.0,1052528000.0,6310841258.0,18.0,13.878,383050000.0,1.037,1.0,629990000.0,0.606,43217000.0,17137000.0,2770352000.0,2568086500.0,125798000.0,867143000.0,353588000.0,513555000.0,1490910000.0,194521000.0,1296389000.0,5648449258.0,517572000.0,27523000.0,-1109833000.0,1127000000.0,-251817000.0,-216962000.0,286764000.0,328812000.0,447770000.0,0.0,292047000.0,292047000.0,292047000.0,0.0,0.0,0.281,326712000.0,303278000.0,47769000.0,0.842,5.367,19.341,20.497,520790000.0,0.0,15.27,5.432,5.424,135753000.0,1316609000.0,1039837000.0,1039837000.0,122670000.0,0.118,0.225,0.139,0.344,33899000.0,177279000.0,1.0,369904994.0,369326000,382098000.0,2.815,2500221000.0,66619000.0,48600000.0,117674000.0,6.77,1236814000.0
53,MCHP,MRT,2008-03-31,2008-03-31,2008-03-31,2021-10-16,2508000.0,2512307000.0,2435019000.0,1717730000.0,794577000.0,0.425,2.5,-68102000.0,487736000.0,487736000.0,410799000.0,296793000.0,8.99,1.424,1150128000.0,0.0,1150128000.0,1150128000.0,95441000.0,100076000.0,0.0,0.037,0.603,358951000.0,459027000.0,0.443,459027000.0,358951000.0,349456000.0,0.715,0.7,0.715,1036223000.0,1550608750.0,1036223000.0,6498655211.0,18.0,14.157,379205000.0,0.915,1.0,624938000.0,0.603,43499000.0,9495000.0,2940119000.0,2367446250.0,124483000.0,1031328000.0,837054000.0,194274000.0,1476084000.0,191081000.0,1285003000.0,6179557211.0,320259000.0,27523000.0,-1078928000.0,1127000000.0,-251959000.0,-182703000.0,55655000.0,101246000.0,447307000.0,0.0,296793000.0,296793000.0,296793000.0,0.0,0.0,0.287,323273000.0,301665000.0,39317000.0,0.843,5.964,20.821,22.888,522305000.0,0.0,16.365,5.966,6.548,138319000.0,1301275000.0,1035737000.0,1035737000.0,120864000.0,0.122,0.191,0.152,0.347,33576000.0,175646000.0,1.0,377608140.0,414440000,424096000.0,2.499,2468808000.0,63261000.0,52663000.0,112311000.0,5.957,1526649000.0
54,MCHP,MRT,2007-12-31,2007-12-31,2007-12-31,2021-10-16,-168000.0,2616748000.0,2374327500.0,1797222000.0,819526000.0,0.435,2.81,-56501000.0,831005000.0,831005000.0,412590000.0,348804000.0,10.165,1.25,1150103000.0,0.0,1150103000.0,1150103000.0,93349000.0,104984000.0,0.0,0.037,0.575,363421000.0,468405000.0,0.453,468405000.0,363421000.0,361516000.0,0.815,0.795,0.815,1163195000.0,1792645000.0,1163195000.0,6557216789.0,18.0,13.999,375578000.0,0.907,1.0,620905000.0,0.601,43675000.0,1905000.0,2715367000.0,2083867000.0,124801000.0,822395000.0,607011000.0,215384000.0,1453553000.0,176804000.0,1276749000.0,6731441789.0,677728000.0,27523000.0,-893797000.0,1097500000.0,-248964000.0,-20310000.0,265959000.0,299825000.0,432079000.0,0.0,348804000.0,348804000.0,348804000.0,0.0,0.0,0.337,288920000.0,331985000.0,35596000.0,0.706,5.787,19.299,19.276,524769000.0,0.0,15.71,6.513,6.293,114396000.0,1284989000.0,1033495000.0,1033495000.0,117905000.0,0.147,0.195,0.174,0.352,33125000.0,171015000.0,1.0,428481336.0,414004000,422674000.0,2.496,2573073000.0,60658000.0,12712000.0,111512000.0,6.215,1620418000.0
55,MCHP,MRT,2007-09-30,2007-09-30,2007-09-30,2021-10-16,-3015000.0,2248679000.0,2289755500.0,1242511000.0,1006168000.0,0.451,4.479,-60370000.0,174225000.0,174225000.0,414331000.0,341529000.0,6.685,0.158,0.0,0.0,0.0,0.0,93383000.0,110752000.0,0.0,0.03,0.545,367253000.0,478005000.0,0.463,478005000.0,367253000.0,366093000.0,0.79,0.77,0.79,1941973000.0,1974219250.0,1941973000.0,7777474935.0,21.0,16.271,346701000.0,0.8,1.0,617568000.0,0.598,42085000.0,1160000.0,1846508000.0,1839815000.0,124587000.0,1074624000.0,659081000.0,415543000.0,306706000.0,185861000.0,120845000.0,7945477935.0,41656000.0,0.0,-76871000.0,-80800000.0,-236539000.0,-368935000.0,3520000.0,66924000.0,407071000.0,0.0,341529000.0,341529000.0,341529000.0,0.0,0.0,0.331,283341000.0,334227000.0,39654000.0,0.69,4.091,23.264,22.987,536316000.0,0.0,18.16,7.7,7.631,125912000.0,1271242000.0,1031899000.0,1031899000.0,115642000.0,0.149,0.173,0.2,0.356,31802000.0,167699000.0,1.0,437526318.0,433594000,444008000.0,2.38,2206594000.0,64361000.0,24564000.0,106031000.0,5.089,1056650000.0
56,MCHP,MRT,2007-06-30,2007-06-30,2007-06-30,2021-10-16,-8191000.0,2362342000.0,2300400750.0,1084086000.0,1278256000.0,0.453,4.609,-67341000.0,168003000.0,168003000.0,416369000.0,360338000.0,5.819,0.146,0.0,0.0,0.0,0.0,89932000.0,114550000.0,0.0,0.028,0.515,403465000.0,518015000.0,0.498,518015000.0,403465000.0,400538000.0,0.835,0.815,0.835,2061044000.0,1951142250.0,2061044000.0,7920301193.0,20.0,15.29,355255000.0,0.794,1.0,624817000.0,0.6,40262000.0,2927000.0,1967791000.0,1821399500.0,123767000.0,1175478000.0,553569000.0,621909000.0,301298000.0,186286000.0,115012000.0,8087778193.0,31347000.0,0.0,72936000.0,-137500000.0,-222953000.0,-263169000.0,-128080000.0,-59716000.0,422596000.0,0.0,360338000.0,360338000.0,360338000.0,0.0,0.0,0.346,281668000.0,343149000.0,48472000.0,0.617,3.924,22.445,22.18,604772000.0,0.0,18.52,7.768,7.954,127320000.0,1274660000.0,1041186000.0,1041186000.0,115420000.0,0.157,0.185,0.222,0.388,29771000.0,166248000.0,1.0,436705086.0,447184000,436222000.0,2.328,2322080000.0,63270000.0,40200000.0,107890000.0,5.193,897800000.0
57,MCHP,MRT,2007-03-31,2007-03-31,2007-03-31,2021-10-16,-7169000.0,2269541000.0,2283488000.0,1084737000.0,1184804000.0,0.455,4.651,-58293000.0,167477000.0,167477000.0,414915000.0,357029000.0,4.239,0.132,0.0,0.0,0.0,0.0,91363000.0,116171000.0,0.0,0.027,0.482,406506000.0,522677000.0,0.503,522677000.0,406506000.0,401090000.0,0.83,0.81,0.83,2004368000.0,1882833500.0,2004368000.0,7553993327.0,19.0,14.453,371476000.0,0.862,1.0,624756000.0,0.601,40342000.0,5416000.0,1805802000.0,1769373250.0,121024000.0,1110910000.0,583000000.0,527910000.0,265173000.0,255920000.0,9253000.0,7677770327.0,-397796000.0,0.0,68723000.0,-268954000.0,-207898000.0,-385341000.0,-442224000.0,-383087000.0,429769000.0,0.0,357029000.0,357029000.0,357029000.0,0.0,0.0,0.343,276945000.0,347811000.0,34675000.0,0.581,3.831,21.505,21.404,605722000.0,0.0,17.765,7.385,7.364,124559000.0,1255486000.0,1039671000.0,1039671000.0,113698000.0,0.156,0.19,0.23,0.391,27453000.0,163247000.0,1.0,432185214.0,430996000,441696000.0,2.412,2229199000.0,61983000.0,44061000.0,0.0,5.172,828817000.0
58,MCHP,MRT,2006-12-31,2006-12-31,2006-12-31,2021-10-16,-9487000.0,2278460000.0,2303751750.0,1066544000.0,1211916000.0,0.447,4.38,-82625000.0,153277000.0,153277000.0,409966000.0,304889000.0,2.845,0.206,29500000.0,29500000.0,0.0,29500000.0,92135000.0,115368000.0,0.0,0.027,0.445,406786000.0,522154000.0,0.508,522154000.0,406786000.0,401170000.0,0.71,0.695,0.71,1889492000.0,1813288750.0,1889492000.0,7004796726.0,17.0,13.415,389464000.0,0.903,1.0,618701000.0,0.601,40653000.0,5616000.0,1739159000.0,1668906000.0,121850000.0,1111283000.0,575275000.0,536008000.0,388968000.0,374871000.0,14097000.0,7056565726.0,-4175000.0,0.0,74552000.0,-15954000.0,-191023000.0,-117777000.0,-358487000.0,-274298000.0,472089000.0,0.0,304889000.0,304889000.0,304889000.0,0.0,0.0,0.296,266727000.0,351974000.0,34742000.0,0.627,3.735,23.145,23.028,624996000.0,0.0,16.35,6.86,6.857,120085000.0,1185152000.0,1028667000.0,1028667000.0,109668000.0,0.132,0.168,0.244,0.395,31753000.0,157059000.0,1.0,431594234.0,431420000,441840000.0,2.384,2237807000.0,68991000.0,96281000.0,0.0,5.187,691673000.0
59,MCHP,MRT,2006-09-30,2006-09-30,2006-09-30,2021-10-16,-9974000.0,2291260000.0,2235754250.0,948901000.0,1342359000.0,0.453,4.301,-84499000.0,132569000.0,132569000.0,403298000.0,272164000.0,2.229,0.239,80800000.0,80800000.0,0.0,80800000.0,98207000.0,112871000.0,0.0,0.025,0.4,403672000.0,516543000.0,0.51,516543000.0,403672000.0,398387000.0,0.635,0.625,0.635,1849665000.0,1753198500.0,1849665000.0,6968926958.0,17.0,13.491,400498000.0,0.931,1.0,609261000.0,0.602,40938000.0,5285000.0,1772846000.0,1612963750.0,117584000.0,1132859000.0,479446000.0,653413000.0,441595000.0,425707000.0,15888000.0,6968082958.0,22489000.0,0.0,88898000.0,35346000.0,-170715000.0,-35221000.0,-427287000.0,-341243000.0,484997000.0,0.0,272164000.0,272164000.0,272164000.0,0.0,0.0,0.269,254181000.0,355080000.0,41580000.0,0.63,3.767,25.603,25.528,638592000.0,0.0,16.21,6.882,6.885,123112000.0,1166254000.0,1012559000.0,1012559000.0,105002000.0,0.122,0.155,0.25,0.399,32561000.0,149179000.0,1.0,429863230.0,430050000,440256000.0,2.355,2250322000.0,69629000.0,126223000.0,0.0,5.233,523194000.0
60,MCHP,MRT,2006-06-30,2006-06-30,2006-06-30,2021-10-16,-15280000.0,2294691000.0,2152463000.0,1105969000.0,1188722000.0,0.452,4.174,-76375000.0,136656000.0,136656000.0,390067000.0,258329000.0,2.236,0.284,137500000.0,137500000.0,0.0,137500000.0,110911000.0,111094000.0,0.0,0.021,0.345,384206000.0,495300000.0,0.51,495300000.0,384206000.0,380183000.0,0.605,0.6,0.605,1787809000.0,1693942250.0,1787809000.0,6896137314.0,18.0,13.923,396754000.0,0.926,1.0,581856000.0,0.599,41150000.0,4023000.0,1759686000.0,1550808250.0,116642000.0,1107401000.0,617133000.0,490268000.0,506882000.0,494699000.0,12183000.0,7192456314.0,-4716000.0,0.0,93209000.0,92046000.0,-146378000.0,45991000.0,-523836000.0,-445647000.0,473129000.0,0.0,258329000.0,258329000.0,258329000.0,0.0,0.0,0.266,238840000.0,343016000.0,41453000.0,0.57,4.023,27.842,27.727,648542000.0,0.0,16.775,7.4,7.393,137196000.0,1137276000.0,971923000.0,971923000.0,99555000.0,0.12,0.153,0.248,0.395,30340000.0,139285000.0,1.0,428760436.0,428350000,439582000.0,2.269,2253541000.0,77049000.0,121854000.0,0.0,5.261,611270000.0
61,MCHP,MRT,2006-03-31,2006-03-31,2006-03-31,2021-10-16,-13913000.0,2350596000.0,2051805000.0,1118829000.0,1231767000.0,0.452,4.108,-74953000.0,565273000.0,565273000.0,377016000.0,242369000.0,1.837,0.362,268954000.0,268954000.0,0.0,268954000.0,99481000.0,110682000.0,0.0,0.016,0.285,361152000.0,471834000.0,0.509,471834000.0,361152000.0,359185000.0,0.575,0.565,0.575,1726189000.0,1635319000.0,1726189000.0,7621871674.0,21.0,16.154,362370000.0,0.862,1.0,550877000.0,0.594,41375000.0,1967000.0,1403933000.0,1470278500.0,115024000.0,719851000.0,199491000.0,520360000.0,624407000.0,608969000.0,15438000.0,7733869674.0,496543000.0,0.0,92431000.0,223500000.0,-120109000.0,195822000.0,-136602000.0,-59054000.0,437323000.0,0.0,242369000.0,242369000.0,242369000.0,0.0,0.0,0.261,224513000.0,326364000.0,50847000.0,0.496,4.48,31.909,31.565,659972000.0,0.0,18.15,8.335,8.219,139361000.0,1106355000.0,927893000.0,927893000.0,94926000.0,0.118,0.148,0.246,0.389,29955000.0,129587000.0,1.0,426108522.0,420208000,430048000.0,2.208,2309221000.0,78544000.0,116816000.0,0.0,5.495,509860000.0
62,MCHP,MRT,2005-12-31,2005-12-31,2005-12-31,2021-10-16,-11618000.0,2006470000.0,1918544500.0,1302186000.0,704284000.0,0.463,3.911,-49365000.0,157452000.0,157452000.0,367122000.0,223204000.0,3.855,0.217,45454000.0,45454000.0,0.0,45454000.0,84673000.0,112207000.0,0.0,0.014,0.225,335790000.0,447997000.0,0.504,447997000.0,335790000.0,333967000.0,0.53,0.53,0.53,1649131000.0,1575205250.0,1649131000.0,6692696269.0,20.0,14.939,330956000.0,0.785,1.0,521682000.0,0.587,41327000.0,1823000.0,1515390000.0,1480904750.0,114639000.0,834898000.0,834898000.0,0.0,357339000.0,337755000.0,19584000.0,6757322269.0,81269000.0,0.0,70012000.0,1202000.0,-94118000.0,-22904000.0,-276148000.0,-225079000.0,380321000.0,0.0,223204000.0,223204000.0,223204000.0,0.0,0.0,0.251,216650000.0,305032000.0,36356000.0,0.425,4.098,30.274,30.33,653560000.0,0.0,16.075,7.603,7.626,111975000.0,1071281000.0,888804000.0,888804000.0,93740000.0,0.116,0.142,0.227,0.378,18812000.0,122910000.0,1.0,420362194.0,421672000,431334000.0,2.108,1965143000.0,62714000.0,110763000.0,0.0,4.66,964431000.0
63,MCHP,MRT,2005-09-30,2005-09-30,2005-09-30,2021-10-16,-9512000.0,1958095000.0,1863255250.0,1245219000.0,712876000.0,0.461,3.85,-53197000.0,110080000.0,110080000.0,361092000.0,236220000.0,3.801,0.214,45454000.0,45454000.0,0.0,45454000.0,88963000.0,115646000.0,0.0,0.011,0.171,312352000.0,427998000.0,0.498,427998000.0,312352000.0,310817000.0,0.565,0.56,0.565,1612640000.0,1522782500.0,1612640000.0,6204985371.0,20.0,14.498,317609000.0,0.758,1.0,498200000.0,0.58,41652000.0,1535000.0,1524224000.0,1454088000.0,110226000.0,792410000.0,792410000.0,0.0,345455000.0,327593000.0,17862000.0,6300903371.0,34855000.0,0.0,58486000.0,3179000.0,-71225000.0,-9560000.0,-326391000.0,-271666000.0,370806000.0,0.0,236220000.0,236220000.0,236220000.0,0.0,0.0,0.275,212134000.0,286066000.0,32629000.0,0.303,3.907,26.674,26.655,662592000.0,0.0,15.06,7.333,7.341,120500000.0,1064804000.0,859292000.0,859292000.0,93473000.0,0.127,0.155,0.215,0.363,15623000.0,118661000.0,1.0,418386678.0,418848000,429376000.0,2.052,1916443000.0,90600000.0,74597000.0,0.0,4.576,917626000.0
64,MCHP,MRT,2005-06-30,2005-06-30,2005-06-30,2021-10-16,-5493000.0,1892059000.0,1798313500.0,1162610000.0,729449000.0,0.474,3.727,-63290000.0,141372000.0,141372000.0,362667000.0,231010000.0,3.665,0.218,45454000.0,45454000.0,0.0,45454000.0,90062000.0,119020000.0,0.0,0.009,0.132,305199000.0,424219000.0,0.498,424219000.0,305199000.0,303962000.0,0.555,0.55,0.555,1553316000.0,1464601250.0,1553316000.0,6152200584.0,20.0,14.502,278942000.0,0.669,1.0,490021000.0,0.575,41343000.0,1237000.0,1437567000.0,1405804500.0,103839000.0,673667000.0,673667000.0,0.0,338743000.0,317231000.0,21512000.0,6175476584.0,54486000.0,0.0,7085000.0,45454000.0,-54526000.0,-1987000.0,-285759000.0,-221469000.0,342232000.0,0.0,231010000.0,231010000.0,231010000.0,0.0,0.0,0.271,208199000.0,281822000.0,33189000.0,0.238,3.976,26.733,26.685,680123000.0,0.0,14.81,7.242,7.239,130614000.0,1025324000.0,852688000.0,852688000.0,93154000.0,0.128,0.158,0.217,0.358,14334000.0,115045000.0,1.0,416980188.0,416792000,426210000.0,2.046,1850716000.0,95863000.0,72952000.0,0.0,4.44,845379000.0
65,MCHP,MRT,2005-03-31,2005-03-31,2005-03-31,2021-10-16,-9718000.0,1817554000.0,1736476000.0,1075348000.0,742206000.0,0.488,3.593,-61552000.0,68730000.0,68730000.0,362961000.0,213785000.0,3.507,0.223,45454000.0,45454000.0,0.0,45454000.0,91730000.0,120466000.0,0.0,0.008,0.104,278208000.0,398674000.0,0.471,398674000.0,278208000.0,277268000.0,0.515,0.505,0.515,1485734000.0,1415054500.0,1485734000.0,5358642306.0,19.0,13.441,291158000.0,0.704,1.0,483975000.0,0.571,41175000.0,940000.0,1446438000.0,1360026250.0,103728000.0,665874000.0,665874000.0,0.0,331820000.0,306665000.0,25155000.0,5390573306.0,-36604000.0,0.0,-21042000.0,45454000.0,-42997000.0,-18585000.0,-370729000.0,-309177000.0,352710000.0,0.0,213785000.0,213785000.0,213785000.0,0.0,0.0,0.252,225328000.0,258647000.0,34328000.0,0.202,3.628,25.215,25.252,693302000.0,0.0,13.005,6.365,6.349,113088000.0,984095000.0,846936000.0,846936000.0,93040000.0,0.123,0.151,0.205,0.328,15296000.0,111188000.0,1.0,414500062.0,413480000,423924000.0,2.048,1776379000.0,105097000.0,63483000.0,0.0,4.296,768683000.0
66,MCHP,MRT,2004-12-31,2004-12-31,2004-12-31,2021-10-16,-3396000.0,1785313000.0,1687623250.0,1082671000.0,702642000.0,0.492,3.482,-76875000.0,76183000.0,76183000.0,359528000.0,204227000.0,3.558,0.24,44252000.0,44252000.0,0.0,44252000.0,95248000.0,120036000.0,0.0,0.007,0.087,266629000.0,386665000.0,0.466,386665000.0,266629000.0,265934000.0,0.495,0.485,0.495,1439440000.0,1373750250.0,1439440000.0,5453363424.0,20.0,14.104,313689000.0,0.759,1.0,470849000.0,0.567,40997000.0,695000.0,1408123000.0,1299595250.0,97760000.0,619606000.0,619606000.0,0.0,345873000.0,304262000.0,41611000.0,5486313424.0,18009000.0,0.0,-72775000.0,44252000.0,-35777000.0,-64300000.0,-308255000.0,-231380000.0,390564000.0,0.0,204227000.0,204227000.0,204227000.0,0.0,0.0,0.246,220986000.0,249863000.0,40309000.0,0.176,3.811,26.864,26.859,654168000.0,0.0,13.295,6.607,6.619,105453000.0,942198000.0,830377000.0,830377000.0,91810000.0,0.121,0.149,0.205,0.321,26001000.0,108076000.0,1.0,412659904.0,413412000,423454000.0,2.009,1744316000.0,102489000.0,61707000.0,0.0,4.219,778409000.0
67,MCHP,MRT,2004-09-30,2004-09-30,2004-09-30,2021-10-16,-1173000.0,1698328000.0,1636679500.0,986257000.0,712071000.0,0.491,3.346,-73583000.0,75225000.0,75225000.0,351880000.0,191930000.0,3.367,0.231,42275000.0,42275000.0,0.0,42275000.0,100990000.0,117377000.0,0.0,0.006,0.075,251458000.0,368835000.0,0.459,368835000.0,251458000.0,250982000.0,0.465,0.455,0.465,1379915000.0,1344038500.0,1379915000.0,5438549200.0,22.0,14.745,309362000.0,0.75,1.0,451080000.0,0.562,41336000.0,476000.0,1331090000.0,1259414000.0,89915000.0,530635000.0,530635000.0,0.0,318413000.0,292952000.0,25461000.0,5525435200.0,30763000.0,0.0,-63976000.0,42275000.0,-31248000.0,-52949000.0,-299233000.0,-225650000.0,382945000.0,0.0,191930000.0,191930000.0,191930000.0,0.0,0.0,0.239,212987000.0,238093000.0,38280000.0,0.161,4.004,28.789,28.86,663141000.0,0.0,13.42,6.881,6.892,120702000.0,899811000.0,802960000.0,802960000.0,89558000.0,0.117,0.143,0.2,0.313,35526000.0,103076000.0,1.0,411731386.0,412382000,422806000.0,1.947,1656992000.0,89023000.0,59052000.0,0.0,4.018,693305000.0
68,MCHP,MRT,2004-06-30,2004-06-30,2004-06-30,2021-10-16,-5760000.0,1644709000.0,1585170250.0,921835000.0,722874000.0,0.474,3.278,-63660000.0,86886000.0,86886000.0,334855000.0,167591000.0,3.523,0.214,0.0,0.0,0.0,0.0,93632000.0,112957000.0,0.0,0.004,0.065,220244000.0,333201000.0,0.444,333201000.0,220244000.0,219913000.0,0.41,0.395,0.41,1355129000.0,1311618500.0,1355129000.0,6417075708.0,29.0,19.259,316090000.0,0.765,1.0,415897000.0,0.554,41673000.0,331000.0,1254454000.0,1224004750.0,90575000.0,451978000.0,451978000.0,0.0,289580000.0,261696000.0,27884000.0,6522409708.0,39237000.0,0.0,-15651000.0,0.0,-26694000.0,-42345000.0,-298168000.0,-233808000.0,379750000.0,0.0,167591000.0,167591000.0,167591000.0,0.0,0.0,0.223,205261000.0,210636000.0,37759000.0,0.159,4.813,38.919,38.463,673576000.0,0.0,15.77,8.688,8.683,112519000.0,848840000.0,750752000.0,750752000.0,87388000.0,0.106,0.128,0.18,0.293,40631000.0,97520000.0,1.0,413596050.0,413388000,425928000.0,1.816,1603036000.0,101297000.0,52322000.0,0.0,3.878,660139000.0
69,MCHP,MRT,2004-03-31,2004-03-31,2004-03-31,2021-10-16,733000.0,1622143000.0,1532091750.0,883945000.0,738198000.0,0.456,3.205,-61178000.0,105334000.0,105334000.0,349301000.0,137262000.0,3.273,0.228,0.0,0.0,0.0,0.0,84816000.0,142235000.0,0.0,0.004,0.056,178145000.0,320380000.0,0.458,320380000.0,178145000.0,177896000.0,0.335,0.325,0.335,1320517000.0,1271444000.0,1320517000.0,5439747710.0,31.0,16.979,281902000.0,0.684,1.0,349959000.0,0.5,42044000.0,249000.0,1204714000.0,1193557000.0,94514000.0,369216000.0,369216000.0,0.0,301626000.0,270051000.0,31575000.0,5497921710.0,51425000.0,0.0,-714000.0,0.0,-23321000.0,-24035000.0,-267620000.0,-205742000.0,343080000.0,0.0,137262000.0,137262000.0,137262000.0,0.0,0.0,0.196,178665000.0,171294000.0,61184000.0,0.167,4.163,40.054,39.433,689206000.0,0.0,13.21,7.862,7.784,107890000.0,813307000.0,699260000.0,699260000.0,85389000.0,0.09,0.108,0.149,0.255,37639000.0,92411000.0,1.0,416193922.0,412064000,424344000.0,1.697,1580099000.0,126046000.0,40634000.0,0.0,3.835,613894000.0
70,MCHP,MRT,2003-12-31,2003-12-31,2003-12-31,2021-10-16,0.0,1581538000.0,1483624750.0,838741000.0,742797000.0,0.45,3.188,-55349000.0,58174000.0,58174000.0,336994000.0,123455000.0,3.591,0.198,0.0,0.0,0.0,0.0,76852000.0,141745000.0,0.0,0.003,0.049,159651000.0,301396000.0,0.452,301396000.0,159651000.0,159362000.0,0.31,0.29,0.31,1320593000.0,1236052000.0,1320593000.0,6877663204.0,43.0,22.819,249303000.0,0.602,1.0,330408000.0,0.495,42422000.0,289000.0,1247398000.0,1171393500.0,96175000.0,392266000.0,392266000.0,0.0,260945000.0,233544000.0,27401000.0,6922125204.0,9838000.0,0.0,29741000.0,0.0,-20103000.0,9638000.0,-304452000.0,-242371000.0,304652000.0,0.0,123455000.0,123455000.0,123455000.0,0.0,0.0,0.185,175376000.0,155032000.0,33944000.0,0.158,5.242,56.07,53.823,693678000.0,0.0,16.685,10.372,10.357,92173000.0,773747000.0,667402000.0,667402000.0,85031000.0,0.083,0.1,0.136,0.239,26583000.0,89480000.0,1.0,414871154.0,414284000,430688000.0,1.611,1539116000.0,121994000.0,35907000.0,0.0,3.715,605197000.0
71,MCHP,MRT,2003-09-30,2003-09-30,2003-09-30,2021-10-16,0.0,1492291000.0,1440853500.0,739721000.0,752570000.0,0.456,3.048,-58234000.0,44462000.0,44462000.0,330626000.0,118994000.0,3.432,0.194,0.0,0.0,0.0,0.0,70671000.0,141705000.0,0.0,0.004,0.044,153425000.0,295130000.0,0.449,295130000.0,153425000.0,153074000.0,0.3,0.28,0.3,1250235000.0,1199715750.0,1250235000.0,4861515017.0,32.0,16.472,218534000.0,0.533,1.0,326283000.0,0.497,42843000.0,351000.0,1189453000.0,1104247250.0,103798000.0,306415000.0,306415000.0,0.0,242056000.0,215533000.0,26523000.0,4909164017.0,-1188000.0,-205000.0,15893000.0,0.0,-17941000.0,-2048000.0,-275908000.0,-210737000.0,276768000.0,0.0,118994000.0,118994000.0,118994000.0,0.0,0.0,0.181,176962000.0,149321000.0,27968000.0,0.147,3.927,41.256,39.933,703272000.0,0.0,11.98,7.473,7.48,90785000.0,739128000.0,656909000.0,656909000.0,86496000.0,0.083,0.099,0.139,0.234,16390000.0,88854000.0,1.0,409779968.0,410178000,425156000.0,1.602,1449448000.0,115721000.0,34080000.0,0.0,3.534,524188000.0
72,MCHP,MRT,2003-06-30,2003-06-30,2003-06-30,2021-10-16,0.0,1432395000.0,1404276500.0,661858000.0,770537000.0,0.467,2.929,-64845000.0,47649000.0,47649000.0,329812000.0,92386000.0,3.16,0.199,0.0,0.0,0.0,0.0,70775000.0,142679000.0,0.0,0.003,0.032,109513000.0,252192000.0,0.385,252192000.0,109513000.0,109102000.0,0.235,0.22,0.235,1194431000.0,1169790500.0,1194431000.0,4990198915.0,46.0,19.787,191885000.0,0.471,1.0,325389000.0,0.497,42645000.0,411000.0,1132663000.0,1053148250.0,108287000.0,224953000.0,224953000.0,0.0,237964000.0,209438000.0,28526000.0,5044107915.0,-14871000.0,-184717000.0,443000.0,0.0,-13022000.0,-12579000.0,-259022000.0,-3428000.0,256730000.0,0.0,92386000.0,92386000.0,92386000.0,0.0,0.0,0.141,220326000.0,105063000.0,26076000.0,0.136,4.223,54.598,52.66,719331000.0,0.0,12.375,7.699,7.702,88168000.0,707943000.0,655201000.0,655201000.0,87685000.0,0.066,0.079,0.104,0.167,12483000.0,89529000.0,1.0,407604680.0,407806000,420314000.0,1.607,1389750000.0,116478000.0,16716000.0,0.0,3.408,452420000.0
73,MCHP,MRT,2003-03-31,2003-03-31,2003-03-31,2021-10-16,0.0,1428275000.0,1379855000.0,609109000.0,819166000.0,0.472,2.911,-79779000.0,53909000.0,53909000.0,299227000.0,88232000.0,2.831,0.211,0.0,0.0,0.0,0.0,70988000.0,111076000.0,0.0,0.002,0.02,117382000.0,228458000.0,0.351,228458000.0,117382000.0,116889000.0,0.22,0.21,0.22,1178949000.0,1149939000.0,1178949000.0,3850397513.0,33.0,16.854,180408000.0,0.445,1.0,352235000.0,0.541,43176000.0,493000.0,1116060000.0,976849750.0,102344000.0,162602000.0,162602000.0,0.0,249326000.0,215130000.0,34196000.0,4048628513.0,-119688000.0,-235391000.0,5008000.0,0.0,-8129000.0,-3121000.0,-376754000.0,-55552000.0,260187000.0,0.0,88232000.0,88232000.0,88232000.0,0.0,0.0,0.135,228118000.0,124117000.0,34143000.0,0.091,3.434,45.886,45.227,767933000.0,0.0,9.95,6.215,6.185,95387000.0,699366000.0,651462000.0,651462000.0,87963000.0,0.064,0.077,0.12,0.18,17951000.0,89355000.0,1.0,406897338.0,404966000,421292000.0,1.609,1385099000.0,116481000.0,28657000.0,0.0,3.42,393979000.0
74,MCHP,MRT,2002-12-31,2002-12-31,2002-12-31,2021-10-16,0.0,1410453000.0,1341686250.0,586876000.0,823577000.0,0.477,2.893,-71843000.0,198231000.0,198231000.0,299754000.0,81510000.0,2.971,0.2,0.0,0.0,0.0,0.0,46240000.0,109346000.0,0.0,0.001,0.01,107665000.0,217011000.0,0.339,217011000.0,107665000.0,107169000.0,0.21,0.19,0.21,1175248000.0,1124146500.0,1175248000.0,4824080886.0,45.0,22.23,198957000.0,0.49,1.0,340883000.0,0.532,35879000.0,496000.0,978813000.0,931227250.0,93961000.0,0.0,0.0,0.0,235205000.0,197530000.0,37675000.0,4965408886.0,-184597000.0,-235391000.0,-4531000.0,-2138000.0,-4061000.0,-10730000.0,-444667000.0,-137433000.0,270800000.0,0.0,81510000.0,81510000.0,81510000.0,0.0,0.0,0.127,226195000.0,114688000.0,36621000.0,0.048,4.225,60.918,58.214,777753000.0,0.0,12.225,7.751,7.752,93375000.0,684219000.0,640637000.0,640637000.0,86759000.0,0.061,0.073,0.116,0.168,20681000.0,88636000.0,1.0,406168416.0,406218000,421858000.0,1.577,1374574000.0,120731000.0,25659000.0,0.0,3.384,389346000.0
75,MCHP,MRT,2002-09-30,2002-09-30,2002-09-30,2021-10-16,0.0,1345983000.0,1294209750.0,515720000.0,830263000.0,0.475,2.798,-56404000.0,141328000.0,141328000.0,295892000.0,68705000.0,2.81,0.191,0.0,0.0,0.0,0.0,46148000.0,109494000.0,0.0,0.0,0.0,90004000.0,199498000.0,0.324,199498000.0,90004000.0,89511000.0,0.18,0.16,0.18,1130534000.0,1096300750.0,1130534000.0,3844917362.0,43.0,19.273,196783000.0,0.487,1.0,319128000.0,0.519,36079000.0,493000.0,985057000.0,899296750.0,92142000.0,0.0,0.0,0.0,215449000.0,183519000.0,31930000.0,4128962362.0,-113031000.0,-235186000.0,8588000.0,0.0,0.0,8588000.0,-374806000.0,-83216000.0,253187000.0,0.0,68705000.0,68705000.0,68705000.0,0.0,0.0,0.112,222720000.0,96408000.0,33962000.0,0.0,3.652,60.097,56.806,784276000.0,0.0,10.225,6.714,6.718,89919000.0,651243000.0,615020000.0,615020000.0,85845000.0,0.053,0.063,0.1,0.146,22081000.0,86075000.0,1.0,403810500.0,404094000,419284000.0,1.522,1309904000.0,112102000.0,20806000.0,0.0,3.242,332201000.0
76,MCHP,MRT,2002-06-30,2002-06-30,2002-06-30,2021-10-16,0.0,1334709000.0,1252057500.0,572955000.0,761754000.0,0.471,2.77,-57413000.0,284045000.0,284045000.0,290207000.0,82357000.0,3.058,0.197,0.0,0.0,0.0,0.0,48358000.0,108724000.0,0.0,0.0,0.0,117233000.0,225957000.0,0.383,225957000.0,117233000.0,116737000.0,0.215,0.19,0.215,1115025000.0,1067187500.0,1115025000.0,5235892547.0,45.0,23.172,176599000.0,0.439,1.0,299697000.0,0.508,35827000.0,496000.0,827469000.0,869840250.0,88747000.0,0.0,0.0,0.0,219684000.0,187368000.0,32316000.0,5516539547.0,-63437000.0,-50674000.0,19701000.0,0.0,0.0,19701000.0,-317150000.0,-209063000.0,234012000.0,0.0,82357000.0,82357000.0,82357000.0,0.0,0.0,0.14,176089000.0,123608000.0,37604000.0,0.0,4.947,66.983,63.791,713399000.0,0.0,13.715,9.352,9.36,83710000.0,640980000.0,589904000.0,589904000.0,83676000.0,0.066,0.077,0.135,0.199,24601000.0,83113000.0,1.0,402226726.0,402584000,423054000.0,1.465,1298882000.0,99808000.0,34380000.0,0.0,3.226,385587000.0
77,MCHP,MRT,2002-03-31,2002-03-31,2002-03-31,2021-10-16,0.0,1275600000.0,1203897250.0,549176000.0,726424000.0,0.475,2.7,-44153000.0,173597000.0,173597000.0,284518000.0,94814000.0,3.277,0.186,0.0,0.0,0.0,0.0,40800000.0,109039000.0,0.0,0.0,0.0,127758000.0,236797000.0,0.415,236797000.0,127758000.0,127191000.0,0.24,0.225,0.24,1075779000.0,1031449000.0,1075779000.0,5319784849.0,42.0,22.466,134673000.0,0.338,1.0,286736000.0,0.502,835000.0,567000.0,933570000.0,877360000.0,88615000.0,107050000.0,107050000.0,0.0,199821000.0,167598000.0,32223000.0,5563041849.0,56150000.0,0.0,16065000.0,0.0,0.0,16065000.0,-138741000.0,-94588000.0,178826000.0,0.0,94814000.0,94814000.0,94814000.0,0.0,0.0,0.166,164265000.0,122471000.0,38292000.0,0.0,5.171,58.673,58.097,715960000.0,0.0,13.943,9.738,9.723,80747000.0,619254000.0,571254000.0,571254000.0,81650000.0,0.079,0.092,0.146,0.224,18752000.0,82615000.0,1.0,398975031.0,398368000,417814000.0,1.434,1274765000.0,83980000.0,32377000.0,0.0,3.2,381578000.0
78,MCHP,MRT,2001-12-31,2001-12-31,2001-12-31,2021-10-16,0.0,1220547000.0,1175334500.0,478629000.0,741918000.0,0.49,2.656,-69934000.0,245395000.0,245395000.0,287801000.0,80720000.0,3.793,0.147,2138000.0,2138000.0,0.0,2138000.0,41179000.0,109688000.0,0.0,0.0,0.0,110022000.0,219710000.0,0.382,219710000.0,110022000.0,109307000.0,0.205,0.195,0.205,1063865000.0,998216250.0,1063865000.0,4993396499.0,45.0,22.727,13175000.0,0.033,1.0,287978000.0,0.5,0.0,715000.0,851091000.0,853171750.0,92256000.0,0.0,0.0,0.0,156682000.0,126199000.0,30483000.0,5164539499.0,180956000.0,1330000.0,37051000.0,2138000.0,0.0,126707000.0,-28860000.0,42674000.0,83109000.0,0.0,80720000.0,80720000.0,80720000.0,0.0,0.0,0.14,183588000.0,104390000.0,31293000.0,0.0,4.855,63.981,62.992,733409000.0,0.0,12.913,8.97,8.983,64500000.0,592918000.0,575779000.0,575779000.0,81615000.0,0.069,0.081,0.129,0.191,17032000.0,84615000.0,1.0,399938526.0,400546000,419620000.0,1.437,1220547000.0,37164000.0,28587000.0,0.0,3.047,352430000.0
79,MCHP,MRT,2001-09-30,2001-09-30,2001-09-30,2021-10-16,0.0,1177374000.0,1135142750.0,412880000.0,764494000.0,0.55,2.545,-207376000.0,171143000.0,171143000.0,305595000.0,99390000.0,2.97,0.161,0.0,0.0,0.0,0.0,44198000.0,108739000.0,0.0,0.0,0.0,137357000.0,246096000.0,0.394,246096000.0,137357000.0,136587000.0,0.255,0.243,0.255,1014081000.0,929756000.0,1014081000.0,3422564214.0,25.0,13.907,-78094000.0,-0.196,1.0,318461000.0,0.51,0.0,770000.0,867231000.0,823247250.0,94155000.0,0.0,0.0,0.0,163293000.0,139000000.0,24293000.0,3560983214.0,69704000.0,1330000.0,16942000.0,0.0,0.0,106724000.0,-166302000.0,42674000.0,129282000.0,0.0,99390000.0,99390000.0,99390000.0,0.0,0.0,0.159,189673000.0,128788000.0,35877000.0,0.0,3.512,35.828,35.033,755693000.0,0.0,8.933,5.706,5.703,69977000.0,569341000.0,624056000.0,624056000.0,81349000.0,0.088,0.107,0.167,0.22,11781000.0,90966000.0,1.0,398617524.0,398418000,417174000.0,1.566,1177374000.0,36485000.0,37197000.0,0.0,2.955,273880000.0
80,MCHP,MRT,2001-06-30,2001-06-30,2001-06-30,2021-10-16,0.0,1142068000.0,1084251500.0,367812000.0,774256000.0,0.624,2.466,-346450000.0,138419000.0,138419000.0,322602000.0,122477000.0,2.518,0.175,0.0,0.0,0.0,0.0,53924000.0,108572000.0,0.0,0.0,0.0,169132000.0,277704000.0,0.41,277704000.0,169132000.0,168311000.0,0.315,0.302,0.315,972071000.0,862396500.0,972071000.0,4256772959.0,25.0,15.328,-169837000.0,-0.431,1.0,354273000.0,0.523,0.0,821000.0,857548000.0,768311250.0,96118000.0,0.0,0.0,0.0,169997000.0,146101000.0,23896000.0,4386681959.0,-10735000.0,0.0,4438000.0,0.0,0.0,119358000.0,-306706000.0,42674000.0,176613000.0,0.0,122477000.0,122477000.0,122477000.0,0.0,0.0,0.181,196100000.0,158173000.0,34585000.0,0.0,4.513,35.816,35.376,764903000.0,0.0,11.143,6.481,6.49,67383000.0,546213000.0,676875000.0,676875000.0,80695000.0,0.113,0.142,0.22,0.25,11984000.0,98047000.0,1.0,393659763.0,394206000,412770000.0,1.717,1142068000.0,45401000.0,45834000.0,0.0,2.897,221711000.0
81,MCHP,MRT,2001-03-31,2001-03-31,2001-03-31,2021-10-16,0.0,1161349000.0,1021690250.0,371559000.0,789790000.0,0.701,2.435,-438855000.0,129909000.0,129909000.0,335016000.0,142836000.0,1.909,0.232,0.0,0.0,0.0,0.0,64106000.0,104326000.0,0.0,0.0,0.0,196952000.0,301278000.0,0.421,301278000.0,196952000.0,196199000.0,0.37,0.35,0.37,942848000.0,787113500.0,942848000.0,3219796643.0,16.0,10.687,-184491000.0,-0.476,1.0,380714000.0,0.532,0.0,753000.0,836817000.0,684802000.0,95699000.0,0.0,0.0,0.0,218501000.0,194623000.0,23878000.0,3298598643.0,-35210000.0,0.0,0.0,-9000000.0,0.0,109537000.0,-399111000.0,42674000.0,254364000.0,0.0,142836000.0,142836000.0,142836000.0,0.0,0.0,0.2,198573000.0,182141000.0,57652000.0,0.0,3.499,23.094,22.802,780016000.0,0.0,8.437,4.609,4.565,76543000.0,524440000.0,715730000.0,715730000.0,78595000.0,0.14,0.181,0.288,0.275,15936000.0,102620000.0,1.0,390983640.0,387264000,410380000.0,1.848,1161349000.0,47508000.0,53363000.0,0.0,2.999,176936000.0
82,MCHP,MRT,2000-12-31,2000-12-31,2000-12-31,2021-10-16,0.0,1059780000.0,946691000.0,282941000.0,776839000.0,0.803,2.036,-476883000.0,78802000.0,78802000.0,355872000.0,174311000.0,1.134,0.341,0.0,0.0,0.0,0.0,63664000.0,100625000.0,0.0,0.0,0.0,237212000.0,337837000.0,0.444,337837000.0,237212000.0,236161000.0,0.448,0.418,0.448,790024000.0,717121000.0,790024000.0,2499488994.0,11.0,7.399,-118357000.0,-0.305,1.0,404625000.0,0.532,0.0,1051000.0,731393000.0,596939750.0,76848000.0,0.0,0.0,0.0,269756000.0,249585000.0,20171000.0,2616576994.0,23294000.0,-4330000.0,-4772000.0,-18696000.0,0.0,139251000.0,-474483000.0,6730000.0,358526000.0,0.0,174311000.0,174311000.0,174311000.0,0.0,0.0,0.229,188392000.0,216233000.0,123539000.0,0.0,3.312,15.011,16.324,769150000.0,0.0,7.313,3.441,3.732,77366000.0,488291000.0,760497000.0,760497000.0,77367000.0,0.184,0.243,0.397,0.312,21562000.0,110756000.0,1.0,357781722.0,388092000,409653000.0,1.96,1059780000.0,40633000.0,61850000.0,0.0,2.731,33356000.0
83,MCHP,MRT,2000-09-30,2000-09-30,2000-09-30,2021-10-16,0.0,973809000.0,839778750.0,313267000.0,660542000.0,0.833,1.931,-398809000.0,117088000.0,117088000.0,329114000.0,158501000.0,1.497,0.308,0.0,0.0,0.0,0.0,65523000.0,90047000.0,0.0,0.0,0.0,215167000.0,305214000.0,0.436,305214000.0,215167000.0,214073000.0,0.415,0.388,0.415,744643000.0,634151750.0,744643000.0,3758221938.0,17.0,12.313,-73812000.0,-0.191,1.0,370436000.0,0.53,0.0,1094000.0,647487000.0,518398250.0,62849000.0,0.0,0.0,0.0,229166000.0,209234000.0,19932000.0,3925436938.0,84843000.0,-4330000.0,-4772000.0,-3804000.0,0.0,156255000.0,-396409000.0,6730000.0,324997000.0,0.0,158501000.0,158501000.0,158501000.0,0.0,0.0,0.227,172693000.0,197743000.0,84366000.0,0.0,5.272,24.766,26.554,652300000.0,0.0,11.02,5.611,6.074,84736000.0,445519000.0,699550000.0,699550000.0,68354000.0,0.189,0.25,0.415,0.308,22621000.0,104070000.0,1.0,356210248.0,385584000,412290000.0,1.814,973809000.0,41961000.0,55572000.0,0.0,2.526,104033000.0
84,MCHP,MRT,2000-06-30,2000-06-30,2000-06-30,2021-10-16,0.0,891823000.0,737238250.0,362286000.0,529537000.0,0.845,1.748,-293599000.0,167215000.0,167215000.0,298558000.0,135354000.0,1.802,0.329,0.0,0.0,0.0,0.0,64166000.0,78683000.0,0.0,0.0,0.0,183384000.0,262067000.0,0.421,262067000.0,183384000.0,182260000.0,0.362,0.338,0.362,670939000.0,552301250.0,670939000.0,4422534580.0,24.0,16.876,7430000.0,0.019,1.0,324532000.0,0.521,0.0,1124000.0,523511000.0,452928250.0,58705000.0,0.0,0.0,0.0,220884000.0,201097000.0,19787000.0,4601646580.0,132281000.0,-3000000.0,-4772000.0,-19908000.0,0.0,121121000.0,-289869000.0,6730000.0,301029000.0,0.0,135354000.0,135354000.0,135354000.0,0.0,0.0,0.217,155661000.0,168871000.0,88154000.0,0.0,6.859,33.997,35.77,521292000.0,0.0,12.949,7.385,7.979,90050000.0,403185000.0,623090000.0,623090000.0,59492000.0,0.184,0.245,0.405,0.294,22475000.0,95900000.0,1.0,355369995.0,383934000,411423000.0,1.623,891823000.0,38101000.0,46906000.0,0.0,2.323,161189000.0
85,MCHP,MRT,2000-03-31,2000-03-31,2000-03-31,2021-10-16,1018000.0,861352000.0,645172250.0,403963000.0,457389000.0,0.857,1.806,-212463000.0,206525000.0,206525000.0,269611000.0,115173000.0,2.264,0.299,9000000.0,9000000.0,0.0,9000000.0,59395000.0,71173000.0,0.0,0.0,0.0,155861000.0,227034000.0,0.411,227034000.0,155861000.0,154614000.0,0.315,0.295,0.315,662878000.0,481577750.0,662878000.0,4982685663.0,32.0,21.947,34470000.0,0.094,1.0,283440000.0,0.513,0.0,1247000.0,485368000.0,418888000.0,68324000.0,2286000.0,2286000.0,0.0,198474000.0,178459000.0,20015000.0,5036177663.0,161640000.0,-3000000.0,-4772000.0,-23021000.0,0.0,123440000.0,-208733000.0,6730000.0,246933000.0,0.0,115173000.0,115173000.0,115173000.0,0.0,0.0,0.208,136984000.0,146456000.0,70750000.0,0.0,7.597,43.727,46.384,445821000.0,0.0,14.611,9.106,9.694,84225000.0,377925000.0,553051000.0,553051000.0,52365000.0,0.179,0.239,0.372,0.282,15511000.0,86750000.0,1.0,344681361.0,366942000,391018000.0,1.507,861352000.0,35637000.0,39441000.0,0.0,2.347,225504000.0
86,MCHP,MRT,1999-12-31,1999-12-31,1999-12-31,2021-10-16,0.0,632131000.0,556141750.0,237915000.0,394216000.0,0.921,1.332,-155505000.0,68492000.0,68492000.0,260060000.0,68074000.0,1.474,0.38,15000000.0,15000000.0,0.0,15000000.0,43383000.0,68969000.0,0.0,0.0,0.0,97211000.0,166180000.0,0.324,166180000.0,97211000.0,95518000.0,0.192,0.179,0.192,458147000.0,405557500.0,458147000.0,3442177890.0,35.0,20.714,57992000.0,0.169,1.0,252145000.0,0.492,0.0,1693000.0,417227000.0,395698250.0,58158000.0,0.0,0.0,0.0,173984000.0,161412000.0,12572000.0,3486012890.0,40480000.0,0.0,-17113000.0,-31912000.0,0.0,-19981000.0,-153036000.0,2469000.0,213497000.0,0.0,68074000.0,68074000.0,68074000.0,0.0,0.0,0.133,157836000.0,94309000.0,52550000.0,0.0,7.609,51.209,52.809,385843000.0,0.0,10.139,6.806,6.808,70342000.0,335757000.0,512205000.0,512205000.0,48366000.0,0.122,0.168,0.246,0.19,13256000.0,80475000.0,1.0,343813370.0,343911000,366822000.0,1.489,632131000.0,35709000.0,27444000.0,0.0,1.838,76503000.0
87,MCHP,MRT,1999-09-30,1999-09-30,1999-09-30,2021-10-16,0.0,563647000.0,525806000.0,218679000.0,344968000.0,0.919,1.217,-96298000.0,43943000.0,43943000.0,247831000.0,59491000.0,1.629,0.351,108000.0,108000.0,0.0,108000.0,33012000.0,69240000.0,0.0,0.0,0.0,86088000.0,155328000.0,0.321,155328000.0,86088000.0,83759000.0,0.169,0.154,0.169,417241000.0,379178500.0,417241000.0,2584547905.0,30.0,16.639,68059000.0,0.199,1.0,235354000.0,0.487,0.0,2329000.0,385607000.0,394156500.0,62273000.0,0.0,0.0,0.0,146406000.0,134205000.0,12201000.0,2612555905.0,13097000.0,0.0,-29547000.0,-52970000.0,0.0,-57431000.0,-93829000.0,2469000.0,164357000.0,0.0,59491000.0,59491000.0,59491000.0,0.0,0.0,0.123,151694000.0,83660000.0,55772000.0,0.0,6.262,43.915,45.041,337484000.0,0.0,7.612,5.407,5.401,69673000.0,307568000.0,483185000.0,483185000.0,46376000.0,0.113,0.157,0.218,0.178,11350000.0,76323000.0,1.0,343222117.0,342813000,363933000.0,1.409,563647000.0,35995000.0,24268000.0,0.0,1.644,84474000.0
88,MCHP,MRT,1999-06-30,1999-06-30,1999-06-30,2021-10-16,0.0,523559000.0,517369500.0,214540000.0,309019000.0,0.906,1.134,-56766000.0,44220000.0,44220000.0,242894000.0,53966000.0,1.983,0.349,16212000.0,212000.0,16000000.0,16212000.0,31062000.0,70352000.0,0.0,0.0,0.0,79364000.0,149716000.0,0.319,149716000.0,79364000.0,76192000.0,0.153,0.14,0.153,388045000.0,361566500.0,388045000.0,2426725376.0,31.0,16.209,71320000.0,0.208,1.0,226050000.0,0.482,0.0,3172000.0,387350000.0,404115000.0,62594000.0,0.0,0.0,0.0,135514000.0,108201000.0,27313000.0,2429226376.0,17261000.0,0.0,-29547000.0,-49198000.0,0.0,-56528000.0,-54297000.0,2469000.0,128086000.0,0.0,53966000.0,53966000.0,53966000.0,0.0,0.0,0.115,148775000.0,77275000.0,37988000.0,0.0,6.26,45.014,45.878,301225000.0,0.0,7.019,5.18,5.124,66105000.0,284480000.0,468944000.0,468944000.0,46296000.0,0.104,0.149,0.196,0.169,4915000.0,73484000.0,1.0,346080161.0,342319500,363064500.0,1.37,523559000.0,36132000.0,22226000.0,0.0,1.529,106339000.0
89,MCHP,MRT,1999-03-31,1999-03-31,1999-03-31,2021-10-16,0.0,505230000.0,516365000.0,203415000.0,301815000.0,0.892,0.968,-45456000.0,30826000.0,30826000.0,240170000.0,46541000.0,1.847,0.408,28325000.0,3325000.0,25000000.0,28325000.0,28607000.0,70398000.0,0.0,0.0,0.0,69445000.0,139843000.0,0.304,139843000.0,69445000.0,66022000.0,0.127,0.12,0.127,358797000.0,346053000.0,358797000.0,1775516170.0,26.0,12.696,67038000.0,0.181,1.0,220553000.0,0.479,0.0,3423000.0,392609000.0,412491000.0,67975000.0,0.0,0.0,0.0,146433000.0,110120000.0,36313000.0,1756170170.0,-4413000.0,0.0,-87437000.0,-3450000.0,0.0,-73920000.0,-42987000.0,2469000.0,112494000.0,0.0,46541000.0,46541000.0,46541000.0,0.0,0.0,0.101,153372000.0,67181000.0,28489000.0,0.0,4.895,37.734,40.397,293663000.0,0.0,5.13,3.812,4.126,62545000.0,264281000.0,460723000.0,460723000.0,46375000.0,0.09,0.134,0.168,0.151,4915000.0,72502000.0,1.0,342308653.0,370500000,386646000.0,1.244,505230000.0,37129000.0,19481000.0,0.0,1.364,93295000.0
90,MCHP,MRT,1998-12-31,1998-12-31,1998-12-31,2021-10-16,0.0,510788000.0,521243250.0,200048000.0,310740000.0,0.761,1.031,-51622000.0,24961000.0,24961000.0,199125000.0,62418000.0,1.68,0.449,44307000.0,15786000.0,28521000.0,44307000.0,29720000.0,63691000.0,0.0,0.0,0.0,88208000.0,151899000.0,0.383,151899000.0,88208000.0,85495000.0,0.178,0.169,0.178,352631000.0,348180750.0,352631000.0,1922736595.0,22.0,12.658,29814000.0,0.087,1.0,197391000.0,0.498,0.0,2713000.0,411060000.0,409915500.0,72109000.0,0.0,0.0,0.0,158157000.0,119074000.0,39083000.0,1900058595.0,-16883000.0,0.0,-94286000.0,36970000.0,0.0,-46697000.0,-51622000.0,0.0,81436000.0,0.0,62418000.0,62418000.0,62418000.0,0.0,0.0,0.157,110775000.0,86616000.0,24580000.0,0.0,5.388,30.441,30.795,306594000.0,0.0,5.481,4.792,4.726,56206000.0,262384000.0,396516000.0,396516000.0,40691000.0,0.12,0.179,0.215,0.222,5332000.0,64584000.0,1.0,346632311.0,341869500,359046000.0,1.16,510788000.0,41751000.0,23077000.0,0.0,1.494,80974000.0
91,MCHP,MRT,1998-09-30,1998-09-30,1998-09-30,2021-10-16,0.0,529901000.0,523174750.0,208056000.0,321845000.0,0.764,1.008,-90842000.0,27795000.0,27795000.0,203346000.0,57691000.0,1.636,0.528,50473000.0,4617000.0,45856000.0,50473000.0,31916000.0,60961000.0,0.0,0.0,0.0,81156000.0,142117000.0,0.355,142117000.0,81156000.0,79021000.0,0.16,0.154,0.16,346793000.0,352160000.0,346793000.0,1151118292.0,14.0,8.1,3589000.0,0.01,1.0,196553000.0,0.492,0.0,2135000.0,425441000.0,393031250.0,71340000.0,0.0,0.0,0.0,183108000.0,127138000.0,55970000.0,1112221292.0,-32448000.0,0.0,-89371000.0,40970000.0,0.0,-36037000.0,-90842000.0,0.0,94431000.0,0.0,57691000.0,57691000.0,57691000.0,0.0,0.0,0.144,117474000.0,79079000.0,36977000.0,0.0,3.207,19.279,20.259,317712000.0,0.0,3.241,2.781,2.788,63925000.0,244530000.0,399899000.0,399899000.0,40560000.0,0.11,0.164,0.206,0.203,5332000.0,66414000.0,1.0,343121285.0,344000250,360166500.0,1.162,529901000.0,39960000.0,21330000.0,0.0,1.54,80918000.0
92,MCHP,MRT,1998-06-30,1998-06-30,1998-06-30,2021-10-16,0.0,519541000.0,517726750.0,193232000.0,326309000.0,0.771,0.926,-126897000.0,23908000.0,23908000.0,201934000.0,59310000.0,1.404,0.594,62805000.0,16572000.0,46233000.0,62805000.0,29444000.0,57431000.0,0.0,0.0,0.0,82612000.0,140043000.0,0.351,140043000.0,82612000.0,81239000.0,0.163,0.156,0.163,325991000.0,355656000.0,325991000.0,1378485265.0,17.0,9.843,-19811000.0,-0.056,1.0,197221000.0,0.494,0.0,1373000.0,420854000.0,366866500.0,69310000.0,0.0,0.0,0.0,193550000.0,137584000.0,55966000.0,1381503265.0,-43737000.0,0.0,-89371000.0,52026000.0,0.0,-23926000.0,-126897000.0,0.0,107086000.0,0.0,59310000.0,59310000.0,59310000.0,0.0,0.0,0.149,117243000.0,79978000.0,29035000.0,0.0,4.238,23.293,23.749,322097000.0,0.0,3.871,3.461,3.414,57993000.0,226967000.0,399155000.0,399155000.0,39368000.0,0.115,0.167,0.225,0.207,5332000.0,67375000.0,1.0,356875126.0,352019250,367780500.0,1.134,519541000.0,37521000.0,21929000.0,0.0,1.476,55648000.0
93,MCHP,MRT,1998-03-31,1998-03-31,1998-03-31,2021-10-16,0.0,524743000.0,506515000.0,194589000.0,330154000.0,0.784,1.019,-145301000.0,32188000.0,32188000.0,199538000.0,64368000.0,1.396,0.429,29170000.0,20402000.0,8768000.0,29170000.0,29515000.0,53768000.0,0.0,0.0,0.0,89297000.0,143065000.0,0.36,143065000.0,89297000.0,88167000.0,0.178,0.169,0.178,367308000.0,358483500.0,367308000.0,1078768289.0,12.0,7.54,-8760000.0,-0.024,1.0,197356000.0,0.497,0.0,1130000.0,382307000.0,334734000.0,66293000.0,0.0,0.0,0.0,157435000.0,139418000.0,18017000.0,1113275289.0,-10811000.0,0.0,-31481000.0,16925000.0,0.0,-2051000.0,-145301000.0,0.0,136541000.0,0.0,64368000.0,64368000.0,64368000.0,0.0,0.0,0.162,110911000.0,86445000.0,36049000.0,0.0,3.031,17.295,17.478,325892000.0,0.0,3.111,2.805,2.824,56320000.0,214193000.0,396894000.0,396894000.0,38362000.0,0.127,0.18,0.267,0.225,5332000.0,67549000.0,1.0,357838486.0,360288000,380115000.0,1.102,524743000.0,35778000.0,23799000.0,0.0,1.456,55171000.0
94,MCHP,MRT,1997-12-31,1997-12-31,1997-12-31,2021-10-16,0.0,518514000.0,482352250.0,195744000.0,322770000.0,0.824,1.016,-142381000.0,41844000.0,41844000.0,198997000.0,66706000.0,1.393,0.407,7337000.0,4927000.0,2410000.0,7337000.0,33135000.0,49610000.0,0.0,0.0,0.0,92113000.0,141723000.0,0.357,141723000.0,92113000.0,90828000.0,0.185,0.176,0.185,368548000.0,345802500.0,368548000.0,1563051740.0,17.0,11.029,10869000.0,0.03,1.0,198322000.0,0.499,0.0,1285000.0,343523000.0,313901750.0,58742000.0,0.0,0.0,0.0,149966000.0,140484000.0,9482000.0,1613791740.0,19853000.0,0.0,-7519000.0,-43915000.0,0.0,8984000.0,-142381000.0,0.0,153250000.0,0.0,66706000.0,66706000.0,66706000.0,0.0,0.0,0.168,109017000.0,89305000.0,49940000.0,0.0,4.379,24.193,24.024,318363000.0,0.0,4.444,4.062,4.059,62053000.0,199966000.0,397319000.0,397319000.0,37669000.0,0.138,0.193,0.293,0.232,5712000.0,66348000.0,1.0,363103142.0,362893500,383548500.0,1.095,518514000.0,28548000.0,24122000.0,0.0,1.429,55260000.0
95,MCHP,MRT,1997-09-30,1997-09-30,1997-09-30,2021-10-16,0.0,508109000.0,449197750.0,216091000.0,292018000.0,0.848,0.998,-111103000.0,60243000.0,60243000.0,188813000.0,68334000.0,1.582,0.408,9503000.0,5965000.0,3538000.0,9503000.0,30573000.0,45674000.0,0.0,0.0,0.0,95135000.0,140809000.0,0.37,140809000.0,95135000.0,93056000.0,0.193,0.182,0.193,360777000.0,314466000.0,360777000.0,2352378967.0,25.0,16.706,22901000.0,0.063,1.0,192032000.0,0.504,0.0,2079000.0,320782000.0,306538750.0,58790000.0,0.0,0.0,0.0,147332000.0,136587000.0,10745000.0,2409244967.0,40721000.0,0.0,0.0,-43227000.0,0.0,17820000.0,-111103000.0,0.0,134004000.0,0.0,68334000.0,68334000.0,68334000.0,0.0,0.0,0.179,99519000.0,92513000.0,49418000.0,0.0,6.678,35.257,34.642,287532000.0,0.0,6.686,6.326,6.344,65708000.0,186839000.0,380845000.0,380845000.0,36092000.0,0.152,0.217,0.31,0.25,5712000.0,63427000.0,1.0,360345746.0,361361250,384311250.0,1.054,508109000.0,27209000.0,24722000.0,0.0,1.406,79504000.0
96,MCHP,MRT,1997-06-30,1997-06-30,1997-06-30,2021-10-16,0.0,474694000.0,,217805000.0,256889000.0,,0.938,-82623000.0,67645000.0,67645000.0,177640000.0,62278000.0,1.735,0.407,10779000.0,6107000.0,4672000.0,10779000.0,27390000.0,42538000.0,0.0,0.0,0.0,87552000.0,130090000.0,0.364,130090000.0,87552000.0,84759000.0,0.175,0.167,0.175,337301000.0,,337301000.0,1551906700.0,18.0,11.929,33676000.0,0.094,1.0,179679000.0,0.503,0.0,2793000.0,292324000.0,,59330000.0,0.0,0.0,0.0,137393000.0,125504000.0,11889000.0,1582660700.0,45072000.0,0.0,-15363000.0,-34702000.0,0.0,11396000.0,-82623000.0,0.0,116299000.0,0.0,62278000.0,62278000.0,62278000.0,0.0,0.0,0.174,94212000.0,85467000.0,45670000.0,0.0,4.692,25.413,25.185,252331000.0,0.0,4.407,4.429,4.437,62587000.0,167657000.0,357319000.0,357319000.0,34363000.0,,,,0.245,5727000.0,59849000.0,1.0,359091083.0,359714250,380916000.0,0.993,474694000.0,24240000.0,22481000.0,0.0,1.32,92301000.0
97,MCHP,MRT,1997-03-31,1997-03-31,1997-03-31,2021-10-16,0.0,428092000.0,393139500.0,189536000.0,238556000.0,0.85,0.909,-79012000.0,42999000.0,42999000.0,167330000.0,51132000.0,1.927,0.352,12245000.0,6246000.0,5999000.0,12245000.0,20441000.0,40153000.0,0.0,0.0,0.0,72764000.0,112917000.0,0.338,112917000.0,72764000.0,69493000.0,0.147,0.139,0.147,316584000.0,268108000.0,316584000.0,1571426270.0,22.0,13.917,-1426000.0,-0.004,1.0,166922000.0,0.499,0.0,3271000.0,298978000.0,282228500.0,56813000.0,0.0,0.0,0.0,111508000.0,98360000.0,13148000.0,1542162270.0,11940000.0,0.0,-19463000.0,-26682000.0,0.0,13366000.0,-79012000.0,0.0,77586000.0,0.0,51132000.0,51132000.0,51132000.0,0.0,0.0,0.153,95865000.0,71057000.0,35281000.0,0.0,4.871,30.16,30.234,234058000.0,0.0,4.444,4.614,4.628,61102000.0,149825000.0,334252000.0,334252000.0,32073000.0,0.13,0.191,0.258,0.218,5742000.0,56248000.0,1.0,346986511.0,348090750,369110250.0,0.96,428092000.0,24251000.0,18361000.0,0.0,1.23,91176000.0
98,MCHP,MRT,1996-12-31,1996-12-31,1996-12-31,2021-10-16,167000.0,385896000.0,,155152000.0,230744000.0,,0.704,-91009000.0,21991000.0,21991000.0,155520000.0,48286000.0,1.535,0.587,51255000.0,17424000.0,33831000.0,51255000.0,16093000.0,39185000.0,0.0,0.0,0.0,69400000.0,108585000.0,0.347,108585000.0,69400000.0,65391000.0,0.142,0.13,0.142,243202000.0,,243202000.0,,,,-21663000.0,-0.063,1.0,157282000.0,0.503,0.0,4009000.0,314071000.0,,57538000.0,0.0,0.0,0.0,142694000.0,101089000.0,41605000.0,1743328771.0,-7656000.0,0.0,-19463000.0,17966000.0,0.0,10916000.0,-87918000.0,3091000.0,69346000.0,0.0,48286000.0,48286000.0,48286000.0,0.0,0.0,0.154,90336000.0,66946000.0,31867000.0,0.0,7.168,36.104,35.382,225292000.0,0.0,5.024,5.573,5.55,51964000.0,133261000.0,312802000.0,312802000.0,29997000.0,,,,0.222,4115000.0,52795000.0,1.0,346986511.0,345525750,368509500.0,0.905,385896000.0,19481000.0,17105000.0,0.0,1.117,54063000.0
99,MCHP,MRT,1996-09-30,1996-09-30,1996-09-30,2021-10-16,,,,,,,,,,,149644000.0,39296000.0,,,,,,,,,,0.0,0.0,56776000.0,,,,56776000.0,53210000.0,0.114,0.105,0.114,,,,,,,,,1.0,154151000.0,0.507,,3566000.0,,,,,,,,,,,,,,,,,,,,,39296000.0,39296000.0,39296000.0,0.0,0.0,0.129,99932000.0,54219000.0,,0.0,,,32.385,,0.0,3.692,,4.417,,,303795000.0,303795000.0,29062000.0,,,,0.187,,51878000.0,1.0,,363440250,363440250.0,0.836,,,13914000.0,,,
100,MCHP,MRT,1996-06-30,1996-06-30,1996-06-30,2021-10-16,,,,,,,,,,,,,,,,,,,,,,0.0,0.0,,,,,,,,,,,,,,,,,,1.0,,,,,,,,,,,,,,,,,,,,,,,,,,,,,,,,,,,,,,,,2.506,,,,,,,,,,,,,,1.0,,367355250,,,,,,,,
101,MCHP,MRT,1996-03-31,1996-03-31,1996-03-31,2021-10-16,0.0,358187000.0,,156431000.0,201756000.0,,0.641,-115845000.0,31059000.0,31059000.0,137708000.0,43752000.0,1.555,0.631,38927000.0,5677000.0,33250000.0,38927000.0,19527000.0,29975000.0,0.0,0.0,0.0,62915000.0,92890000.0,0.325,92890000.0,62915000.0,59934000.0,0.127,0.119,0.127,219632000.0,,219632000.0,,,,-42486000.0,-0.124,1.0,148180000.0,0.518,0.0,2981000.0,265479000.0,,56127000.0,0.0,0.0,0.0,138555000.0,100576000.0,37979000.0,,-1579000.0,0.0,0.0,17486000.0,0.0,27111000.0,-102049000.0,13796000.0,73359000.0,0.0,43752000.0,43752000.0,43752000.0,0.0,0.0,0.153,87868000.0,60312000.0,47165000.0,0.0,,,21.483,197383000.0,0.0,2.728,,3.269,47208000.0,98693000.0,285888000.0,285888000.0,27517000.0,,,,0.22,4130000.0,48903000.0,1.0,,342562500,368097750.0,0.835,358187000.0,19121000.0,16182000.0,0.0,1.046,55855000.0
102,MCHP,MRT,1995-12-31,1995-12-31,1995-12-31,2021-10-16,,,,,,,,,,,,,,,,,,,,,,0.0,0.0,,,,,,,,,,,,,,,,,,1.0,,,,,,,,,,,,,,,,,,,,,,,,,,,,,,,,,,,,,,,,3.605,,,,,,,,,,,,,,1.0,,372053250,,,,,,,,
103,MCHP,MRT,1995-03-31,1995-03-31,1995-03-31,2021-10-16,,,,,,,,-70848000.0,,,101039000.0,36299000.0,,,,,,,,17196000.0,,0.0,0.0,51117000.0,68313000.0,0.328,68313000.0,51117000.0,49128000.0,0.104,0.104,0.104,,,,,,,-27733000.0,-0.08,1.0,106922000.0,0.514,,1989000.0,,,,,,,,,,,8236000.0,0.0,0.0,-2173000.0,0.0,31549000.0,-66428000.0,4420000.0,43115000.0,0.0,36299000.0,36299000.0,36299000.0,0.0,0.0,0.175,57721000.0,49201000.0,,0.0,,,26.714,,0.0,2.778,,4.657,,,207961000.0,207961000.0,20746000.0,,,,0.246,4120000.0,36975000.0,1.0,,348576750,348576750.0,0.597,,,12829000.0,,,
