None,ticker,dimension,calendardate,datekey,reportperiod,lastupdated,accoci,assets,assetsavg,assetsc,assetsnc,assetturnover,bvps,capex,cashneq,cashnequsd,cor,consolinc,currentratio,de,debt,debtc,debtnc,debtusd,deferredrev,depamor,deposits,divyield,dps,ebit,ebitda,ebitdamargin,ebitdausd,ebitusd,ebt,eps,epsdil,epsusd,equity,equityavg,equityusd,ev,evebit,evebitda,fcf,fcfps,fxusd,gp,grossmargin,intangibles,intexp,invcap,invcapavg,inventory,investments,investmentsc,investmentsnc,liabilities,liabilitiesc,liabilitiesnc,marketcap,ncf,ncfbus,ncfcommon,ncfdebt,ncfdiv,ncff,ncfi,ncfinv,ncfo,ncfx,netinc,netinccmn,netinccmnusd,netincdis,netincnci,netmargin,opex,opinc,payables,payoutratio,pb,pe,pe1,ppnenet,prefdivis,price,ps,ps1,receivables,retearn,revenue,revenueusd,rnd,roa,roe,roic,ros,sbcomp,sgna,sharefactor,sharesbas,shareswa,shareswadil,sps,tangibles,taxassets,taxexp,taxliabilities,tbvps,workingcapital
0,T,MRY,2020-12-31,2020-12-31,2020-12-31,2021-08-05,4330000000.0,525761000000.0,539391500000.0,52008000000.0,473753000000.0,0.318,22.688,-15675000000.0,9740000000.0,9740000000.0,79920000000.0,-3821000000.0,0.82,2.143,179447000000.0,3470000000.0,175977000000.0,179447000000.0,6176000000.0,28516000000.0,0.0,0.072,2.08,3714000000.0,32230000000.0,0.188,32230000000.0,3714000000.0,-4211000000.0,-0.75,-0.75,-0.75,161673000000.0,172725250000.0,161673000000.0,376119760000.0,101.0,11.67,27455000000.0,3.853,1.0,91840000000.0,0.535,267782000000.0,7925000000.0,364248000000.0,366428000000.0,18447000000.0,1780000000.0,0.0,1780000000.0,346521000000.0,63438000000.0,283083000000.0,204943760000.0,-2425000000.0,1630000000.0,-5393000000.0,-10986000000.0,-14956000000.0,-32007000000.0,-13548000000.0,497000000.0,43130000000.0,0.0,-5176000000.0,-5369000000.0,-5369000000.0,0.0,1355000000.0,-0.031,85435000000.0,6405000000.0,50051000000.0,-2.773,1.268,-38.172,-38.347,165822000000.0,193000000.0,28.76,1.193,1.193,20215000000.0,37457000000.0,171760000000.0,171760000000.0,0.0,-0.01,-0.031,0.01,0.022,0.0,38039000000.0,1.0,7126000000.0,7126000000.0,,24.103,257979000000.0,0.0,965000000.0,60472000000.0,36.202,-11430000000.0
1,T,MRY,2019-12-31,2019-12-31,2019-12-31,2021-08-05,5470000000.0,551669000000.0,548940750000.0,54761000000.0,496908000000.0,0.33,25.218,-19635000000.0,12130000000.0,12130000000.0,84141000000.0,14975000000.0,0.795,1.898,184951000000.0,11838000000.0,173113000000.0,184951000000.0,6124000000.0,28217000000.0,0.0,0.052,2.04,25818000000.0,54035000000.0,0.298,54035000000.0,25818000000.0,17396000000.0,1.9,1.89,1.9,184221000000.0,184159750000.0,184221000000.0,466355400000.0,18.0,8.631,29033000000.0,3.974,1.0,97052000000.0,0.536,288513000000.0,8422000000.0,367066000000.0,372803750000.0,12434000000.0,3695000000.0,0.0,3695000000.0,349735000000.0,68911000000.0,280824000000.0,285479400000.0,6895000000.0,2510000000.0,-1786000000.0,-16771000000.0,-14888000000.0,-25083000000.0,-16690000000.0,435000000.0,48668000000.0,0.0,13903000000.0,13900000000.0,13900000000.0,0.0,1072000000.0,0.077,69097000000.0,27955000000.0,45956000000.0,1.074,1.55,20.538,20.568,169512000000.0,3000000.0,39.08,1.576,1.576,22636000000.0,57936000000.0,181193000000.0,181193000000.0,0.0,0.025,0.075,0.069,0.142,0.0,39422000000.0,1.0,7305000000.0,7305000000.0,,24.804,263156000000.0,0.0,3493000000.0,60714000000.0,36.024,-14150000000.0
2,T,MRY,2018-12-31,2018-12-31,2018-12-31,2021-08-05,4249000000.0,531864000000.0,511942000000.0,51427000000.0,480437000000.0,0.334,25.294,-21251000000.0,5204000000.0,5204000000.0,79419000000.0,19953000000.0,0.798,1.836,176505000000.0,10255000000.0,166250000000.0,176505000000.0,5948000000.0,28430000000.0,0.0,0.07,2.0,32247000000.0,60677000000.0,0.355,60677000000.0,32247000000.0,24290000000.0,2.85,2.85,2.85,184089000000.0,174209250000.0,184089000000.0,382475120000.0,12.0,6.303,22351000000.0,3.071,1.0,91337000000.0,0.535,293128000000.0,7957000000.0,345617000000.0,328281750000.0,7713000000.0,6245000000.0,0.0,6245000000.0,337980000000.0,64420000000.0,273560000000.0,207714120000.0,-45532000000.0,-41711000000.0,136000000.0,-9349000000.0,-13410000000.0,-25989000000.0,-63145000000.0,-183000000.0,43602000000.0,0.0,19370000000.0,19370000000.0,19370000000.0,0.0,583000000.0,0.113,65241000000.0,26096000000.0,43184000000.0,0.702,1.128,10.723,10.014,148542000000.0,0.0,28.54,1.216,1.216,26472000000.0,58753000000.0,170756000000.0,170756000000.0,0.0,0.038,0.111,0.098,0.189,0.0,36765000000.0,1.0,7278000000.0,7278000000.0,,23.462,238736000000.0,0.0,4920000000.0,59038000000.0,32.802,-12993000000.0
3,T,MRY,2017-12-31,2017-12-31,2017-12-31,2021-08-05,7017000000.0,444097000000.0,430165000000.0,79146000000.0,364951000000.0,0.373,22.945,-20647000000.0,50498000000.0,50498000000.0,77810000000.0,29847000000.0,0.972,2.145,164346000000.0,38374000000.0,125972000000.0,164346000000.0,4213000000.0,24387000000.0,0.0,0.05,1.96,21042000000.0,45429000000.0,0.283,45429000000.0,21042000000.0,14742000000.0,4.77,4.76,4.77,140861000000.0,128596750000.0,140861000000.0,353464320000.0,17.0,7.781,17363000000.0,2.828,1.0,82736000000.0,0.515,219725000000.0,6300000000.0,256831000000.0,268355000000.0,0.0,1560000000.0,0.0,1560000000.0,302090000000.0,81389000000.0,220701000000.0,238684320000.0,44997000000.0,2158000000.0,-430000000.0,35880000000.0,-12038000000.0,25930000000.0,-18943000000.0,449000000.0,38010000000.0,0.0,29450000000.0,29450000000.0,29450000000.0,0.0,397000000.0,0.183,62766000000.0,19970000000.0,34470000000.0,0.411,1.694,8.105,8.151,125222000000.0,0.0,38.88,1.487,1.487,16522000000.0,50500000000.0,160546000000.0,160546000000.0,0.0,0.068,0.229,0.078,0.131,0.0,35465000000.0,1.0,6139000000.0,6139000000.0,,26.152,224372000000.0,0.0,-14708000000.0,44469000000.0,36.549,-2243000000.0
4,T,MRY,2016-12-31,2016-12-31,2016-12-31,2021-08-05,4961000000.0,403821000000.0,403060500000.0,38369000000.0,365452000000.0,0.406,20.051,-21516000000.0,5788000000.0,5788000000.0,77190000000.0,13333000000.0,0.759,2.272,123513000000.0,9832000000.0,113681000000.0,123513000000.0,4519000000.0,25847000000.0,0.0,0.045,1.92,24365000000.0,50212000000.0,0.307,50212000000.0,24365000000.0,19455000000.0,2.1,2.1,2.1,123135000000.0,123395000000.0,123135000000.0,380502730000.0,16.0,7.578,16926000000.0,2.756,1.0,86596000000.0,0.529,222067000000.0,4910000000.0,248903000000.0,251350750000.0,0.0,1674000000.0,0.0,1674000000.0,279711000000.0,50576000000.0,229135000000.0,261176730000.0,662000000.0,-1581000000.0,-366000000.0,-683000000.0,-11797000000.0,-14462000000.0,-23318000000.0,672000000.0,38442000000.0,0.0,12976000000.0,12976000000.0,12976000000.0,0.0,357000000.0,0.079,63053000000.0,23543000000.0,31138000000.0,0.914,2.121,20.128,20.252,124899000000.0,0.0,42.53,1.595,1.595,16794000000.0,34734000000.0,163786000000.0,163786000000.0,0.0,0.032,0.105,0.097,0.149,0.0,36845000000.0,1.0,6141000000.0,6141000000.0,,26.671,181754000000.0,0.0,6479000000.0,62207000000.0,29.597,-12207000000.0
5,T,MRY,2015-12-31,2015-12-31,2015-12-31,2021-08-05,5334000000.0,402672000000.0,359294500000.0,35992000000.0,366680000000.0,0.409,19.94,-19218000000.0,5121000000.0,5121000000.0,67046000000.0,13687000000.0,0.753,2.275,126151000000.0,7636000000.0,118515000000.0,126151000000.0,4682000000.0,22016000000.0,0.0,0.055,1.88,24470000000.0,46486000000.0,0.317,46486000000.0,24470000000.0,20350000000.0,2.37,2.37,2.37,122671000000.0,104463250000.0,122671000000.0,332418320000.0,14.0,7.151,16662000000.0,2.708,1.0,79755000000.0,0.543,225278000000.0,4120000000.0,250608000000.0,230506250000.0,0.0,1606000000.0,0.0,1606000000.0,279032000000.0,47816000000.0,231216000000.0,211690320000.0,-3482000000.0,-30676000000.0,-126000000.0,23927000000.0,-10200000000.0,9782000000.0,-49144000000.0,1545000000.0,35880000000.0,0.0,13345000000.0,13345000000.0,13345000000.0,0.0,342000000.0,0.091,54970000000.0,24785000000.0,30372000000.0,0.793,1.726,15.863,14.519,124450000000.0,0.0,34.41,1.442,1.442,16532000000.0,33671000000.0,146801000000.0,146801000000.0,0.0,0.037,0.128,0.106,0.167,0.0,32919000000.0,1.0,6152000000.0,6152000000.0,,23.862,177394000000.0,0.0,7005000000.0,58357000000.0,28.835,-11824000000.0
6,T,MRY,2014-12-31,2014-12-31,2014-12-31,2021-08-05,8061000000.0,296834000000.0,290894750000.0,33606000000.0,263228000000.0,0.455,17.296,-21199000000.0,8603000000.0,8603000000.0,60145000000.0,6736000000.0,0.901,2.302,81834000000.0,6056000000.0,75778000000.0,81834000000.0,4105000000.0,18273000000.0,0.0,0.055,1.84,13674000000.0,31947000000.0,0.241,31947000000.0,13674000000.0,10061000000.0,1.24,1.24,1.24,89716000000.0,91341750000.0,89716000000.0,247398330000.0,18.0,7.744,10139000000.0,1.955,1.0,72302000000.0,0.546,136655000000.0,3613000000.0,196128000000.0,188085000000.0,0.0,250000000.0,0.0,250000000.0,206564000000.0,37282000000.0,169282000000.0,174231330000.0,5264000000.0,4982000000.0,-1578000000.0,5617000000.0,-9552000000.0,-7737000000.0,-18337000000.0,-1890000000.0,31338000000.0,0.0,6442000000.0,6442000000.0,6442000000.0,0.0,294000000.0,0.049,60090000000.0,12212000000.0,23592000000.0,1.484,1.942,27.046,27.089,112898000000.0,0.0,33.59,1.315,1.315,14527000000.0,31081000000.0,132447000000.0,132447000000.0,0.0,0.022,0.071,0.073,0.103,0.0,39697000000.0,1.0,5187000000.0,5187000000.0,,25.534,160179000000.0,0.0,3619000000.0,39527000000.0,30.881,-3676000000.0
7,T,MRY,2013-12-31,2013-12-31,2013-12-31,2021-08-05,7880000000.0,277787000000.0,273868250000.0,23196000000.0,254591000000.0,0.47,17.272,-20944000000.0,3339000000.0,3339000000.0,51191000000.0,18722000000.0,0.663,2.048,74788000000.0,5498000000.0,69290000000.0,74788000000.0,4212000000.0,18395000000.0,0.0,0.051,1.8,31686000000.0,50081000000.0,0.389,50081000000.0,31686000000.0,27746000000.0,3.42,3.42,3.42,90988000000.0,87670250000.0,90988000000.0,260074880000.0,8.0,5.193,13852000000.0,2.629,1.0,77561000000.0,0.602,131485000000.0,3940000000.0,182756000000.0,181961250000.0,0.0,3860000000.0,0.0,3860000000.0,186305000000.0,34995000000.0,151310000000.0,185222880000.0,-1529000000.0,-2190000000.0,-12914000000.0,9158000000.0,-9696000000.0,-13201000000.0,-23124000000.0,301000000.0,34796000000.0,0.0,18418000000.0,18418000000.0,18418000000.0,0.0,304000000.0,0.143,46809000000.0,30752000000.0,21107000000.0,0.526,2.036,10.057,10.281,110968000000.0,0.0,35.16,1.439,1.439,12918000000.0,31141000000.0,128752000000.0,128752000000.0,0.0,0.067,0.21,0.174,0.246,0.0,28414000000.0,1.0,5268000000.0,5268000000.0,,24.44,146302000000.0,1199000000.0,9328000000.0,38082000000.0,27.772,-11799000000.0
8,T,MRY,2012-12-31,2012-12-31,2012-12-31,2021-08-05,5236000000.0,272315000000.0,268703500000.0,22706000000.0,249609000000.0,0.474,16.261,-19465000000.0,4868000000.0,4868000000.0,55228000000.0,7539000000.0,0.714,1.945,69844000000.0,3486000000.0,66358000000.0,69844000000.0,4225000000.0,18143000000.0,0.0,0.052,1.76,13608000000.0,31751000000.0,0.249,31751000000.0,13608000000.0,10164000000.0,1.25,1.25,1.25,92362000000.0,100374500000.0,92362000000.0,253002800000.0,19.0,7.968,19711000000.0,3.47,1.0,72206000000.0,0.567,128548000000.0,3444000000.0,176956000000.0,171535500000.0,0.0,4581000000.0,0.0,4581000000.0,179620000000.0,31787000000.0,147833000000.0,191472800000.0,1823000000.0,-16000000.0,-12275000000.0,4754000000.0,-10241000000.0,-17673000000.0,-19680000000.0,65000000.0,39176000000.0,0.0,7264000000.0,7264000000.0,7264000000.0,0.0,275000000.0,0.057,59209000000.0,12997000000.0,20494000000.0,1.408,2.073,26.359,26.968,109767000000.0,0.0,33.71,1.503,1.503,12657000000.0,22481000000.0,127434000000.0,127434000000.0,0.0,0.027,0.072,0.079,0.107,0.0,41066000000.0,1.0,5680000000.0,5680000000.0,,22.436,143767000000.0,1036000000.0,2900000000.0,29517000000.0,25.311,-9081000000.0
9,T,MRY,2011-12-31,2011-12-31,2011-12-31,2021-08-05,3180000000.0,270442000000.0,272048500000.0,22985000000.0,247457000000.0,0.466,17.809,-20110000000.0,3045000000.0,3045000000.0,54904000000.0,4184000000.0,0.744,1.56,64753000000.0,3453000000.0,61300000000.0,64753000000.0,3872000000.0,18377000000.0,0.0,0.057,1.72,10011000000.0,28388000000.0,0.224,28388000000.0,10011000000.0,6476000000.0,0.66,0.66,0.66,105534000000.0,111374000000.0,105534000000.0,239666240000.0,24.0,8.443,14633000000.0,2.469,1.0,71819000000.0,0.567,130185000000.0,3535000000.0,171073000000.0,168915500000.0,0.0,3718000000.0,0.0,3718000000.0,164645000000.0,30892000000.0,133753000000.0,179202240000.0,1844000000.0,-1067000000.0,237000000.0,-1291000000.0,-10172000000.0,-11649000000.0,-21250000000.0,62000000.0,34743000000.0,0.0,3944000000.0,3944000000.0,3944000000.0,0.0,240000000.0,0.031,62601000000.0,9218000000.0,19956000000.0,2.606,1.698,45.437,45.818,107087000000.0,0.0,30.24,1.414,1.414,13231000000.0,25453000000.0,126723000000.0,126723000000.0,0.0,0.014,0.035,0.059,0.079,0.0,41314000000.0,1.0,5926000000.0,5926000000.0,,21.384,140257000000.0,1470000000.0,2532000000.0,26751000000.0,23.668,-7907000000.0
10,T,MRY,2010-12-31,2010-12-31,2010-12-31,2021-08-05,2712000000.0,269391000000.0,267975000000.0,20854000000.0,248537000000.0,0.464,18.891,-19530000000.0,1437000000.0,1437000000.0,50257000000.0,20179000000.0,0.598,1.41,66167000000.0,7196000000.0,58971000000.0,66167000000.0,4086000000.0,19379000000.0,0.0,0.057,1.68,21696000000.0,41075000000.0,0.331,41075000000.0,21696000000.0,18702000000.0,3.36,3.35,3.36,111647000000.0,107427500000.0,111647000000.0,239355800000.0,11.0,5.827,15692000000.0,2.655,1.0,74023000000.0,0.596,134121000000.0,2994000000.0,165146000000.0,164853250000.0,0.0,4515000000.0,0.0,4515000000.0,157441000000.0,34854000000.0,122587000000.0,173635800000.0,-2076000000.0,-1076000000.0,50000000.0,-5467000000.0,-9916000000.0,-15849000000.0,-21449000000.0,-100000000.0,35222000000.0,0.0,19864000000.0,19864000000.0,19864000000.0,-779000000.0,315000000.0,0.16,54450000000.0,19573000000.0,20055000000.0,0.5,1.555,8.741,8.744,103196000000.0,0.0,29.38,1.397,1.397,13610000000.0,31792000000.0,124280000000.0,124280000000.0,0.0,0.074,0.185,0.132,0.175,0.0,34986000000.0,1.0,5910000000.0,5910000000.0,,21.029,135270000000.0,1170000000.0,-1162000000.0,23045000000.0,22.888,-14000000000.0
11,T,MRY,2009-12-31,2009-12-31,2009-12-31,2021-08-05,2678000000.0,268312000000.0,266789000000.0,25187000000.0,243125000000.0,0.459,17.211,-16554000000.0,3741000000.0,3741000000.0,50639000000.0,12447000000.0,0.682,1.638,72081000000.0,7361000000.0,64720000000.0,72081000000.0,4170000000.0,19515000000.0,0.0,0.059,1.64,21597000000.0,41112000000.0,0.336,41112000000.0,21597000000.0,18229000000.0,2.06,2.05,2.06,101564000000.0,99259250000.0,101564000000.0,231902030000.0,11.0,5.641,17851000000.0,3.025,1.0,71874000000.0,0.587,134410000000.0,3368000000.0,165291000000.0,165625750000.0,0.0,2921000000.0,0.0,2921000000.0,166323000000.0,36951000000.0,129372000000.0,165405030000.0,2014000000.0,-696000000.0,28000000.0,-4401000000.0,-9670000000.0,-14508000000.0,-17883000000.0,55000000.0,34405000000.0,0.0,12138000000.0,12138000000.0,12138000000.0,-20000000.0,309000000.0,0.099,50874000000.0,21000000000.0,21260000000.0,0.796,1.629,13.627,13.607,99519000000.0,0.0,28.03,1.35,1.35,14845000000.0,21944000000.0,122513000000.0,122513000000.0,0.0,0.045,0.122,0.13,0.176,0.0,31359000000.0,1.0,5901000000.0,5901000000.0,,20.761,133902000000.0,1247000000.0,6091000000.0,25260000000.0,22.691,-11764000000.0
12,T,MRY,2008-12-31,2008-12-31,2008-12-31,2021-08-05,-17057000000.0,265245000000.0,278120000000.0,22556000000.0,242689000000.0,0.444,16.349,-19631000000.0,1792000000.0,1792000000.0,56688000000.0,-2364000000.0,0.533,1.749,74991000000.0,14119000000.0,60872000000.0,74991000000.0,3849000000.0,19673000000.0,0.0,0.056,1.6,-1466000000.0,18207000000.0,0.147,18207000000.0,-1466000000.0,-4835000000.0,-0.44,-0.44,-0.44,96347000000.0,108265000000.0,96347000000.0,243130500000.0,-166.0,13.354,13979000000.0,2.372,1.0,66755000000.0,0.541,135541000000.0,3369000000.0,160613000000.0,174227000000.0,0.0,2332000000.0,0.0,2332000000.0,168495000000.0,42290000000.0,126205000000.0,167950500000.0,-178000000.0,-9357000000.0,-5758000000.0,10424000000.0,-9507000000.0,-4690000000.0,-29098000000.0,504000000.0,33610000000.0,0.0,-2625000000.0,-2625000000.0,-2625000000.0,2000000.0,261000000.0,-0.021,68445000000.0,-1690000000.0,20032000000.0,-3.636,1.743,-63.981,-64.773,99088000000.0,0.0,28.5,1.361,1.361,16047000000.0,36591000000.0,123443000000.0,123443000000.0,0.0,-0.009,-0.024,-0.008,-0.012,0.0,48772000000.0,1.0,5893000000.0,5893000000.0,,20.947,129704000000.0,1014000000.0,-2210000000.0,21070000000.0,22.01,-19734000000.0
13,T,MRY,2007-12-31,2007-12-31,2007-12-31,2021-08-05,-380000000.0,275644000000.0,269808500000.0,24686000000.0,250958000000.0,0.441,19.023,-17717000000.0,1970000000.0,1970000000.0,46801000000.0,12147000000.0,0.629,1.389,64115000000.0,6860000000.0,57255000000.0,64115000000.0,3571000000.0,21577000000.0,0.0,0.034,1.42,21710000000.0,43287000000.0,0.364,43287000000.0,21710000000.0,18203000000.0,1.95,1.94,1.95,115367000000.0,113052000000.0,115367000000.0,309948376060.0,14.0,7.16,16525000000.0,2.725,1.0,72127000000.0,0.606,129115000000.0,3507000000.0,169400000000.0,165661000000.0,0.0,2270000000.0,0.0,2270000000.0,160277000000.0,39274000000.0,121003000000.0,252051376060.0,-448000000.0,-1279000000.0,-8404000000.0,1184000000.0,-8743000000.0,-16014000000.0,-18676000000.0,455000000.0,34242000000.0,0.0,11951000000.0,11951000000.0,11951000000.0,0.0,196000000.0,0.1,51723000000.0,20404000000.0,21399000000.0,0.728,2.185,21.09,21.313,95890000000.0,0.0,41.56,2.119,2.119,16185000000.0,33297000000.0,118928000000.0,118928000000.0,0.0,0.044,0.106,0.131,0.183,-173000000.0,30146000000.0,1.0,6064758808.0,6064758808.0,,19.61,146529000000.0,2044000000.0,6252000000.0,29966000000.0,24.161,-14588000000.0
14,T,MRY,2006-12-31,2006-12-31,2006-12-31,2021-08-05,-5314000000.0,270634000000.0,175828250000.0,25553000000.0,245081000000.0,0.359,30.066,-8320000000.0,2418000000.0,2418000000.0,28854000000.0,7356000000.0,0.631,1.342,59796000000.0,9733000000.0,50063000000.0,59796000000.0,3402000000.0,9907000000.0,0.0,0.037,1.33,12724000000.0,22631000000.0,0.359,22631000000.0,12724000000.0,10881000000.0,1.89,1.89,1.89,115540000000.0,70374750000.0,115540000000.0,167644753436.0,13.0,7.408,7368000000.0,1.917,1.0,34201000000.0,0.542,127397000000.0,1843000000.0,160133000000.0,136775250000.0,0.0,1995000000.0,0.0,1995000000.0,155094000000.0,40482000000.0,114612000000.0,137383753436.0,1194000000.0,1124000000.0,-2089000000.0,898000000.0,-5153000000.0,-6128000000.0,-8366000000.0,-1104000000.0,15688000000.0,0.0,7356000000.0,7356000000.0,7356000000.0,0.0,0.0,0.117,23913000000.0,10288000000.0,22106000000.0,0.704,1.189,18.676,18.915,94596000000.0,0.0,35.75,2.179,2.179,16194000000.0,30375000000.0,63055000000.0,63055000000.0,0.0,0.042,0.105,0.093,0.202,-18000000.0,14006000000.0,1.0,3842902194.0,3842902194.0,,16.408,143237000000.0,3034000000.0,3525000000.0,30613000000.0,37.273,-14929000000.0
15,T,MRY,2005-12-31,2005-12-31,2005-12-31,2021-08-05,-574000000.0,145632000000.0,115581250000.0,14654000000.0,130978000000.0,0.379,16.667,-5576000000.0,1224000000.0,1224000000.0,19173000000.0,4786000000.0,0.577,1.663,30570000000.0,4455000000.0,26115000000.0,30570000000.0,0.0,7643000000.0,0.0,0.053,1.29,7174000000.0,14817000000.0,0.339,14817000000.0,7174000000.0,5718000000.0,1.42,1.42,1.42,54690000000.0,43939750000.0,54690000000.0,103133737316.0,14.0,6.961,7398000000.0,2.255,1.0,24591000000.0,0.562,22558000000.0,1456000000.0,127002000000.0,114445500000.0,0.0,33435000000.0,0.0,33435000000.0,90942000000.0,25418000000.0,65524000000.0,80358737316.0,464000000.0,2030000000.0,-1411000000.0,-4828000000.0,-4256000000.0,-11226000000.0,-974000000.0,2572000000.0,12974000000.0,0.0,4786000000.0,4786000000.0,4786000000.0,0.0,0.0,0.109,18423000000.0,6168000000.0,17088000000.0,0.908,1.469,16.79,17.246,58727000000.0,0.0,24.49,1.836,1.836,9351000000.0,29106000000.0,43764000000.0,43764000000.0,0.0,0.041,0.109,0.063,0.164,-3000000.0,10780000000.0,1.0,3281287763.0,3281287763.0,,13.337,123074000000.0,2011000000.0,932000000.0,18508000000.0,37.508,-10764000000.0
16,T,MRY,2004-12-31,2004-12-31,2004-12-31,2021-08-05,-550000000.0,110265000000.0,103273000000.0,9962000000.0,100303000000.0,0.395,12.217,-5099000000.0,760000000.0,760000000.0,17383000000.0,5887000000.0,0.489,1.722,26965000000.0,5734000000.0,21231000000.0,26965000000.0,0.0,7564000000.0,0.0,0.049,1.25,9096000000.0,16660000000.0,0.408,16660000000.0,9096000000.0,8073000000.0,1.78,1.77,1.78,40504000000.0,39850750000.0,40504000000.0,90390216435.0,10.0,5.426,5856000000.0,1.766,1.0,23404000000.0,0.574,2054000000.0,1023000000.0,114061000000.0,98296000000.0,0.0,35485000000.0,0.0,35485000000.0,69761000000.0,20355000000.0,49406000000.0,85438216435.0,-4046000000.0,-16112000000.0,-232000000.0,8978000000.0,-4141000000.0,4605000000.0,-20747000000.0,464000000.0,10955000000.0,0.0,5887000000.0,5887000000.0,5887000000.0,-908000000.0,0.0,0.144,17503000000.0,5901000000.0,11459000000.0,0.702,2.109,14.513,14.478,50046000000.0,0.0,25.77,2.095,2.095,6901000000.0,28806000000.0,40787000000.0,40787000000.0,0.0,0.057,0.148,0.093,0.223,0.0,9939000000.0,1.0,3315413909.0,3315413909.0,,12.302,108211000000.0,566000000.0,2186000000.0,17596000000.0,32.639,-10393000000.0
17,T,MRY,2003-12-31,2003-12-31,2003-12-31,2021-08-05,-1132000000.0,100233000000.0,100589500000.0,14023000000.0,86210000000.0,0.403,11.553,-5219000000.0,4806000000.0,4806000000.0,16857000000.0,8505000000.0,0.981,1.621,17976000000.0,1879000000.0,16097000000.0,17976000000.0,0.0,7870000000.0,0.0,0.052,1.368,12553000000.0,20423000000.0,0.504,20423000000.0,12553000000.0,11362000000.0,2.56,2.56,2.56,38248000000.0,38142750000.0,38248000000.0,99626153969.0,8.0,4.878,8187000000.0,2.473,1.0,23641000000.0,0.584,1611000000.0,1191000000.0,97492000000.0,97400500000.0,0.0,18305000000.0,378000000.0,17927000000.0,61985000000.0,14300000000.0,47685000000.0,86309153969.0,1235000000.0,3012000000.0,-388000000.0,-4296000000.0,-4539000000.0,-9222000000.0,-3105000000.0,-898000000.0,13406000000.0,0.0,8505000000.0,8505000000.0,8505000000.0,-112000000.0,0.0,0.21,17357000000.0,6284000000.0,10658000000.0,0.534,2.257,10.148,10.184,52128000000.0,0.0,26.07,2.131,2.131,6160000000.0,27635000000.0,40498000000.0,40498000000.0,0.0,0.085,0.223,0.129,0.31,-1000000.0,9487000000.0,1.0,3310669504.0,3310669504.0,,12.233,98622000000.0,741000000.0,2857000000.0,15692000000.0,29.789,-277000000.0
18,T,MRY,2002-12-31,2002-12-31,2002-12-31,2021-08-05,-2451000000.0,95057000000.0,94364500000.0,14089000000.0,80968000000.0,0.454,9.999,-6808000000.0,3567000000.0,3567000000.0,16474000000.0,5653000000.0,0.96,1.863,22041000000.0,3505000000.0,18536000000.0,22041000000.0,0.0,8578000000.0,0.0,0.039,1.066,9945000000.0,18523000000.0,0.433,18523000000.0,9945000000.0,8563000000.0,1.7,1.69,1.7,33199000000.0,32063500000.0,33199000000.0,113204715204.0,11.0,6.112,8328000000.0,2.508,1.0,26347000000.0,0.615,1643000000.0,1382000000.0,97205000000.0,97340000000.0,0.0,16356000000.0,1000000.0,16355000000.0,61858000000.0,14683000000.0,47175000000.0,90010715204.0,2867000000.0,3479000000.0,-1309000000.0,-4139000000.0,-3557000000.0,-9018000000.0,-3328000000.0,1000000.0,15136000000.0,0.0,5653000000.0,5653000000.0,5653000000.0,-112000000.0,0.0,0.132,17909000000.0,8438000000.0,9413000000.0,0.627,2.711,15.923,15.947,48490000000.0,0.0,27.11,2.102,2.102,8540000000.0,23802000000.0,42821000000.0,42821000000.0,0.0,0.06,0.176,0.102,0.232,0.0,9331000000.0,1.0,3320203438.0,3320203438.0,,12.897,93414000000.0,704000000.0,2910000000.0,11840000000.0,28.135,-594000000.0
19,T,MRY,2001-12-31,2001-12-31,2001-12-31,2021-08-05,-1589000000.0,96322000000.0,96324000000.0,12580000000.0,83742000000.0,0.477,9.793,-11189000000.0,703000000.0,703000000.0,16940000000.0,7008000000.0,0.525,1.926,26166000000.0,9033000000.0,17133000000.0,26166000000.0,0.0,9077000000.0,0.0,0.026,1.023,12549000000.0,21626000000.0,0.471,21626000000.0,12549000000.0,10950000000.0,2.08,2.07,2.08,32919000000.0,31750500000.0,32919000000.0,156469330504.0,12.0,7.235,3616000000.0,1.076,1.0,28968000000.0,0.631,3577000000.0,1599000000.0,94260000000.0,93214500000.0,0.0,17891000000.0,0.0,17891000000.0,63403000000.0,23948000000.0,39455000000.0,131672330504.0,60000000.0,2291000000.0,-1745000000.0,274000000.0,-3456000000.0,-6358000000.0,-8387000000.0,510000000.0,14805000000.0,0.0,7008000000.0,7008000000.0,7008000000.0,0.0,0.0,0.153,18460000000.0,10508000000.0,11459000000.0,0.492,4.0,18.789,18.832,49827000000.0,0.0,39.17,2.868,2.868,9376000000.0,21737000000.0,45908000000.0,45908000000.0,0.0,0.073,0.221,0.135,0.273,0.0,9383000000.0,1.0,3361560646.0,3361560646.0,,13.657,92745000000.0,713000000.0,3942000000.0,11022000000.0,27.59,-11368000000.0
20,T,MRY,2000-12-31,2000-12-31,2000-12-31,2021-08-05,-1307000000.0,98651000000.0,93454750000.0,13648000000.0,85003000000.0,0.55,8.999,-13124000000.0,643000000.0,643000000.0,31156000000.0,7800000000.0,0.45,2.238,25962000000.0,10470000000.0,15492000000.0,25962000000.0,0.0,9748000000.0,0.0,0.021,1.005,14208000000.0,23956000000.0,0.466,23956000000.0,14208000000.0,12616000000.0,2.3,2.32,2.3,30463000000.0,29239750000.0,30463000000.0,186390371362.0,13.0,7.781,942000000.0,0.278,1.0,20218000000.0,0.394,3719000000.0,1592000000.0,89894000000.0,82116500000.0,0.0,21946000000.0,0.0,21946000000.0,68188000000.0,30357000000.0,37831000000.0,161632371362.0,148000000.0,-506000000.0,-1523000000.0,5128000000.0,-3418000000.0,252000000.0,-14170000000.0,-539000000.0,14066000000.0,0.0,7800000000.0,7800000000.0,7800000000.0,0.0,0.0,0.152,9748000000.0,10470000000.0,15432000000.0,0.437,5.306,20.722,20.761,47195000000.0,0.0,47.75,3.146,3.146,10144000000.0,18341000000.0,51374000000.0,51374000000.0,0.0,0.083,0.267,0.173,0.277,0.0,0.0,1.0,3384971128.0,3384971128.0,,15.177,94932000000.0,671000000.0,4816000000.0,10716000000.0,28.045,-16709000000.0
21,T,MRY,1999-12-31,1999-12-31,1999-12-31,2021-08-05,-1062000000.0,83215000000.0,55951750000.0,11930000000.0,71285000000.0,0.885,7.834,-10304000000.0,495000000.0,495000000.0,29380000000.0,8159000000.0,0.618,2.114,20849000000.0,3374000000.0,17475000000.0,20849000000.0,0.0,8553000000.0,0.0,0.02,0.965,13869000000.0,22422000000.0,0.453,22422000000.0,13869000000.0,12439000000.0,2.39,2.36,2.39,26726000000.0,17486750000.0,26726000000.0,179925775439.0,13.0,8.025,6370000000.0,1.867,1.0,20151000000.0,0.407,6796000000.0,1430000000.0,77460000000.0,53346250000.0,0.0,10648000000.0,0.0,10648000000.0,56489000000.0,19313000000.0,37176000000.0,166304775439.0,-104000000.0,-376000000.0,-538000000.0,-2350000000.0,-3287000000.0,-6105000000.0,-10673000000.0,5000000.0,16674000000.0,0.0,8159000000.0,8159000000.0,8159000000.0,0.0,0.0,0.165,8553000000.0,11598000000.0,11717000000.0,0.404,6.223,20.383,20.397,46571000000.0,0.0,48.75,3.358,3.358,9378000000.0,13798000000.0,49531000000.0,49531000000.0,0.0,0.146,0.467,0.26,0.28,0.0,0.0,1.0,3411380009.0,3411380009.0,,14.519,76419000000.0,767000000.0,4280000000.0,8596000000.0,22.401,-7383000000.0
22,T,MRY,1998-12-31,1998-12-31,1998-12-31,2021-08-05,-822000000.0,74966000000.0,50552250000.0,12697000000.0,62269000000.0,0.915,11.643,-8882000000.0,599000000.0,599000000.0,27177000000.0,7690000000.0,0.696,2.292,21348000000.0,4178000000.0,17170000000.0,21348000000.0,0.0,7841000000.0,0.0,0.017,0.925,13675000000.0,21516000000.0,0.465,21516000000.0,13675000000.0,12070000000.0,2.26,2.23,2.26,22774000000.0,13899750000.0,22774000000.0,116969132663.0,9.0,5.436,4099000000.0,2.096,1.0,19064000000.0,0.412,5161000000.0,1605000000.0,72314000000.0,49977500000.0,0.0,7412000000.0,0.0,7412000000.0,52192000000.0,18240000000.0,33952000000.0,104901132663.0,-50000000.0,-611000000.0,274000000.0,-565000000.0,-3131000000.0,-3862000000.0,-9169000000.0,313000000.0,12981000000.0,0.0,7690000000.0,7690000000.0,7690000000.0,0.0,0.0,0.166,7841000000.0,11223000000.0,13253000000.0,0.409,4.606,13.641,23.73,44194000000.0,0.0,53.63,2.269,2.269,9783000000.0,8948000000.0,46241000000.0,46241000000.0,0.0,0.152,0.553,0.274,0.296,0.0,0.0,1.0,1956015899.0,1956015899.0,,23.64,69805000000.0,685000000.0,4380000000.0,3320000000.0,35.687,-5543000000.0
23,T,MRY,1997-12-31,1997-12-31,1997-12-31,2021-08-05,-574000000.0,44836000000.0,42160500000.0,7517000000.0,37319000000.0,1.022,5.721,-8856000000.0,410000000.0,410000000.0,27727000000.0,4087000000.0,0.689,3.262,15315000000.0,2139000000.0,13176000000.0,15315000000.0,0.0,7777000000.0,0.0,0.024,0.887,8088000000.0,15865000000.0,0.368,15865000000.0,8088000000.0,6538000000.0,1.21,1.2,1.21,10520000000.0,10080500000.0,10520000000.0,,,,2723000000.0,1.481,1.0,15379000000.0,0.357,3663000000.0,1550000000.0,45168000000.0,42351500000.0,0.0,3060000000.0,320000000.0,2740000000.0,34316000000.0,10910000000.0,23406000000.0,67350826046.0,180000000.0,-1219000000.0,499000000.0,760000000.0,-2966000000.0,-1450000000.0,-9949000000.0,113000000.0,11579000000.0,0.0,4087000000.0,4087000000.0,4087000000.0,0.0,0.0,0.095,7777000000.0,7602000000.0,8330000000.0,0.733,6.402,16.479,30.269,29068000000.0,0.0,36.625,1.562,1.562,5344000000.0,1204000000.0,43106000000.0,43106000000.0,0.0,0.097,0.405,0.191,0.188,0.0,0.0,1.0,1838930404.0,1838930404.0,,23.441,41173000000.0,660000000.0,2451000000.0,2000000000.0,22.39,-3393000000.0
24,T,MRY,1996-12-31,1996-12-31,1996-12-31,2021-08-05,-637000000.0,39485000000.0,,6271000000.0,33214000000.0,,,-5855000000.0,314000000.0,314000000.0,14510000000.0,3477000000.0,0.673,3.096,13265000000.0,2335000000.0,10930000000.0,13265000000.0,0.0,4466000000.0,0.0,0.033,0.852,6448000000.0,10914000000.0,0.433,10914000000.0,6448000000.0,5547000000.0,1.78,1.77,1.78,9641000000.0,,9641000000.0,,,,2046000000.0,,1.0,10692000000.0,0.424,3589000000.0,901000000.0,39535000000.0,,0.0,2396000000.0,432000000.0,1964000000.0,29844000000.0,9312000000.0,20532000000.0,,-253000000.0,-420000000.0,-487000000.0,-354000000.0,-1765000000.0,-1709000000.0,-6445000000.0,-189000000.0,7901000000.0,0.0,3477000000.0,3477000000.0,3477000000.0,0.0,0.0,0.138,4466000000.0,6226000000.0,6584000000.0,0.479,,,14.573,26080000000.0,0.0,25.94,,,4684000000.0,1297000000.0,25202000000.0,25202000000.0,0.0,,,,0.256,0.0,0.0,1.0,,,,,35896000000.0,201000000.0,2070000000.0,1351000000.0,,-3041000000.0
25,T,MRY,1995-12-31,1995-12-31,1995-12-31,2021-08-05,,,,,,,,-4338000000.0,,,7864000000.0,-3064000000.0,,,,,,,,4034000000.0,,0.029,0.817,-588000000.0,3446000000.0,0.159,3446000000.0,-588000000.0,-1545000000.0,-0.83,-0.83,-0.83,,,,,,,2452000000.0,,1.0,13848000000.0,0.638,,957000000.0,,,,,,,,,,,67000000.0,-1226000000.0,-60000000.0,1297000000.0,-1814000000.0,-1042000000.0,-5681000000.0,-117000000.0,6790000000.0,0.0,-3064000000.0,-3064000000.0,-3064000000.0,0.0,0.0,-0.141,8728000000.0,5120000000.0,,-0.984,,,-34.488,,0.0,28.625,,,,,21712000000.0,21712000000.0,0.0,,,,-0.027,0.0,4694000000.0,1.0,,,,,,,1519000000.0,,,
0,T,MRQ,2021-06-30,2021-06-30,2021-06-30,2021-08-05,3119000000.0,544710000000.0,,62869000000.0,481841000000.0,,22.642,-3959000000.0,11869000000.0,11869000000.0,21099000000.0,1874000000.0,0.766,2.248,201420000000.0,24016000000.0,177404000000.0,201420000000.0,4932000000.0,5761000000.0,0.0,0.072,0.52,4005000000.0,9766000000.0,0.222,9766000000.0,4005000000.0,2321000000.0,0.21,0.21,0.21,162296000000.0,,162296000000.0,396112200000.0,56.0,12.131,6951000000.0,0.97,1.0,22946000000.0,0.521,257600000000.0,1684000000.0,394535000000.0,,19081000000.0,1853000000.0,0.0,1853000000.0,364864000000.0,82126000000.0,282738000000.0,205489200000.0,548000000.0,281000000.0,13000000.0,-2070000000.0,-3830000000.0,-6583000000.0,-3779000000.0,4000000.0,10910000000.0,0.0,1570000000.0,1514000000.0,1514000000.0,0.0,304000000.0,0.034,19677000000.0,3269000000.0,49429000000.0,2.476,1.266,-95.046,-95.933,160856000000.0,56000000.0,28.78,1.167,1.172,15771000000.0,38947000000.0,44045000000.0,44045000000.0,0.0,,,,,0.0,9361000000.0,1.0,7140000000.0,7168000000.0,7200000000.0,6.145,287110000000.0,0.0,751000000.0,61732000000.0,40.054,-19257000000.0
1,T,MRQ,2021-03-31,2021-03-31,2021-03-31,2021-08-05,4199000000.0,546985000000.0,,62754000000.0,484231000000.0,,23.11,-4033000000.0,11342000000.0,11342000000.0,21087000000.0,7942000000.0,0.819,2.199,201965000000.0,19505000000.0,182460000000.0,201965000000.0,5029000000.0,5809000000.0,0.0,0.069,0.52,11542000000.0,17351000000.0,0.395,17351000000.0,11542000000.0,9672000000.0,1.04,1.04,1.04,165488000000.0,,165488000000.0,385585481024.0,53.0,11.199,5894000000.0,0.823,1.0,22852000000.0,0.52,259542000000.0,1870000000.0,401458000000.0,,18973000000.0,1805000000.0,0.0,1805000000.0,363906000000.0,76608000000.0,287298000000.0,215878481024.0,1558000000.0,-22815000000.0,-113000000.0,22677000000.0,-3741000000.0,18483000000.0,-26852000000.0,-4000000.0,9927000000.0,0.0,7550000000.0,7500000000.0,7500000000.0,0.0,392000000.0,0.171,15191000000.0,7661000000.0,48245000000.0,0.5,1.304,-88.222,-89.029,162356000000.0,50000000.0,30.27,1.248,1.254,16971000000.0,41154000000.0,43939000000.0,43939000000.0,0.0,,,,,0.0,9382000000.0,1.0,7131763496.0,7161000000.0,7188000000.0,6.136,287443000000.0,0.0,2122000000.0,61886000000.0,40.14,-13854000000.0
2,T,MRQ,2020-12-31,2020-12-31,2020-12-31,2021-08-05,4330000000.0,525761000000.0,,52008000000.0,473753000000.0,,22.688,-2392000000.0,9740000000.0,9740000000.0,22910000000.0,-13515000000.0,0.82,2.143,179447000000.0,3470000000.0,175977000000.0,179447000000.0,6176000000.0,6979000000.0,0.0,0.072,0.52,-14027000000.0,-7048000000.0,-0.154,-7048000000.0,-14027000000.0,-15921000000.0,-1.94,-1.94,-1.94,161673000000.0,,161673000000.0,376119760000.0,101.0,11.67,7690000000.0,1.079,1.0,22781000000.0,0.499,267782000000.0,1894000000.0,364248000000.0,,18447000000.0,1780000000.0,0.0,1780000000.0,346521000000.0,63438000000.0,283083000000.0,204943760000.0,21000000.0,2517000000.0,2000000.0,-5138000000.0,-3741000000.0,-10239000000.0,178000000.0,53000000.0,10082000000.0,0.0,-13883000000.0,-13938000000.0,-13938000000.0,0.0,368000000.0,-0.305,33526000000.0,-10745000000.0,50051000000.0,-0.268,1.268,-38.172,-38.347,165822000000.0,55000000.0,28.76,1.193,1.193,20215000000.0,37457000000.0,45691000000.0,45691000000.0,0.0,,,,,0.0,10182000000.0,1.0,7126000000.0,7126000000.0,,6.412,257979000000.0,0.0,-2038000000.0,60472000000.0,36.202,-11430000000.0
3,T,MRQ,2020-09-30,2020-09-30,2020-09-30,2021-08-05,649000000.0,538553000000.0,,49971000000.0,488582000000.0,,24.563,-3911000000.0,9758000000.0,9758000000.0,19839000000.0,3168000000.0,0.839,1.957,180934000000.0,5898000000.0,175036000000.0,180934000000.0,5862000000.0,7030000000.0,0.0,0.073,0.52,5554000000.0,12584000000.0,0.297,12584000000.0,5554000000.0,3582000000.0,0.39,0.39,0.39,175553000000.0,,175553000000.0,377386750000.0,17.0,7.383,8212000000.0,1.149,1.0,22501000000.0,0.531,283183000000.0,1972000000.0,366981000000.0,,13948000000.0,2325000000.0,0.0,2325000000.0,343497000000.0,59565000000.0,283932000000.0,203133750000.0,-7182000000.0,6000000.0,1000000.0,-11233000000.0,-3741000000.0,-15857000000.0,-3448000000.0,397000000.0,12123000000.0,0.0,2816000000.0,2762000000.0,2762000000.0,0.0,352000000.0,0.065,16369000000.0,6132000000.0,42728000000.0,1.333,1.157,18.534,18.757,167517000000.0,54000000.0,28.51,1.175,1.179,19379000000.0,55094000000.0,42340000000.0,42340000000.0,0.0,,,,,0.0,9266000000.0,1.0,7125000000.0,7147000000.0,7173000000.0,5.924,255370000000.0,0.0,766000000.0,61784000000.0,35.731,-9594000000.0
4,T,MRQ,2020-06-30,2020-06-30,2020-06-30,2021-08-05,129000000.0,547898000000.0,,56555000000.0,491343000000.0,,24.618,-4466000000.0,16941000000.0,16941000000.0,17983000000.0,1563000000.0,0.814,2.015,191194000000.0,15576000000.0,175618000000.0,191194000000.0,5723000000.0,7285000000.0,0.0,0.068,0.52,4257000000.0,11542000000.0,0.282,11542000000.0,4257000000.0,2216000000.0,0.17,0.17,0.17,175896000000.0,,175896000000.0,391286750000.0,16.0,7.496,7593000000.0,1.063,1.0,22967000000.0,0.561,284623000000.0,2041000000.0,368059000000.0,,14514000000.0,2302000000.0,0.0,2302000000.0,354445000000.0,69469000000.0,284976000000.0,215388750000.0,6991000000.0,-777000000.0,9000000.0,3109000000.0,-3737000000.0,188000000.0,-5256000000.0,6000000.0,12059000000.0,0.0,1281000000.0,1229000000.0,1229000000.0,0.0,282000000.0,0.03,19435000000.0,3532000000.0,41881000000.0,3.059,1.225,18.103,18.546,168341000000.0,52000000.0,30.23,1.23,1.233,19127000000.0,56045000000.0,40950000000.0,40950000000.0,0.0,,,,,0.0,9831000000.0,1.0,7125000000.0,7145000000.0,7170000000.0,5.731,263275000000.0,0.0,935000000.0,60935000000.0,36.847,-12914000000.0
5,T,MRQ,2020-03-31,2020-03-31,2020-03-31,2021-08-05,-385000000.0,545354000000.0,,52704000000.0,492650000000.0,,24.736,-4966000000.0,9955000000.0,9955000000.0,19188000000.0,4963000000.0,0.756,1.968,185853000000.0,17067000000.0,168786000000.0,185853000000.0,5960000000.0,7222000000.0,0.0,0.07,0.52,7930000000.0,15152000000.0,0.354,15152000000.0,7930000000.0,5912000000.0,0.63,0.63,0.63,177779000000.0,,177779000000.0,381910570640.0,14.0,6.979,3900000000.0,0.543,1.0,23591000000.0,0.551,285124000000.0,2018000000.0,366424000000.0,,13276000000.0,3606000000.0,0.0,3606000000.0,349905000000.0,69704000000.0,280201000000.0,209089570640.0,-2255000000.0,-50000000.0,-5405000000.0,2276000000.0,-3737000000.0,-6099000000.0,-5022000000.0,-6000000.0,8866000000.0,0.0,4610000000.0,4578000000.0,4578000000.0,0.0,353000000.0,0.107,16105000000.0,7486000000.0,40771000000.0,0.825,1.176,14.538,14.797,167815000000.0,32000000.0,29.15,1.167,1.169,19908000000.0,58534000000.0,42779000000.0,42779000000.0,0.0,,,,,0.0,8760000000.0,1.0,7172884070.0,7187000000.0,7214000000.0,5.952,260230000000.0,0.0,1302000000.0,60660000000.0,36.208,-17000000000.0
6,T,MRQ,2019-12-31,2019-12-31,2019-12-31,2021-08-05,5470000000.0,551669000000.0,,54761000000.0,496908000000.0,,25.218,-3792000000.0,12130000000.0,12130000000.0,22736000000.0,2704000000.0,0.795,1.898,184951000000.0,11838000000.0,173113000000.0,184951000000.0,6124000000.0,6961000000.0,0.0,0.052,0.51,4877000000.0,11838000000.0,0.253,11838000000.0,4877000000.0,2828000000.0,0.33,0.32,0.33,184221000000.0,,184221000000.0,466355400000.0,18.0,8.631,8151000000.0,1.116,1.0,24085000000.0,0.514,288513000000.0,2049000000.0,367066000000.0,,12434000000.0,3695000000.0,0.0,3695000000.0,349735000000.0,68911000000.0,280824000000.0,285479400000.0,5513000000.0,192000000.0,-1953000000.0,-4124000000.0,-3726000000.0,-2742000000.0,-3688000000.0,-88000000.0,11943000000.0,0.0,2394000000.0,2391000000.0,2391000000.0,0.0,310000000.0,0.051,18764000000.0,5321000000.0,45956000000.0,1.545,1.55,20.538,20.568,169512000000.0,3000000.0,39.08,1.576,1.576,22636000000.0,57936000000.0,46821000000.0,46821000000.0,0.0,,,,,0.0,10345000000.0,1.0,7305000000.0,7305000000.0,,6.409,263156000000.0,0.0,434000000.0,60714000000.0,36.024,-14150000000.0
7,T,MRQ,2019-09-30,2019-09-30,2019-09-30,2021-08-05,2137000000.0,548796000000.0,,50695000000.0,498101000000.0,,24.983,-5301000000.0,6588000000.0,6588000000.0,20154000000.0,3949000000.0,0.744,1.936,187464000000.0,11608000000.0,175856000000.0,187464000000.0,6097000000.0,6949000000.0,0.0,0.054,0.51,6720000000.0,13669000000.0,0.307,13669000000.0,6720000000.0,4637000000.0,0.5,0.5,0.5,183049000000.0,,183049000000.0,459203880000.0,16.0,7.962,6088000000.0,0.831,1.0,24434000000.0,0.548,288047000000.0,2083000000.0,373499000000.0,,12014000000.0,4137000000.0,0.0,4137000000.0,354469000000.0,68126000000.0,286343000000.0,276496880000.0,-1872000000.0,-641000000.0,-48000000.0,-4755000000.0,-3726000000.0,-7558000000.0,-5703000000.0,127000000.0,11389000000.0,0.0,3700000000.0,3700000000.0,3700000000.0,0.0,249000000.0,0.083,16533000000.0,7901000000.0,43955000000.0,1.02,1.511,16.894,16.969,171599000000.0,0.0,37.84,1.516,1.52,22921000000.0,59347000000.0,44588000000.0,44588000000.0,0.0,,,,,0.0,9584000000.0,1.0,7307000000.0,7327000000.0,7356000000.0,6.085,260749000000.0,0.0,937000000.0,60527000000.0,35.587,-17431000000.0
8,T,MRQ,2019-06-30,2019-06-30,2019-06-30,2021-08-05,3289000000.0,546914000000.0,,47218000000.0,499696000000.0,,25.161,-5421000000.0,8423000000.0,8423000000.0,20512000000.0,3974000000.0,0.711,1.915,191130000000.0,12772000000.0,178358000000.0,191130000000.0,5734000000.0,7101000000.0,0.0,0.06,0.51,6961000000.0,14062000000.0,0.313,14062000000.0,6961000000.0,4812000000.0,0.51,0.51,0.51,184257000000.0,,184257000000.0,431772980000.0,14.0,7.157,8863000000.0,1.21,1.0,24445000000.0,0.544,291159000000.0,2149000000.0,372086000000.0,,10685000000.0,4133000000.0,0.0,4133000000.0,352833000000.0,66376000000.0,286457000000.0,244555980000.0,2024000000.0,3177000000.0,237000000.0,-6279000000.0,-3722000000.0,-10362000000.0,-1898000000.0,397000000.0,14284000000.0,0.0,3713000000.0,3713000000.0,3713000000.0,0.0,261000000.0,0.083,16945000000.0,7500000000.0,42082000000.0,1.0,1.327,14.067,14.08,170986000000.0,0.0,33.51,1.333,1.337,22381000000.0,59389000000.0,44957000000.0,44957000000.0,0.0,,,,,0.0,9844000000.0,1.0,7298000000.0,7323000000.0,7353000000.0,6.139,255755000000.0,0.0,1099000000.0,60775000000.0,34.925,-19158000000.0
9,T,MRQ,2019-03-31,2019-03-31,2019-03-31,2021-08-05,4345000000.0,548384000000.0,,46472000000.0,501912000000.0,,25.313,-5121000000.0,6516000000.0,6516000000.0,20739000000.0,4348000000.0,0.719,1.909,193733000000.0,11538000000.0,182195000000.0,193733000000.0,5956000000.0,7206000000.0,0.0,0.064,0.51,7260000000.0,14466000000.0,0.323,14466000000.0,7260000000.0,5119000000.0,0.56,0.56,0.56,185112000000.0,,185112000000.0,399745738731.0,13.0,6.518,5931000000.0,0.811,1.0,24088000000.0,0.537,292385000000.0,2141000000.0,378564000000.0,,10270000000.0,6230000000.0,0.0,6230000000.0,353433000000.0,64652000000.0,288781000000.0,228444738731.0,1230000000.0,-218000000.0,-22000000.0,-1613000000.0,-3714000000.0,-4421000000.0,-5401000000.0,-1000000.0,11052000000.0,0.0,4096000000.0,4096000000.0,4096000000.0,0.0,252000000.0,0.091,16855000000.0,7233000000.0,42306000000.0,0.911,1.234,12.149,11.701,168909000000.0,0.0,31.36,1.287,1.292,23863000000.0,59424000000.0,44827000000.0,44827000000.0,0.0,,,,,0.0,9649000000.0,1.0,7284589883.0,7313000000.0,7342000000.0,6.13,255999000000.0,0.0,1023000000.0,60337000000.0,35.006,-18180000000.0
10,T,MRQ,2018-12-31,2018-12-31,2018-12-31,2021-08-05,4249000000.0,531864000000.0,,51427000000.0,480437000000.0,,25.294,-4556000000.0,5204000000.0,5204000000.0,23309000000.0,5130000000.0,0.798,1.836,176505000000.0,10255000000.0,166250000000.0,176505000000.0,5948000000.0,7892000000.0,0.0,0.07,0.5,7585000000.0,15477000000.0,0.322,15477000000.0,7585000000.0,5473000000.0,0.66,0.66,0.66,184089000000.0,,184089000000.0,382475120000.0,12.0,6.303,7524000000.0,1.034,1.0,24684000000.0,0.514,293128000000.0,2112000000.0,345617000000.0,,7713000000.0,6245000000.0,0.0,6245000000.0,337980000000.0,64420000000.0,273560000000.0,207714120000.0,-3388000000.0,943000000.0,354000000.0,-6454000000.0,-3635000000.0,-12310000000.0,-3158000000.0,51000000.0,12080000000.0,0.0,4858000000.0,4858000000.0,4858000000.0,0.0,272000000.0,0.101,18524000000.0,6160000000.0,43184000000.0,0.758,1.128,10.723,10.014,148542000000.0,0.0,28.54,1.216,1.216,26472000000.0,58753000000.0,47993000000.0,47993000000.0,0.0,,,,,0.0,10586000000.0,1.0,7278000000.0,7278000000.0,,6.594,238736000000.0,0.0,615000000.0,59038000000.0,32.802,-12993000000.0
11,T,MRQ,2018-09-30,2018-09-30,2018-09-30,2021-08-05,5383000000.0,534870000000.0,,53107000000.0,481763000000.0,,25.24,-5736000000.0,8657000000.0,8657000000.0,20706000000.0,4816000000.0,0.812,1.903,183418000000.0,14905000000.0,168513000000.0,183418000000.0,6045000000.0,8166000000.0,0.0,0.059,0.5,8160000000.0,16326000000.0,0.357,16326000000.0,8160000000.0,6109000000.0,0.65,0.65,0.65,183848000000.0,,183848000000.0,420501960000.0,17.0,8.115,6610000000.0,0.907,1.0,25033000000.0,0.547,295614000000.0,2051000000.0,348597000000.0,,7221000000.0,6128000000.0,0.0,6128000000.0,349899000000.0,65420000000.0,284479000000.0,243857960000.0,-4965000000.0,-1463000000.0,334000000.0,-6992000000.0,-3631000000.0,-9959000000.0,-7352000000.0,-16000000.0,12346000000.0,0.0,4718000000.0,4718000000.0,4718000000.0,0.0,98000000.0,0.103,17764000000.0,7269000000.0,39375000000.0,0.769,1.326,7.269,6.348,147310000000.0,0.0,33.58,1.483,1.487,26312000000.0,57624000000.0,45739000000.0,45739000000.0,0.0,,,,,0.0,9598000000.0,1.0,7262000000.0,7284000000.0,7320000000.0,6.279,239256000000.0,0.0,1391000000.0,61955000000.0,32.847,-12313000000.0
12,T,MRQ,2018-06-30,2018-06-30,2018-06-30,2021-08-05,5716000000.0,534691000000.0,,55286000000.0,479405000000.0,,28.811,-5002000000.0,13523000000.0,13523000000.0,17458000000.0,5248000000.0,0.806,1.916,190167000000.0,21672000000.0,168495000000.0,190167000000.0,5914000000.0,6378000000.0,0.0,0.062,0.5,8687000000.0,15065000000.0,0.386,15065000000.0,8687000000.0,6664000000.0,0.81,0.81,0.81,182980000000.0,,182980000000.0,311361510000.0,13.0,6.474,5227000000.0,0.823,1.0,21528000000.0,0.552,294649000000.0,2023000000.0,348093000000.0,,5849000000.0,8007000000.0,0.0,8007000000.0,350561000000.0,68593000000.0,281968000000.0,197187510000.0,-35472000000.0,-40273000000.0,-418000000.0,6443000000.0,-3074000000.0,-218000000.0,-45483000000.0,-102000000.0,10229000000.0,0.0,5132000000.0,5132000000.0,5132000000.0,0.0,116000000.0,0.132,15062000000.0,6466000000.0,35488000000.0,0.617,1.078,6.189,6.259,146959000000.0,0.0,32.11,1.245,1.288,25492000000.0,56555000000.0,38986000000.0,38986000000.0,0.0,,,,,0.0,8684000000.0,1.0,6141000000.0,6351000000.0,6374000000.0,6.139,240042000000.0,0.0,1532000000.0,61554000000.0,37.796,-13307000000.0
13,T,MRQ,2018-03-31,2018-03-31,2018-03-31,2021-08-05,7386000000.0,446343000000.0,,78505000000.0,367838000000.0,,23.684,-5957000000.0,48872000000.0,48872000000.0,17946000000.0,4759000000.0,1.112,2.051,163046000000.0,29322000000.0,133724000000.0,163046000000.0,5081000000.0,5994000000.0,0.0,0.055,0.5,7815000000.0,13809000000.0,0.363,13809000000.0,7815000000.0,6044000000.0,0.75,0.75,0.75,145920000000.0,,145920000000.0,332793640969.0,15.0,7.15,2990000000.0,0.485,1.0,20092000000.0,0.528,219117000000.0,1771000000.0,270820000000.0,,0.0,2623000000.0,0.0,2623000000.0,299267000000.0,70580000000.0,228687000000.0,218945640969.0,-1707000000.0,-918000000.0,-134000000.0,-2346000000.0,-3070000000.0,-3502000000.0,-7152000000.0,-116000000.0,8947000000.0,0.0,4662000000.0,4662000000.0,4662000000.0,0.0,97000000.0,0.123,13891000000.0,6201000000.0,31569000000.0,0.667,1.5,7.145,7.202,125124000000.0,0.0,35.65,1.375,1.379,16290000000.0,55067000000.0,38038000000.0,38038000000.0,0.0,,,,,0.0,7897000000.0,1.0,6141532706.0,6161000000.0,6180000000.0,6.174,227226000000.0,0.0,1382000000.0,47264000000.0,36.881,7925000000.0
14,T,MRQ,2017-12-31,2017-12-31,2017-12-31,2021-08-05,7017000000.0,444097000000.0,,79146000000.0,364951000000.0,,22.945,-4891000000.0,50498000000.0,50498000000.0,21926000000.0,19136000000.0,0.972,2.145,164346000000.0,38374000000.0,125972000000.0,164346000000.0,4213000000.0,6071000000.0,0.0,0.05,0.49,544000000.0,6615000000.0,0.159,6615000000.0,544000000.0,-1382000000.0,3.08,3.07,3.08,140861000000.0,,140861000000.0,353464320000.0,17.0,7.781,4646000000.0,0.757,1.0,19750000000.0,0.474,219725000000.0,1926000000.0,256831000000.0,,0.0,1560000000.0,0.0,1560000000.0,302090000000.0,81389000000.0,220701000000.0,238684320000.0,2186000000.0,283000000.0,4000000.0,-570000000.0,-3008000000.0,-2772000000.0,-4579000000.0,214000000.0,9537000000.0,0.0,19037000000.0,19037000000.0,19037000000.0,0.0,99000000.0,0.457,18469000000.0,1281000000.0,34470000000.0,0.159,1.694,8.105,8.151,125222000000.0,0.0,38.88,1.487,1.487,16522000000.0,50500000000.0,41676000000.0,41676000000.0,0.0,,,,,0.0,9484000000.0,1.0,6139000000.0,6139000000.0,,6.789,224372000000.0,0.0,-20419000000.0,44469000000.0,36.549,-2243000000.0
15,T,MRQ,2017-09-30,2017-09-30,2017-09-30,2021-08-05,5580000000.0,443865000000.0,,76357000000.0,367508000000.0,,20.279,-5006000000.0,48499000000.0,48499000000.0,19169000000.0,3123000000.0,1.601,2.543,163279000000.0,8551000000.0,154728000000.0,163279000000.0,4503000000.0,6042000000.0,0.0,0.05,0.49,6566000000.0,12608000000.0,0.318,12608000000.0,6566000000.0,4880000000.0,0.49,0.49,0.49,124960000000.0,,124960000000.0,358541800000.0,14.0,7.276,5797000000.0,0.941,1.0,20499000000.0,0.517,221087000000.0,1686000000.0,289865000000.0,,0.0,1627000000.0,0.0,1627000000.0,317756000000.0,47693000000.0,270063000000.0,240503800000.0,22921000000.0,218000000.0,0.0,18455000000.0,-3009000000.0,17085000000.0,-4967000000.0,66000000.0,10803000000.0,0.0,3029000000.0,3029000000.0,3029000000.0,0.0,94000000.0,0.076,14692000000.0,5807000000.0,28928000000.0,1.0,1.925,18.716,18.832,126462000000.0,0.0,39.17,1.496,1.502,15876000000.0,36074000000.0,39668000000.0,39668000000.0,0.0,,,,,0.0,8650000000.0,1.0,6140000000.0,6162000000.0,6182000000.0,6.438,222778000000.0,0.0,1851000000.0,67084000000.0,36.154,28664000000.0
16,T,MRQ,2017-06-30,2017-06-30,2017-06-30,2021-08-05,5389000000.0,420795000000.0,,53547000000.0,367248000000.0,,20.231,-4966000000.0,25617000000.0,25617000000.0,18605000000.0,4014000000.0,1.115,2.365,143655000000.0,10831000000.0,132824000000.0,143655000000.0,4371000000.0,6147000000.0,0.0,0.051,0.49,7366000000.0,13513000000.0,0.339,13513000000.0,7366000000.0,5971000000.0,0.63,0.63,0.63,124725000000.0,,124725000000.0,350329040000.0,14.0,7.067,3739000000.0,0.606,1.0,21232000000.0,0.533,221804000000.0,1395000000.0,269017000000.0,,0.0,1615000000.0,0.0,1615000000.0,294937000000.0,48012000000.0,246925000000.0,231964040000.0,10845000000.0,1628000000.0,-278000000.0,8608000000.0,-3012000000.0,5568000000.0,-3428000000.0,152000000.0,8705000000.0,0.0,3915000000.0,3915000000.0,3915000000.0,0.0,99000000.0,0.098,14706000000.0,6526000000.0,26471000000.0,0.778,1.86,17.641,17.714,126184000000.0,0.0,37.73,1.432,1.436,14997000000.0,36067000000.0,39837000000.0,39837000000.0,0.0,,,,,0.0,8559000000.0,1.0,6148000000.0,6165000000.0,6184000000.0,6.462,198991000000.0,0.0,2056000000.0,65257000000.0,32.278,5535000000.0
17,T,MRQ,2017-03-31,2017-03-31,2017-03-31,2021-08-05,5160000000.0,411903000000.0,,45727000000.0,366176000000.0,,20.084,-5784000000.0,14884000000.0,14884000000.0,18110000000.0,3574000000.0,0.902,2.317,133249000000.0,12681000000.0,120568000000.0,133249000000.0,4493000000.0,6127000000.0,0.0,0.046,0.49,6566000000.0,12693000000.0,0.322,12693000000.0,6566000000.0,5273000000.0,0.56,0.56,0.56,123841000000.0,,123841000000.0,372907239400.0,16.0,7.578,3181000000.0,0.516,1.0,21255000000.0,0.54,221871000000.0,1293000000.0,257707000000.0,,0.0,1551000000.0,0.0,1551000000.0,286922000000.0,50690000000.0,236232000000.0,255182239400.0,9045000000.0,29000000.0,-156000000.0,9387000000.0,-3009000000.0,6049000000.0,-5969000000.0,17000000.0,8965000000.0,0.0,3469000000.0,3469000000.0,3469000000.0,0.0,105000000.0,0.088,14899000000.0,6356000000.0,27120000000.0,0.875,2.061,20.185,20.268,125292000000.0,0.0,41.55,1.569,1.575,15078000000.0,35175000000.0,39365000000.0,39365000000.0,0.0,,,,,0.0,8772000000.0,1.0,6141570142.0,6166000000.0,6186000000.0,6.384,190032000000.0,0.0,1804000000.0,64484000000.0,30.819,-4963000000.0
18,T,MRQ,2016-12-31,2016-12-31,2016-12-31,2021-08-05,4961000000.0,403821000000.0,,38369000000.0,365452000000.0,,20.051,-6233000000.0,5788000000.0,5788000000.0,21425000000.0,2515000000.0,0.759,2.272,123513000000.0,9832000000.0,113681000000.0,123513000000.0,4519000000.0,6129000000.0,0.0,0.045,0.48,4334000000.0,10463000000.0,0.25,10463000000.0,4334000000.0,3113000000.0,0.4,0.4,0.4,123135000000.0,,123135000000.0,380502730000.0,16.0,7.578,3007000000.0,0.49,1.0,20416000000.0,0.488,222067000000.0,1221000000.0,248903000000.0,,0.0,1674000000.0,0.0,1674000000.0,279711000000.0,50576000000.0,229135000000.0,261176730000.0,-112000000.0,1157000000.0,-59000000.0,-135000000.0,-2947000000.0,-4223000000.0,-5129000000.0,171000000.0,9240000000.0,0.0,2437000000.0,2437000000.0,2437000000.0,0.0,78000000.0,0.058,16972000000.0,3444000000.0,31138000000.0,1.2,2.121,20.128,20.252,124899000000.0,0.0,42.53,1.595,1.595,16794000000.0,34734000000.0,41841000000.0,41841000000.0,0.0,,,,,0.0,10482000000.0,1.0,6141000000.0,6141000000.0,,6.813,181754000000.0,0.0,676000000.0,62207000000.0,29.597,-12207000000.0
19,T,MRQ,2016-09-30,2016-09-30,2016-09-30,2021-08-05,4850000000.0,402975000000.0,,37374000000.0,365601000000.0,,20.041,-5581000000.0,5895000000.0,5895000000.0,18890000000.0,3418000000.0,0.793,2.252,125221000000.0,7982000000.0,117239000000.0,125221000000.0,4637000000.0,6579000000.0,0.0,0.047,0.48,6327000000.0,12906000000.0,0.316,12906000000.0,6327000000.0,5103000000.0,0.54,0.54,0.54,123611000000.0,,123611000000.0,369460720000.0,13.0,6.893,5414000000.0,0.878,1.0,22000000000.0,0.538,223473000000.0,1224000000.0,251726000000.0,,0.0,1679000000.0,0.0,1679000000.0,278372000000.0,47102000000.0,231270000000.0,249832720000.0,-1313000000.0,-2360000000.0,-229000000.0,-1559000000.0,-2951000000.0,-4136000000.0,-8172000000.0,1000000.0,10995000000.0,0.0,3328000000.0,3328000000.0,3328000000.0,0.0,90000000.0,0.081,15592000000.0,6408000000.0,28849000000.0,0.889,2.021,17.177,17.135,123922000000.0,0.0,40.61,1.523,1.527,16855000000.0,35319000000.0,40890000000.0,40890000000.0,0.0,,,,,0.0,9013000000.0,1.0,6152000000.0,6168000000.0,6189000000.0,6.629,179502000000.0,0.0,1775000000.0,62335000000.0,29.102,-9728000000.0
20,T,MRQ,2016-06-30,2016-06-30,2016-06-30,2021-08-05,4814000000.0,401808000000.0,,36005000000.0,365803000000.0,,19.987,-5251000000.0,7208000000.0,7208000000.0,18475000000.0,3515000000.0,0.775,2.248,126836000000.0,9528000000.0,117308000000.0,126836000000.0,4465000000.0,6576000000.0,0.0,0.044,0.48,6572000000.0,13148000000.0,0.324,13148000000.0,6572000000.0,5314000000.0,0.55,0.55,0.55,123402000000.0,,123402000000.0,386495760000.0,14.0,7.327,5056000000.0,0.819,1.0,22045000000.0,0.544,224716000000.0,1258000000.0,250255000000.0,,0.0,1677000000.0,0.0,1677000000.0,277437000000.0,46465000000.0,230972000000.0,266000760000.0,-2800000000.0,-294000000.0,-167000000.0,-2671000000.0,-2952000000.0,-7398000000.0,-5709000000.0,55000000.0,10307000000.0,0.0,3408000000.0,3408000000.0,3408000000.0,0.0,107000000.0,0.084,15485000000.0,6560000000.0,26746000000.0,0.873,2.156,18.718,18.545,123537000000.0,0.0,43.21,1.639,1.644,15830000000.0,34950000000.0,40520000000.0,40520000000.0,0.0,,,,,0.0,8909000000.0,1.0,6156000000.0,6174000000.0,6195000000.0,6.563,177092000000.0,0.0,1906000000.0,60989000000.0,28.684,-10460000000.0
21,T,MRQ,2016-03-31,2016-03-31,2016-03-31,2021-08-05,5180000000.0,403638000000.0,,38001000000.0,365637000000.0,,19.999,-4451000000.0,10008000000.0,10008000000.0,18400000000.0,3885000000.0,0.853,2.262,130503000000.0,8399000000.0,122104000000.0,130503000000.0,4550000000.0,6563000000.0,0.0,0.048,0.48,7132000000.0,13695000000.0,0.338,13695000000.0,7132000000.0,5925000000.0,0.62,0.61,0.62,123432000000.0,,123432000000.0,361972852535.0,14.0,7.232,3449000000.0,0.559,1.0,22135000000.0,0.546,225086000000.0,1207000000.0,254519000000.0,,0.0,1594000000.0,0.0,1594000000.0,279233000000.0,44528000000.0,234705000000.0,240942852535.0,4887000000.0,-84000000.0,89000000.0,3682000000.0,-2947000000.0,1295000000.0,-4308000000.0,445000000.0,7900000000.0,0.0,3803000000.0,3803000000.0,3803000000.0,0.0,82000000.0,0.094,15004000000.0,7131000000.0,26169000000.0,0.774,1.952,17.353,16.527,123454000000.0,0.0,39.17,1.557,1.562,16070000000.0,34506000000.0,40535000000.0,40535000000.0,0.0,,,,,0.0,8441000000.0,1.0,6151208898.0,6172000000.0,6190000000.0,6.568,178552000000.0,0.0,2122000000.0,59944000000.0,28.929,-6527000000.0
22,T,MRQ,2015-12-31,2015-12-31,2015-12-31,2021-08-05,5334000000.0,402672000000.0,,35992000000.0,366680000000.0,,19.94,-5862000000.0,5121000000.0,5121000000.0,19691000000.0,4086000000.0,0.753,2.275,126151000000.0,7636000000.0,118515000000.0,126151000000.0,4682000000.0,6477000000.0,0.0,0.055,0.47,7370000000.0,13847000000.0,0.329,13847000000.0,7370000000.0,6227000000.0,0.66,0.66,0.66,122671000000.0,,122671000000.0,332418320000.0,14.0,7.151,3323000000.0,0.54,1.0,22428000000.0,0.532,225278000000.0,1143000000.0,250608000000.0,,0.0,1606000000.0,0.0,1606000000.0,279032000000.0,47816000000.0,231216000000.0,211690320000.0,-1081000000.0,-61000000.0,-259000000.0,-77000000.0,-2889000000.0,-4169000000.0,-6097000000.0,55000000.0,9185000000.0,0.0,4006000000.0,4006000000.0,4006000000.0,0.0,80000000.0,0.095,14896000000.0,7532000000.0,30372000000.0,0.712,1.726,15.863,14.519,124450000000.0,0.0,34.41,1.442,1.442,16532000000.0,33671000000.0,42119000000.0,42119000000.0,0.0,,,,,0.0,8384000000.0,1.0,6152000000.0,6152000000.0,,6.846,177394000000.0,0.0,2221000000.0,58357000000.0,28.835,-11824000000.0
23,T,MRQ,2015-09-30,2015-09-30,2015-09-30,2021-08-05,5294000000.0,399989000000.0,,34951000000.0,365038000000.0,,20.564,-5028000000.0,6202000000.0,6202000000.0,17796000000.0,3078000000.0,0.729,2.275,126930000000.0,7535000000.0,119395000000.0,126930000000.0,4640000000.0,6265000000.0,0.0,0.057,0.47,5797000000.0,12062000000.0,0.309,12062000000.0,5797000000.0,4651000000.0,0.5,0.5,0.5,121824000000.0,,121824000000.0,293113580000.0,25.0,9.227,5769000000.0,0.974,1.0,21295000000.0,0.545,226873000000.0,1146000000.0,245906000000.0,,0.0,1744000000.0,0.0,1744000000.0,277200000000.0,47938000000.0,229262000000.0,200399580000.0,-14754000000.0,-9733000000.0,113000000.0,-7035000000.0,-2438000000.0,-10164000000.0,-15387000000.0,-400000000.0,10797000000.0,0.0,2994000000.0,2994000000.0,2994000000.0,0.0,84000000.0,0.077,15372000000.0,5923000000.0,28280000000.0,0.94,1.645,37.528,33.938,122836000000.0,0.0,32.58,1.44,1.387,16329000000.0,32627000000.0,39091000000.0,39091000000.0,0.0,,,,,0.0,9107000000.0,1.0,6151000000.0,5924000000.0,5943000000.0,6.599,173116000000.0,0.0,1657000000.0,57635000000.0,29.223,-12987000000.0
24,T,MRQ,2015-06-30,2015-06-30,2015-06-30,2021-08-05,7039000000.0,326489000000.0,,43163000000.0,283326000000.0,,16.691,-4480000000.0,20956000000.0,20956000000.0,15079000000.0,3184000000.0,1.065,2.751,113670000000.0,8603000000.0,105067000000.0,113670000000.0,4075000000.0,4696000000.0,0.0,0.052,0.47,5752000000.0,10448000000.0,0.316,10448000000.0,5752000000.0,4820000000.0,0.59,0.59,0.59,86859000000.0,,86859000000.0,276464360000.0,24.0,9.266,4680000000.0,0.899,1.0,17936000000.0,0.543,158227000000.0,932000000.0,220449000000.0,,0.0,288000000.0,0.0,288000000.0,238988000000.0,40527000000.0,198461000000.0,184455360000.0,16512000000.0,-1376000000.0,12000000.0,15063000000.0,-2439000000.0,13425000000.0,-6073000000.0,0.0,9160000000.0,0.0,3082000000.0,3082000000.0,3082000000.0,0.0,102000000.0,0.093,12163000000.0,5773000000.0,21560000000.0,0.797,2.124,33.684,33.509,114348000000.0,0.0,35.52,1.387,1.39,13821000000.0,29086000000.0,33015000000.0,33015000000.0,0.0,,,,,0.0,7467000000.0,1.0,5193000000.0,5204000000.0,5220000000.0,6.344,168262000000.0,1131000000.0,1738000000.0,42364000000.0,32.333,2636000000.0
25,T,MRQ,2015-03-31,2015-03-31,2015-03-31,2021-08-05,7341000000.0,308028000000.0,,27410000000.0,280618000000.0,,16.625,-3848000000.0,4444000000.0,4444000000.0,14480000000.0,3339000000.0,0.728,2.554,96453000000.0,8181000000.0,88272000000.0,96453000000.0,4221000000.0,4578000000.0,0.0,0.057,0.47,5551000000.0,10129000000.0,0.311,10129000000.0,5551000000.0,4652000000.0,0.63,0.63,0.63,86499000000.0,,86499000000.0,242922980400.0,19.0,7.874,2890000000.0,0.555,1.0,18096000000.0,0.556,157324000000.0,899000000.0,205062000000.0,,0.0,266000000.0,0.0,266000000.0,220924000000.0,37651000000.0,183273000000.0,169458980400.0,-4159000000.0,-19506000000.0,8000000.0,15976000000.0,-2434000000.0,10690000000.0,-21587000000.0,1890000000.0,6738000000.0,0.0,3263000000.0,3263000000.0,3263000000.0,0.0,76000000.0,0.1,12539000000.0,5557000000.0,20418000000.0,0.746,1.959,28.524,28.391,113198000000.0,0.0,32.65,1.278,1.282,13592000000.0,28490000000.0,32576000000.0,32576000000.0,0.0,,,,,0.0,7961000000.0,1.0,5190167853.0,5203000000.0,5219000000.0,6.261,150704000000.0,1538000000.0,1389000000.0,40409000000.0,28.965,-10241000000.0
26,T,MRQ,2014-12-31,2014-12-31,2014-12-31,2021-08-05,8061000000.0,296834000000.0,,33606000000.0,263228000000.0,,17.296,-4370000000.0,8603000000.0,8603000000.0,18456000000.0,-3918000000.0,0.901,2.302,81834000000.0,6056000000.0,75778000000.0,81834000000.0,4105000000.0,4567000000.0,0.0,0.055,0.46,-5438000000.0,-871000000.0,-0.025,-871000000.0,-5438000000.0,-6294000000.0,-0.76,-0.76,-0.76,89716000000.0,,89716000000.0,247398330000.0,18.0,7.744,1375000000.0,0.265,1.0,15983000000.0,0.464,136655000000.0,856000000.0,196128000000.0,,0.0,250000000.0,0.0,250000000.0,206564000000.0,37282000000.0,169282000000.0,174231330000.0,6145000000.0,961000000.0,5000000.0,7445000000.0,-2382000000.0,3757000000.0,-3357000000.0,103000000.0,5745000000.0,0.0,-3999000000.0,-3999000000.0,-3999000000.0,0.0,81000000.0,-0.116,21452000000.0,-5469000000.0,23592000000.0,-0.605,1.942,27.046,27.089,112898000000.0,0.0,33.59,1.315,1.315,14527000000.0,31081000000.0,34439000000.0,34439000000.0,0.0,,,,,0.0,14765000000.0,1.0,5187000000.0,5187000000.0,,6.639,160179000000.0,0.0,-2295000000.0,39527000000.0,30.881,-3676000000.0
27,T,MRQ,2014-09-30,2014-09-30,2014-09-30,2021-08-05,7926000000.0,287939000000.0,,25835000000.0,262104000000.0,,17.817,-5180000000.0,2458000000.0,2458000000.0,14336000000.0,3187000000.0,0.646,2.104,75625000000.0,5109000000.0,70516000000.0,75625000000.0,4038000000.0,4539000000.0,0.0,0.052,0.46,5590000000.0,10129000000.0,0.307,10129000000.0,5590000000.0,4574000000.0,0.6,0.6,0.6,92613000000.0,,92613000000.0,255501640000.0,8.0,5.098,3544000000.0,0.682,1.0,18621000000.0,0.565,137167000000.0,1016000000.0,183960000000.0,,0.0,166000000.0,0.0,166000000.0,194820000000.0,39979000000.0,154841000000.0,182754640000.0,-8847000000.0,-43000000.0,-214000000.0,-7018000000.0,-2386000000.0,-10292000000.0,-7279000000.0,-1995000000.0,8724000000.0,0.0,3130000000.0,3130000000.0,3130000000.0,0.0,57000000.0,0.095,13014000000.0,5607000000.0,24119000000.0,0.767,1.973,10.497,10.679,115134000000.0,0.0,35.24,1.393,1.396,13445000000.0,34165000000.0,32957000000.0,32957000000.0,0.0,,,,,0.0,8475000000.0,1.0,5186000000.0,5198000000.0,5214000000.0,6.34,150772000000.0,1030000000.0,1444000000.0,41721000000.0,29.006,-14144000000.0
28,T,MRQ,2014-06-30,2014-06-30,2014-06-30,2021-08-05,7851000000.0,293466000000.0,,33112000000.0,260354000000.0,,17.704,-5933000000.0,11305000000.0,11305000000.0,14212000000.0,3621000000.0,0.756,2.18,84052000000.0,10482000000.0,73570000000.0,84052000000.0,3990000000.0,4550000000.0,0.0,0.051,0.46,6913000000.0,11463000000.0,0.352,11463000000.0,6913000000.0,6032000000.0,0.68,0.68,0.68,92132000000.0,,92132000000.0,259783400000.0,8.0,5.109,2137000000.0,0.411,1.0,18363000000.0,0.564,136129000000.0,881000000.0,186296000000.0,,0.0,159000000.0,0.0,159000000.0,200841000000.0,43788000000.0,157053000000.0,183518400000.0,7694000000.0,4375000000.0,-145000000.0,4087000000.0,-2386000000.0,1243000000.0,-1619000000.0,2000000.0,8070000000.0,0.0,3547000000.0,3547000000.0,3547000000.0,0.0,74000000.0,0.109,12747000000.0,5616000000.0,22966000000.0,0.676,1.992,10.142,10.339,114360000000.0,0.0,35.36,1.408,1.411,13001000000.0,33554000000.0,32575000000.0,32575000000.0,0.0,,,,,0.0,8197000000.0,1.0,5190000000.0,5204000000.0,5220000000.0,6.26,157337000000.0,1180000000.0,2485000000.0,40797000000.0,30.234,-10676000000.0
29,T,MRQ,2014-03-31,2014-03-31,2014-03-31,2021-08-05,7666000000.0,285340000000.0,,24089000000.0,261251000000.0,,17.408,-5716000000.0,3611000000.0,3611000000.0,13321000000.0,3734000000.0,0.605,2.134,79876000000.0,8301000000.0,71575000000.0,79876000000.0,4121000000.0,4617000000.0,0.0,0.052,0.46,6429000000.0,11046000000.0,0.34,11046000000.0,6429000000.0,5569000000.0,0.7,0.7,0.7,90906000000.0,,90906000000.0,254053211614.0,8.0,5.029,3083000000.0,0.59,1.0,19155000000.0,0.59,135819000000.0,860000000.0,185956000000.0,,0.0,3613000000.0,0.0,3613000000.0,193971000000.0,39830000000.0,154141000000.0,182604211614.0,272000000.0,-311000000.0,-1224000000.0,1103000000.0,-2398000000.0,-2445000000.0,-6082000000.0,0.0,8799000000.0,0.0,3652000000.0,3652000000.0,3652000000.0,0.0,82000000.0,0.112,12877000000.0,6278000000.0,22234000000.0,0.657,2.009,9.94,10.165,112809000000.0,0.0,35.07,1.406,1.41,13120000000.0,32402000000.0,32476000000.0,32476000000.0,0.0,,,,,0.0,8260000000.0,1.0,5206849490.0,5222000000.0,5238000000.0,6.219,149521000000.0,1171000000.0,1917000000.0,39232000000.0,28.633,-15741000000.0
30,T,MRQ,2013-12-31,2013-12-31,2013-12-31,2021-08-05,7880000000.0,277787000000.0,,23196000000.0,254591000000.0,,17.272,-5379000000.0,3339000000.0,3339000000.0,11964000000.0,7164000000.0,0.663,2.048,74788000000.0,5498000000.0,69290000000.0,74788000000.0,4212000000.0,4680000000.0,0.0,0.051,0.45,12803000000.0,17483000000.0,0.527,17483000000.0,12803000000.0,11344000000.0,1.32,1.33,1.32,90988000000.0,,90988000000.0,260074880000.0,8.0,5.193,2538000000.0,0.482,1.0,21199000000.0,0.639,131485000000.0,1459000000.0,182756000000.0,,0.0,3860000000.0,0.0,3860000000.0,186305000000.0,34995000000.0,151310000000.0,185222880000.0,1968000000.0,989000000.0,-1888000000.0,3022000000.0,-2371000000.0,-1485000000.0,-4464000000.0,0.0,7917000000.0,0.0,7082000000.0,7082000000.0,7082000000.0,0.0,82000000.0,0.214,8688000000.0,12511000000.0,21107000000.0,0.341,2.036,10.057,10.281,110968000000.0,0.0,35.16,1.439,1.439,12918000000.0,31141000000.0,33163000000.0,33163000000.0,0.0,,,,,0.0,4008000000.0,1.0,5268000000.0,5268000000.0,,6.295,146302000000.0,1199000000.0,4262000000.0,38082000000.0,27.772,-11799000000.0
31,T,MRQ,2013-09-30,2013-09-30,2013-09-30,2021-08-05,5282000000.0,274599000000.0,,18435000000.0,256164000000.0,,16.127,-5900000000.0,1371000000.0,1371000000.0,13403000000.0,3905000000.0,0.509,2.199,76223000000.0,7873000000.0,68350000000.0,76223000000.0,4013000000.0,4615000000.0,0.0,0.053,0.45,6238000000.0,10853000000.0,0.337,10853000000.0,6238000000.0,5409000000.0,0.72,0.72,0.72,85715000000.0,,85715000000.0,250243020000.0,19.0,7.979,3268000000.0,0.615,1.0,18755000000.0,0.583,132214000000.0,829000000.0,181054000000.0,,0.0,3949000000.0,0.0,3949000000.0,188469000000.0,36183000000.0,152286000000.0,179618020000.0,-3177000000.0,-2822000000.0,-1913000000.0,300000000.0,-2395000000.0,-3550000000.0,-8795000000.0,0.0,9168000000.0,0.0,3814000000.0,3814000000.0,3814000000.0,0.0,91000000.0,0.119,12567000000.0,6188000000.0,20433000000.0,0.625,2.096,24.016,23.324,112424000000.0,0.0,33.82,1.401,1.402,12444000000.0,26648000000.0,32158000000.0,32158000000.0,0.0,,,,,0.0,7952000000.0,1.0,5311000000.0,5315000000.0,5331000000.0,6.05,142385000000.0,682000000.0,1595000000.0,32154000000.0,26.789,-17748000000.0
32,T,MRQ,2013-06-30,2013-06-30,2013-06-30,2021-08-05,5107000000.0,272093000000.0,,21428000000.0,250665000000.0,,15.978,-5413000000.0,4548000000.0,4548000000.0,13270000000.0,3880000000.0,0.687,2.161,75173000000.0,3256000000.0,71917000000.0,75173000000.0,4029000000.0,4571000000.0,0.0,0.05,0.45,6561000000.0,11132000000.0,0.347,11132000000.0,6561000000.0,5736000000.0,0.71,0.71,0.71,85980000000.0,,85980000000.0,260709000000.0,20.0,8.351,4099000000.0,0.762,1.0,18805000000.0,0.586,129468000000.0,825000000.0,182061000000.0,,0.0,3888000000.0,0.0,3888000000.0,185778000000.0,31189000000.0,154589000000.0,190452000000.0,673000000.0,683000000.0,-3258000000.0,1004000000.0,-2428000000.0,-4331000000.0,-4508000000.0,301000000.0,9512000000.0,0.0,3822000000.0,3822000000.0,3822000000.0,0.0,58000000.0,0.119,12692000000.0,6113000000.0,19438000000.0,0.634,2.215,26.089,26.029,110734000000.0,0.0,35.4,1.494,1.494,12508000000.0,25212000000.0,32075000000.0,32075000000.0,0.0,,,,,0.0,8121000000.0,1.0,5380000000.0,5381000000.0,5397000000.0,5.961,142625000000.0,953000000.0,1914000000.0,31465000000.0,26.505,-9761000000.0
33,T,MRQ,2013-03-31,2013-03-31,2013-03-31,2021-08-05,5344000000.0,270994000000.0,,20372000000.0,250622000000.0,,15.962,-4252000000.0,3875000000.0,3875000000.0,12554000000.0,3773000000.0,0.684,2.076,74132000000.0,3446000000.0,70686000000.0,74132000000.0,4167000000.0,4529000000.0,0.0,0.048,0.45,6084000000.0,10613000000.0,0.338,10613000000.0,6084000000.0,5257000000.0,0.67,0.67,0.67,87998000000.0,,87998000000.0,266463152151.0,20.0,8.46,3947000000.0,0.716,1.0,18802000000.0,0.6,129491000000.0,827000000.0,181974000000.0,,0.0,4998000000.0,0.0,4998000000.0,182656000000.0,29786000000.0,152870000000.0,201487152151.0,-993000000.0,-1040000000.0,-5855000000.0,4832000000.0,-2502000000.0,-3835000000.0,-5357000000.0,0.0,8199000000.0,0.0,3700000000.0,3700000000.0,3700000000.0,0.0,73000000.0,0.118,12862000000.0,5940000000.0,17523000000.0,0.672,2.29,27.302,27.795,109702000000.0,0.0,36.69,1.587,1.593,12100000000.0,23787000000.0,31356000000.0,31356000000.0,0.0,,,,,0.0,8333000000.0,1.0,5491609489.0,5513000000.0,5530000000.0,5.688,141503000000.0,980000000.0,1557000000.0,31128000000.0,25.667,-9414000000.0
34,T,MRQ,2012-12-31,2012-12-31,2012-12-31,2021-08-05,5236000000.0,272315000000.0,,22706000000.0,249609000000.0,,16.261,-5846000000.0,4868000000.0,4868000000.0,17555000000.0,-3779000000.0,0.714,1.945,69844000000.0,3486000000.0,66358000000.0,69844000000.0,4225000000.0,4572000000.0,0.0,0.052,0.44,-5809000000.0,-1237000000.0,-0.038,-1237000000.0,-5809000000.0,-6629000000.0,-0.65,-0.65,-0.65,92362000000.0,,92362000000.0,253002800000.0,19.0,7.968,4674000000.0,0.823,1.0,15023000000.0,0.461,128548000000.0,820000000.0,176956000000.0,,0.0,4581000000.0,0.0,4581000000.0,179620000000.0,31787000000.0,147833000000.0,191472800000.0,3079000000.0,-272000000.0,-4361000000.0,5861000000.0,-2503000000.0,-1012000000.0,-6429000000.0,-246000000.0,10520000000.0,0.0,-3857000000.0,-3857000000.0,-3857000000.0,0.0,78000000.0,-0.118,20981000000.0,-5958000000.0,20494000000.0,-0.677,2.073,26.359,26.968,109767000000.0,0.0,33.71,1.503,1.503,12657000000.0,22481000000.0,32578000000.0,32578000000.0,0.0,,,,,0.0,16409000000.0,1.0,5680000000.0,5680000000.0,,5.736,143767000000.0,1036000000.0,-2772000000.0,29517000000.0,25.311,-9081000000.0
35,T,MRQ,2012-09-30,2012-09-30,2012-09-30,2021-08-05,3106000000.0,266849000000.0,,18958000000.0,247891000000.0,,17.494,-4877000000.0,2217000000.0,2217000000.0,12602000000.0,3701000000.0,0.616,1.64,63747000000.0,3433000000.0,60314000000.0,63747000000.0,3709000000.0,4512000000.0,0.0,0.046,0.44,6200000000.0,10712000000.0,0.341,10712000000.0,6200000000.0,5376000000.0,0.63,0.63,0.63,100957000000.0,,100957000000.0,279874300000.0,26.0,9.727,6454000000.0,1.118,1.0,18857000000.0,0.599,128504000000.0,824000000.0,169077000000.0,,0.0,4563000000.0,0.0,4563000000.0,165575000000.0,30798000000.0,134777000000.0,217491300000.0,-88000000.0,-67000000.0,-3667000000.0,-1007000000.0,-2551000000.0,-6593000000.0,-4826000000.0,187000000.0,11331000000.0,0.0,3635000000.0,3635000000.0,3635000000.0,0.0,66000000.0,0.116,12820000000.0,6037000000.0,18936000000.0,0.698,2.154,48.951,48.961,108217000000.0,0.0,37.7,1.708,1.708,12398000000.0,28907000000.0,31459000000.0,31459000000.0,0.0,,,,,0.0,8308000000.0,1.0,5769000000.0,5771000000.0,5792000000.0,5.451,138345000000.0,1312000000.0,1741000000.0,31301000000.0,23.972,-11840000000.0
36,T,MRQ,2012-06-30,2012-06-30,2012-06-30,2021-08-05,2939000000.0,266294000000.0,,19156000000.0,247138000000.0,,17.64,-4481000000.0,2151000000.0,2151000000.0,12254000000.0,3965000000.0,0.645,1.575,64534000000.0,3402000000.0,61132000000.0,64534000000.0,3743000000.0,4499000000.0,0.0,0.049,0.44,6909000000.0,11408000000.0,0.361,11408000000.0,6909000000.0,5968000000.0,0.67,0.66,0.67,103280000000.0,,103280000000.0,272341580000.0,25.0,9.362,4999000000.0,0.854,1.0,19321000000.0,0.612,128670000000.0,941000000.0,170305000000.0,,0.0,4388000000.0,0.0,4388000000.0,162715000000.0,29702000000.0,133013000000.0,209074580000.0,-474000000.0,740000000.0,-2399000000.0,-882000000.0,-2581000000.0,-6266000000.0,-3688000000.0,119000000.0,9480000000.0,0.0,3902000000.0,3902000000.0,3902000000.0,0.0,63000000.0,0.124,12504000000.0,6817000000.0,16298000000.0,0.657,2.024,47.185,47.547,107483000000.0,0.0,35.66,1.641,1.639,12430000000.0,27788000000.0,31575000000.0,31575000000.0,0.0,,,,,0.0,8005000000.0,1.0,5863000000.0,5855000000.0,5876000000.0,5.393,137624000000.0,1418000000.0,2066000000.0,29716000000.0,23.505,-10546000000.0
37,T,MRQ,2012-03-31,2012-03-31,2012-03-31,2021-08-05,3386000000.0,269356000000.0,,20765000000.0,248591000000.0,,17.725,-4261000000.0,2442000000.0,2442000000.0,12817000000.0,3652000000.0,0.639,1.565,65709000000.0,6775000000.0,58934000000.0,65709000000.0,3966000000.0,4560000000.0,0.0,0.055,0.44,6308000000.0,10868000000.0,0.342,10868000000.0,6308000000.0,5449000000.0,0.6,0.6,0.6,104899000000.0,,104899000000.0,246722914217.0,24.0,8.622,3584000000.0,0.606,1.0,19005000000.0,0.597,130299000000.0,859000000.0,169804000000.0,,0.0,4302000000.0,0.0,4302000000.0,164169000000.0,32520000000.0,131649000000.0,185154914217.0,-694000000.0,-417000000.0,-1848000000.0,782000000.0,-2606000000.0,-3802000000.0,-4737000000.0,5000000.0,7845000000.0,0.0,3584000000.0,3584000000.0,3584000000.0,0.0,68000000.0,0.113,12904000000.0,6101000000.0,17593000000.0,0.733,1.765,44.941,45.926,107231000000.0,0.0,31.23,1.454,1.452,13167000000.0,26446000000.0,31822000000.0,31822000000.0,0.0,,,,,0.0,8344000000.0,1.0,5928751656.0,5918000000.0,5940000000.0,5.377,139057000000.0,1463000000.0,1865000000.0,27737000000.0,23.497,-11755000000.0
38,T,MRQ,2011-12-31,2011-12-31,2011-12-31,2021-08-05,3180000000.0,270442000000.0,,22985000000.0,247457000000.0,,17.809,-5485000000.0,3045000000.0,3045000000.0,16679000000.0,-6628000000.0,0.744,1.56,64753000000.0,3453000000.0,61300000000.0,64753000000.0,3872000000.0,4573000000.0,0.0,0.057,0.43,-8788000000.0,-4215000000.0,-0.13,-4215000000.0,-8788000000.0,-9740000000.0,-1.13,-1.13,-1.13,105534000000.0,,105534000000.0,239666240000.0,24.0,8.443,2108000000.0,0.356,1.0,15824000000.0,0.487,130185000000.0,952000000.0,171073000000.0,,0.0,3718000000.0,0.0,3718000000.0,164645000000.0,30892000000.0,133753000000.0,179202240000.0,-7481000000.0,-713000000.0,21000000.0,-6308000000.0,-2545000000.0,-8849000000.0,-6225000000.0,17000000.0,7593000000.0,0.0,-6678000000.0,-6678000000.0,-6678000000.0,0.0,50000000.0,-0.205,24814000000.0,-8990000000.0,19956000000.0,-0.381,1.698,45.437,45.818,107087000000.0,0.0,30.24,1.414,1.414,13231000000.0,25453000000.0,32503000000.0,32503000000.0,0.0,,,,,0.0,17331000000.0,1.0,5926000000.0,5926000000.0,,5.485,140257000000.0,1470000000.0,-3062000000.0,26751000000.0,23.668,-7907000000.0
39,T,MRQ,2011-09-30,2011-09-30,2011-09-30,2021-08-05,1677000000.0,277653000000.0,,28605000000.0,249048000000.0,,19.14,-5220000000.0,10762000000.0,10762000000.0,12656000000.0,3686000000.0,0.841,1.441,71226000000.0,8900000000.0,62326000000.0,71226000000.0,3794000000.0,4618000000.0,0.0,0.06,0.43,6411000000.0,11029000000.0,0.35,11029000000.0,6411000000.0,5522000000.0,0.61,0.61,0.61,113615000000.0,,113615000000.0,231751520000.0,11.0,5.833,5173000000.0,0.871,1.0,18822000000.0,0.598,132565000000.0,889000000.0,171521000000.0,,0.0,4483000000.0,0.0,4483000000.0,163771000000.0,34031000000.0,129740000000.0,169009520000.0,6931000000.0,-322000000.0,17000000.0,4925000000.0,-2545000000.0,2113000000.0,-5575000000.0,0.0,10393000000.0,0.0,3623000000.0,3623000000.0,3623000000.0,0.0,63000000.0,0.115,12587000000.0,6235000000.0,17860000000.0,0.705,1.488,14.432,14.551,105786000000.0,0.0,28.52,1.346,1.348,13377000000.0,34758000000.0,31478000000.0,31478000000.0,0.0,,,,,0.0,7969000000.0,1.0,5926000000.0,5936000000.0,5954000000.0,5.303,145088000000.0,1101000000.0,1899000000.0,27375000000.0,24.442,-5426000000.0
40,T,MRQ,2011-06-30,2011-06-30,2011-06-30,2021-08-05,2720000000.0,272014000000.0,,22239000000.0,249775000000.0,,19.185,-5272000000.0,3831000000.0,3831000000.0,12756000000.0,3658000000.0,0.663,1.388,66573000000.0,7910000000.0,58663000000.0,66573000000.0,3804000000.0,4602000000.0,0.0,0.054,0.43,6332000000.0,10934000000.0,0.347,10934000000.0,6332000000.0,5484000000.0,0.6,0.6,0.6,113803000000.0,,113803000000.0,249647020000.0,12.0,6.233,3753000000.0,0.633,1.0,18739000000.0,0.595,133044000000.0,848000000.0,168175000000.0,,0.0,5207000000.0,0.0,5207000000.0,157905000000.0,33537000000.0,124368000000.0,186010020000.0,2440000000.0,11000000.0,181000000.0,1392000000.0,-2542000000.0,-1210000000.0,-5375000000.0,-82000000.0,9025000000.0,0.0,3591000000.0,3591000000.0,3591000000.0,0.0,67000000.0,0.114,12574000000.0,6165000000.0,18145000000.0,0.717,1.634,9.115,9.157,104606000000.0,0.0,31.41,1.48,1.482,13608000000.0,33687000000.0,31495000000.0,31495000000.0,0.0,,,,,0.0,7972000000.0,1.0,5922000000.0,5932000000.0,5953000000.0,5.309,138970000000.0,1180000000.0,1893000000.0,26195000000.0,23.427,-11298000000.0
41,T,MRQ,2011-03-31,2011-03-31,2011-03-31,2021-08-05,2713000000.0,268085000000.0,,19737000000.0,248348000000.0,,18.995,-4133000000.0,1391000000.0,1391000000.0,12813000000.0,3468000000.0,0.594,1.379,65028000000.0,6902000000.0,58126000000.0,65028000000.0,3959000000.0,4584000000.0,0.0,0.055,0.43,6056000000.0,10640000000.0,0.341,10640000000.0,6056000000.0,5210000000.0,0.57,0.57,0.57,112544000000.0,,112544000000.0,245678976986.0,11.0,6.014,3599000000.0,0.607,1.0,18434000000.0,0.59,133575000000.0,846000000.0,164893000000.0,,0.0,4845000000.0,0.0,4845000000.0,155242000000.0,33254000000.0,121988000000.0,180948976986.0,-46000000.0,-43000000.0,18000000.0,-1300000000.0,-2540000000.0,-3703000000.0,-4075000000.0,127000000.0,7732000000.0,0.0,3408000000.0,3408000000.0,3408000000.0,0.0,60000000.0,0.109,12626000000.0,5808000000.0,18349000000.0,0.754,1.608,8.692,8.721,103369000000.0,0.0,30.61,1.448,1.451,13246000000.0,32649000000.0,31247000000.0,31247000000.0,0.0,,,,,0.0,8042000000.0,1.0,5911433420.0,5925000000.0,5945000000.0,5.274,134510000000.0,1157000000.0,1802000000.0,24648000000.0,22.702,-13517000000.0
42,T,MRQ,2010-12-31,2010-12-31,2010-12-31,2021-08-05,2712000000.0,269391000000.0,,20854000000.0,248537000000.0,,18.891,-6360000000.0,1437000000.0,1437000000.0,11817000000.0,1161000000.0,0.598,1.41,66167000000.0,7196000000.0,58971000000.0,66167000000.0,4086000000.0,4907000000.0,0.0,0.057,0.42,2223000000.0,7130000000.0,0.227,7130000000.0,2223000000.0,1477000000.0,0.18,0.19,0.18,111647000000.0,,111647000000.0,239355800000.0,11.0,5.827,3512000000.0,0.594,1.0,19544000000.0,0.623,134121000000.0,746000000.0,165146000000.0,,0.0,4515000000.0,0.0,4515000000.0,157441000000.0,34854000000.0,122587000000.0,173635800000.0,-1581000000.0,-282000000.0,26000000.0,-2389000000.0,-2480000000.0,-4960000000.0,-6493000000.0,337000000.0,9872000000.0,0.0,1089000000.0,1089000000.0,1089000000.0,-2000000.0,72000000.0,0.035,17456000000.0,2088000000.0,20055000000.0,2.333,1.555,8.741,8.744,103196000000.0,0.0,29.38,1.397,1.397,13610000000.0,31792000000.0,31361000000.0,31361000000.0,0.0,,,,,0.0,12464000000.0,1.0,5910000000.0,5910000000.0,,5.306,135270000000.0,1170000000.0,388000000.0,23045000000.0,22.888,-14000000000.0
43,T,MRQ,2010-09-30,2010-09-30,2010-09-30,2021-08-05,-14888000000.0,269252000000.0,,21977000000.0,247275000000.0,,19.122,-5314000000.0,3246000000.0,3246000000.0,13605000000.0,12396000000.0,0.673,1.38,68966000000.0,6426000000.0,62540000000.0,68966000000.0,3933000000.0,4873000000.0,0.0,0.058,0.42,6475000000.0,11348000000.0,0.359,11348000000.0,6475000000.0,5746000000.0,2.08,2.07,2.08,112994000000.0,,112994000000.0,237618400000.0,10.0,5.467,4225000000.0,0.715,1.0,17976000000.0,0.569,134454000000.0,729000000.0,167844000000.0,,0.0,4544000000.0,0.0,4544000000.0,155959000000.0,32674000000.0,123285000000.0,168997400000.0,1869000000.0,1746000000.0,19000000.0,-1697000000.0,-2476000000.0,-4019000000.0,-3651000000.0,108000000.0,9539000000.0,0.0,12319000000.0,12319000000.0,12319000000.0,-780000000.0,77000000.0,0.39,12545000000.0,5431000000.0,18417000000.0,0.202,1.496,7.898,7.879,101475000000.0,0.0,28.6,1.367,1.367,13606000000.0,50751000000.0,31581000000.0,31581000000.0,0.0,,,,,0.0,7672000000.0,1.0,5909000000.0,5909000000.0,5938000000.0,5.345,134798000000.0,1059000000.0,-6573000000.0,22067000000.0,22.812,-10697000000.0
44,T,MRQ,2010-06-30,2010-06-30,2010-06-30,2021-08-05,-14852000000.0,267556000000.0,,21392000000.0,246164000000.0,,17.439,-4708000000.0,1377000000.0,1377000000.0,12452000000.0,4082000000.0,0.591,1.592,69998000000.0,9721000000.0,60277000000.0,69998000000.0,3943000000.0,4819000000.0,0.0,0.069,0.42,6917000000.0,11736000000.0,0.381,11736000000.0,6917000000.0,6163000000.0,0.68,0.67,0.68,103046000000.0,,103046000000.0,209782710000.0,9.0,4.935,3865000000.0,0.654,1.0,18356000000.0,0.596,135027000000.0,754000000.0,164968000000.0,,0.0,4346000000.0,0.0,4346000000.0,164073000000.0,36182000000.0,127891000000.0,142938710000.0,-1171000000.0,-2363000000.0,2000000.0,808000000.0,-2481000000.0,-1961000000.0,-7783000000.0,-525000000.0,8573000000.0,0.0,4003000000.0,4003000000.0,4003000000.0,5000000.0,79000000.0,0.13,12273000000.0,6083000000.0,18157000000.0,0.618,1.387,11.649,11.574,100302000000.0,0.0,24.19,1.164,1.164,13780000000.0,40909000000.0,30808000000.0,30808000000.0,0.0,,,,,0.0,7454000000.0,1.0,5909000000.0,5909000000.0,5937000000.0,5.214,132529000000.0,1225000000.0,2160000000.0,27494000000.0,22.428,-14790000000.0
45,T,MRQ,2010-03-31,2010-03-31,2010-03-31,2021-08-05,-14265000000.0,265701000000.0,,22362000000.0,243339000000.0,,17.277,-3148000000.0,2617000000.0,2617000000.0,12383000000.0,2540000000.0,0.609,1.6,69461000000.0,9437000000.0,60024000000.0,69461000000.0,4061000000.0,4780000000.0,0.0,0.064,0.42,6081000000.0,10861000000.0,0.356,10861000000.0,6081000000.0,5316000000.0,0.42,0.41,0.42,102023000000.0,,102023000000.0,220788603478.0,10.0,5.345,4090000000.0,0.693,1.0,18147000000.0,0.594,134384000000.0,765000000.0,161455000000.0,,0.0,3278000000.0,0.0,3278000000.0,163235000000.0,36706000000.0,126529000000.0,152509603478.0,-1193000000.0,-177000000.0,3000000.0,-2189000000.0,-2479000000.0,-4909000000.0,-3522000000.0,-20000000.0,7238000000.0,0.0,2453000000.0,2453000000.0,2453000000.0,-2000000.0,87000000.0,0.08,12176000000.0,5971000000.0,18087000000.0,1.0,1.495,13.302,13.251,99360000000.0,0.0,25.84,1.244,1.245,14167000000.0,39373000000.0,30530000000.0,30530000000.0,0.0,,,,,0.0,7396000000.0,1.0,5902074438.0,5905000000.0,5935000000.0,5.17,131317000000.0,1293000000.0,2863000000.0,28159000000.0,22.238,-14344000000.0
46,T,MRQ,2009-12-31,2009-12-31,2009-12-31,2021-08-05,2678000000.0,268312000000.0,,25187000000.0,243125000000.0,,17.211,-5520000000.0,3741000000.0,3741000000.0,12974000000.0,2695000000.0,0.682,1.638,72081000000.0,7361000000.0,64720000000.0,72081000000.0,4170000000.0,4901000000.0,0.0,0.059,0.41,4622000000.0,9523000000.0,0.31,9523000000.0,4622000000.0,3827000000.0,0.45,0.44,0.45,101564000000.0,,101564000000.0,231902030000.0,11.0,5.641,3441000000.0,0.583,1.0,17734000000.0,0.578,134410000000.0,795000000.0,165291000000.0,,0.0,2921000000.0,0.0,2921000000.0,166323000000.0,36951000000.0,129372000000.0,165405030000.0,-2357000000.0,-717000000.0,20000000.0,-2475000000.0,-2418000000.0,-4971000000.0,-6347000000.0,44000000.0,8961000000.0,0.0,2622000000.0,2622000000.0,2622000000.0,-14000000.0,73000000.0,0.085,13346000000.0,4388000000.0,21260000000.0,0.911,1.629,13.627,13.607,99519000000.0,0.0,28.03,1.35,1.35,14845000000.0,21944000000.0,30708000000.0,30708000000.0,0.0,,,,,0.0,8445000000.0,1.0,5901000000.0,5901000000.0,,5.204,133902000000.0,1247000000.0,1205000000.0,25260000000.0,22.691,-11764000000.0
47,T,MRQ,2009-09-30,2009-09-30,2009-09-30,2021-08-05,-16161000000.0,266568000000.0,,25921000000.0,240647000000.0,,16.874,-4017000000.0,6167000000.0,6167000000.0,12907000000.0,3275000000.0,0.779,1.673,72664000000.0,6755000000.0,65909000000.0,72664000000.0,4036000000.0,4881000000.0,0.0,0.06,0.41,5506000000.0,10387000000.0,0.338,10387000000.0,5506000000.0,4655000000.0,0.54,0.54,0.54,99573000000.0,,99573000000.0,228731000000.0,-70.0,14.144,5655000000.0,0.958,1.0,17827000000.0,0.58,133143000000.0,851000000.0,166654000000.0,,0.0,2813000000.0,0.0,2813000000.0,166567000000.0,33268000000.0,133299000000.0,159359000000.0,-1177000000.0,-123000000.0,4000000.0,-4136000000.0,-2418000000.0,-6536000000.0,-4313000000.0,7000000.0,9672000000.0,0.0,3192000000.0,3192000000.0,3192000000.0,-7000000.0,83000000.0,0.104,12455000000.0,5372000000.0,18093000000.0,0.759,1.6,-44.613,-45.78,98321000000.0,0.0,27.01,1.302,1.302,14796000000.0,38841000000.0,30734000000.0,30734000000.0,0.0,,,,,0.0,7574000000.0,1.0,5900000000.0,5901000000.0,5922000000.0,5.208,133425000000.0,991000000.0,1463000000.0,24244000000.0,22.611,-7347000000.0
48,T,MRQ,2009-06-30,2009-06-30,2009-06-30,2021-08-05,-16308000000.0,267918000000.0,,26940000000.0,240978000000.0,,16.713,-3844000000.0,7348000000.0,7348000000.0,12557000000.0,3276000000.0,0.744,1.713,76720000000.0,10155000000.0,66565000000.0,76720000000.0,3932000000.0,4847000000.0,0.0,0.065,0.41,5686000000.0,10533000000.0,0.344,10533000000.0,5686000000.0,4810000000.0,0.54,0.54,0.54,98609000000.0,,98609000000.0,217094000000.0,-73.0,13.113,4013000000.0,0.68,1.0,18057000000.0,0.59,133820000000.0,876000000.0,167251000000.0,,0.0,2749000000.0,0.0,2749000000.0,168906000000.0,36219000000.0,132687000000.0,146556000000.0,3528000000.0,-37000000.0,3000000.0,1930000000.0,-2418000000.0,-263000000.0,-4066000000.0,-11000000.0,7857000000.0,0.0,3198000000.0,3198000000.0,3198000000.0,-3000000.0,78000000.0,0.104,12557000000.0,5500000000.0,18046000000.0,0.759,1.486,-41.47,-42.828,98229000000.0,0.0,24.84,1.191,1.191,14846000000.0,38069000000.0,30614000000.0,30614000000.0,0.0,,,,,0.0,7682000000.0,1.0,5900000000.0,5900000000.0,5923000000.0,5.189,134098000000.0,964000000.0,1612000000.0,22021000000.0,22.728,-9279000000.0
49,T,MRQ,2009-03-31,2009-03-31,2009-03-31,2021-08-05,-16855000000.0,264358000000.0,,23521000000.0,240837000000.0,,16.501,-3173000000.0,3812000000.0,3812000000.0,12195000000.0,3201000000.0,0.635,1.713,74350000000.0,10790000000.0,63560000000.0,74350000000.0,4065000000.0,4886000000.0,0.0,0.064,0.41,5784000000.0,10670000000.0,0.349,10670000000.0,5784000000.0,4935000000.0,0.53,0.53,0.53,97291000000.0,,97291000000.0,221710341717.0,-114.0,12.513,4742000000.0,0.804,1.0,18376000000.0,0.601,134557000000.0,849000000.0,163307000000.0,,0.0,2413000000.0,0.0,2413000000.0,166663000000.0,37032000000.0,129631000000.0,148511341717.0,2020000000.0,181000000.0,1000000.0,280000000.0,-2416000000.0,-2738000000.0,-3157000000.0,15000000.0,7915000000.0,0.0,3126000000.0,3126000000.0,3126000000.0,0.0,75000000.0,0.102,12639000000.0,5737000000.0,17359000000.0,0.774,1.526,-50.173,-52.5,98339000000.0,0.0,25.2,1.205,1.205,14965000000.0,37296000000.0,30571000000.0,30571000000.0,0.0,,,,,0.0,7753000000.0,1.0,5893307211.0,5896000000.0,5896000000.0,5.185,129801000000.0,957000000.0,1809000000.0,21775000000.0,22.015,-13511000000.0
50,T,MRQ,2008-12-31,2008-12-31,2008-12-31,2021-08-05,-17057000000.0,265245000000.0,,22556000000.0,242689000000.0,,16.349,-5243000000.0,1792000000.0,1792000000.0,19774000000.0,-13015000000.0,0.533,1.749,74991000000.0,14119000000.0,60872000000.0,74991000000.0,3849000000.0,4834000000.0,0.0,0.056,0.4,-20252000000.0,-15418000000.0,-0.506,-15418000000.0,-20252000000.0,-21044000000.0,-2.2,-2.19,-2.2,96347000000.0,,96347000000.0,243130500000.0,-166.0,13.354,5594000000.0,0.949,1.0,10717000000.0,0.351,135541000000.0,792000000.0,160613000000.0,,0.0,2332000000.0,0.0,2332000000.0,168495000000.0,42290000000.0,126205000000.0,167950500000.0,198000000.0,-715000000.0,2000000.0,-2545000000.0,-2357000000.0,-4660000000.0,-5979000000.0,171000000.0,10837000000.0,0.0,-13088000000.0,-13088000000.0,-13088000000.0,2000000.0,73000000.0,-0.429,30572000000.0,-19855000000.0,20032000000.0,-0.182,1.743,-63.981,-64.773,99088000000.0,0.0,28.5,1.361,1.361,16047000000.0,36591000000.0,30491000000.0,30491000000.0,0.0,,,,,15000000.0,25738000000.0,1.0,5893000000.0,5893000000.0,,5.174,129704000000.0,1014000000.0,-7956000000.0,21070000000.0,22.01,-19734000000.0
51,T,MRQ,2008-09-30,2008-09-30,2008-09-30,2021-08-05,-862000000.0,284528000000.0,,23445000000.0,261083000000.0,,19.094,-5068000000.0,1594000000.0,1594000000.0,13022000000.0,3289000000.0,0.517,1.529,76774000000.0,17419000000.0,59355000000.0,76774000000.0,3896000000.0,4978000000.0,0.0,0.056,0.4,5793000000.0,10771000000.0,0.344,10771000000.0,5793000000.0,4935000000.0,0.55,0.55,0.55,112518000000.0,,112518000000.0,243048560000.0,10.0,5.463,4200000000.0,0.713,1.0,18320000000.0,0.585,135779000000.0,858000000.0,178591000000.0,,0.0,2839000000.0,0.0,2839000000.0,172010000000.0,45338000000.0,126672000000.0,164532560000.0,-37000000.0,822000000.0,7000000.0,-2940000000.0,-2348000000.0,-5259000000.0,-4046000000.0,406000000.0,9268000000.0,0.0,3230000000.0,3230000000.0,3230000000.0,0.0,59000000.0,0.103,12702000000.0,5618000000.0,18690000000.0,0.727,1.462,12.099,12.192,97771000000.0,0.0,27.92,1.334,1.334,16395000000.0,36613000000.0,31342000000.0,31342000000.0,0.0,,,,,-1000000.0,7724000000.0,1.0,5893000000.0,5893000000.0,5893000000.0,5.319,148749000000.0,1560000000.0,1705000000.0,30752000000.0,25.242,-21893000000.0
52,T,MRQ,2008-06-30,2008-06-30,2008-06-30,2021-08-05,-504000000.0,284508000000.0,,23225000000.0,261283000000.0,,18.889,-5142000000.0,1631000000.0,1631000000.0,11897000000.0,3843000000.0,0.515,1.542,80147000000.0,16472000000.0,63675000000.0,80147000000.0,3573000000.0,4958000000.0,0.0,0.045,0.4,6737000000.0,11695000000.0,0.379,11695000000.0,6737000000.0,5883000000.0,0.64,0.63,0.64,111937000000.0,,111937000000.0,271679290000.0,11.0,6.107,3406000000.0,0.575,1.0,18969000000.0,0.615,136711000000.0,854000000.0,181202000000.0,,0.0,2838000000.0,0.0,2838000000.0,172571000000.0,45111000000.0,127460000000.0,200152290000.0,-332000000.0,-5849000000.0,-1799000000.0,6764000000.0,-2380000000.0,2494000000.0,-11374000000.0,-204000000.0,8548000000.0,0.0,3772000000.0,3772000000.0,3772000000.0,0.0,71000000.0,0.122,12402000000.0,6567000000.0,18927000000.0,0.625,1.788,14.901,15.04,97368000000.0,0.0,33.69,1.639,1.635,15971000000.0,35719000000.0,30866000000.0,30866000000.0,0.0,,,,,-7000000.0,7444000000.0,1.0,5941000000.0,5926000000.0,5926000000.0,5.209,147797000000.0,1407000000.0,2111000000.0,28918000000.0,24.94,-21886000000.0
53,T,MRQ,2008-03-31,2008-03-31,2008-03-31,2021-08-05,-556000000.0,278199000000.0,,23946000000.0,254253000000.0,,18.719,-4178000000.0,1963000000.0,1963000000.0,11995000000.0,3519000000.0,0.568,1.478,73490000000.0,13301000000.0,60189000000.0,73490000000.0,3677000000.0,4903000000.0,0.0,0.038,0.4,6256000000.0,11159000000.0,0.363,11159000000.0,6256000000.0,5391000000.0,0.58,0.57,0.58,112258000000.0,,112258000000.0,293313284582.0,13.0,6.745,779000000.0,0.13,1.0,18749000000.0,0.61,131095000000.0,865000000.0,176502000000.0,,0.0,2578000000.0,0.0,2578000000.0,165941000000.0,42129000000.0,123812000000.0,231168284582.0,-7000000.0,-3615000000.0,-3968000000.0,9145000000.0,-2422000000.0,2735000000.0,-7699000000.0,131000000.0,4957000000.0,0.0,3461000000.0,3461000000.0,3461000000.0,0.0,58000000.0,0.113,12769000000.0,5980000000.0,18590000000.0,0.69,2.059,18.399,18.502,96238000000.0,0.0,38.3,1.915,1.903,15697000000.0,34311000000.0,30744000000.0,30744000000.0,0.0,,,,,-7000000.0,7866000000.0,1.0,6035725446.0,5997000000.0,5997000000.0,5.127,147104000000.0,1934000000.0,1930000000.0,29389000000.0,24.53,-18183000000.0
54,T,MRQ,2007-12-31,2007-12-31,2007-12-31,2021-08-05,-380000000.0,275644000000.0,,24686000000.0,250958000000.0,,19.023,-5593000000.0,1970000000.0,1970000000.0,11985000000.0,3332000000.0,0.629,1.389,64115000000.0,6860000000.0,57255000000.0,64115000000.0,3571000000.0,5223000000.0,0.0,0.034,0.355,5639000000.0,10862000000.0,0.358,10862000000.0,5639000000.0,4771000000.0,0.52,0.52,0.52,115367000000.0,,115367000000.0,309948376060.0,14.0,7.16,4304000000.0,0.71,1.0,18364000000.0,0.605,129115000000.0,868000000.0,169400000000.0,,0.0,2270000000.0,0.0,2270000000.0,160277000000.0,39274000000.0,121003000000.0,252051376060.0,-744000000.0,-2039000000.0,-1228000000.0,573000000.0,-2159000000.0,-2842000000.0,-7799000000.0,-129000000.0,9897000000.0,0.0,3136000000.0,3136000000.0,3136000000.0,0.0,196000000.0,0.103,12872000000.0,5492000000.0,21399000000.0,0.683,2.185,21.09,21.313,95890000000.0,0.0,41.56,2.119,2.119,16185000000.0,33297000000.0,30349000000.0,30349000000.0,0.0,,,,,-24000000.0,7649000000.0,1.0,6064758808.0,6064758808.0,,5.004,146529000000.0,2044000000.0,1635000000.0,29966000000.0,24.161,-14588000000.0
55,T,MRQ,2007-09-30,2007-09-30,2007-09-30,2021-08-05,-5050000000.0,267968000000.0,,25543000000.0,242425000000.0,,18.261,-4664000000.0,2714000000.0,2714000000.0,11736000000.0,3063000000.0,0.669,1.41,60611000000.0,6026000000.0,54585000000.0,60611000000.0,3471000000.0,5322000000.0,0.0,0.033,0.355,5449000000.0,10771000000.0,0.357,10771000000.0,5449000000.0,4562000000.0,0.5,0.5,0.5,111174000000.0,,111174000000.0,317148462587.0,16.0,8.308,4602000000.0,0.756,1.0,18396000000.0,0.611,123896000000.0,887000000.0,163795000000.0,,0.0,2403000000.0,0.0,2403000000.0,156794000000.0,38174000000.0,118620000000.0,258047462587.0,144000000.0,461000000.0,-1524000000.0,-1255000000.0,-2170000000.0,-4958000000.0,-4164000000.0,75000000.0,9266000000.0,0.0,3063000000.0,3063000000.0,3063000000.0,0.0,0.0,0.102,13092000000.0,5304000000.0,20239000000.0,0.71,2.321,23.998,22.036,94446000000.0,0.0,42.31,2.47,2.466,16305000000.0,32606000000.0,30132000000.0,30132000000.0,0.0,,,,,-42000000.0,7770000000.0,1.0,6098970990.0,6088000000.0,6088000000.0,4.949,144072000000.0,2433000000.0,1499000000.0,29035000000.0,23.665,-12631000000.0
56,T,MRQ,2007-06-30,2007-06-30,2007-06-30,2021-08-05,-5066000000.0,267346000000.0,,24393000000.0,242953000000.0,,18.171,-4122000000.0,2570000000.0,2570000000.0,11658000000.0,2904000000.0,0.633,1.394,61671000000.0,7701000000.0,53970000000.0,61671000000.0,3567000000.0,5416000000.0,0.0,0.033,0.355,5281000000.0,10697000000.0,0.363,10697000000.0,5281000000.0,4402000000.0,0.47,0.47,0.47,111661000000.0,,111661000000.0,316092584375.0,18.0,9.431,6309000000.0,1.027,1.0,17820000000.0,0.605,125189000000.0,879000000.0,162719000000.0,,0.0,2342000000.0,0.0,2342000000.0,155685000000.0,38539000000.0,117146000000.0,255870584375.0,206000000.0,288000000.0,-3334000000.0,-842000000.0,-2196000000.0,-6349000000.0,-3876000000.0,-9000000.0,10431000000.0,0.0,2904000000.0,2904000000.0,2904000000.0,0.0,0.0,0.099,12876000000.0,4944000000.0,19171000000.0,0.755,2.291,25.964,20.96,94055000000.0,0.0,41.5,2.844,2.834,15368000000.0,31706000000.0,29478000000.0,29478000000.0,0.0,,,,,-60000000.0,7460000000.0,1.0,6165556250.0,6145000000.0,6145000000.0,4.797,142157000000.0,2360000000.0,1498000000.0,26573000000.0,23.134,-14146000000.0
57,T,MRQ,2007-03-31,2007-03-31,2007-03-31,2021-08-05,-5186000000.0,268276000000.0,,24693000000.0,243583000000.0,,18.317,-3338000000.0,2364000000.0,2364000000.0,11252000000.0,2848000000.0,0.711,1.353,62586000000.0,7119000000.0,55467000000.0,62586000000.0,3766000000.0,5616000000.0,0.0,0.034,0.355,5341000000.0,10957000000.0,0.378,10957000000.0,5341000000.0,4468000000.0,0.46,0.45,0.46,114006000000.0,,114006000000.0,303584533294.0,20.0,10.661,1310000000.0,0.21,1.0,17717000000.0,0.612,127022000000.0,873000000.0,166730000000.0,,0.0,2110000000.0,0.0,2110000000.0,154270000000.0,34746000000.0,119524000000.0,246206533294.0,-54000000.0,11000000.0,-2318000000.0,2708000000.0,-2218000000.0,-1865000000.0,-2837000000.0,518000000.0,4648000000.0,0.0,2848000000.0,2848000000.0,2848000000.0,0.0,0.0,0.098,13053000000.0,4664000000.0,17949000000.0,0.772,2.16,28.109,19.914,93592000000.0,0.0,39.43,3.228,3.218,15580000000.0,30972000000.0,28969000000.0,28969000000.0,0.0,,,,,-47000000.0,7437000000.0,1.0,6244142361.0,6224000000.0,6224000000.0,4.654,141254000000.0,2571000000.0,1620000000.0,24881000000.0,22.695,-10053000000.0
58,T,MRQ,2006-12-31,2006-12-31,2006-12-31,2021-08-05,-5314000000.0,270634000000.0,,25553000000.0,245081000000.0,,30.066,-2162000000.0,2418000000.0,2418000000.0,7404000000.0,1938000000.0,0.631,1.342,59796000000.0,9733000000.0,50063000000.0,59796000000.0,3402000000.0,2492000000.0,0.0,0.037,0.333,3259000000.0,5751000000.0,0.362,5751000000.0,3259000000.0,2794000000.0,0.49,0.5,0.49,115540000000.0,,115540000000.0,167644753436.0,13.0,7.408,2933000000.0,0.763,1.0,8487000000.0,0.534,127397000000.0,465000000.0,160133000000.0,,0.0,1995000000.0,0.0,1995000000.0,155094000000.0,40482000000.0,114612000000.0,137383753436.0,1167000000.0,1167000000.0,-1193000000.0,-47000000.0,-1280000000.0,-2388000000.0,-1540000000.0,-471000000.0,5095000000.0,0.0,1938000000.0,1938000000.0,1938000000.0,0.0,0.0,0.122,5911000000.0,2576000000.0,22106000000.0,0.68,1.189,18.676,18.915,94596000000.0,0.0,35.75,2.179,2.179,16194000000.0,30375000000.0,15891000000.0,15891000000.0,0.0,,,,,-8000000.0,3419000000.0,1.0,3842902194.0,3842902194.0,,4.135,143237000000.0,3034000000.0,856000000.0,30613000000.0,37.273,-14929000000.0
59,T,MRQ,2006-09-30,2006-09-30,2006-09-30,2021-08-05,-566000000.0,143892000000.0,,13512000000.0,130380000000.0,,14.304,-2116000000.0,1251000000.0,1251000000.0,6923000000.0,2165000000.0,0.565,1.597,31512000000.0,4713000000.0,26799000000.0,31512000000.0,0.0,2437000000.0,0.0,0.041,0.333,3675000000.0,6112000000.0,0.391,6112000000.0,3675000000.0,3233000000.0,0.56,0.56,0.56,55401000000.0,,55401000000.0,155844407093.0,14.0,7.573,1324000000.0,0.342,1.0,8715000000.0,0.557,21113000000.0,442000000.0,129135000000.0,,0.0,35251000000.0,0.0,35251000000.0,88491000000.0,23905000000.0,64586000000.0,126468407093.0,154000000.0,17000000.0,-984000000.0,974000000.0,-1292000000.0,-1272000000.0,-2014000000.0,84000000.0,3440000000.0,0.0,2165000000.0,2165000000.0,2165000000.0,0.0,0.0,0.138,5798000000.0,2917000000.0,14789000000.0,0.595,2.283,17.88,17.412,57651000000.0,0.0,32.56,2.105,2.099,8668000000.0,30653000000.0,15638000000.0,15638000000.0,0.0,,,,,-5000000.0,3361000000.0,1.0,3884164837.0,3873000000.0,3873000000.0,4.038,122779000000.0,1598000000.0,1068000000.0,17678000000.0,31.701,-10393000000.0
60,T,MRQ,2006-06-30,2006-06-30,2006-06-30,2021-08-05,-582000000.0,144350000000.0,,13635000000.0,130715000000.0,,14.274,-2221000000.0,1097000000.0,1097000000.0,7163000000.0,1808000000.0,0.592,1.602,30473000000.0,3314000000.0,27159000000.0,30473000000.0,0.0,2486000000.0,0.0,0.047,0.333,3169000000.0,5655000000.0,0.359,5655000000.0,3169000000.0,2697000000.0,0.47,0.46,0.47,55469000000.0,,55469000000.0,138918761786.0,15.0,7.524,2474000000.0,0.637,1.0,8607000000.0,0.546,21411000000.0,472000000.0,129283000000.0,,0.0,34803000000.0,0.0,34803000000.0,88881000000.0,23032000000.0,65849000000.0,108434761786.0,40000000.0,674000000.0,-113000000.0,-1039000000.0,-1292000000.0,-2398000000.0,-2257000000.0,-717000000.0,4695000000.0,0.0,1808000000.0,1808000000.0,1808000000.0,0.0,0.0,0.115,6003000000.0,2604000000.0,15472000000.0,0.709,1.955,17.62,16.503,58351000000.0,0.0,27.89,1.981,1.98,8484000000.0,29771000000.0,15770000000.0,15770000000.0,0.0,,,,,3000000.0,3517000000.0,1.0,3887944130.0,3886000000.0,3886000000.0,4.058,122939000000.0,1876000000.0,889000000.0,18036000000.0,31.636,-9397000000.0
61,T,MRQ,2006-03-31,2006-03-31,2006-03-31,2021-08-05,-568000000.0,144437000000.0,,13850000000.0,130587000000.0,,14.191,-1821000000.0,1057000000.0,1057000000.0,7364000000.0,1445000000.0,0.559,1.622,31541000000.0,5712000000.0,25829000000.0,31541000000.0,0.0,2492000000.0,0.0,0.048,0.333,2621000000.0,5113000000.0,0.325,5113000000.0,2621000000.0,2157000000.0,0.37,0.37,0.37,55089000000.0,,55089000000.0,134254704127.0,16.0,8.161,637000000.0,0.164,1.0,8392000000.0,0.533,21616000000.0,464000000.0,128550000000.0,,0.0,34406000000.0,0.0,34406000000.0,89348000000.0,24755000000.0,64593000000.0,104908704127.0,-167000000.0,-734000000.0,201000000.0,1010000000.0,-1289000000.0,-70000000.0,-2555000000.0,0.0,2458000000.0,0.0,1445000000.0,1445000000.0,1445000000.0,0.0,0.0,0.092,6201000000.0,2191000000.0,15510000000.0,0.9,1.904,19.624,17.789,58367000000.0,0.0,27.04,2.129,2.13,8647000000.0,29257000000.0,15756000000.0,15756000000.0,0.0,,,,,-8000000.0,3709000000.0,1.0,3879759768.0,3882000000.0,3882000000.0,4.059,122821000000.0,1874000000.0,712000000.0,17344000000.0,31.639,-10905000000.0
62,T,MRQ,2005-12-31,2005-12-31,2005-12-31,2021-08-05,-574000000.0,145632000000.0,,14654000000.0,130978000000.0,,16.667,-1833000000.0,1224000000.0,1224000000.0,6020000000.0,1655000000.0,0.577,1.663,30570000000.0,4455000000.0,26115000000.0,30570000000.0,0.0,2206000000.0,0.0,0.053,0.323,1494000000.0,3700000000.0,0.287,3700000000.0,1494000000.0,1089000000.0,0.47,0.47,0.47,54690000000.0,,54690000000.0,103133737316.0,14.0,6.961,2758000000.0,0.841,1.0,6889000000.0,0.534,22558000000.0,405000000.0,127002000000.0,,0.0,33435000000.0,0.0,33435000000.0,90942000000.0,25418000000.0,65524000000.0,80358737316.0,791000000.0,-530000000.0,-1031000000.0,-1049000000.0,-1060000000.0,-3874000000.0,74000000.0,2437000000.0,4591000000.0,0.0,1655000000.0,1655000000.0,1655000000.0,0.0,0.0,0.128,5757000000.0,1132000000.0,17088000000.0,0.687,1.469,16.79,17.246,58727000000.0,0.0,24.49,1.836,1.836,9351000000.0,29106000000.0,12909000000.0,12909000000.0,0.0,,,,,0.0,3551000000.0,1.0,3281287763.0,3281287763.0,,3.934,123074000000.0,2011000000.0,-566000000.0,18508000000.0,37.508,-10764000000.0
63,T,MRQ,2005-09-30,2005-09-30,2005-09-30,2021-08-05,-579000000.0,104104000000.0,,8102000000.0,96002000000.0,,12.19,-1414000000.0,433000000.0,433000000.0,4364000000.0,1246000000.0,0.443,1.591,23208000000.0,5386000000.0,17822000000.0,23208000000.0,0.0,1803000000.0,0.0,0.053,0.323,2193000000.0,3996000000.0,0.388,3996000000.0,2193000000.0,1844000000.0,0.38,0.38,0.38,40179000000.0,,40179000000.0,103895093300.0,15.0,7.391,1932000000.0,0.586,1.0,5940000000.0,0.576,1723000000.0,349000000.0,106860000000.0,,0.0,32945000000.0,0.0,32945000000.0,63925000000.0,18296000000.0,45629000000.0,79195093300.0,27000000.0,1464000000.0,-443000000.0,-1860000000.0,-1066000000.0,-3369000000.0,50000000.0,0.0,3346000000.0,0.0,1246000000.0,1246000000.0,1246000000.0,0.0,0.0,0.121,3978000000.0,1962000000.0,9205000000.0,0.85,1.971,20.797,20.664,48440000000.0,0.0,23.97,1.935,1.931,5229000000.0,28742000000.0,10304000000.0,10304000000.0,0.0,,,,,0.0,2175000000.0,1.0,3303925461.0,3296000000.0,3296000000.0,3.126,102381000000.0,555000000.0,598000000.0,17757000000.0,31.062,-10194000000.0
64,T,MRQ,2005-06-30,2005-06-30,2005-06-30,2021-08-05,-575000000.0,105643000000.0,,7822000000.0,97821000000.0,,12.261,-1279000000.0,406000000.0,406000000.0,4401000000.0,1000000000.0,0.413,1.609,25106000000.0,6890000000.0,18216000000.0,25106000000.0,0.0,1809000000.0,0.0,0.053,0.323,1833000000.0,3642000000.0,0.353,3642000000.0,1833000000.0,1484000000.0,0.3,0.3,0.3,40486000000.0,,40486000000.0,105133996094.0,14.0,7.06,2505000000.0,0.759,1.0,5916000000.0,0.573,1769000000.0,349000000.0,109648000000.0,,0.0,34182000000.0,0.0,34182000000.0,65157000000.0,18926000000.0,46231000000.0,78448996094.0,-21000000.0,596000000.0,16000000.0,-2108000000.0,-1064000000.0,-3156000000.0,-649000000.0,34000000.0,3784000000.0,0.0,1000000000.0,1000000000.0,1000000000.0,0.0,0.0,0.097,4398000000.0,1518000000.0,9208000000.0,1.077,1.938,16.849,16.844,48798000000.0,0.0,23.75,1.918,1.917,5220000000.0,29105000000.0,10317000000.0,10317000000.0,0.0,,,,,0.0,2589000000.0,1.0,3303115625.0,3302000000.0,3302000000.0,3.124,103874000000.0,545000000.0,484000000.0,17096000000.0,31.458,-11104000000.0
65,T,MRQ,2005-03-31,2005-03-31,2005-03-31,2021-08-05,-594000000.0,106946000000.0,,8014000000.0,98932000000.0,,12.233,-1050000000.0,427000000.0,427000000.0,4388000000.0,885000000.0,0.456,1.647,27112000000.0,6175000000.0,20937000000.0,27112000000.0,0.0,1825000000.0,0.0,0.053,0.323,1654000000.0,3479000000.0,0.339,3479000000.0,1654000000.0,1301000000.0,0.27,0.27,0.27,40404000000.0,,40404000000.0,104463436981.0,14.0,6.938,203000000.0,0.061,1.0,5860000000.0,0.572,1768000000.0,353000000.0,114272000000.0,,0.0,34851000000.0,35000000.0,34816000000.0,66542000000.0,17591000000.0,48951000000.0,78258436981.0,-333000000.0,500000000.0,47000000.0,189000000.0,-1066000000.0,-827000000.0,-449000000.0,101000000.0,1253000000.0,0.0,885000000.0,885000000.0,885000000.0,0.0,0.0,0.086,4304000000.0,1556000000.0,9083000000.0,1.196,1.937,16.223,16.226,49311000000.0,0.0,23.69,1.919,1.918,5268000000.0,29171000000.0,10248000000.0,10248000000.0,0.0,,,,,-3000000.0,2479000000.0,1.0,3303437610.0,3303000000.0,3303000000.0,3.103,105178000000.0,552000000.0,416000000.0,16829000000.0,31.843,-9577000000.0
66,T,MRQ,2004-12-31,2004-12-31,2004-12-31,2021-08-05,-550000000.0,110265000000.0,,9962000000.0,100303000000.0,,12.217,-1637000000.0,760000000.0,760000000.0,4567000000.0,677000000.0,0.489,1.722,26965000000.0,5734000000.0,21231000000.0,26965000000.0,0.0,1864000000.0,0.0,0.049,0.312,1076000000.0,2940000000.0,0.292,2940000000.0,1076000000.0,758000000.0,0.21,0.2,0.21,40504000000.0,,40504000000.0,90390216435.0,10.0,5.426,1783000000.0,0.538,1.0,5486000000.0,0.546,2054000000.0,318000000.0,114061000000.0,,0.0,35485000000.0,0.0,35485000000.0,69761000000.0,20355000000.0,49406000000.0,85438216435.0,-12530000000.0,-21336000000.0,-383000000.0,8724000000.0,-1036000000.0,7305000000.0,-22868000000.0,105000000.0,3420000000.0,0.0,677000000.0,677000000.0,677000000.0,-59000000.0,0.0,0.067,4347000000.0,1139000000.0,11459000000.0,1.486,2.109,14.513,14.478,50046000000.0,0.0,25.77,2.095,2.095,6901000000.0,28806000000.0,10053000000.0,10053000000.0,0.0,,,,,0.0,2483000000.0,1.0,3315413909.0,3315413909.0,,3.032,108211000000.0,566000000.0,81000000.0,17596000000.0,32.639,-10393000000.0
67,T,MRQ,2004-09-30,2004-09-30,2004-09-30,2021-08-05,-1589000000.0,101986000000.0,,21112000000.0,80874000000.0,,12.133,-1324000000.0,13290000000.0,13290000000.0,4319000000.0,2094000000.0,1.575,1.536,18242000000.0,1703000000.0,16539000000.0,18242000000.0,0.0,1889000000.0,0.0,0.051,0.312,2942000000.0,4831000000.0,0.469,4831000000.0,2942000000.0,2704000000.0,0.63,0.63,0.63,40210000000.0,,40210000000.0,92025039561.0,10.0,5.382,518000000.0,0.156,1.0,5973000000.0,0.58,1625000000.0,238000000.0,91908000000.0,,0.0,13784000000.0,204000000.0,13580000000.0,61776000000.0,13405000000.0,48371000000.0,85989039561.0,1704000000.0,104000000.0,58000000.0,473000000.0,-1036000000.0,-503000000.0,-1063000000.0,157000000.0,1842000000.0,0.0,2094000000.0,2094000000.0,2094000000.0,-849000000.0,0.0,0.203,4275000000.0,1698000000.0,9272000000.0,0.495,2.138,14.104,14.103,50056000000.0,0.0,25.95,2.138,2.138,5685000000.0,29728000000.0,10292000000.0,10292000000.0,0.0,,,,,-2000000.0,2386000000.0,1.0,3313643143.0,3314000000.0,3314000000.0,3.106,100361000000.0,251000000.0,610000000.0,16823000000.0,30.284,7707000000.0
68,T,MRQ,2004-06-30,2004-06-30,2004-06-30,2021-08-05,-1374000000.0,100422000000.0,,19957000000.0,80465000000.0,,11.86,-1202000000.0,11586000000.0,11586000000.0,4292000000.0,1168000000.0,1.447,1.557,17622000000.0,2460000000.0,15162000000.0,17622000000.0,0.0,1888000000.0,0.0,0.057,0.312,1918000000.0,3806000000.0,0.373,3806000000.0,1918000000.0,1683000000.0,0.35,0.35,0.35,39280000000.0,,39280000000.0,91156046302.0,11.0,5.594,2491000000.0,0.752,1.0,5904000000.0,0.579,1625000000.0,235000000.0,91045000000.0,,0.0,13771000000.0,346000000.0,13425000000.0,61142000000.0,13788000000.0,47354000000.0,80313046302.0,4505000000.0,2991000000.0,30000000.0,-77000000.0,-1035000000.0,-1082000000.0,1840000000.0,51000000.0,3693000000.0,0.0,1168000000.0,1168000000.0,1168000000.0,-33000000.0,0.0,0.115,4464000000.0,1440000000.0,9386000000.0,0.891,2.045,15.389,15.348,50556000000.0,0.0,24.25,2.004,2.004,5564000000.0,28670000000.0,10196000000.0,10196000000.0,0.0,,,,,0.0,2576000000.0,1.0,3311878198.0,3312000000.0,3312000000.0,3.079,98797000000.0,575000000.0,515000000.0,16793000000.0,29.83,6169000000.0
69,T,MRQ,2004-03-31,2004-03-31,2004-03-31,2021-08-05,-1067000000.0,100419000000.0,,15818000000.0,84601000000.0,,11.913,-936000000.0,7081000000.0,7081000000.0,4227000000.0,1937000000.0,1.174,1.548,17924000000.0,2070000000.0,15854000000.0,17924000000.0,0.0,1923000000.0,0.0,0.057,0.312,3111000000.0,5034000000.0,0.503,5034000000.0,3111000000.0,2879000000.0,0.59,0.58,0.59,39409000000.0,,39409000000.0,94317307024.0,10.0,5.576,1062000000.0,0.321,1.0,5785000000.0,0.578,1621000000.0,232000000.0,96170000000.0,,0.0,17541000000.0,378000000.0,17163000000.0,61010000000.0,13471000000.0,47539000000.0,81184307024.0,2275000000.0,2179000000.0,63000000.0,-142000000.0,-1034000000.0,-1113000000.0,1344000000.0,101000000.0,1998000000.0,0.0,1937000000.0,1937000000.0,1937000000.0,-26000000.0,0.0,0.193,4269000000.0,1516000000.0,9471000000.0,0.529,2.06,14.926,14.873,51202000000.0,0.0,24.54,2.024,2.023,5793000000.0,28548000000.0,10012000000.0,10012000000.0,0.0,,,,,0.0,2346000000.0,1.0,3308243970.0,3308000000.0,3308000000.0,3.027,98798000000.0,644000000.0,942000000.0,16633000000.0,29.866,2347000000.0
70,T,MRQ,2003-12-31,2003-12-31,2003-12-31,2021-08-05,-1132000000.0,100233000000.0,,14023000000.0,86210000000.0,,11.553,-1984000000.0,4806000000.0,4806000000.0,4537000000.0,898000000.0,0.981,1.621,17976000000.0,1879000000.0,16097000000.0,17976000000.0,0.0,1945000000.0,0.0,0.052,0.383,1483000000.0,3428000000.0,0.353,3428000000.0,1483000000.0,1264000000.0,0.27,0.28,0.27,38248000000.0,,38248000000.0,99626153969.0,8.0,4.878,1565000000.0,0.473,1.0,5185000000.0,0.533,1611000000.0,219000000.0,97492000000.0,,0.0,18305000000.0,378000000.0,17927000000.0,61985000000.0,14300000000.0,47685000000.0,86309153969.0,-134000000.0,157000000.0,-152000000.0,-323000000.0,-1268000000.0,-1742000000.0,-1875000000.0,-48000000.0,3549000000.0,0.0,898000000.0,898000000.0,898000000.0,-112000000.0,0.0,0.092,4158000000.0,1027000000.0,10658000000.0,1.419,2.257,10.148,10.184,52128000000.0,0.0,26.07,2.131,2.131,6160000000.0,27635000000.0,9722000000.0,9722000000.0,0.0,,,,,-1000000.0,2213000000.0,1.0,3310669504.0,3310669504.0,,2.937,98622000000.0,741000000.0,366000000.0,15692000000.0,29.789,-277000000.0
71,T,MRQ,2003-09-30,2003-09-30,2003-09-30,2021-08-05,-1729000000.0,101308000000.0,,14890000000.0,86418000000.0,,11.417,-1266000000.0,4940000000.0,4940000000.0,4261000000.0,1216000000.0,0.947,1.674,18257000000.0,1900000000.0,16357000000.0,18257000000.0,0.0,1952000000.0,0.0,0.056,0.383,2075000000.0,4027000000.0,0.397,4027000000.0,2075000000.0,1795000000.0,0.37,0.37,0.37,37892000000.0,,37892000000.0,87338757194.0,6.0,3.929,1784000000.0,0.538,1.0,5889000000.0,0.58,1622000000.0,280000000.0,97284000000.0,,0.0,17946000000.0,261000000.0,17685000000.0,63416000000.0,15719000000.0,47697000000.0,73949757194.0,-203000000.0,235000000.0,-278000000.0,-329000000.0,-1272000000.0,-1879000000.0,-1596000000.0,-565000000.0,3050000000.0,0.0,1216000000.0,1216000000.0,1216000000.0,-30000000.0,0.0,0.12,4328000000.0,1561000000.0,9339000000.0,1.035,1.952,7.428,7.417,51983000000.0,0.0,22.25,1.775,1.773,6140000000.0,27769000000.0,10150000000.0,10150000000.0,0.0,,,,,0.0,2376000000.0,1.0,3323584593.0,3319000000.0,3319000000.0,3.058,99686000000.0,1511000000.0,579000000.0,16615000000.0,30.035,-829000000.0
72,T,MRQ,2003-06-30,2003-06-30,2003-06-30,2021-08-05,-1713000000.0,100651000000.0,,14760000000.0,85891000000.0,,11.491,-1072000000.0,5139000000.0,5139000000.0,4067000000.0,1388000000.0,0.984,1.636,18528000000.0,1790000000.0,16738000000.0,18528000000.0,0.0,1977000000.0,0.0,0.045,0.333,2448000000.0,4425000000.0,0.432,4425000000.0,2448000000.0,2072000000.0,0.42,0.42,0.42,38183000000.0,,38183000000.0,100329461317.0,7.0,4.316,3100000000.0,0.933,1.0,6169000000.0,0.603,1643000000.0,376000000.0,97398000000.0,,0.0,17381000000.0,0.0,17381000000.0,62468000000.0,14999000000.0,47469000000.0,84887461317.0,307000000.0,350000000.0,21000000.0,-1782000000.0,-1102000000.0,-2863000000.0,-1002000000.0,-280000000.0,4172000000.0,0.0,1388000000.0,1388000000.0,1388000000.0,0.0,0.0,0.136,4419000000.0,1750000000.0,8935000000.0,0.793,2.223,8.125,8.137,52534000000.0,0.0,25.55,2.018,2.018,5881000000.0,27819000000.0,10236000000.0,10236000000.0,0.0,,,,,0.0,2442000000.0,1.0,3322405531.0,3323000000.0,3323000000.0,3.08,99008000000.0,1495000000.0,684000000.0,15955000000.0,29.795,-239000000.0
73,T,MRQ,2003-03-31,2003-03-31,2003-03-31,2021-08-05,-1132000000.0,100166000000.0,,13968000000.0,86198000000.0,,11.52,-897000000.0,4806000000.0,4806000000.0,4083000000.0,4996000000.0,0.98,1.619,17939000000.0,1879000000.0,16060000000.0,17939000000.0,0.0,1996000000.0,0.0,0.054,0.27,6521000000.0,8517000000.0,0.821,8517000000.0,6521000000.0,6204000000.0,1.5,1.5,1.5,38248000000.0,,38248000000.0,85081230439.0,5.0,3.553,1738000000.0,0.523,1.0,6292000000.0,0.606,1611000000.0,317000000.0,97428000000.0,,0.0,18328000000.0,378000000.0,17950000000.0,61918000000.0,14260000000.0,47658000000.0,66607230439.0,1265000000.0,2270000000.0,21000000.0,-1862000000.0,-897000000.0,-2738000000.0,1368000000.0,-5000000.0,2635000000.0,0.0,4996000000.0,4996000000.0,4996000000.0,0.0,0.0,0.482,4394000000.0,1898000000.0,10870000000.0,0.18,1.741,6.143,6.172,52128000000.0,0.0,20.06,1.561,1.561,6178000000.0,27635000000.0,10375000000.0,10375000000.0,0.0,,,,,0.0,2398000000.0,1.0,3320400321.0,3320000000.0,3320000000.0,3.125,98555000000.0,712000000.0,1208000000.0,15777000000.0,29.685,-292000000.0
74,T,MRQ,2002-12-31,2002-12-31,2002-12-31,2021-08-05,-2451000000.0,95057000000.0,,14089000000.0,80968000000.0,,9.999,-1810000000.0,3567000000.0,3567000000.0,4332000000.0,2355000000.0,0.96,1.863,22041000000.0,3505000000.0,18536000000.0,22041000000.0,0.0,2138000000.0,0.0,0.039,0.27,3120000000.0,5258000000.0,0.482,5258000000.0,3120000000.0,2784000000.0,0.71,0.7,0.71,33199000000.0,,33199000000.0,113204715204.0,11.0,6.112,2584000000.0,0.778,1.0,6568000000.0,0.603,1643000000.0,336000000.0,97205000000.0,,0.0,16356000000.0,1000000.0,16355000000.0,61858000000.0,14683000000.0,47175000000.0,90010715204.0,2697000000.0,3022000000.0,-37000000.0,-2033000000.0,-897000000.0,-2987000000.0,1213000000.0,1000000.0,4394000000.0,0.0,2355000000.0,2355000000.0,2355000000.0,-112000000.0,0.0,0.216,4505000000.0,2063000000.0,9413000000.0,0.38,2.711,15.923,15.947,48490000000.0,0.0,27.11,2.102,2.102,8540000000.0,23802000000.0,10900000000.0,10900000000.0,0.0,,,,,0.0,2367000000.0,1.0,3320203438.0,3320203438.0,,3.283,93414000000.0,704000000.0,429000000.0,11840000000.0,28.135,-594000000.0
75,T,MRQ,2002-09-30,2002-09-30,2002-09-30,2021-08-05,-1310000000.0,93863000000.0,,11465000000.0,82398000000.0,,9.709,-1502000000.0,873000000.0,873000000.0,4136000000.0,1709000000.0,0.617,1.898,24067000000.0,5134000000.0,18933000000.0,24067000000.0,0.0,2148000000.0,0.0,0.052,0.27,2897000000.0,5045000000.0,0.478,5045000000.0,2897000000.0,2541000000.0,0.51,0.51,0.51,32389000000.0,,32389000000.0,92090181305.0,10.0,5.256,2607000000.0,0.781,1.0,6420000000.0,0.608,1658000000.0,356000000.0,96812000000.0,,0.0,16482000000.0,0.0,16482000000.0,61474000000.0,18587000000.0,42887000000.0,66834181305.0,330000000.0,464000000.0,-146000000.0,-1705000000.0,-898000000.0,-2741000000.0,-1038000000.0,0.0,4109000000.0,0.0,1709000000.0,1709000000.0,1709000000.0,0.0,0.0,0.162,4391000000.0,2029000000.0,9634000000.0,0.529,2.063,15.51,15.703,48736000000.0,0.0,20.1,1.525,1.53,8348000000.0,22957000000.0,10556000000.0,10556000000.0,0.0,,,,,0.0,2243000000.0,1.0,3325083647.0,3336000000.0,3336000000.0,3.164,92205000000.0,730000000.0,832000000.0,12804000000.0,27.639,-7122000000.0
76,T,MRQ,2002-06-30,2002-06-30,2002-06-30,2021-08-05,-1242000000.0,94326000000.0,,12328000000.0,81998000000.0,,9.465,-1731000000.0,543000000.0,543000000.0,4094000000.0,1782000000.0,0.593,1.973,25799000000.0,7742000000.0,18057000000.0,25799000000.0,0.0,2156000000.0,0.0,0.034,0.27,2971000000.0,5127000000.0,0.473,5127000000.0,2971000000.0,2631000000.0,0.53,0.53,0.53,31728000000.0,,31728000000.0,128596218398.0,14.0,7.046,2640000000.0,0.788,1.0,6749000000.0,0.622,1658000000.0,340000000.0,97139000000.0,,0.0,15515000000.0,0.0,15515000000.0,62598000000.0,20785000000.0,41813000000.0,101875218398.0,-287000000.0,316000000.0,-565000000.0,-1775000000.0,-902000000.0,-3243000000.0,-1415000000.0,0.0,4371000000.0,0.0,1782000000.0,1782000000.0,1782000000.0,0.0,0.0,0.164,4585000000.0,2164000000.0,9642000000.0,0.509,3.211,21.805,21.942,49270000000.0,0.0,30.5,2.284,2.292,9392000000.0,22088000000.0,10843000000.0,10843000000.0,0.0,,,,,0.0,2429000000.0,1.0,3340171095.0,3352000000.0,3352000000.0,3.235,92668000000.0,775000000.0,849000000.0,12143000000.0,27.646,-8457000000.0
77,T,MRQ,2002-03-31,2002-03-31,2002-03-31,2021-08-05,-1642000000.0,94212000000.0,,11892000000.0,82320000000.0,,9.244,-1765000000.0,830000000.0,830000000.0,3912000000.0,-193000000.0,0.564,2.045,27551000000.0,8489000000.0,19062000000.0,27551000000.0,0.0,2136000000.0,0.0,0.027,0.256,957000000.0,3093000000.0,0.294,3093000000.0,957000000.0,607000000.0,-0.06,-0.06,-0.06,30938000000.0,,30938000000.0,150962617268.0,15.0,7.972,497000000.0,0.148,1.0,6610000000.0,0.628,1656000000.0,350000000.0,98204000000.0,,0.0,18468000000.0,0.0,18468000000.0,63274000000.0,21073000000.0,42201000000.0,125499617268.0,127000000.0,-323000000.0,-561000000.0,1374000000.0,-860000000.0,-47000000.0,-2088000000.0,0.0,2262000000.0,0.0,-193000000.0,-193000000.0,-193000000.0,0.0,0.0,-0.018,4428000000.0,2182000000.0,9683000000.0,-4.267,4.056,25.297,25.297,49569000000.0,0.0,37.44,2.774,2.77,8321000000.0,21159000000.0,10522000000.0,10522000000.0,0.0,,,,,0.0,2292000000.0,1.0,3352019692.0,3347000000.0,3347000000.0,3.144,92556000000.0,739000000.0,800000000.0,11153000000.0,27.653,-9181000000.0
78,T,MRQ,2001-12-31,2001-12-31,2001-12-31,2021-08-05,-1589000000.0,96322000000.0,,12580000000.0,83742000000.0,,9.793,-3093000000.0,703000000.0,703000000.0,-1685000000.0,1011000000.0,0.525,1.926,26166000000.0,9033000000.0,17133000000.0,26166000000.0,0.0,2255000000.0,0.0,0.026,0.256,2002000000.0,4257000000.0,0.358,4257000000.0,2002000000.0,1664000000.0,0.3,0.3,0.3,32919000000.0,,32919000000.0,156469330504.0,12.0,7.235,986000000.0,0.293,1.0,13588000000.0,1.142,3577000000.0,338000000.0,94260000000.0,,0.0,17891000000.0,0.0,17891000000.0,63403000000.0,23948000000.0,39455000000.0,131672330504.0,141000000.0,-55000000.0,-361000000.0,746000000.0,-865000000.0,-791000000.0,-3147000000.0,0.0,4079000000.0,0.0,1011000000.0,1011000000.0,1011000000.0,0.0,0.0,0.085,11638000000.0,1950000000.0,11459000000.0,0.853,4.0,18.789,18.832,49827000000.0,0.0,39.17,2.868,2.868,9376000000.0,21737000000.0,11903000000.0,11903000000.0,0.0,,,,,0.0,9383000000.0,1.0,3361560646.0,3361560646.0,,3.541,92745000000.0,713000000.0,653000000.0,11022000000.0,27.59,-11368000000.0
79,T,MRQ,2001-09-30,2001-09-30,2001-09-30,2021-08-05,-1495000000.0,95715000000.0,,12624000000.0,83091000000.0,,9.591,-2352000000.0,562000000.0,562000000.0,6316000000.0,2072000000.0,0.546,1.944,25359000000.0,7318000000.0,18041000000.0,25359000000.0,0.0,2200000000.0,0.0,0.022,0.257,3574000000.0,5774000000.0,0.509,5774000000.0,3574000000.0,3197000000.0,0.62,0.61,0.62,32512000000.0,,32512000000.0,184809485454.0,14.0,8.174,1797000000.0,0.53,1.0,5022000000.0,0.443,4041000000.0,377000000.0,93353000000.0,,0.0,18130000000.0,0.0,18130000000.0,63203000000.0,23118000000.0,40085000000.0,158413485454.0,-87000000.0,495000000.0,-51000000.0,-1379000000.0,-864000000.0,-2379000000.0,-1857000000.0,0.0,4149000000.0,0.0,2072000000.0,2072000000.0,2072000000.0,0.0,0.0,0.183,2200000000.0,2822000000.0,10582000000.0,0.415,4.872,22.233,22.226,48872000000.0,0.0,47.12,3.428,3.457,9319000000.0,21751000000.0,11338000000.0,11338000000.0,0.0,,,,,0.0,0.0,1.0,3361916075.0,3390000000.0,3390000000.0,3.345,91674000000.0,549000000.0,1125000000.0,11967000000.0,27.042,-10494000000.0
80,T,MRQ,2001-06-30,2001-06-30,2001-06-30,2021-08-05,-1537000000.0,95934000000.0,,12574000000.0,83360000000.0,,9.283,-2937000000.0,649000000.0,649000000.0,6226000000.0,2071000000.0,0.543,2.069,27045000000.0,8021000000.0,19024000000.0,27045000000.0,0.0,2174000000.0,0.0,0.025,0.256,3639000000.0,5813000000.0,0.506,5813000000.0,3639000000.0,3214000000.0,0.62,0.61,0.62,31255000000.0,,31255000000.0,161573719963.0,11.0,6.642,1690000000.0,0.502,1.0,5251000000.0,0.458,4957000000.0,425000000.0,94214000000.0,,0.0,17699000000.0,0.0,17699000000.0,64679000000.0,23159000000.0,41520000000.0,134920719963.0,98000000.0,449000000.0,-358000000.0,-267000000.0,-868000000.0,-2040000000.0,-2489000000.0,0.0,4627000000.0,0.0,2071000000.0,2071000000.0,2071000000.0,0.0,0.0,0.18,2174000000.0,3077000000.0,10808000000.0,0.413,4.317,16.756,16.762,48559000000.0,0.0,40.06,2.794,2.793,9208000000.0,20544000000.0,11477000000.0,11477000000.0,0.0,,,,,0.0,0.0,1.0,3367966050.0,3367000000.0,3367000000.0,3.409,90977000000.0,574000000.0,1143000000.0,11166000000.0,27.02,-10585000000.0
81,T,MRQ,2001-03-31,2001-03-31,2001-03-31,2021-08-05,-1568000000.0,97325000000.0,,21714000000.0,75611000000.0,,8.977,-2807000000.0,551000000.0,551000000.0,6083000000.0,1854000000.0,0.778,2.21,27204000000.0,10643000000.0,16561000000.0,27204000000.0,0.0,2448000000.0,0.0,0.023,0.254,3334000000.0,5782000000.0,0.517,5782000000.0,3334000000.0,2875000000.0,0.55,0.54,0.55,30316000000.0,,30316000000.0,175913275551.0,12.0,7.282,-857000000.0,-0.254,1.0,5107000000.0,0.456,5022000000.0,459000000.0,91031000000.0,,0.0,20537000000.0,9138000000.0,11399000000.0,67009000000.0,27925000000.0,39084000000.0,150594275551.0,-92000000.0,1402000000.0,-975000000.0,1174000000.0,-859000000.0,-1148000000.0,-894000000.0,510000000.0,1950000000.0,0.0,1854000000.0,1854000000.0,1854000000.0,0.0,0.0,0.166,2448000000.0,2659000000.0,13770000000.0,0.462,4.967,19.228,19.32,47550000000.0,0.0,44.63,3.011,3.014,9315000000.0,19333000000.0,11190000000.0,11190000000.0,0.0,,,,,0.0,0.0,1.0,3374283566.0,3377000000.0,3377000000.0,3.314,92303000000.0,612000000.0,1021000000.0,10235000000.0,27.333,-6211000000.0
82,T,MRQ,2000-12-31,2000-12-31,2000-12-31,2021-08-05,-1307000000.0,98651000000.0,,13648000000.0,85003000000.0,,8.999,-3922000000.0,643000000.0,643000000.0,7853000000.0,1128000000.0,0.45,2.238,25962000000.0,10470000000.0,15492000000.0,25962000000.0,0.0,2805000000.0,0.0,0.021,0.254,2436000000.0,5241000000.0,0.429,5241000000.0,2436000000.0,2038000000.0,0.33,0.37,0.33,30463000000.0,,30463000000.0,186390371362.0,13.0,7.781,-586000000.0,-0.173,1.0,4355000000.0,0.357,3719000000.0,398000000.0,89894000000.0,,0.0,21946000000.0,0.0,21946000000.0,68188000000.0,30357000000.0,37831000000.0,161632371362.0,98000000.0,1190000000.0,-373000000.0,732000000.0,-858000000.0,-499000000.0,-2739000000.0,-6000000.0,3336000000.0,0.0,1128000000.0,1128000000.0,1128000000.0,0.0,0.0,0.092,2805000000.0,1550000000.0,15432000000.0,0.77,5.306,20.722,20.761,47195000000.0,0.0,47.75,3.146,3.146,10144000000.0,18341000000.0,12208000000.0,12208000000.0,0.0,,,,,0.0,0.0,1.0,3384971128.0,3384971128.0,,3.607,94932000000.0,671000000.0,910000000.0,10716000000.0,28.045,-16709000000.0
83,T,MRQ,2000-09-30,2000-09-30,2000-09-30,2021-08-05,-1246000000.0,94576000000.0,,13812000000.0,80764000000.0,,8.913,-3861000000.0,545000000.0,545000000.0,8213000000.0,2999000000.0,0.518,2.133,25303000000.0,9413000000.0,15890000000.0,25303000000.0,0.0,2363000000.0,0.0,0.015,0.254,5126000000.0,7489000000.0,0.558,7489000000.0,5126000000.0,4704000000.0,0.89,0.88,0.89,30190000000.0,,30190000000.0,193997368422.0,12.0,7.648,133000000.0,0.039,1.0,5209000000.0,0.388,12147000000.0,422000000.0,80528000000.0,,0.0,9937000000.0,0.0,9937000000.0,64386000000.0,26659000000.0,37727000000.0,169071368422.0,-268000000.0,1854000000.0,-430000000.0,-445000000.0,-862000000.0,-1722000000.0,-2540000000.0,-533000000.0,3994000000.0,0.0,2999000000.0,2999000000.0,2999000000.0,0.0,0.0,0.223,2363000000.0,2846000000.0,12137000000.0,0.285,5.6,17.291,17.319,49697000000.0,0.0,49.88,3.247,3.244,10142000000.0,17905000000.0,13422000000.0,13422000000.0,0.0,,,,,0.0,0.0,1.0,3389562318.0,3387000000.0,3387000000.0,3.963,82429000000.0,590000000.0,1705000000.0,11116000000.0,24.337,-12847000000.0
84,T,MRQ,2000-06-30,2000-06-30,2000-06-30,2021-08-05,-1294000000.0,91191000000.0,,12473000000.0,78718000000.0,,8.355,-2992000000.0,813000000.0,813000000.0,7876000000.0,1851000000.0,0.488,2.214,25739000000.0,9812000000.0,15927000000.0,25739000000.0,0.0,2317000000.0,0.0,0.022,0.254,3329000000.0,5646000000.0,0.428,5646000000.0,3329000000.0,2913000000.0,0.54,0.54,0.54,28375000000.0,,28375000000.0,174326674060.0,13.0,7.588,795000000.0,0.234,1.0,5315000000.0,0.403,11067000000.0,416000000.0,79491000000.0,,0.0,10918000000.0,0.0,10918000000.0,62816000000.0,25559000000.0,37257000000.0,149675674060.0,-44000000.0,1000000.0,-496000000.0,500000000.0,-864000000.0,-839000000.0,-2992000000.0,0.0,3787000000.0,0.0,1851000000.0,1851000000.0,1851000000.0,0.0,0.0,0.14,2317000000.0,2998000000.0,14883000000.0,0.47,5.275,18.913,18.966,48045000000.0,0.0,44.0,2.924,2.919,9538000000.0,15764000000.0,13191000000.0,13191000000.0,0.0,,,,,0.0,0.0,1.0,3401719865.0,3396000000.0,3396000000.0,3.884,80124000000.0,461000000.0,1062000000.0,6372000000.0,23.594,-13086000000.0
85,T,MRQ,2000-03-31,2000-03-31,2000-03-31,2021-08-05,-1161000000.0,89401000000.0,,11986000000.0,77415000000.0,,8.225,-2349000000.0,678000000.0,678000000.0,7214000000.0,1822000000.0,0.493,2.201,25329000000.0,8992000000.0,16337000000.0,25329000000.0,0.0,2263000000.0,0.0,0.023,0.244,3317000000.0,5580000000.0,0.445,5580000000.0,3317000000.0,2961000000.0,0.54,0.53,0.54,27931000000.0,,27931000000.0,163570286502.0,12.0,7.204,600000000.0,0.177,1.0,5339000000.0,0.425,11194000000.0,356000000.0,78553000000.0,,0.0,11084000000.0,0.0,11084000000.0,61470000000.0,24305000000.0,37165000000.0,143216286502.0,362000000.0,-3551000000.0,-224000000.0,4341000000.0,-834000000.0,3312000000.0,-5899000000.0,0.0,2949000000.0,0.0,1822000000.0,1822000000.0,1822000000.0,0.0,0.0,0.145,2263000000.0,3076000000.0,14447000000.0,0.452,5.128,17.9,17.928,47132000000.0,0.0,42.13,2.849,2.846,8759000000.0,14774000000.0,12553000000.0,12553000000.0,0.0,,,,,0.0,0.0,1.0,3399389663.0,3396000000.0,3396000000.0,3.696,78207000000.0,572000000.0,1139000000.0,6052000000.0,23.029,-12319000000.0
86,T,MRQ,1999-12-31,1999-12-31,1999-12-31,2021-08-05,-1062000000.0,83215000000.0,,11930000000.0,71285000000.0,,7.834,-3298000000.0,495000000.0,495000000.0,7873000000.0,3106000000.0,0.618,2.114,20849000000.0,3374000000.0,17475000000.0,20849000000.0,0.0,2175000000.0,0.0,0.02,0.0,4477000000.0,6652000000.0,0.515,6652000000.0,4477000000.0,4116000000.0,0.91,0.9,0.91,26726000000.0,,26726000000.0,179925775439.0,13.0,8.025,1877000000.0,0.55,1.0,5033000000.0,0.39,6796000000.0,361000000.0,77460000000.0,,0.0,10648000000.0,0.0,10648000000.0,56489000000.0,19313000000.0,37176000000.0,166304775439.0,-37000000.0,3000000000.0,-1021000000.0,-3162000000.0,-823000000.0,-4939000000.0,-273000000.0,25000000.0,5175000000.0,0.0,3106000000.0,3106000000.0,3106000000.0,0.0,0.0,0.241,2175000000.0,2858000000.0,11717000000.0,0.0,6.223,20.383,20.397,46571000000.0,0.0,48.75,3.358,3.358,9378000000.0,13798000000.0,12906000000.0,12906000000.0,0.0,,,,,0.0,0.0,1.0,3411380009.0,3411380009.0,,3.783,76419000000.0,767000000.0,1010000000.0,8596000000.0,22.401,-7383000000.0
87,T,MRQ,1999-09-30,1999-09-30,1999-09-30,2021-08-05,-601000000.0,49136000000.0,,7533000000.0,41603000000.0,,4.477,-2523000000.0,267000000.0,267000000.0,7640000000.0,1135000000.0,0.67,2.215,13888000000.0,2622000000.0,11266000000.0,13888000000.0,0.0,2443000000.0,0.0,0.023,0.487,2653000000.0,5096000000.0,0.406,5096000000.0,2653000000.0,2288000000.0,0.33,0.33,0.33,15284000000.0,,15284000000.0,111963471369.0,7.0,4.041,1283000000.0,0.376,1.0,4905000000.0,0.391,5758000000.0,365000000.0,45756000000.0,,0.0,2510000000.0,0.0,2510000000.0,33852000000.0,11243000000.0,22609000000.0,100450471369.0,-608000000.0,-1112000000.0,107000000.0,-32000000.0,-829000000.0,-754000000.0,-3660000000.0,-25000000.0,3806000000.0,0.0,1135000000.0,1135000000.0,1135000000.0,0.0,0.0,0.09,2443000000.0,2462000000.0,6332000000.0,1.476,6.572,10.601,24.667,31197000000.0,0.0,51.06,1.626,2.822,5524000000.0,5529000000.0,12545000000.0,12545000000.0,0.0,,,,,0.0,0.0,1.0,1967302612.0,3414000000.0,3414000000.0,3.675,43378000000.0,663000000.0,1153000000.0,4865000000.0,12.706,-3710000000.0
88,T,MRQ,1999-06-30,1999-06-30,1999-06-30,2021-08-05,-612000000.0,46060000000.0,,7873000000.0,38187000000.0,,4.223,-2344000000.0,848000000.0,848000000.0,7048000000.0,1938000000.0,0.84,2.198,12361000000.0,1011000000.0,11350000000.0,12361000000.0,0.0,1993000000.0,0.0,0.016,0.244,3386000000.0,5379000000.0,0.438,5379000000.0,3386000000.0,3039000000.0,0.57,0.56,0.57,14404000000.0,,14404000000.0,126599707298.0,8.0,4.851,2024000000.0,0.593,1.0,5220000000.0,0.425,3202000000.0,347000000.0,44995000000.0,,0.0,2430000000.0,0.0,2430000000.0,31656000000.0,9376000000.0,22280000000.0,113902707298.0,-74000000.0,-3088000000.0,201000000.0,1618000000.0,-830000000.0,989000000.0,-5431000000.0,0.0,4368000000.0,0.0,1938000000.0,1938000000.0,1938000000.0,0.0,0.0,0.158,1993000000.0,3227000000.0,6095000000.0,0.428,7.908,11.861,24.268,30358000000.0,0.0,58.0,2.018,3.505,5342000000.0,4731000000.0,12268000000.0,12268000000.0,0.0,,,,,0.0,0.0,1.0,1963839781.0,3411000000.0,3411000000.0,3.597,42858000000.0,666000000.0,1101000000.0,4456000000.0,12.565,-1503000000.0
89,T,MRQ,1999-03-31,1999-03-31,1999-03-31,2021-08-05,-651000000.0,45396000000.0,,7663000000.0,37733000000.0,,3.971,-2139000000.0,547000000.0,547000000.0,6826000000.0,1980000000.0,0.782,2.354,13244000000.0,1840000000.0,11404000000.0,13244000000.0,0.0,1942000000.0,0.0,0.02,0.234,3353000000.0,5295000000.0,0.448,5295000000.0,3353000000.0,2996000000.0,0.58,0.57,0.58,13533000000.0,,13533000000.0,105306123596.0,7.0,4.424,1186000000.0,0.348,1.0,4993000000.0,0.422,3124000000.0,357000000.0,45174000000.0,,0.0,2430000000.0,0.0,2430000000.0,31863000000.0,9795000000.0,22068000000.0,92603123596.0,615000000.0,824000000.0,175000000.0,-774000000.0,-805000000.0,-1401000000.0,-1309000000.0,5000000.0,3325000000.0,0.0,1980000000.0,1980000000.0,1980000000.0,0.0,0.0,0.168,1942000000.0,3051000000.0,5959000000.0,0.403,6.843,10.662,20.167,30044000000.0,0.0,47.19,1.808,3.141,5376000000.0,4034000000.0,11819000000.0,11819000000.0,0.0,,,,,0.0,0.0,1.0,1962346336.0,3408000000.0,3408000000.0,3.468,42272000000.0,678000000.0,1016000000.0,4003000000.0,12.404,-2132000000.0
90,T,MRQ,1998-12-31,1998-12-31,1998-12-31,2021-08-05,-822000000.0,74966000000.0,,12697000000.0,62269000000.0,,11.643,-4691000000.0,599000000.0,599000000.0,15248000000.0,4423000000.0,0.696,2.292,21348000000.0,4178000000.0,17170000000.0,21348000000.0,0.0,4164000000.0,0.0,0.017,0.234,7775000000.0,11939000000.0,0.475,11939000000.0,7775000000.0,6930000000.0,0.59,0.58,0.59,22774000000.0,,22774000000.0,116969132663.0,9.0,5.436,2234000000.0,1.142,1.0,9892000000.0,0.393,5161000000.0,845000000.0,72314000000.0,,0.0,7412000000.0,0.0,7412000000.0,52192000000.0,18240000000.0,33952000000.0,104901132663.0,-441000000.0,-1290000000.0,538000000.0,263000000.0,-1781000000.0,-1420000000.0,-5946000000.0,30000000.0,6925000000.0,0.0,4423000000.0,4423000000.0,4423000000.0,0.0,0.0,0.176,4164000000.0,5728000000.0,13253000000.0,0.397,4.606,13.641,23.73,44194000000.0,0.0,53.63,2.269,2.269,9783000000.0,8948000000.0,25140000000.0,25140000000.0,0.0,,,,,0.0,0.0,1.0,1956015899.0,1956015899.0,,12.853,69805000000.0,685000000.0,2507000000.0,3320000000.0,35.687,-5543000000.0
91,T,MRQ,1998-09-30,1998-09-30,1998-09-30,2021-08-05,-553000000.0,42529000000.0,,7158000000.0,35371000000.0,,5.898,-1460000000.0,779000000.0,779000000.0,4072000000.0,1262000000.0,0.749,2.688,12847000000.0,1630000000.0,11217000000.0,12847000000.0,0.0,1241000000.0,0.0,0.021,0.234,2245000000.0,3486000000.0,0.483,3486000000.0,2245000000.0,2001000000.0,0.65,0.64,0.65,11531000000.0,,11531000000.0,94681826750.0,8.0,4.86,845000000.0,0.432,1.0,3144000000.0,0.436,2742000000.0,244000000.0,42296000000.0,,0.0,2582000000.0,37000000.0,2545000000.0,30998000000.0,9559000000.0,21439000000.0,81538826750.0,174000000.0,591000000.0,-241000000.0,-624000000.0,-455000000.0,-1320000000.0,-811000000.0,55000000.0,2305000000.0,0.0,1262000000.0,1262000000.0,1262000000.0,0.0,0.0,0.175,1241000000.0,1903000000.0,5889000000.0,0.36,7.071,12.606,18.492,27920000000.0,0.0,44.38,1.773,1.887,4895000000.0,2947000000.0,7216000000.0,7216000000.0,0.0,,,,,0.0,0.0,1.0,1837287669.0,1955000000.0,1955000000.0,3.691,39787000000.0,504000000.0,739000000.0,3957000000.0,20.351,-2401000000.0
92,T,MRQ,1998-06-30,1998-06-30,1998-06-30,2021-08-05,-650000000.0,42600000000.0,,7035000000.0,35565000000.0,,5.549,-1556000000.0,615000000.0,615000000.0,3978000000.0,1020000000.0,0.702,2.921,13758000000.0,2211000000.0,11547000000.0,13758000000.0,0.0,1235000000.0,0.0,0.023,0.234,1851000000.0,3086000000.0,0.439,3086000000.0,1851000000.0,1591000000.0,0.52,0.51,0.52,10865000000.0,,10865000000.0,87298771760.0,8.0,4.696,982000000.0,0.502,1.0,3052000000.0,0.434,3208000000.0,260000000.0,42511000000.0,,0.0,2575000000.0,91000000.0,2484000000.0,31735000000.0,10024000000.0,21711000000.0,73553771760.0,-61000000.0,-6000000.0,-56000000.0,-608000000.0,-458000000.0,-1122000000.0,-1477000000.0,84000000.0,2538000000.0,0.0,1020000000.0,1020000000.0,1020000000.0,0.0,0.0,0.145,1235000000.0,1817000000.0,5919000000.0,0.45,6.77,12.214,18.182,27758000000.0,0.0,40.0,1.631,1.737,4847000000.0,2167000000.0,7030000000.0,7030000000.0,0.0,,,,,0.0,0.0,1.0,1838844294.0,1958000000.0,1958000000.0,3.59,39392000000.0,678000000.0,571000000.0,3730000000.0,20.118,-2989000000.0
93,T,MRQ,1998-03-31,1998-03-31,1998-03-31,2021-08-05,-582000000.0,42114000000.0,,6969000000.0,35145000000.0,,5.329,-1175000000.0,674000000.0,674000000.0,3879000000.0,985000000.0,0.709,3.038,14419000000.0,2661000000.0,11758000000.0,14419000000.0,0.0,1201000000.0,0.0,0.015,0.224,1804000000.0,3005000000.0,0.438,3005000000.0,1804000000.0,1548000000.0,0.5,0.5,0.5,10429000000.0,,10429000000.0,93328411621.0,11.0,5.758,38000000.0,0.019,1.0,2976000000.0,0.434,3238000000.0,256000000.0,42789000000.0,,0.0,2757000000.0,176000000.0,2581000000.0,31685000000.0,9832000000.0,21853000000.0,79754411621.0,278000000.0,94000000.0,33000000.0,404000000.0,-437000000.0,0.0,-935000000.0,144000000.0,1213000000.0,0.0,985000000.0,985000000.0,985000000.0,0.0,0.0,0.144,1201000000.0,1775000000.0,6741000000.0,0.448,7.647,18.922,34.696,27380000000.0,0.0,43.37,1.813,1.93,4730000000.0,1629000000.0,6855000000.0,6855000000.0,0.0,,,,,0.0,0.0,1.0,1838930404.0,1957000000.0,1957000000.0,3.503,38876000000.0,551000000.0,563000000.0,2321000000.0,19.865,-2863000000.0
94,T,MRQ,1997-12-31,1997-12-31,1997-12-31,2021-08-05,-574000000.0,44836000000.0,,7517000000.0,37319000000.0,,5.721,-4729000000.0,410000000.0,410000000.0,20967000000.0,3201000000.0,0.689,3.262,15315000000.0,2139000000.0,13176000000.0,15315000000.0,0.0,3977000000.0,0.0,0.024,0.224,5929000000.0,9906000000.0,0.398,9906000000.0,5929000000.0,5072000000.0,0.73,0.72,0.73,10520000000.0,,10520000000.0,,,,2320000000.0,1.262,1.0,3916000000.0,0.157,3663000000.0,857000000.0,45168000000.0,,0.0,3060000000.0,320000000.0,2740000000.0,34316000000.0,10910000000.0,23406000000.0,67350826046.0,-211000000.0,-575000000.0,450000000.0,-1112000000.0,-1756000000.0,-2154000000.0,-5106000000.0,185000000.0,7049000000.0,0.0,3201000000.0,3201000000.0,3201000000.0,0.0,0.0,0.129,-1561000000.0,5477000000.0,8330000000.0,0.307,6.402,16.479,30.269,29068000000.0,0.0,36.625,1.562,1.562,5344000000.0,1204000000.0,24883000000.0,24883000000.0,0.0,,,,,0.0,-5538000000.0,1.0,1838930404.0,1838930404.0,,13.531,41173000000.0,660000000.0,1871000000.0,2000000000.0,22.39,-3393000000.0
95,T,MRQ,1997-09-30,1997-09-30,1997-09-30,2021-08-05,,,,,,,,-1356000000.0,,,2364000000.0,816000000.0,,,,,,,,1086000000.0,,0.029,0.224,1508000000.0,2594000000.0,0.41,2594000000.0,1508000000.0,1268000000.0,0.45,0.44,0.45,,,,,,,517000000.0,0.283,1.0,3965000000.0,0.626,,240000000.0,,,,,,,,,,,-39000000.0,-179000000.0,63000000.0,231000000.0,-408000000.0,-114000000.0,-1798000000.0,-263000000.0,1873000000.0,0.0,816000000.0,816000000.0,816000000.0,0.0,0.0,0.129,2493000000.0,1472000000.0,,0.498,,,,,0.0,30.75,,,,,6329000000.0,6329000000.0,0.0,,,,,0.0,1407000000.0,1.0,,1829000000.0,1829000000.0,3.46,,,452000000.0,,,
96,T,MRQ,1997-06-30,1997-06-30,1997-06-30,2021-08-05,,,,,,,,-1508000000.0,,,2223000000.0,-787000000.0,,,,,,,,1646000000.0,,0.028,0.0,-942000000.0,704000000.0,0.119,704000000.0,-942000000.0,-1187000000.0,-0.43,-0.43,-0.43,,,,,,,402000000.0,0.22,1.0,3698000000.0,0.625,,245000000.0,,,,,,,,,,,-102000000.0,-759000000.0,51000000.0,546000000.0,-409000000.0,189000000.0,-2201000000.0,66000000.0,1910000000.0,0.0,-787000000.0,-787000000.0,-787000000.0,0.0,0.0,-0.133,4631000000.0,-933000000.0,,0.0,,,,,0.0,30.94,,,,,5921000000.0,5921000000.0,0.0,,,,,0.0,2985000000.0,1.0,,1826000000.0,1826000000.0,3.243,,,-400000000.0,,,
97,T,MRQ,1997-03-31,1997-03-31,1997-03-31,2021-08-05,,,,,,,,-1263000000.0,,,2173000000.0,857000000.0,,,,,,,,1068000000.0,,0.041,0.439,1593000000.0,2661000000.0,0.446,2661000000.0,1593000000.0,1385000000.0,0.47,0.47,0.47,,,,,,,-516000000.0,-0.283,1.0,3800000000.0,0.636,,208000000.0,,,,,,,,,,,532000000.0,294000000.0,-65000000.0,1095000000.0,-393000000.0,629000000.0,-844000000.0,125000000.0,747000000.0,0.0,857000000.0,857000000.0,857000000.0,0.0,0.0,0.143,2214000000.0,1586000000.0,,0.934,,,,,0.0,26.25,,,,,5973000000.0,5973000000.0,0.0,,,,,0.0,1146000000.0,1.0,,1825000000.0,1825000000.0,3.273,,,528000000.0,,,
98,T,MRQ,1996-12-31,1996-12-31,1996-12-31,2021-08-05,-637000000.0,39485000000.0,,6271000000.0,33214000000.0,,,,314000000.0,314000000.0,,,0.673,3.096,13265000000.0,2335000000.0,10930000000.0,13265000000.0,0.0,,0.0,0.033,0.215,,,,,,,,,,9641000000.0,,9641000000.0,,,,,,1.0,,,3589000000.0,,39535000000.0,,0.0,2396000000.0,432000000.0,1964000000.0,29844000000.0,9312000000.0,20532000000.0,,,,,,,,,,,,,,,,,,,,6584000000.0,,,,14.573,26080000000.0,,25.94,,,4684000000.0,1297000000.0,,,,,,,,,,1.0,,,,,35896000000.0,201000000.0,,1351000000.0,,-3041000000.0
0,T,MRT,2021-06-30,2021-06-30,2021-06-30,2021-08-05,3119000000.0,544710000000.0,539002250000.0,62869000000.0,481841000000.0,0.327,22.642,-14295000000.0,11869000000.0,11869000000.0,84935000000.0,-531000000.0,0.766,2.248,201420000000.0,24016000000.0,177404000000.0,201420000000.0,4932000000.0,25579000000.0,0.0,0.072,2.08,7074000000.0,32653000000.0,0.186,32653000000.0,7074000000.0,-346000000.0,-0.3,-0.3,-0.3,162296000000.0,166252500000.0,162296000000.0,396112200000.0,56.0,12.131,28747000000.0,4.01,1.0,91080000000.0,0.517,257600000000.0,7420000000.0,394535000000.0,381805500000.0,19081000000.0,1853000000.0,0.0,1853000000.0,364864000000.0,82126000000.0,282738000000.0,205489200000.0,-5055000000.0,-20011000000.0,-97000000.0,4236000000.0,-15053000000.0,-14196000000.0,-33901000000.0,450000000.0,43042000000.0,0.0,-1947000000.0,-2162000000.0,-2162000000.0,0.0,1416000000.0,-0.012,84763000000.0,6317000000.0,49429000000.0,-6.933,1.266,-95.046,-95.933,160856000000.0,215000000.0,28.78,1.167,1.172,15771000000.0,38947000000.0,176015000000.0,176015000000.0,0.0,-0.004,-0.013,0.019,0.04,0.0,38191000000.0,1.0,7140000000.0,7168000000.0,,24.556,287110000000.0,0.0,1601000000.0,61732000000.0,40.054,-19257000000.0
1,T,MRT,2021-03-31,2021-03-31,2021-03-31,2021-08-05,4199000000.0,546985000000.0,539799250000.0,62754000000.0,484231000000.0,0.32,23.11,-14802000000.0,11342000000.0,11342000000.0,81819000000.0,-842000000.0,0.819,2.199,201965000000.0,19505000000.0,182460000000.0,201965000000.0,5029000000.0,27103000000.0,0.0,0.069,2.08,7326000000.0,34429000000.0,0.199,34429000000.0,7326000000.0,-451000000.0,-0.34,-0.34,-0.34,165488000000.0,169652500000.0,165488000000.0,385585481024.0,53.0,11.199,29389000000.0,4.104,1.0,91101000000.0,0.527,259542000000.0,7777000000.0,401458000000.0,375186500000.0,18973000000.0,1805000000.0,0.0,1805000000.0,363906000000.0,76608000000.0,287298000000.0,215878481024.0,1388000000.0,-21069000000.0,-101000000.0,9415000000.0,-14960000000.0,-7425000000.0,-35378000000.0,452000000.0,44191000000.0,0.0,-2236000000.0,-2447000000.0,-2447000000.0,0.0,1394000000.0,-0.014,84521000000.0,6580000000.0,48245000000.0,-6.118,1.304,-88.222,-89.029,162356000000.0,211000000.0,30.27,1.248,1.254,16971000000.0,41154000000.0,172920000000.0,172920000000.0,0.0,-0.005,-0.014,0.02,0.042,0.0,38661000000.0,1.0,7131763496.0,7161000000.0,,24.147,287443000000.0,0.0,1785000000.0,61886000000.0,40.14,-13854000000.0
2,T,MRT,2020-12-31,2020-12-31,2020-12-31,2021-08-05,4330000000.0,525761000000.0,539391500000.0,52008000000.0,473753000000.0,0.318,22.688,-15675000000.0,9740000000.0,9740000000.0,79920000000.0,-3821000000.0,0.82,2.143,179447000000.0,3470000000.0,175977000000.0,179447000000.0,6176000000.0,28516000000.0,0.0,0.072,2.08,3714000000.0,32230000000.0,0.188,32230000000.0,3714000000.0,-4211000000.0,-0.75,-0.75,-0.75,161673000000.0,172725250000.0,161673000000.0,376119760000.0,101.0,11.67,27455000000.0,3.853,1.0,91840000000.0,0.535,267782000000.0,7925000000.0,364248000000.0,366428000000.0,18447000000.0,1780000000.0,0.0,1780000000.0,346521000000.0,63438000000.0,283083000000.0,204943760000.0,-2425000000.0,1630000000.0,-5393000000.0,-10986000000.0,-14956000000.0,-32007000000.0,-13548000000.0,497000000.0,43130000000.0,0.0,-5176000000.0,-5369000000.0,-5369000000.0,0.0,1355000000.0,-0.031,85435000000.0,6405000000.0,50051000000.0,-2.773,1.268,-38.172,-38.347,165822000000.0,193000000.0,28.76,1.193,1.193,20215000000.0,37457000000.0,171760000000.0,171760000000.0,0.0,-0.01,-0.031,0.01,0.022,0.0,38039000000.0,1.0,7126000000.0,7126000000.0,,24.103,257979000000.0,0.0,965000000.0,60472000000.0,36.202,-11430000000.0
3,T,MRT,2020-09-30,2020-09-30,2020-09-30,2021-08-05,649000000.0,538553000000.0,545868500000.0,49971000000.0,488582000000.0,0.317,24.563,-17135000000.0,9758000000.0,9758000000.0,79746000000.0,12398000000.0,0.839,1.957,180934000000.0,5898000000.0,175036000000.0,180934000000.0,5862000000.0,28498000000.0,0.0,0.073,2.07,22618000000.0,51116000000.0,0.296,51116000000.0,22618000000.0,14538000000.0,1.52,1.51,1.52,175553000000.0,178362250000.0,175553000000.0,377386750000.0,17.0,7.383,27856000000.0,3.898,1.0,93144000000.0,0.539,283183000000.0,8080000000.0,366981000000.0,367132500000.0,13948000000.0,2325000000.0,0.0,2325000000.0,343497000000.0,59565000000.0,283932000000.0,203133750000.0,3067000000.0,-629000000.0,-7348000000.0,-9972000000.0,-14941000000.0,-24510000000.0,-17414000000.0,309000000.0,44991000000.0,0.0,11101000000.0,10960000000.0,10960000000.0,0.0,1297000000.0,0.063,70673000000.0,22471000000.0,42728000000.0,1.362,1.157,18.534,18.757,167517000000.0,141000000.0,28.51,1.175,1.179,19379000000.0,55094000000.0,172890000000.0,172890000000.0,0.0,0.02,0.061,0.062,0.131,0.0,38202000000.0,1.0,7125000000.0,7147000000.0,,24.191,255370000000.0,0.0,3437000000.0,61784000000.0,35.731,-9594000000.0
4,T,MRT,2020-06-30,2020-06-30,2020-06-30,2021-08-05,129000000.0,547898000000.0,548429250000.0,56555000000.0,491343000000.0,0.319,24.618,-18525000000.0,16941000000.0,16941000000.0,80061000000.0,13179000000.0,0.814,2.015,191194000000.0,15576000000.0,175618000000.0,191194000000.0,5723000000.0,28417000000.0,0.0,0.068,2.06,23784000000.0,52201000000.0,0.298,52201000000.0,23784000000.0,15593000000.0,1.63,1.62,1.63,175896000000.0,180236250000.0,175896000000.0,391286750000.0,16.0,7.496,25732000000.0,3.601,1.0,95077000000.0,0.543,284623000000.0,8191000000.0,368059000000.0,368762000000.0,14514000000.0,2302000000.0,0.0,2302000000.0,354445000000.0,69469000000.0,284976000000.0,215388750000.0,8377000000.0,-1276000000.0,-7397000000.0,-3494000000.0,-14926000000.0,-16211000000.0,-19669000000.0,39000000.0,44257000000.0,0.0,11985000000.0,11898000000.0,11898000000.0,0.0,1194000000.0,0.068,70837000000.0,24240000000.0,41881000000.0,1.264,1.225,18.103,18.546,168341000000.0,87000000.0,30.23,1.23,1.233,19127000000.0,56045000000.0,175138000000.0,175138000000.0,0.0,0.022,0.066,0.064,0.136,0.0,38520000000.0,1.0,7125000000.0,7145000000.0,,24.512,263275000000.0,0.0,3608000000.0,60935000000.0,36.847,-12914000000.0
5,T,MRT,2020-03-31,2020-03-31,2020-03-31,2021-08-05,-385000000.0,545354000000.0,548183250000.0,52704000000.0,492650000000.0,0.327,24.736,-19480000000.0,9955000000.0,9955000000.0,82590000000.0,15590000000.0,0.756,1.968,185853000000.0,17067000000.0,168786000000.0,185853000000.0,5960000000.0,28233000000.0,0.0,0.07,2.05,26488000000.0,54721000000.0,0.305,54721000000.0,26488000000.0,18189000000.0,1.97,1.96,1.97,177779000000.0,182326500000.0,177779000000.0,381910570640.0,14.0,6.979,27002000000.0,3.757,1.0,96555000000.0,0.539,285124000000.0,8299000000.0,366424000000.0,369768750000.0,13276000000.0,3606000000.0,0.0,3606000000.0,349905000000.0,69704000000.0,280201000000.0,209089570640.0,3410000000.0,2678000000.0,-7169000000.0,-12882000000.0,-14911000000.0,-26761000000.0,-16311000000.0,430000000.0,46482000000.0,0.0,14417000000.0,14382000000.0,14382000000.0,0.0,1173000000.0,0.08,68347000000.0,28208000000.0,40771000000.0,1.041,1.176,14.538,14.797,167815000000.0,35000000.0,29.15,1.167,1.169,19908000000.0,58534000000.0,179145000000.0,179145000000.0,0.0,0.026,0.079,0.072,0.148,0.0,38533000000.0,1.0,7172884070.0,7187000000.0,,24.926,260230000000.0,0.0,3772000000.0,60660000000.0,36.208,-17000000000.0
6,T,MRT,2019-12-31,2019-12-31,2019-12-31,2021-08-05,5470000000.0,551669000000.0,548940750000.0,54761000000.0,496908000000.0,0.33,25.218,-19635000000.0,12130000000.0,12130000000.0,84141000000.0,14975000000.0,0.795,1.898,184951000000.0,11838000000.0,173113000000.0,184951000000.0,6124000000.0,28217000000.0,0.0,0.052,2.04,25818000000.0,54035000000.0,0.298,54035000000.0,25818000000.0,17396000000.0,1.9,1.89,1.9,184221000000.0,184159750000.0,184221000000.0,466355400000.0,18.0,8.631,29033000000.0,3.974,1.0,97052000000.0,0.536,288513000000.0,8422000000.0,367066000000.0,372803750000.0,12434000000.0,3695000000.0,0.0,3695000000.0,349735000000.0,68911000000.0,280824000000.0,285479400000.0,6895000000.0,2510000000.0,-1786000000.0,-16771000000.0,-14888000000.0,-25083000000.0,-16690000000.0,435000000.0,48668000000.0,0.0,13903000000.0,13900000000.0,13900000000.0,0.0,1072000000.0,0.077,69097000000.0,27955000000.0,45956000000.0,1.074,1.55,20.538,20.568,169512000000.0,3000000.0,39.08,1.576,1.576,22636000000.0,57936000000.0,181193000000.0,181193000000.0,0.0,0.025,0.075,0.069,0.142,0.0,39422000000.0,1.0,7305000000.0,7305000000.0,,24.804,263156000000.0,0.0,3493000000.0,60714000000.0,36.024,-14150000000.0
7,T,MRT,2019-09-30,2019-09-30,2019-09-30,2021-08-05,2137000000.0,548796000000.0,543989500000.0,50695000000.0,498101000000.0,0.335,24.983,-20399000000.0,6588000000.0,6588000000.0,84714000000.0,17401000000.0,0.744,1.936,187464000000.0,11608000000.0,175856000000.0,187464000000.0,6097000000.0,29148000000.0,0.0,0.054,2.03,28526000000.0,57674000000.0,0.316,57674000000.0,28526000000.0,20041000000.0,2.23,2.23,2.23,183049000000.0,184126750000.0,183049000000.0,459203880000.0,16.0,7.962,28406000000.0,3.877,1.0,97651000000.0,0.535,288047000000.0,8485000000.0,373499000000.0,367441500000.0,12014000000.0,4137000000.0,0.0,4137000000.0,354469000000.0,68126000000.0,286343000000.0,276496880000.0,-2006000000.0,3261000000.0,521000000.0,-19101000000.0,-14797000000.0,-34651000000.0,-16160000000.0,574000000.0,48805000000.0,0.0,16367000000.0,16367000000.0,16367000000.0,0.0,1034000000.0,0.09,68857000000.0,28794000000.0,43955000000.0,0.91,1.511,16.894,16.969,171599000000.0,0.0,37.84,1.516,1.52,22921000000.0,59347000000.0,182365000000.0,182365000000.0,0.0,0.03,0.089,0.078,0.156,0.0,39663000000.0,1.0,7307000000.0,7327000000.0,,24.889,260749000000.0,0.0,3674000000.0,60527000000.0,35.587,-17431000000.0
8,T,MRT,2019-06-30,2019-06-30,2019-06-30,2021-08-05,3289000000.0,546914000000.0,540508000000.0,47218000000.0,499696000000.0,0.34,25.161,-20834000000.0,8423000000.0,8423000000.0,85266000000.0,18268000000.0,0.711,1.915,191130000000.0,12772000000.0,178358000000.0,191130000000.0,5734000000.0,30365000000.0,0.0,0.06,2.02,29966000000.0,60331000000.0,0.329,60331000000.0,29966000000.0,21513000000.0,2.38,2.38,2.38,184257000000.0,184326500000.0,184257000000.0,431772980000.0,14.0,7.157,28928000000.0,3.95,1.0,98250000000.0,0.535,291159000000.0,8453000000.0,372086000000.0,361216000000.0,10685000000.0,4133000000.0,0.0,4133000000.0,352833000000.0,66376000000.0,286457000000.0,244555980000.0,-5099000000.0,2439000000.0,903000000.0,-21338000000.0,-14702000000.0,-37052000000.0,-17809000000.0,431000000.0,49762000000.0,0.0,17385000000.0,17385000000.0,17385000000.0,0.0,883000000.0,0.095,70088000000.0,28162000000.0,42082000000.0,0.849,1.327,14.067,14.08,170986000000.0,0.0,33.51,1.333,1.337,22381000000.0,59389000000.0,183516000000.0,183516000000.0,0.0,0.032,0.094,0.083,0.163,0.0,39677000000.0,1.0,7298000000.0,7323000000.0,,25.06,255755000000.0,0.0,4128000000.0,60775000000.0,34.925,-19158000000.0
9,T,MRT,2019-03-31,2019-03-31,2019-03-31,2021-08-05,4345000000.0,548384000000.0,537452250000.0,46472000000.0,501912000000.0,0.33,25.313,-20415000000.0,6516000000.0,6516000000.0,82212000000.0,19542000000.0,0.719,1.909,193733000000.0,11538000000.0,182195000000.0,193733000000.0,5956000000.0,29642000000.0,0.0,0.064,2.01,31692000000.0,61334000000.0,0.345,61334000000.0,31692000000.0,23365000000.0,2.68,2.68,2.68,185112000000.0,184007250000.0,185112000000.0,399745738731.0,13.0,6.518,25292000000.0,3.458,1.0,95333000000.0,0.537,292385000000.0,8327000000.0,378564000000.0,355217750000.0,10270000000.0,6230000000.0,0.0,6230000000.0,353433000000.0,64652000000.0,288781000000.0,228444738731.0,-42595000000.0,-41011000000.0,248000000.0,-8616000000.0,-14054000000.0,-26908000000.0,-61394000000.0,-68000000.0,45707000000.0,0.0,18804000000.0,18804000000.0,18804000000.0,0.0,738000000.0,0.106,68205000000.0,27128000000.0,42306000000.0,0.75,1.234,12.149,11.701,168909000000.0,0.0,31.36,1.287,1.292,23863000000.0,59424000000.0,177545000000.0,177545000000.0,0.0,0.035,0.102,0.089,0.179,0.0,38517000000.0,1.0,7284589883.0,7313000000.0,,24.278,255999000000.0,0.0,4561000000.0,60337000000.0,35.006,-18180000000.0
10,T,MRT,2018-12-31,2018-12-31,2018-12-31,2021-08-05,4249000000.0,531864000000.0,511942000000.0,51427000000.0,480437000000.0,0.334,25.294,-21251000000.0,5204000000.0,5204000000.0,79419000000.0,19953000000.0,0.798,1.836,176505000000.0,10255000000.0,166250000000.0,176505000000.0,5948000000.0,28430000000.0,0.0,0.07,2.0,32247000000.0,60677000000.0,0.355,60677000000.0,32247000000.0,24290000000.0,2.85,2.85,2.85,184089000000.0,174209250000.0,184089000000.0,382475120000.0,12.0,6.303,22351000000.0,3.071,1.0,91337000000.0,0.535,293128000000.0,7957000000.0,345617000000.0,328281750000.0,7713000000.0,6245000000.0,0.0,6245000000.0,337980000000.0,64420000000.0,273560000000.0,207714120000.0,-45532000000.0,-41711000000.0,136000000.0,-9349000000.0,-13410000000.0,-25989000000.0,-63145000000.0,-183000000.0,43602000000.0,0.0,19370000000.0,19370000000.0,19370000000.0,0.0,583000000.0,0.113,65241000000.0,26096000000.0,43184000000.0,0.702,1.128,10.723,10.014,148542000000.0,0.0,28.54,1.216,1.216,26472000000.0,58753000000.0,170756000000.0,170756000000.0,0.0,0.038,0.111,0.098,0.189,0.0,36765000000.0,1.0,7278000000.0,7278000000.0,,23.462,238736000000.0,0.0,4920000000.0,59038000000.0,32.802,-12993000000.0
11,T,MRT,2018-09-30,2018-09-30,2018-09-30,2021-08-05,5383000000.0,534870000000.0,490000250000.0,53107000000.0,481763000000.0,0.336,25.24,-21586000000.0,8657000000.0,8657000000.0,78036000000.0,33959000000.0,0.812,1.903,183418000000.0,14905000000.0,168513000000.0,183418000000.0,6045000000.0,26609000000.0,0.0,0.059,1.99,25206000000.0,51815000000.0,0.315,51815000000.0,25206000000.0,17435000000.0,5.29,5.28,5.29,183848000000.0,163402250000.0,183848000000.0,420501960000.0,17.0,8.115,19473000000.0,2.673,1.0,86403000000.0,0.525,295614000000.0,7771000000.0,348597000000.0,306085250000.0,7221000000.0,6128000000.0,0.0,6128000000.0,349899000000.0,65420000000.0,284479000000.0,243857960000.0,-39958000000.0,-42371000000.0,-214000000.0,-3465000000.0,-12783000000.0,-16451000000.0,-64566000000.0,-20000000.0,41059000000.0,0.0,33549000000.0,33549000000.0,33549000000.0,0.0,410000000.0,0.204,65186000000.0,21217000000.0,39375000000.0,0.376,1.326,7.269,6.348,147310000000.0,0.0,33.58,1.483,1.487,26312000000.0,57624000000.0,164439000000.0,164439000000.0,0.0,0.068,0.205,0.082,0.153,0.0,35663000000.0,1.0,7262000000.0,7284000000.0,,22.575,239256000000.0,0.0,-16114000000.0,61955000000.0,32.847,-12313000000.0
12,T,MRT,2018-06-30,2018-06-30,2018-06-30,2021-08-05,5716000000.0,534691000000.0,467249000000.0,55286000000.0,479405000000.0,0.339,28.811,-20856000000.0,13523000000.0,13523000000.0,76499000000.0,32266000000.0,0.806,1.916,190167000000.0,21672000000.0,168495000000.0,190167000000.0,5914000000.0,24485000000.0,0.0,0.062,1.98,23612000000.0,48097000000.0,0.304,48097000000.0,23612000000.0,16206000000.0,5.13,5.12,5.13,182980000000.0,148680250000.0,182980000000.0,311361510000.0,13.0,6.474,18660000000.0,2.938,1.0,81869000000.0,0.517,294649000000.0,7406000000.0,348093000000.0,291402250000.0,5849000000.0,8007000000.0,0.0,8007000000.0,350561000000.0,68593000000.0,281968000000.0,197187510000.0,-12072000000.0,-40690000000.0,-548000000.0,21982000000.0,-12161000000.0,10593000000.0,-62181000000.0,62000000.0,39516000000.0,0.0,31860000000.0,31860000000.0,31860000000.0,0.0,406000000.0,0.201,62114000000.0,19755000000.0,35488000000.0,0.386,1.078,6.189,6.259,146959000000.0,0.0,32.11,1.245,1.288,25492000000.0,56555000000.0,158368000000.0,158368000000.0,0.0,0.068,0.214,0.081,0.149,0.0,34715000000.0,1.0,6141000000.0,6351000000.0,,24.936,240042000000.0,0.0,-15654000000.0,61554000000.0,37.796,-13307000000.0
13,T,MRT,2018-03-31,2018-03-31,2018-03-31,2021-08-05,7386000000.0,446343000000.0,438775000000.0,78505000000.0,367838000000.0,0.363,23.684,-20820000000.0,48872000000.0,48872000000.0,77646000000.0,31032000000.0,1.112,2.051,163046000000.0,29322000000.0,133724000000.0,163046000000.0,5081000000.0,24254000000.0,0.0,0.055,1.97,22291000000.0,46545000000.0,0.292,46545000000.0,22291000000.0,15513000000.0,4.95,4.94,4.95,145920000000.0,134116500000.0,145920000000.0,332793640969.0,15.0,7.15,17172000000.0,2.787,1.0,81573000000.0,0.512,219117000000.0,6778000000.0,270820000000.0,271633250000.0,0.0,2623000000.0,0.0,2623000000.0,299267000000.0,70580000000.0,228687000000.0,218945640969.0,34245000000.0,1211000000.0,-408000000.0,24147000000.0,-12099000000.0,16379000000.0,-20126000000.0,316000000.0,37992000000.0,0.0,30643000000.0,30643000000.0,30643000000.0,0.0,389000000.0,0.192,61758000000.0,19815000000.0,31569000000.0,0.398,1.5,7.145,7.202,125124000000.0,0.0,35.65,1.375,1.379,16290000000.0,55067000000.0,159219000000.0,159219000000.0,0.0,0.07,0.228,0.082,0.14,0.0,34590000000.0,1.0,6141532706.0,6161000000.0,,25.843,227226000000.0,0.0,-15130000000.0,47264000000.0,36.881,7925000000.0
14,T,MRT,2017-12-31,2017-12-31,2017-12-31,2021-08-05,7017000000.0,444097000000.0,430165000000.0,79146000000.0,364951000000.0,0.373,22.945,-20647000000.0,50498000000.0,50498000000.0,77810000000.0,29847000000.0,0.972,2.145,164346000000.0,38374000000.0,125972000000.0,164346000000.0,4213000000.0,24387000000.0,0.0,0.05,1.96,21042000000.0,45429000000.0,0.283,45429000000.0,21042000000.0,14742000000.0,4.77,4.76,4.77,140861000000.0,128596750000.0,140861000000.0,353464320000.0,17.0,7.781,17363000000.0,2.828,1.0,82736000000.0,0.515,219725000000.0,6300000000.0,256831000000.0,268355000000.0,0.0,1560000000.0,0.0,1560000000.0,302090000000.0,81389000000.0,220701000000.0,238684320000.0,44997000000.0,2158000000.0,-430000000.0,35880000000.0,-12038000000.0,25930000000.0,-18943000000.0,449000000.0,38010000000.0,0.0,29450000000.0,29450000000.0,29450000000.0,0.0,397000000.0,0.183,62766000000.0,19970000000.0,34470000000.0,0.411,1.694,8.105,8.151,125222000000.0,0.0,38.88,1.487,1.487,16522000000.0,50500000000.0,160546000000.0,160546000000.0,0.0,0.068,0.229,0.078,0.131,0.0,35465000000.0,1.0,6139000000.0,6139000000.0,,26.152,224372000000.0,0.0,-14708000000.0,44469000000.0,36.549,-2243000000.0
15,T,MRT,2017-09-30,2017-09-30,2017-09-30,2021-08-05,5580000000.0,443865000000.0,420096000000.0,76357000000.0,367508000000.0,0.383,20.279,-21989000000.0,48499000000.0,48499000000.0,77309000000.0,13226000000.0,1.601,2.543,163279000000.0,8551000000.0,154728000000.0,163279000000.0,4503000000.0,24445000000.0,0.0,0.05,1.95,24832000000.0,49277000000.0,0.307,49277000000.0,24832000000.0,19237000000.0,2.08,2.08,2.08,124960000000.0,124165250000.0,124960000000.0,358541800000.0,14.0,7.276,15724000000.0,2.552,1.0,83402000000.0,0.519,221087000000.0,5595000000.0,289865000000.0,266373000000.0,0.0,1627000000.0,0.0,1627000000.0,317756000000.0,47693000000.0,270063000000.0,240503800000.0,42699000000.0,3032000000.0,-493000000.0,36315000000.0,-11977000000.0,24479000000.0,-19493000000.0,406000000.0,37713000000.0,0.0,12850000000.0,12850000000.0,12850000000.0,0.0,376000000.0,0.08,61269000000.0,22133000000.0,28928000000.0,0.938,1.925,18.716,18.832,126462000000.0,0.0,39.17,1.496,1.502,15876000000.0,36074000000.0,160711000000.0,160711000000.0,0.0,0.031,0.103,0.093,0.155,0.0,36463000000.0,1.0,6140000000.0,6162000000.0,,26.081,222778000000.0,0.0,6387000000.0,67084000000.0,36.154,28664000000.0
16,T,MRT,2017-06-30,2017-06-30,2017-06-30,2021-08-05,5389000000.0,420795000000.0,409873500000.0,53547000000.0,367248000000.0,0.395,20.231,-22564000000.0,25617000000.0,25617000000.0,77030000000.0,13521000000.0,1.115,2.365,143655000000.0,10831000000.0,132824000000.0,143655000000.0,4371000000.0,24982000000.0,0.0,0.051,1.94,24593000000.0,49575000000.0,0.306,49575000000.0,24593000000.0,19460000000.0,2.13,2.13,2.13,124725000000.0,123828000000.0,124725000000.0,350329040000.0,14.0,7.067,15341000000.0,2.488,1.0,84903000000.0,0.524,221804000000.0,5133000000.0,269017000000.0,256838250000.0,0.0,1615000000.0,0.0,1615000000.0,294937000000.0,48012000000.0,246925000000.0,231964040000.0,18465000000.0,454000000.0,-722000000.0,16301000000.0,-11919000000.0,3258000000.0,-22698000000.0,341000000.0,37905000000.0,0.0,13149000000.0,13149000000.0,13149000000.0,0.0,372000000.0,0.081,62169000000.0,22734000000.0,26471000000.0,0.911,1.86,17.641,17.714,126184000000.0,0.0,37.73,1.432,1.436,14997000000.0,36067000000.0,161933000000.0,161933000000.0,0.0,0.032,0.106,0.096,0.152,0.0,36826000000.0,1.0,6148000000.0,6165000000.0,,26.267,198991000000.0,0.0,6311000000.0,65257000000.0,32.278,5535000000.0
17,T,MRT,2017-03-31,2017-03-31,2017-03-31,2021-08-05,5160000000.0,411903000000.0,405126750000.0,45727000000.0,366176000000.0,0.401,20.084,-22849000000.0,14884000000.0,14884000000.0,76900000000.0,13022000000.0,0.902,2.317,133249000000.0,12681000000.0,120568000000.0,133249000000.0,4493000000.0,25411000000.0,0.0,0.046,1.93,23799000000.0,49210000000.0,0.303,49210000000.0,23799000000.0,18803000000.0,2.05,2.05,2.05,123841000000.0,123497250000.0,123841000000.0,372907239400.0,16.0,7.578,16658000000.0,2.702,1.0,85716000000.0,0.527,221871000000.0,4996000000.0,257707000000.0,252147750000.0,0.0,1551000000.0,0.0,1551000000.0,286922000000.0,50690000000.0,236232000000.0,255182239400.0,4820000000.0,-1468000000.0,-611000000.0,5022000000.0,-11859000000.0,-9708000000.0,-24979000000.0,244000000.0,39507000000.0,0.0,12642000000.0,12642000000.0,12642000000.0,0.0,380000000.0,0.078,62948000000.0,22768000000.0,27120000000.0,0.941,2.061,20.185,20.268,125292000000.0,0.0,41.55,1.569,1.575,15078000000.0,35175000000.0,162616000000.0,162616000000.0,0.0,0.031,0.102,0.094,0.146,0.0,37176000000.0,1.0,6141570142.0,6166000000.0,,26.373,190032000000.0,0.0,6161000000.0,64484000000.0,30.819,-4963000000.0
18,T,MRT,2016-12-31,2016-12-31,2016-12-31,2021-08-05,4961000000.0,403821000000.0,403060500000.0,38369000000.0,365452000000.0,0.406,20.051,-21516000000.0,5788000000.0,5788000000.0,77190000000.0,13333000000.0,0.759,2.272,123513000000.0,9832000000.0,113681000000.0,123513000000.0,4519000000.0,25847000000.0,0.0,0.045,1.92,24365000000.0,50212000000.0,0.307,50212000000.0,24365000000.0,19455000000.0,2.1,2.1,2.1,123135000000.0,123395000000.0,123135000000.0,380502730000.0,16.0,7.578,16926000000.0,2.756,1.0,86596000000.0,0.529,222067000000.0,4910000000.0,248903000000.0,251350750000.0,0.0,1674000000.0,0.0,1674000000.0,279711000000.0,50576000000.0,229135000000.0,261176730000.0,662000000.0,-1581000000.0,-366000000.0,-683000000.0,-11797000000.0,-14462000000.0,-23318000000.0,672000000.0,38442000000.0,0.0,12976000000.0,12976000000.0,12976000000.0,0.0,357000000.0,0.079,63053000000.0,23543000000.0,31138000000.0,0.914,2.121,20.128,20.252,124899000000.0,0.0,42.53,1.595,1.595,16794000000.0,34734000000.0,163786000000.0,163786000000.0,0.0,0.032,0.105,0.097,0.149,0.0,36845000000.0,1.0,6141000000.0,6141000000.0,,26.671,181754000000.0,0.0,6479000000.0,62207000000.0,29.597,-12207000000.0
19,T,MRT,2016-09-30,2016-09-30,2016-09-30,2021-08-05,4850000000.0,402975000000.0,402773250000.0,37374000000.0,365601000000.0,0.407,20.041,-21145000000.0,5895000000.0,5895000000.0,75456000000.0,14904000000.0,0.793,2.252,125221000000.0,7982000000.0,117239000000.0,125221000000.0,4637000000.0,26195000000.0,0.0,0.047,1.91,27401000000.0,53596000000.0,0.327,53596000000.0,27401000000.0,22569000000.0,2.37,2.36,2.37,123611000000.0,123279000000.0,123611000000.0,369460720000.0,13.0,6.893,17242000000.0,2.795,1.0,88608000000.0,0.54,223473000000.0,4832000000.0,251726000000.0,251777000000.0,0.0,1679000000.0,0.0,1679000000.0,278372000000.0,47102000000.0,231270000000.0,249832720000.0,-307000000.0,-2799000000.0,-566000000.0,-625000000.0,-11739000000.0,-14408000000.0,-24286000000.0,556000000.0,38387000000.0,0.0,14545000000.0,14545000000.0,14545000000.0,0.0,359000000.0,0.089,60977000000.0,27631000000.0,28849000000.0,0.806,2.021,17.177,17.135,123922000000.0,0.0,40.61,1.523,1.527,16855000000.0,35319000000.0,164064000000.0,164064000000.0,0.0,0.036,0.118,0.109,0.167,0.0,34747000000.0,1.0,6152000000.0,6168000000.0,,26.599,179502000000.0,0.0,8024000000.0,62335000000.0,29.102,-9728000000.0
20,T,MRT,2016-06-30,2016-06-30,2016-06-30,2021-08-05,4814000000.0,401808000000.0,402026750000.0,36005000000.0,365803000000.0,0.404,19.987,-20592000000.0,7208000000.0,7208000000.0,74362000000.0,14564000000.0,0.775,2.248,126836000000.0,9528000000.0,117308000000.0,126836000000.0,4465000000.0,25881000000.0,0.0,0.044,1.9,26871000000.0,52752000000.0,0.325,52752000000.0,26871000000.0,22117000000.0,2.33,2.32,2.33,123402000000.0,122832250000.0,123402000000.0,386495760000.0,14.0,7.327,17597000000.0,2.85,1.0,87903000000.0,0.542,224716000000.0,4754000000.0,250255000000.0,250322000000.0,0.0,1677000000.0,0.0,1677000000.0,277437000000.0,46465000000.0,230972000000.0,266000760000.0,-13748000000.0,-10172000000.0,-224000000.0,-6101000000.0,-11226000000.0,-20436000000.0,-31501000000.0,155000000.0,38189000000.0,0.0,14211000000.0,14211000000.0,14211000000.0,0.0,353000000.0,0.088,60757000000.0,27146000000.0,26746000000.0,0.815,2.156,18.718,18.545,123537000000.0,0.0,43.21,1.639,1.644,15830000000.0,34950000000.0,162265000000.0,162265000000.0,0.0,0.035,0.116,0.107,0.166,0.0,34841000000.0,1.0,6156000000.0,6174000000.0,,26.282,177092000000.0,0.0,7906000000.0,60989000000.0,28.684,-10460000000.0
21,T,MRT,2016-03-31,2016-03-31,2016-03-31,2021-08-05,5180000000.0,403638000000.0,383197000000.0,38001000000.0,365637000000.0,0.404,19.999,-19821000000.0,10008000000.0,10008000000.0,70966000000.0,14233000000.0,0.853,2.262,130503000000.0,8399000000.0,122104000000.0,130503000000.0,4550000000.0,24001000000.0,0.0,0.048,1.89,26051000000.0,50052000000.0,0.323,50052000000.0,26051000000.0,21623000000.0,2.37,2.36,2.37,123432000000.0,113696500000.0,123432000000.0,361972852535.0,14.0,7.232,17221000000.0,2.79,1.0,83794000000.0,0.541,225086000000.0,4428000000.0,254519000000.0,242870500000.0,0.0,1594000000.0,0.0,1594000000.0,279233000000.0,44528000000.0,234705000000.0,240942852535.0,5564000000.0,-11254000000.0,-45000000.0,11633000000.0,-10713000000.0,387000000.0,-31865000000.0,100000000.0,37042000000.0,0.0,13885000000.0,13885000000.0,13885000000.0,0.0,348000000.0,0.09,57435000000.0,26359000000.0,26169000000.0,0.797,1.952,17.353,16.527,123454000000.0,0.0,39.17,1.557,1.562,16070000000.0,34506000000.0,154760000000.0,154760000000.0,0.0,0.036,0.122,0.107,0.168,0.0,33399000000.0,1.0,6151208898.0,6172000000.0,,25.075,178552000000.0,0.0,7738000000.0,59944000000.0,28.929,-6527000000.0
22,T,MRT,2015-12-31,2015-12-31,2015-12-31,2021-08-05,5334000000.0,402672000000.0,359294500000.0,35992000000.0,366680000000.0,0.409,19.94,-19218000000.0,5121000000.0,5121000000.0,67046000000.0,13687000000.0,0.753,2.275,126151000000.0,7636000000.0,118515000000.0,126151000000.0,4682000000.0,22016000000.0,0.0,0.055,1.88,24470000000.0,46486000000.0,0.317,46486000000.0,24470000000.0,20350000000.0,2.37,2.37,2.37,122671000000.0,104463250000.0,122671000000.0,332418320000.0,14.0,7.151,16662000000.0,2.708,1.0,79755000000.0,0.543,225278000000.0,4120000000.0,250608000000.0,230506250000.0,0.0,1606000000.0,0.0,1606000000.0,279032000000.0,47816000000.0,231216000000.0,211690320000.0,-3482000000.0,-30676000000.0,-126000000.0,23927000000.0,-10200000000.0,9782000000.0,-49144000000.0,1545000000.0,35880000000.0,0.0,13345000000.0,13345000000.0,13345000000.0,0.0,342000000.0,0.091,54970000000.0,24785000000.0,30372000000.0,0.793,1.726,15.863,14.519,124450000000.0,0.0,34.41,1.442,1.442,16532000000.0,33671000000.0,146801000000.0,146801000000.0,0.0,0.037,0.128,0.106,0.167,0.0,32919000000.0,1.0,6152000000.0,6152000000.0,,23.862,177394000000.0,0.0,7005000000.0,58357000000.0,28.835,-11824000000.0
23,T,MRT,2015-09-30,2015-09-30,2015-09-30,2021-08-05,5294000000.0,399989000000.0,332835000000.0,34951000000.0,365038000000.0,0.418,20.564,-17726000000.0,6202000000.0,6202000000.0,65811000000.0,5683000000.0,0.729,2.275,126930000000.0,7535000000.0,119395000000.0,126930000000.0,4640000000.0,20106000000.0,0.0,0.057,1.87,11662000000.0,31768000000.0,0.228,31768000000.0,11662000000.0,7829000000.0,0.96,0.96,0.96,121824000000.0,96224500000.0,121824000000.0,293113580000.0,25.0,9.227,14714000000.0,2.484,1.0,73310000000.0,0.527,226873000000.0,3833000000.0,245906000000.0,216886250000.0,0.0,1744000000.0,0.0,1744000000.0,277200000000.0,47938000000.0,229262000000.0,200399580000.0,3744000000.0,-29654000000.0,138000000.0,31449000000.0,-9693000000.0,17708000000.0,-46404000000.0,1593000000.0,32440000000.0,0.0,5340000000.0,5340000000.0,5340000000.0,0.0,343000000.0,0.038,61526000000.0,11784000000.0,28280000000.0,1.948,1.645,37.528,33.938,122836000000.0,0.0,32.58,1.44,1.387,16329000000.0,32627000000.0,139121000000.0,139121000000.0,0.0,0.016,0.055,0.054,0.084,0.0,39300000000.0,1.0,6151000000.0,5924000000.0,,23.484,173116000000.0,0.0,2489000000.0,57635000000.0,29.223,-12987000000.0
24,T,MRT,2015-06-30,2015-06-30,2015-06-30,2021-08-05,7039000000.0,326489000000.0,304822500000.0,43163000000.0,283326000000.0,0.436,16.691,-17878000000.0,20956000000.0,20956000000.0,62351000000.0,5792000000.0,1.065,2.751,113670000000.0,8603000000.0,105067000000.0,113670000000.0,4075000000.0,18380000000.0,0.0,0.052,1.86,11455000000.0,29835000000.0,0.224,29835000000.0,11455000000.0,7752000000.0,1.06,1.06,1.06,86859000000.0,88921750000.0,86859000000.0,276464360000.0,24.0,9.266,12489000000.0,2.4,1.0,70636000000.0,0.531,158227000000.0,3703000000.0,220449000000.0,201399750000.0,0.0,288000000.0,0.0,288000000.0,238988000000.0,40527000000.0,198461000000.0,184455360000.0,9651000000.0,-19964000000.0,-189000000.0,31466000000.0,-9641000000.0,17580000000.0,-38296000000.0,-2000000.0,30367000000.0,0.0,5476000000.0,5476000000.0,5476000000.0,0.0,316000000.0,0.041,59168000000.0,11468000000.0,21560000000.0,1.755,2.124,33.684,33.509,114348000000.0,0.0,35.52,1.387,1.39,13821000000.0,29086000000.0,132987000000.0,132987000000.0,0.0,0.018,0.062,0.057,0.086,0.0,38668000000.0,1.0,5193000000.0,5204000000.0,,25.555,168262000000.0,1131000000.0,2276000000.0,42364000000.0,32.333,2636000000.0
25,T,MRT,2015-03-31,2015-03-31,2015-03-31,2021-08-05,7341000000.0,308028000000.0,296566750000.0,27410000000.0,280618000000.0,0.447,16.625,-19331000000.0,4444000000.0,4444000000.0,61484000000.0,6229000000.0,0.728,2.554,96453000000.0,8181000000.0,88272000000.0,96453000000.0,4221000000.0,18234000000.0,0.0,0.057,1.85,12616000000.0,30850000000.0,0.233,30850000000.0,12616000000.0,8964000000.0,1.15,1.15,1.15,86499000000.0,90240000000.0,86499000000.0,242922980400.0,19.0,7.874,9946000000.0,1.912,1.0,71063000000.0,0.536,157324000000.0,3652000000.0,205062000000.0,192861500000.0,0.0,266000000.0,0.0,266000000.0,220924000000.0,37651000000.0,183273000000.0,169458980400.0,833000000.0,-14213000000.0,-346000000.0,20490000000.0,-9588000000.0,5398000000.0,-33842000000.0,0.0,29277000000.0,0.0,5941000000.0,5941000000.0,5941000000.0,0.0,288000000.0,0.045,59752000000.0,11311000000.0,20418000000.0,1.609,1.959,28.524,28.391,113198000000.0,0.0,32.65,1.278,1.282,13592000000.0,28490000000.0,132547000000.0,132547000000.0,0.0,0.02,0.066,0.065,0.095,0.0,39398000000.0,1.0,5190167853.0,5203000000.0,,25.475,150704000000.0,1538000000.0,3023000000.0,40409000000.0,28.965,-10241000000.0
26,T,MRT,2014-12-31,2014-12-31,2014-12-31,2021-08-05,8061000000.0,296834000000.0,290894750000.0,33606000000.0,263228000000.0,0.455,17.296,-21199000000.0,8603000000.0,8603000000.0,60145000000.0,6736000000.0,0.901,2.302,81834000000.0,6056000000.0,75778000000.0,81834000000.0,4105000000.0,18273000000.0,0.0,0.055,1.84,13674000000.0,31947000000.0,0.241,31947000000.0,13674000000.0,10061000000.0,1.24,1.24,1.24,89716000000.0,91341750000.0,89716000000.0,247398330000.0,18.0,7.744,10139000000.0,1.955,1.0,72302000000.0,0.546,136655000000.0,3613000000.0,196128000000.0,188085000000.0,0.0,250000000.0,0.0,250000000.0,206564000000.0,37282000000.0,169282000000.0,174231330000.0,5264000000.0,4982000000.0,-1578000000.0,5617000000.0,-9552000000.0,-7737000000.0,-18337000000.0,-1890000000.0,31338000000.0,0.0,6442000000.0,6442000000.0,6442000000.0,0.0,294000000.0,0.049,60090000000.0,12212000000.0,23592000000.0,1.484,1.942,27.046,27.089,112898000000.0,0.0,33.59,1.315,1.315,14527000000.0,31081000000.0,132447000000.0,132447000000.0,0.0,0.022,0.071,0.073,0.103,0.0,39697000000.0,1.0,5187000000.0,5187000000.0,,25.534,160179000000.0,0.0,3619000000.0,39527000000.0,30.881,-3676000000.0
27,T,MRT,2014-09-30,2014-09-30,2014-09-30,2021-08-05,7926000000.0,287939000000.0,286133000000.0,25835000000.0,262104000000.0,0.458,17.817,-22208000000.0,2458000000.0,2458000000.0,53833000000.0,17706000000.0,0.646,2.104,75625000000.0,5109000000.0,70516000000.0,75625000000.0,4038000000.0,18386000000.0,0.0,0.052,1.83,31735000000.0,50121000000.0,0.382,50121000000.0,31735000000.0,27519000000.0,3.3,3.31,3.3,92613000000.0,91659750000.0,92613000000.0,255501640000.0,8.0,5.098,11302000000.0,2.174,1.0,77338000000.0,0.59,137167000000.0,4216000000.0,183960000000.0,184742000000.0,0.0,166000000.0,0.0,166000000.0,194820000000.0,39979000000.0,154841000000.0,182754640000.0,1087000000.0,5010000000.0,-3471000000.0,1194000000.0,-9541000000.0,-12979000000.0,-19444000000.0,-1993000000.0,33510000000.0,0.0,17411000000.0,17411000000.0,17411000000.0,0.0,295000000.0,0.133,47326000000.0,30012000000.0,24119000000.0,0.555,1.973,10.497,10.679,115134000000.0,0.0,35.24,1.393,1.396,13445000000.0,34165000000.0,131171000000.0,131171000000.0,0.0,0.061,0.19,0.172,0.242,0.0,28940000000.0,1.0,5186000000.0,5198000000.0,,25.235,150772000000.0,1030000000.0,10108000000.0,41721000000.0,29.006,-14144000000.0
28,T,MRT,2014-06-30,2014-06-30,2014-06-30,2021-08-05,7851000000.0,293466000000.0,282798000000.0,33112000000.0,260354000000.0,0.461,17.704,-22928000000.0,11305000000.0,11305000000.0,52900000000.0,18424000000.0,0.756,2.18,84052000000.0,10482000000.0,73570000000.0,84052000000.0,3990000000.0,18462000000.0,0.0,0.051,1.82,32383000000.0,50845000000.0,0.39,50845000000.0,32383000000.0,28354000000.0,3.42,3.43,3.42,92132000000.0,89935250000.0,92132000000.0,259783400000.0,8.0,5.109,11026000000.0,2.119,1.0,77472000000.0,0.594,136129000000.0,4029000000.0,186296000000.0,184015500000.0,0.0,159000000.0,0.0,159000000.0,200841000000.0,43788000000.0,157053000000.0,183518400000.0,6757000000.0,2231000000.0,-5170000000.0,8512000000.0,-9550000000.0,-6237000000.0,-20960000000.0,2000000.0,33954000000.0,0.0,18095000000.0,18095000000.0,18095000000.0,0.0,329000000.0,0.139,46879000000.0,30593000000.0,22966000000.0,0.532,1.992,10.142,10.339,114360000000.0,0.0,35.36,1.408,1.411,13001000000.0,33554000000.0,130372000000.0,130372000000.0,0.0,0.064,0.201,0.176,0.248,0.0,28417000000.0,1.0,5190000000.0,5204000000.0,,25.052,157337000000.0,1180000000.0,10259000000.0,40797000000.0,30.234,-10676000000.0
29,T,MRT,2014-03-31,2014-03-31,2014-03-31,2021-08-05,7666000000.0,285340000000.0,277454750000.0,24089000000.0,261251000000.0,0.468,17.408,-22408000000.0,3611000000.0,3611000000.0,51958000000.0,18683000000.0,0.605,2.134,79876000000.0,8301000000.0,71575000000.0,79876000000.0,4121000000.0,18483000000.0,0.0,0.052,1.81,32031000000.0,50514000000.0,0.389,50514000000.0,32031000000.0,28058000000.0,3.45,3.46,3.45,90906000000.0,88397250000.0,90906000000.0,254053211614.0,8.0,5.029,12988000000.0,2.487,1.0,77914000000.0,0.6,135819000000.0,3973000000.0,185956000000.0,182956750000.0,0.0,3613000000.0,0.0,3613000000.0,193971000000.0,39830000000.0,154141000000.0,182604211614.0,-264000000.0,-1461000000.0,-8283000000.0,5429000000.0,-9592000000.0,-11811000000.0,-23849000000.0,301000000.0,35396000000.0,0.0,18370000000.0,18370000000.0,18370000000.0,0.0,313000000.0,0.141,46824000000.0,31090000000.0,22234000000.0,0.525,2.009,9.94,10.165,112809000000.0,0.0,35.07,1.406,1.41,13120000000.0,32402000000.0,129872000000.0,129872000000.0,0.0,0.066,0.208,0.175,0.247,0.0,28341000000.0,1.0,5206849490.0,5222000000.0,,24.87,149521000000.0,1171000000.0,9688000000.0,39232000000.0,28.633,-15741000000.0
30,T,MRT,2013-12-31,2013-12-31,2013-12-31,2021-08-05,7880000000.0,277787000000.0,273868250000.0,23196000000.0,254591000000.0,0.47,17.272,-20944000000.0,3339000000.0,3339000000.0,51191000000.0,18722000000.0,0.663,2.048,74788000000.0,5498000000.0,69290000000.0,74788000000.0,4212000000.0,18395000000.0,0.0,0.051,1.8,31686000000.0,50081000000.0,0.389,50081000000.0,31686000000.0,27746000000.0,3.42,3.42,3.42,90988000000.0,87670250000.0,90988000000.0,260074880000.0,8.0,5.193,13852000000.0,2.629,1.0,77561000000.0,0.602,131485000000.0,3940000000.0,182756000000.0,181961250000.0,0.0,3860000000.0,0.0,3860000000.0,186305000000.0,34995000000.0,151310000000.0,185222880000.0,-1529000000.0,-2190000000.0,-12914000000.0,9158000000.0,-9696000000.0,-13201000000.0,-23124000000.0,301000000.0,34796000000.0,0.0,18418000000.0,18418000000.0,18418000000.0,0.0,304000000.0,0.143,46809000000.0,30752000000.0,21107000000.0,0.526,2.036,10.057,10.281,110968000000.0,0.0,35.16,1.439,1.439,12918000000.0,31141000000.0,128752000000.0,128752000000.0,0.0,0.067,0.21,0.174,0.246,0.0,28414000000.0,1.0,5268000000.0,5268000000.0,,24.44,146302000000.0,1199000000.0,9328000000.0,38082000000.0,27.772,-11799000000.0
31,T,MRT,2013-09-30,2013-09-30,2013-09-30,2021-08-05,5282000000.0,274599000000.0,272500250000.0,18435000000.0,256164000000.0,0.47,16.127,-21411000000.0,1371000000.0,1371000000.0,56782000000.0,7779000000.0,0.509,2.199,76223000000.0,7873000000.0,68350000000.0,76223000000.0,4013000000.0,18287000000.0,0.0,0.053,1.79,13074000000.0,31361000000.0,0.245,31361000000.0,13074000000.0,9773000000.0,1.45,1.45,1.45,85715000000.0,88013750000.0,85715000000.0,250243020000.0,19.0,7.979,15988000000.0,3.008,1.0,71385000000.0,0.557,132214000000.0,3301000000.0,181054000000.0,180511250000.0,0.0,3949000000.0,0.0,3949000000.0,188469000000.0,36183000000.0,152286000000.0,179618020000.0,-418000000.0,-3451000000.0,-15387000000.0,11997000000.0,-9828000000.0,-12728000000.0,-25089000000.0,55000000.0,37399000000.0,0.0,7479000000.0,7479000000.0,7479000000.0,0.0,300000000.0,0.058,59102000000.0,12283000000.0,20433000000.0,1.234,2.096,24.016,23.324,112424000000.0,0.0,33.82,1.401,1.402,12444000000.0,26648000000.0,128167000000.0,128167000000.0,0.0,0.027,0.085,0.072,0.102,0.0,40815000000.0,1.0,5311000000.0,5315000000.0,,24.114,142385000000.0,682000000.0,2294000000.0,32154000000.0,26.789,-17748000000.0
32,T,MRT,2013-06-30,2013-06-30,2013-06-30,2021-08-05,5107000000.0,272093000000.0,270562750000.0,21428000000.0,250665000000.0,0.471,15.978,-20388000000.0,4548000000.0,4548000000.0,55981000000.0,7575000000.0,0.687,2.161,75173000000.0,3256000000.0,71917000000.0,75173000000.0,4029000000.0,18184000000.0,0.0,0.05,1.78,13036000000.0,31220000000.0,0.245,31220000000.0,13036000000.0,9740000000.0,1.36,1.36,1.36,85980000000.0,91824250000.0,85980000000.0,260709000000.0,20.0,8.351,19174000000.0,3.563,1.0,71487000000.0,0.561,129468000000.0,3296000000.0,182061000000.0,177517000000.0,0.0,3888000000.0,0.0,3888000000.0,185778000000.0,31189000000.0,154589000000.0,190452000000.0,2671000000.0,-696000000.0,-17141000000.0,10690000000.0,-9984000000.0,-15771000000.0,-21120000000.0,242000000.0,39562000000.0,0.0,7300000000.0,7300000000.0,7300000000.0,0.0,275000000.0,0.057,59355000000.0,12132000000.0,19438000000.0,1.309,2.215,26.089,26.029,110734000000.0,0.0,35.4,1.494,1.494,12508000000.0,25212000000.0,127468000000.0,127468000000.0,0.0,0.027,0.079,0.073,0.102,0.0,41171000000.0,1.0,5380000000.0,5381000000.0,,23.689,142625000000.0,953000000.0,2440000000.0,31465000000.0,26.505,-9761000000.0
33,T,MRT,2013-03-31,2013-03-31,2013-03-31,2021-08-05,5344000000.0,270994000000.0,269113000000.0,20372000000.0,250622000000.0,0.472,15.962,-19456000000.0,3875000000.0,3875000000.0,54965000000.0,7660000000.0,0.684,2.076,74132000000.0,3446000000.0,70686000000.0,74132000000.0,4167000000.0,18112000000.0,0.0,0.048,1.77,13384000000.0,31496000000.0,0.248,31496000000.0,13384000000.0,9972000000.0,1.32,1.31,1.32,87998000000.0,96149250000.0,87998000000.0,266463152151.0,20.0,8.46,20074000000.0,3.641,1.0,72003000000.0,0.567,129491000000.0,3412000000.0,181974000000.0,174578000000.0,0.0,4998000000.0,0.0,4998000000.0,182656000000.0,29786000000.0,152870000000.0,201487152151.0,1524000000.0,-639000000.0,-16282000000.0,8804000000.0,-10137000000.0,-17706000000.0,-20300000000.0,60000000.0,39530000000.0,0.0,7380000000.0,7380000000.0,7380000000.0,0.0,280000000.0,0.058,59167000000.0,12836000000.0,17523000000.0,1.341,2.29,27.302,27.795,109702000000.0,0.0,36.69,1.587,1.593,12100000000.0,23787000000.0,126968000000.0,126968000000.0,0.0,0.027,0.077,0.077,0.105,0.0,41055000000.0,1.0,5491609489.0,5513000000.0,,23.031,141503000000.0,980000000.0,2592000000.0,31128000000.0,25.667,-9414000000.0
34,T,MRT,2012-12-31,2012-12-31,2012-12-31,2021-08-05,5236000000.0,272315000000.0,268703500000.0,22706000000.0,249609000000.0,0.474,16.261,-19465000000.0,4868000000.0,4868000000.0,55228000000.0,7539000000.0,0.714,1.945,69844000000.0,3486000000.0,66358000000.0,69844000000.0,4225000000.0,18143000000.0,0.0,0.052,1.76,13608000000.0,31751000000.0,0.249,31751000000.0,13608000000.0,10164000000.0,1.25,1.25,1.25,92362000000.0,100374500000.0,92362000000.0,253002800000.0,19.0,7.968,19711000000.0,3.47,1.0,72206000000.0,0.567,128548000000.0,3444000000.0,176956000000.0,171535500000.0,0.0,4581000000.0,0.0,4581000000.0,179620000000.0,31787000000.0,147833000000.0,191472800000.0,1823000000.0,-16000000.0,-12275000000.0,4754000000.0,-10241000000.0,-17673000000.0,-19680000000.0,65000000.0,39176000000.0,0.0,7264000000.0,7264000000.0,7264000000.0,0.0,275000000.0,0.057,59209000000.0,12997000000.0,20494000000.0,1.408,2.073,26.359,26.968,109767000000.0,0.0,33.71,1.503,1.503,12657000000.0,22481000000.0,127434000000.0,127434000000.0,0.0,0.027,0.072,0.079,0.107,0.0,41066000000.0,1.0,5680000000.0,5680000000.0,,22.436,143767000000.0,1036000000.0,2900000000.0,29517000000.0,25.311,-9081000000.0
35,T,MRT,2012-09-30,2012-09-30,2012-09-30,2021-08-05,3106000000.0,266849000000.0,268235250000.0,18958000000.0,247891000000.0,0.475,17.494,-19104000000.0,2217000000.0,2217000000.0,54352000000.0,4690000000.0,0.616,1.64,63747000000.0,3433000000.0,60314000000.0,63747000000.0,3709000000.0,18144000000.0,0.0,0.046,1.75,10629000000.0,28773000000.0,0.226,28773000000.0,10629000000.0,7053000000.0,0.77,0.76,0.77,100957000000.0,103667500000.0,100957000000.0,279874300000.0,26.0,9.727,17145000000.0,2.971,1.0,73007000000.0,0.573,128504000000.0,3576000000.0,169077000000.0,170064750000.0,0.0,4563000000.0,0.0,4563000000.0,165575000000.0,30798000000.0,134777000000.0,217491300000.0,-8737000000.0,-457000000.0,-7893000000.0,-7415000000.0,-10283000000.0,-25510000000.0,-19476000000.0,328000000.0,36249000000.0,0.0,4443000000.0,4443000000.0,4443000000.0,0.0,247000000.0,0.035,63042000000.0,9965000000.0,18936000000.0,2.273,2.154,48.951,48.961,108217000000.0,0.0,37.7,1.708,1.708,12398000000.0,28907000000.0,127359000000.0,127359000000.0,0.0,0.017,0.043,0.062,0.083,0.0,41988000000.0,1.0,5769000000.0,5771000000.0,,22.069,138345000000.0,1312000000.0,2610000000.0,31301000000.0,23.972,-11840000000.0
36,T,MRT,2012-06-30,2012-06-30,2012-06-30,2021-08-05,2939000000.0,266294000000.0,270936250000.0,19156000000.0,247138000000.0,0.47,17.64,-19447000000.0,2151000000.0,2151000000.0,54406000000.0,4675000000.0,0.645,1.575,64534000000.0,3402000000.0,61132000000.0,64534000000.0,3743000000.0,18250000000.0,0.0,0.049,1.74,10840000000.0,29090000000.0,0.228,29090000000.0,10840000000.0,7199000000.0,0.75,0.74,0.75,103280000000.0,106832000000.0,103280000000.0,272341580000.0,25.0,9.362,15864000000.0,2.709,1.0,72972000000.0,0.573,128670000000.0,3641000000.0,170305000000.0,170675750000.0,0.0,4388000000.0,0.0,4388000000.0,162715000000.0,29702000000.0,133013000000.0,209074580000.0,-1718000000.0,-712000000.0,-4209000000.0,-1483000000.0,-10277000000.0,-16804000000.0,-20225000000.0,141000000.0,35311000000.0,0.0,4431000000.0,4431000000.0,4431000000.0,0.0,244000000.0,0.035,62809000000.0,10163000000.0,16298000000.0,2.32,2.024,47.185,47.547,107483000000.0,0.0,35.66,1.641,1.639,12430000000.0,27788000000.0,127378000000.0,127378000000.0,0.0,0.016,0.041,0.064,0.085,0.0,41649000000.0,1.0,5863000000.0,5855000000.0,,21.755,137624000000.0,1418000000.0,2768000000.0,29716000000.0,23.505,-10546000000.0
37,T,MRT,2012-03-31,2012-03-31,2012-03-31,2021-08-05,3386000000.0,269356000000.0,272366250000.0,20765000000.0,248591000000.0,0.467,17.725,-20238000000.0,2442000000.0,2442000000.0,54908000000.0,4368000000.0,0.639,1.565,65709000000.0,6775000000.0,58934000000.0,65709000000.0,3966000000.0,18353000000.0,0.0,0.055,1.73,10263000000.0,28616000000.0,0.225,28616000000.0,10263000000.0,6715000000.0,0.68,0.68,0.68,104899000000.0,109462750000.0,104899000000.0,246722914217.0,24.0,8.622,14618000000.0,2.47,1.0,72390000000.0,0.569,130299000000.0,3548000000.0,169804000000.0,170143250000.0,0.0,4302000000.0,0.0,4302000000.0,164169000000.0,32520000000.0,131649000000.0,185154914217.0,1196000000.0,-1441000000.0,-1629000000.0,791000000.0,-10238000000.0,-11748000000.0,-21912000000.0,-60000000.0,34856000000.0,0.0,4120000000.0,4120000000.0,4120000000.0,0.0,248000000.0,0.032,62879000000.0,9511000000.0,17593000000.0,2.544,1.765,44.941,45.926,107231000000.0,0.0,31.23,1.454,1.452,13167000000.0,26446000000.0,127298000000.0,127298000000.0,0.0,0.015,0.038,0.06,0.081,0.0,41616000000.0,1.0,5928751656.0,5918000000.0,,21.51,139057000000.0,1463000000.0,2595000000.0,27737000000.0,23.497,-11755000000.0
38,T,MRT,2011-12-31,2011-12-31,2011-12-31,2021-08-05,3180000000.0,270442000000.0,272048500000.0,22985000000.0,247457000000.0,0.466,17.809,-20110000000.0,3045000000.0,3045000000.0,54904000000.0,4184000000.0,0.744,1.56,64753000000.0,3453000000.0,61300000000.0,64753000000.0,3872000000.0,18377000000.0,0.0,0.057,1.72,10011000000.0,28388000000.0,0.224,28388000000.0,10011000000.0,6476000000.0,0.66,0.66,0.66,105534000000.0,111374000000.0,105534000000.0,239666240000.0,24.0,8.443,14633000000.0,2.469,1.0,71819000000.0,0.567,130185000000.0,3535000000.0,171073000000.0,168915500000.0,0.0,3718000000.0,0.0,3718000000.0,164645000000.0,30892000000.0,133753000000.0,179202240000.0,1844000000.0,-1067000000.0,237000000.0,-1291000000.0,-10172000000.0,-11649000000.0,-21250000000.0,62000000.0,34743000000.0,0.0,3944000000.0,3944000000.0,3944000000.0,0.0,240000000.0,0.031,62601000000.0,9218000000.0,19956000000.0,2.606,1.698,45.437,45.818,107087000000.0,0.0,30.24,1.414,1.414,13231000000.0,25453000000.0,126723000000.0,126723000000.0,0.0,0.014,0.035,0.059,0.079,0.0,41314000000.0,1.0,5926000000.0,5926000000.0,,21.384,140257000000.0,1470000000.0,2532000000.0,26751000000.0,23.668,-7907000000.0
39,T,MRT,2011-09-30,2011-09-30,2011-09-30,2021-08-05,1677000000.0,277653000000.0,271785750000.0,28605000000.0,249048000000.0,0.462,19.14,-20985000000.0,10762000000.0,10762000000.0,50042000000.0,11973000000.0,0.841,1.441,71226000000.0,8900000000.0,62326000000.0,71226000000.0,3794000000.0,18711000000.0,0.0,0.06,1.71,21022000000.0,39733000000.0,0.316,39733000000.0,21022000000.0,17693000000.0,1.96,1.97,1.96,113615000000.0,112902250000.0,113615000000.0,231751520000.0,11.0,5.833,16037000000.0,2.702,1.0,75539000000.0,0.602,132565000000.0,3329000000.0,171521000000.0,167433750000.0,0.0,4483000000.0,0.0,4483000000.0,163771000000.0,34031000000.0,129740000000.0,169009520000.0,7744000000.0,-636000000.0,242000000.0,2628000000.0,-10107000000.0,-7760000000.0,-21518000000.0,382000000.0,37022000000.0,0.0,11711000000.0,11711000000.0,11711000000.0,-2000000.0,262000000.0,0.093,55243000000.0,20296000000.0,17860000000.0,0.872,1.488,14.432,14.551,105786000000.0,0.0,28.52,1.346,1.348,13377000000.0,34758000000.0,125581000000.0,125581000000.0,0.0,0.043,0.104,0.126,0.167,0.0,36447000000.0,1.0,5926000000.0,5936000000.0,,21.156,145088000000.0,1101000000.0,5982000000.0,27375000000.0,24.442,-5426000000.0
40,T,MRT,2011-06-30,2011-06-30,2011-06-30,2021-08-05,2720000000.0,272014000000.0,269685500000.0,22239000000.0,249775000000.0,0.466,19.185,-21079000000.0,3831000000.0,3831000000.0,50991000000.0,20683000000.0,0.663,1.388,66573000000.0,7910000000.0,58663000000.0,66573000000.0,3804000000.0,18966000000.0,0.0,0.054,1.7,21086000000.0,40052000000.0,0.319,40052000000.0,21086000000.0,17917000000.0,3.43,3.43,3.43,113803000000.0,112747000000.0,113803000000.0,249647020000.0,12.0,6.233,15089000000.0,2.544,1.0,74693000000.0,0.594,133044000000.0,3169000000.0,168175000000.0,166514500000.0,0.0,5207000000.0,0.0,5207000000.0,157905000000.0,33537000000.0,124368000000.0,186010020000.0,2682000000.0,1432000000.0,244000000.0,-3994000000.0,-10038000000.0,-13892000000.0,-19594000000.0,490000000.0,36168000000.0,0.0,20407000000.0,20407000000.0,20407000000.0,-782000000.0,276000000.0,0.162,55201000000.0,19492000000.0,18145000000.0,0.496,1.634,9.115,9.157,104606000000.0,0.0,31.41,1.48,1.482,13608000000.0,33687000000.0,125684000000.0,125684000000.0,0.0,0.076,0.181,0.127,0.168,0.0,36150000000.0,1.0,5922000000.0,5932000000.0,,21.187,138970000000.0,1180000000.0,-2490000000.0,26195000000.0,23.427,-11298000000.0
41,T,MRT,2011-03-31,2011-03-31,2011-03-31,2021-08-05,2713000000.0,268085000000.0,268571000000.0,19737000000.0,248348000000.0,0.465,18.995,-20515000000.0,1391000000.0,1391000000.0,50687000000.0,21107000000.0,0.594,1.379,65028000000.0,6902000000.0,58126000000.0,65028000000.0,3959000000.0,19183000000.0,0.0,0.055,1.69,21671000000.0,40854000000.0,0.327,40854000000.0,21671000000.0,18596000000.0,3.51,3.5,3.51,112544000000.0,110057750000.0,112544000000.0,245678976986.0,11.0,6.014,15201000000.0,2.566,1.0,74310000000.0,0.594,133575000000.0,3075000000.0,164893000000.0,165712750000.0,0.0,4845000000.0,0.0,4845000000.0,155242000000.0,33254000000.0,121988000000.0,180948976986.0,-929000000.0,-942000000.0,65000000.0,-4578000000.0,-9977000000.0,-14643000000.0,-22002000000.0,47000000.0,35716000000.0,0.0,20819000000.0,20819000000.0,20819000000.0,-777000000.0,288000000.0,0.167,54900000000.0,19410000000.0,18349000000.0,0.481,1.608,8.692,8.721,103369000000.0,0.0,30.61,1.448,1.451,13246000000.0,32649000000.0,124997000000.0,124997000000.0,0.0,0.078,0.189,0.131,0.173,0.0,35632000000.0,1.0,5911433420.0,5925000000.0,,21.097,134510000000.0,1157000000.0,-2223000000.0,24648000000.0,22.702,-13517000000.0
42,T,MRT,2010-12-31,2010-12-31,2010-12-31,2021-08-05,2712000000.0,269391000000.0,267975000000.0,20854000000.0,248537000000.0,0.464,18.891,-19530000000.0,1437000000.0,1437000000.0,50257000000.0,20179000000.0,0.598,1.41,66167000000.0,7196000000.0,58971000000.0,66167000000.0,4086000000.0,19379000000.0,0.0,0.057,1.68,21696000000.0,41075000000.0,0.331,41075000000.0,21696000000.0,18702000000.0,3.36,3.35,3.36,111647000000.0,107427500000.0,111647000000.0,239355800000.0,11.0,5.827,15692000000.0,2.655,1.0,74023000000.0,0.596,134121000000.0,2994000000.0,165146000000.0,164853250000.0,0.0,4515000000.0,0.0,4515000000.0,157441000000.0,34854000000.0,122587000000.0,173635800000.0,-2076000000.0,-1076000000.0,50000000.0,-5467000000.0,-9916000000.0,-15849000000.0,-21449000000.0,-100000000.0,35222000000.0,0.0,19864000000.0,19864000000.0,19864000000.0,-779000000.0,315000000.0,0.16,54450000000.0,19573000000.0,20055000000.0,0.5,1.555,8.741,8.744,103196000000.0,0.0,29.38,1.397,1.397,13610000000.0,31792000000.0,124280000000.0,124280000000.0,0.0,0.074,0.185,0.132,0.175,0.0,34986000000.0,1.0,5910000000.0,5910000000.0,,21.029,135270000000.0,1170000000.0,-1162000000.0,23045000000.0,22.888,-14000000000.0
43,T,MRT,2010-09-30,2010-09-30,2010-09-30,2021-08-05,-14888000000.0,269252000000.0,267705250000.0,21977000000.0,247275000000.0,0.462,19.122,-18690000000.0,3246000000.0,3246000000.0,51414000000.0,21713000000.0,0.673,1.38,68966000000.0,6426000000.0,62540000000.0,68966000000.0,3933000000.0,19373000000.0,0.0,0.058,1.67,24095000000.0,43468000000.0,0.352,43468000000.0,24095000000.0,21052000000.0,3.63,3.59,3.63,112994000000.0,104906750000.0,112994000000.0,237618400000.0,10.0,5.467,15621000000.0,2.644,1.0,72213000000.0,0.584,134454000000.0,3043000000.0,167844000000.0,164889500000.0,0.0,4544000000.0,0.0,4544000000.0,155959000000.0,32674000000.0,123285000000.0,168997400000.0,-2852000000.0,-1511000000.0,44000000.0,-5553000000.0,-9854000000.0,-15860000000.0,-21303000000.0,-393000000.0,34311000000.0,0.0,21397000000.0,21397000000.0,21397000000.0,-791000000.0,316000000.0,0.173,50340000000.0,21873000000.0,18417000000.0,0.46,1.496,7.898,7.879,101475000000.0,0.0,28.6,1.367,1.367,13606000000.0,50751000000.0,123627000000.0,123627000000.0,0.0,0.08,0.204,0.146,0.195,0.0,30967000000.0,1.0,5909000000.0,5909000000.0,,20.922,134798000000.0,1059000000.0,-345000000.0,22067000000.0,22.812,-10697000000.0
44,T,MRT,2010-06-30,2010-06-30,2010-06-30,2021-08-05,-14852000000.0,267556000000.0,267034250000.0,21392000000.0,246164000000.0,0.46,17.439,-17393000000.0,1377000000.0,1377000000.0,50716000000.0,12592000000.0,0.591,1.592,69998000000.0,9721000000.0,60277000000.0,69998000000.0,3943000000.0,19381000000.0,0.0,0.069,1.66,23126000000.0,42507000000.0,0.346,42507000000.0,23126000000.0,19961000000.0,2.09,2.06,2.09,103046000000.0,101551500000.0,103046000000.0,209782710000.0,9.0,4.935,17051000000.0,2.886,1.0,72064000000.0,0.587,135027000000.0,3165000000.0,164968000000.0,164592000000.0,0.0,4346000000.0,0.0,4346000000.0,164073000000.0,36182000000.0,127891000000.0,142938710000.0,-5898000000.0,-3380000000.0,29000000.0,-7992000000.0,-9796000000.0,-18377000000.0,-21965000000.0,-494000000.0,34444000000.0,0.0,12270000000.0,12270000000.0,12270000000.0,-18000000.0,322000000.0,0.1,50250000000.0,21814000000.0,18157000000.0,0.794,1.387,11.649,11.574,100302000000.0,0.0,24.19,1.164,1.164,13780000000.0,40909000000.0,122780000000.0,122780000000.0,0.0,0.046,0.121,0.141,0.188,0.0,30869000000.0,1.0,5909000000.0,5909000000.0,,20.778,132529000000.0,1225000000.0,7691000000.0,27494000000.0,22.428,-14790000000.0
45,T,MRT,2010-03-31,2010-03-31,2010-03-31,2021-08-05,-14265000000.0,265701000000.0,267124750000.0,22362000000.0,243339000000.0,0.459,17.277,-16529000000.0,2617000000.0,2617000000.0,50821000000.0,11786000000.0,0.609,1.6,69461000000.0,9437000000.0,60024000000.0,69461000000.0,4061000000.0,19409000000.0,0.0,0.064,1.65,21895000000.0,41304000000.0,0.337,41304000000.0,21895000000.0,18608000000.0,1.95,1.93,1.95,102023000000.0,100442250000.0,102023000000.0,220788603478.0,10.0,5.345,17199000000.0,2.913,1.0,71765000000.0,0.585,134384000000.0,3287000000.0,161455000000.0,165162750000.0,0.0,3278000000.0,0.0,3278000000.0,163235000000.0,36706000000.0,126529000000.0,152509603478.0,-1199000000.0,-1054000000.0,30000000.0,-6870000000.0,-9733000000.0,-16679000000.0,-18248000000.0,20000000.0,33728000000.0,0.0,11465000000.0,11465000000.0,11465000000.0,-26000000.0,321000000.0,0.094,50534000000.0,21231000000.0,18087000000.0,0.846,1.495,13.302,13.251,99360000000.0,0.0,25.84,1.244,1.245,14167000000.0,39373000000.0,122586000000.0,122586000000.0,0.0,0.043,0.114,0.133,0.179,0.0,31097000000.0,1.0,5902074438.0,5905000000.0,,20.76,131317000000.0,1293000000.0,7143000000.0,28159000000.0,22.238,-14344000000.0
46,T,MRT,2009-12-31,2009-12-31,2009-12-31,2021-08-05,2678000000.0,268312000000.0,266789000000.0,25187000000.0,243125000000.0,0.459,17.211,-16554000000.0,3741000000.0,3741000000.0,50639000000.0,12447000000.0,0.682,1.638,72081000000.0,7361000000.0,64720000000.0,72081000000.0,4170000000.0,19515000000.0,0.0,0.059,1.64,21597000000.0,41112000000.0,0.336,41112000000.0,21597000000.0,18229000000.0,2.06,2.05,2.06,101564000000.0,99259250000.0,101564000000.0,231902030000.0,11.0,5.641,17851000000.0,3.025,1.0,71874000000.0,0.587,134410000000.0,3368000000.0,165291000000.0,165625750000.0,0.0,2921000000.0,0.0,2921000000.0,166323000000.0,36951000000.0,129372000000.0,165405030000.0,2014000000.0,-696000000.0,28000000.0,-4401000000.0,-9670000000.0,-14508000000.0,-17883000000.0,55000000.0,34405000000.0,0.0,12138000000.0,12138000000.0,12138000000.0,-20000000.0,309000000.0,0.099,50874000000.0,21000000000.0,21260000000.0,0.796,1.629,13.627,13.607,99519000000.0,0.0,28.03,1.35,1.35,14845000000.0,21944000000.0,122513000000.0,122513000000.0,0.0,0.045,0.122,0.13,0.176,0.0,31359000000.0,1.0,5901000000.0,5901000000.0,,20.761,133902000000.0,1247000000.0,6091000000.0,25260000000.0,22.691,-11764000000.0
47,T,MRT,2009-09-30,2009-09-30,2009-09-30,2021-08-05,-16161000000.0,266568000000.0,266022250000.0,25921000000.0,240647000000.0,0.46,16.874,-16277000000.0,6167000000.0,6167000000.0,57433000000.0,-3263000000.0,0.779,1.673,72664000000.0,6755000000.0,65909000000.0,72664000000.0,4036000000.0,19448000000.0,0.0,0.06,1.63,-3276000000.0,16172000000.0,0.132,16172000000.0,-3276000000.0,-6644000000.0,-0.59,-0.58,-0.59,99573000000.0,97955000000.0,99573000000.0,228731000000.0,-70.0,14.144,20004000000.0,3.39,1.0,64977000000.0,0.531,133143000000.0,3368000000.0,166654000000.0,164456250000.0,0.0,2813000000.0,0.0,2813000000.0,166567000000.0,33268000000.0,133299000000.0,159359000000.0,4569000000.0,-694000000.0,10000000.0,-4471000000.0,-9609000000.0,-14197000000.0,-17515000000.0,182000000.0,36281000000.0,0.0,-3572000000.0,-3572000000.0,-3572000000.0,-8000000.0,309000000.0,-0.029,68223000000.0,-3246000000.0,18093000000.0,-2.763,1.6,-44.613,-45.78,98321000000.0,0.0,27.01,1.302,1.302,14796000000.0,38841000000.0,122410000000.0,122410000000.0,0.0,-0.013,-0.036,-0.02,-0.027,15000000.0,48747000000.0,1.0,5900000000.0,5901000000.0,,20.744,133425000000.0,991000000.0,-3072000000.0,24244000000.0,22.611,-7347000000.0
48,T,MRT,2009-06-30,2009-06-30,2009-06-30,2021-08-05,-16308000000.0,267918000000.0,270512250000.0,26940000000.0,240978000000.0,0.455,16.713,-17328000000.0,7348000000.0,7348000000.0,57548000000.0,-3249000000.0,0.744,1.713,76720000000.0,10155000000.0,66565000000.0,76720000000.0,3932000000.0,19545000000.0,0.0,0.065,1.62,-2989000000.0,16556000000.0,0.135,16556000000.0,-2989000000.0,-6364000000.0,-0.58,-0.57,-0.58,98609000000.0,101191250000.0,98609000000.0,217094000000.0,-73.0,13.113,18549000000.0,3.144,1.0,65470000000.0,0.532,133820000000.0,3375000000.0,167251000000.0,167440500000.0,0.0,2749000000.0,0.0,2749000000.0,168906000000.0,36219000000.0,132687000000.0,146556000000.0,5709000000.0,251000000.0,13000000.0,-3275000000.0,-9539000000.0,-12920000000.0,-17248000000.0,581000000.0,35877000000.0,0.0,-3534000000.0,-3534000000.0,-3534000000.0,-1000000.0,285000000.0,-0.029,68470000000.0,-3000000000.0,18046000000.0,-2.793,1.486,-41.47,-42.828,98229000000.0,0.0,24.84,1.191,1.191,14846000000.0,38069000000.0,123018000000.0,123018000000.0,0.0,-0.013,-0.035,-0.018,-0.024,14000000.0,48897000000.0,1.0,5900000000.0,5900000000.0,,20.851,134098000000.0,964000000.0,-2830000000.0,22021000000.0,22.728,-9279000000.0
49,T,MRT,2009-03-31,2009-03-31,2009-03-31,2021-08-05,-16855000000.0,264358000000.0,274659750000.0,23521000000.0,240837000000.0,0.449,16.501,-18626000000.0,3812000000.0,3812000000.0,56888000000.0,-2682000000.0,0.635,1.713,74350000000.0,10790000000.0,63560000000.0,74350000000.0,4065000000.0,19656000000.0,0.0,0.064,1.61,-1938000000.0,17718000000.0,0.144,17718000000.0,-1938000000.0,-5291000000.0,-0.48,-0.48,-0.48,97291000000.0,104523250000.0,97291000000.0,221710341717.0,-114.0,12.513,17942000000.0,3.043,1.0,66382000000.0,0.539,134557000000.0,3353000000.0,163307000000.0,170928250000.0,0.0,2413000000.0,0.0,2413000000.0,166663000000.0,37032000000.0,129631000000.0,148511341717.0,1849000000.0,-5561000000.0,-1789000000.0,1559000000.0,-9501000000.0,-10163000000.0,-24556000000.0,388000000.0,36568000000.0,0.0,-2960000000.0,-2960000000.0,-2960000000.0,2000000.0,278000000.0,-0.024,68315000000.0,-1933000000.0,17359000000.0,-3.354,1.526,-50.173,-52.5,98339000000.0,0.0,25.2,1.205,1.205,14965000000.0,37296000000.0,123270000000.0,123270000000.0,0.0,-0.011,-0.028,-0.011,-0.016,7000000.0,48659000000.0,1.0,5893307211.0,5896000000.0,,20.907,129801000000.0,957000000.0,-2331000000.0,21775000000.0,22.015,-13511000000.0
50,T,MRT,2008-12-31,2008-12-31,2008-12-31,2021-08-05,-17057000000.0,265245000000.0,278120000000.0,22556000000.0,242689000000.0,0.444,16.349,-19631000000.0,1792000000.0,1792000000.0,56688000000.0,-2364000000.0,0.533,1.749,74991000000.0,14119000000.0,60872000000.0,74991000000.0,3849000000.0,19673000000.0,0.0,0.056,1.6,-1466000000.0,18207000000.0,0.147,18207000000.0,-1466000000.0,-4835000000.0,-0.44,-0.44,-0.44,96347000000.0,108265000000.0,96347000000.0,243130500000.0,-166.0,13.354,13979000000.0,2.372,1.0,66755000000.0,0.541,135541000000.0,3369000000.0,160613000000.0,174227000000.0,0.0,2332000000.0,0.0,2332000000.0,168495000000.0,42290000000.0,126205000000.0,167950500000.0,-178000000.0,-9357000000.0,-5758000000.0,10424000000.0,-9507000000.0,-4690000000.0,-29098000000.0,504000000.0,33610000000.0,0.0,-2625000000.0,-2625000000.0,-2625000000.0,2000000.0,261000000.0,-0.021,68445000000.0,-1690000000.0,20032000000.0,-3.636,1.743,-63.981,-64.773,99088000000.0,0.0,28.5,1.361,1.361,16047000000.0,36591000000.0,123443000000.0,123443000000.0,0.0,-0.009,-0.024,-0.008,-0.012,0.0,48772000000.0,1.0,5893000000.0,5893000000.0,,20.947,129704000000.0,1014000000.0,-2210000000.0,21070000000.0,22.01,-19734000000.0
51,T,MRT,2008-09-30,2008-09-30,2008-09-30,2021-08-05,-862000000.0,284528000000.0,280719750000.0,23445000000.0,261083000000.0,0.439,19.094,-19981000000.0,1594000000.0,1594000000.0,48899000000.0,13983000000.0,0.517,1.529,76774000000.0,17419000000.0,59355000000.0,76774000000.0,3896000000.0,20062000000.0,0.0,0.056,1.555,24425000000.0,44487000000.0,0.361,44487000000.0,24425000000.0,20980000000.0,2.29,2.27,2.29,112518000000.0,113020000000.0,112518000000.0,243048560000.0,10.0,5.463,12689000000.0,2.153,1.0,74402000000.0,0.603,135779000000.0,3445000000.0,178591000000.0,176423750000.0,0.0,2839000000.0,0.0,2839000000.0,172010000000.0,45338000000.0,126672000000.0,164532560000.0,-1120000000.0,-10681000000.0,-6988000000.0,13542000000.0,-9309000000.0,-2872000000.0,-30918000000.0,204000000.0,32670000000.0,0.0,13599000000.0,13599000000.0,13599000000.0,0.0,384000000.0,0.11,50745000000.0,23657000000.0,18690000000.0,0.679,1.462,12.099,12.192,97771000000.0,0.0,27.92,1.334,1.334,16395000000.0,36613000000.0,123301000000.0,123301000000.0,0.0,0.048,0.12,0.138,0.198,-39000000.0,30683000000.0,1.0,5893000000.0,5893000000.0,,20.923,148749000000.0,1560000000.0,7381000000.0,30752000000.0,25.242,-21893000000.0
52,T,MRT,2008-06-30,2008-06-30,2008-06-30,2021-08-05,-504000000.0,284508000000.0,276579750000.0,23225000000.0,261283000000.0,0.441,18.889,-19577000000.0,1631000000.0,1631000000.0,47613000000.0,13757000000.0,0.515,1.542,80147000000.0,16472000000.0,63675000000.0,80147000000.0,3573000000.0,20406000000.0,0.0,0.045,1.51,24081000000.0,44487000000.0,0.364,44487000000.0,24081000000.0,20607000000.0,2.24,2.22,2.24,111937000000.0,112684000000.0,111937000000.0,271679290000.0,11.0,6.107,13091000000.0,2.209,1.0,74478000000.0,0.61,136711000000.0,3474000000.0,181202000000.0,172724750000.0,0.0,2838000000.0,0.0,2838000000.0,172571000000.0,45111000000.0,127460000000.0,200152290000.0,-939000000.0,-11042000000.0,-8519000000.0,15227000000.0,-9131000000.0,-2571000000.0,-31036000000.0,-127000000.0,32668000000.0,0.0,13432000000.0,13432000000.0,13432000000.0,0.0,325000000.0,0.11,51135000000.0,23343000000.0,18927000000.0,0.674,1.788,14.901,15.04,97368000000.0,0.0,33.69,1.639,1.635,15971000000.0,35719000000.0,122091000000.0,122091000000.0,0.0,0.049,0.119,0.139,0.197,-80000000.0,30729000000.0,1.0,5941000000.0,5926000000.0,,20.603,147797000000.0,1407000000.0,7175000000.0,28918000000.0,24.94,-21886000000.0
53,T,MRT,2008-03-31,2008-03-31,2008-03-31,2021-08-05,-556000000.0,278199000000.0,272289250000.0,23946000000.0,254253000000.0,0.443,18.719,-18557000000.0,1963000000.0,1963000000.0,47374000000.0,12818000000.0,0.568,1.478,73490000000.0,13301000000.0,60189000000.0,73490000000.0,3677000000.0,20864000000.0,0.0,0.038,1.465,22625000000.0,43489000000.0,0.36,43489000000.0,22625000000.0,19126000000.0,2.07,2.06,2.07,112258000000.0,112615000000.0,112258000000.0,293313284582.0,13.0,6.745,15994000000.0,2.667,1.0,73329000000.0,0.608,131095000000.0,3499000000.0,176502000000.0,168104000000.0,0.0,2578000000.0,0.0,2578000000.0,165941000000.0,42129000000.0,123812000000.0,231168284582.0,-401000000.0,-4905000000.0,-10054000000.0,7621000000.0,-8947000000.0,-11414000000.0,-23538000000.0,68000000.0,34551000000.0,0.0,12564000000.0,12564000000.0,12564000000.0,0.0,254000000.0,0.104,51609000000.0,21720000000.0,18590000000.0,0.708,2.059,18.399,18.502,96238000000.0,0.0,38.3,1.915,1.903,15697000000.0,34311000000.0,120703000000.0,120703000000.0,0.0,0.046,0.112,0.135,0.187,-133000000.0,30745000000.0,1.0,6035725446.0,5997000000.0,,20.127,147104000000.0,1934000000.0,6562000000.0,29389000000.0,24.53,-18183000000.0
54,T,MRT,2007-12-31,2007-12-31,2007-12-31,2021-08-05,-380000000.0,275644000000.0,269808500000.0,24686000000.0,250958000000.0,0.441,19.023,-17717000000.0,1970000000.0,1970000000.0,46801000000.0,12147000000.0,0.629,1.389,64115000000.0,6860000000.0,57255000000.0,64115000000.0,3571000000.0,21577000000.0,0.0,0.034,1.42,21710000000.0,43287000000.0,0.364,43287000000.0,21710000000.0,18203000000.0,1.95,1.94,1.95,115367000000.0,113052000000.0,115367000000.0,309948376060.0,14.0,7.16,16525000000.0,2.725,1.0,72127000000.0,0.606,129115000000.0,3507000000.0,169400000000.0,165661000000.0,0.0,2270000000.0,0.0,2270000000.0,160277000000.0,39274000000.0,121003000000.0,252051376060.0,-448000000.0,-1279000000.0,-8404000000.0,1184000000.0,-8743000000.0,-16014000000.0,-18676000000.0,455000000.0,34242000000.0,0.0,11951000000.0,11951000000.0,11951000000.0,0.0,196000000.0,0.1,51723000000.0,20404000000.0,21399000000.0,0.728,2.185,21.09,21.313,95890000000.0,0.0,41.56,2.119,2.119,16185000000.0,33297000000.0,118928000000.0,118928000000.0,0.0,0.044,0.106,0.131,0.183,-173000000.0,30146000000.0,1.0,6064758808.0,6064758808.0,,19.61,146529000000.0,2044000000.0,6252000000.0,29966000000.0,24.161,-14588000000.0
55,T,MRT,2007-09-30,2007-09-30,2007-09-30,2021-08-05,-5050000000.0,267968000000.0,268556000000.0,25543000000.0,242425000000.0,0.389,18.261,-14286000000.0,2714000000.0,2714000000.0,42050000000.0,10753000000.0,0.669,1.41,60611000000.0,6026000000.0,54585000000.0,60611000000.0,3471000000.0,18846000000.0,0.0,0.033,1.397,19330000000.0,38176000000.0,0.365,38176000000.0,19330000000.0,16226000000.0,1.92,1.92,1.92,111174000000.0,113095250000.0,111174000000.0,317148462587.0,16.0,8.308,15154000000.0,2.489,1.0,62420000000.0,0.597,123896000000.0,3104000000.0,163795000000.0,163344250000.0,0.0,2403000000.0,0.0,2403000000.0,156794000000.0,38174000000.0,118620000000.0,258047462587.0,1463000000.0,1927000000.0,-8369000000.0,564000000.0,-7864000000.0,-15560000000.0,-12417000000.0,113000000.0,29440000000.0,0.0,10753000000.0,10753000000.0,10753000000.0,0.0,0.0,0.103,44932000000.0,17488000000.0,20239000000.0,0.728,2.321,23.998,22.036,94446000000.0,0.0,42.31,2.47,2.466,16305000000.0,32606000000.0,104470000000.0,104470000000.0,0.0,0.04,0.095,0.118,0.185,-157000000.0,26086000000.0,1.0,6098970990.0,6088000000.0,,17.16,144072000000.0,2433000000.0,5473000000.0,29035000000.0,23.665,-12631000000.0
56,T,MRT,2007-06-30,2007-06-30,2007-06-30,2021-08-05,-5066000000.0,267346000000.0,237537000000.0,24393000000.0,242953000000.0,0.379,18.171,-11738000000.0,2570000000.0,2570000000.0,37237000000.0,9855000000.0,0.633,1.394,61671000000.0,7701000000.0,53970000000.0,61671000000.0,3567000000.0,15961000000.0,0.0,0.033,1.375,17556000000.0,33517000000.0,0.373,33517000000.0,17556000000.0,14897000000.0,1.98,1.98,1.98,111661000000.0,99152000000.0,111661000000.0,316092584375.0,18.0,9.431,11876000000.0,1.933,1.0,52739000000.0,0.586,125189000000.0,2659000000.0,162719000000.0,154679250000.0,0.0,2342000000.0,0.0,2342000000.0,155685000000.0,38539000000.0,117146000000.0,255870584375.0,1473000000.0,1483000000.0,-7829000000.0,2793000000.0,-6986000000.0,-11874000000.0,-10267000000.0,122000000.0,23614000000.0,0.0,9855000000.0,9855000000.0,9855000000.0,0.0,0.0,0.11,37638000000.0,15101000000.0,19171000000.0,0.694,2.291,25.964,20.96,94055000000.0,0.0,41.5,2.844,2.834,15368000000.0,31706000000.0,89976000000.0,89976000000.0,0.0,0.041,0.099,0.113,0.195,-120000000.0,21677000000.0,1.0,6165556250.0,6145000000.0,,14.642,142157000000.0,2360000000.0,5042000000.0,26573000000.0,23.134,-14146000000.0
57,T,MRT,2007-03-31,2007-03-31,2007-03-31,2021-08-05,-5186000000.0,268276000000.0,206788000000.0,24693000000.0,243583000000.0,0.369,18.317,-9837000000.0,2364000000.0,2364000000.0,32742000000.0,8759000000.0,0.711,1.353,62586000000.0,7119000000.0,55467000000.0,62586000000.0,3766000000.0,13031000000.0,0.0,0.034,1.353,15444000000.0,28475000000.0,0.373,28475000000.0,15444000000.0,13192000000.0,1.98,1.97,1.98,114006000000.0,85104000000.0,114006000000.0,303584533294.0,20.0,10.661,8041000000.0,1.292,1.0,43526000000.0,0.571,127022000000.0,2252000000.0,166730000000.0,146320250000.0,0.0,2110000000.0,0.0,2110000000.0,154270000000.0,34746000000.0,119524000000.0,246206533294.0,1307000000.0,1869000000.0,-4608000000.0,2596000000.0,-6082000000.0,-7923000000.0,-8648000000.0,-586000000.0,17878000000.0,0.0,8759000000.0,8759000000.0,8759000000.0,0.0,0.0,0.115,30765000000.0,12761000000.0,17949000000.0,0.683,2.16,28.109,19.914,93592000000.0,0.0,39.43,3.228,3.218,15580000000.0,30972000000.0,76268000000.0,76268000000.0,0.0,0.042,0.103,0.106,0.202,-57000000.0,17734000000.0,1.0,6244142361.0,6224000000.0,,12.254,141254000000.0,2571000000.0,4433000000.0,24881000000.0,22.695,-10053000000.0
58,T,MRT,2006-12-31,2006-12-31,2006-12-31,2021-08-05,-5314000000.0,270634000000.0,175828250000.0,25553000000.0,245081000000.0,0.359,30.066,-8320000000.0,2418000000.0,2418000000.0,28854000000.0,7356000000.0,0.631,1.342,59796000000.0,9733000000.0,50063000000.0,59796000000.0,3402000000.0,9907000000.0,0.0,0.037,1.33,12724000000.0,22631000000.0,0.359,22631000000.0,12724000000.0,10881000000.0,1.89,1.89,1.89,115540000000.0,70374750000.0,115540000000.0,167644753436.0,13.0,7.408,7368000000.0,1.917,1.0,34201000000.0,0.542,127397000000.0,1843000000.0,160133000000.0,136775250000.0,0.0,1995000000.0,0.0,1995000000.0,155094000000.0,40482000000.0,114612000000.0,137383753436.0,1194000000.0,1124000000.0,-2089000000.0,898000000.0,-5153000000.0,-6128000000.0,-8366000000.0,-1104000000.0,15688000000.0,0.0,7356000000.0,7356000000.0,7356000000.0,0.0,0.0,0.117,23913000000.0,10288000000.0,22106000000.0,0.704,1.189,18.676,18.915,94596000000.0,0.0,35.75,2.179,2.179,16194000000.0,30375000000.0,63055000000.0,63055000000.0,0.0,0.042,0.105,0.093,0.202,-18000000.0,14006000000.0,1.0,3842902194.0,3842902194.0,,16.408,143237000000.0,3034000000.0,3525000000.0,30613000000.0,37.273,-14929000000.0
59,T,MRT,2006-09-30,2006-09-30,2006-09-30,2021-08-05,-566000000.0,143892000000.0,144577750000.0,13512000000.0,130380000000.0,0.416,14.304,-7991000000.0,1251000000.0,1251000000.0,27470000000.0,7073000000.0,0.565,1.597,31512000000.0,4713000000.0,26799000000.0,31512000000.0,0.0,9621000000.0,0.0,0.041,1.32,10959000000.0,20580000000.0,0.343,20580000000.0,10959000000.0,9176000000.0,1.87,1.86,1.87,55401000000.0,55162250000.0,55401000000.0,155844407093.0,14.0,7.573,7193000000.0,1.857,1.0,32603000000.0,0.543,21113000000.0,1783000000.0,129135000000.0,128492500000.0,0.0,35251000000.0,0.0,35251000000.0,88491000000.0,23905000000.0,64586000000.0,126468407093.0,818000000.0,-573000000.0,-1927000000.0,-104000000.0,-4933000000.0,-7614000000.0,-6752000000.0,1804000000.0,15184000000.0,0.0,7073000000.0,7073000000.0,7073000000.0,0.0,0.0,0.118,23759000000.0,8844000000.0,14789000000.0,0.706,2.283,17.88,17.412,57651000000.0,0.0,32.56,2.105,2.099,8668000000.0,30653000000.0,60073000000.0,60073000000.0,0.0,0.049,0.128,0.085,0.182,-10000000.0,14138000000.0,1.0,3884164837.0,3873000000.0,,15.511,122779000000.0,1598000000.0,2103000000.0,17678000000.0,31.701,-10393000000.0
60,T,MRT,2006-06-30,2006-06-30,2006-06-30,2021-08-05,-582000000.0,144350000000.0,134630750000.0,13635000000.0,130715000000.0,0.407,14.274,-7289000000.0,1097000000.0,1097000000.0,24911000000.0,6154000000.0,0.592,1.602,30473000000.0,3314000000.0,27159000000.0,30473000000.0,0.0,8987000000.0,0.0,0.047,1.31,9477000000.0,18464000000.0,0.337,18464000000.0,9477000000.0,7787000000.0,1.69,1.68,1.69,55469000000.0,51356750000.0,55469000000.0,138918761786.0,15.0,7.524,7801000000.0,2.007,1.0,29828000000.0,0.545,21411000000.0,1690000000.0,129283000000.0,122923750000.0,0.0,34803000000.0,0.0,34803000000.0,88881000000.0,23032000000.0,65849000000.0,108434761786.0,691000000.0,874000000.0,-1386000000.0,-2938000000.0,-4707000000.0,-9711000000.0,-4688000000.0,1720000000.0,15090000000.0,0.0,6154000000.0,6154000000.0,6154000000.0,0.0,0.0,0.112,21939000000.0,7889000000.0,15472000000.0,0.775,1.955,17.62,16.503,58351000000.0,0.0,27.89,1.981,1.98,8484000000.0,29771000000.0,54739000000.0,54739000000.0,0.0,0.046,0.12,0.077,0.173,-5000000.0,12952000000.0,1.0,3887944130.0,3886000000.0,,14.086,122939000000.0,1876000000.0,1633000000.0,18036000000.0,31.636,-9397000000.0
61,T,MRT,2006-03-31,2006-03-31,2006-03-31,2021-08-05,-568000000.0,144437000000.0,124954000000.0,13850000000.0,130587000000.0,0.394,14.191,-6347000000.0,1057000000.0,1057000000.0,22149000000.0,5346000000.0,0.559,1.622,31541000000.0,5712000000.0,25829000000.0,31541000000.0,0.0,8310000000.0,0.0,0.048,1.3,8141000000.0,16451000000.0,0.334,16451000000.0,8141000000.0,6574000000.0,1.52,1.52,1.52,55089000000.0,47611000000.0,55089000000.0,134254704127.0,16.0,8.161,7832000000.0,2.018,1.0,27137000000.0,0.551,21616000000.0,1567000000.0,128550000000.0,118015000000.0,0.0,34406000000.0,0.0,34406000000.0,89348000000.0,24755000000.0,64593000000.0,104908704127.0,630000000.0,796000000.0,-1257000000.0,-4007000000.0,-4479000000.0,-10469000000.0,-3080000000.0,2471000000.0,14179000000.0,0.0,5346000000.0,5346000000.0,5346000000.0,0.0,0.0,0.108,20334000000.0,6803000000.0,15510000000.0,0.855,1.904,19.624,17.789,58367000000.0,0.0,27.04,2.129,2.13,8647000000.0,29257000000.0,49286000000.0,49286000000.0,0.0,0.043,0.112,0.069,0.165,-8000000.0,12024000000.0,1.0,3879759768.0,3882000000.0,,12.696,122821000000.0,1874000000.0,1228000000.0,17344000000.0,31.639,-10905000000.0
62,T,MRT,2005-12-31,2005-12-31,2005-12-31,2021-08-05,-574000000.0,145632000000.0,115581250000.0,14654000000.0,130978000000.0,0.379,16.667,-5576000000.0,1224000000.0,1224000000.0,19173000000.0,4786000000.0,0.577,1.663,30570000000.0,4455000000.0,26115000000.0,30570000000.0,0.0,7643000000.0,0.0,0.053,1.29,7174000000.0,14817000000.0,0.339,14817000000.0,7174000000.0,5718000000.0,1.42,1.42,1.42,54690000000.0,43939750000.0,54690000000.0,103133737316.0,14.0,6.961,7398000000.0,2.255,1.0,24591000000.0,0.562,22558000000.0,1456000000.0,127002000000.0,114445500000.0,0.0,33435000000.0,0.0,33435000000.0,90942000000.0,25418000000.0,65524000000.0,80358737316.0,464000000.0,2030000000.0,-1411000000.0,-4828000000.0,-4256000000.0,-11226000000.0,-974000000.0,2572000000.0,12974000000.0,0.0,4786000000.0,4786000000.0,4786000000.0,0.0,0.0,0.109,18423000000.0,6168000000.0,17088000000.0,0.908,1.469,16.79,17.246,58727000000.0,0.0,24.49,1.836,1.836,9351000000.0,29106000000.0,43764000000.0,43764000000.0,0.0,0.041,0.109,0.063,0.164,-3000000.0,10780000000.0,1.0,3281287763.0,3281287763.0,,13.337,123074000000.0,2011000000.0,932000000.0,18508000000.0,37.508,-10764000000.0
63,T,MRT,2005-09-30,2005-09-30,2005-09-30,2021-08-05,-579000000.0,104104000000.0,106739500000.0,8102000000.0,96002000000.0,0.383,12.19,-5380000000.0,433000000.0,433000000.0,17720000000.0,3808000000.0,0.443,1.591,23208000000.0,5386000000.0,17822000000.0,23208000000.0,0.0,7301000000.0,0.0,0.053,1.28,6756000000.0,14057000000.0,0.344,14057000000.0,6756000000.0,5387000000.0,1.16,1.15,1.16,40179000000.0,40393250000.0,40179000000.0,103895093300.0,15.0,7.391,6423000000.0,1.949,1.0,23202000000.0,0.567,1723000000.0,1369000000.0,106860000000.0,111210250000.0,0.0,32945000000.0,0.0,32945000000.0,63925000000.0,18296000000.0,45629000000.0,79195093300.0,-12857000000.0,-18776000000.0,-763000000.0,4945000000.0,-4232000000.0,-47000000.0,-23916000000.0,240000000.0,11803000000.0,0.0,3808000000.0,3808000000.0,3808000000.0,-59000000.0,0.0,0.093,17027000000.0,6175000000.0,9205000000.0,1.103,1.971,20.797,20.664,48440000000.0,0.0,23.97,1.935,1.931,5229000000.0,28742000000.0,40922000000.0,40922000000.0,0.0,0.036,0.094,0.061,0.165,-3000000.0,9726000000.0,1.0,3303925461.0,3296000000.0,,12.416,102381000000.0,555000000.0,1579000000.0,17757000000.0,31.062,-10194000000.0
64,T,MRT,2005-06-30,2005-06-30,2005-06-30,2021-08-05,-575000000.0,105643000000.0,106210000000.0,7822000000.0,97821000000.0,0.385,12.261,-5290000000.0,406000000.0,406000000.0,17675000000.0,4656000000.0,0.413,1.609,25106000000.0,6890000000.0,18216000000.0,25106000000.0,0.0,7387000000.0,0.0,0.053,1.27,7505000000.0,14892000000.0,0.364,14892000000.0,7505000000.0,6247000000.0,1.41,1.4,1.41,40486000000.0,40401000000.0,40486000000.0,105133996094.0,14.0,7.06,5009000000.0,1.517,1.0,23235000000.0,0.568,1769000000.0,1258000000.0,109648000000.0,107472250000.0,0.0,34182000000.0,0.0,34182000000.0,65157000000.0,18926000000.0,46231000000.0,78448996094.0,-11180000000.0,-20136000000.0,-262000000.0,7278000000.0,-4202000000.0,2819000000.0,-25029000000.0,397000000.0,10299000000.0,0.0,4656000000.0,4656000000.0,4656000000.0,-908000000.0,0.0,0.114,17324000000.0,5911000000.0,9208000000.0,0.901,1.938,16.849,16.844,48798000000.0,0.0,23.75,1.918,1.917,5220000000.0,29105000000.0,40910000000.0,40910000000.0,0.0,0.044,0.115,0.07,0.183,-5000000.0,9937000000.0,1.0,3303115625.0,3302000000.0,,12.389,103874000000.0,545000000.0,1591000000.0,17096000000.0,31.458,-11104000000.0
65,T,MRT,2005-03-31,2005-03-31,2005-03-31,2021-08-05,-594000000.0,106946000000.0,104904750000.0,8014000000.0,98932000000.0,0.389,12.233,-5213000000.0,427000000.0,427000000.0,17566000000.0,4824000000.0,0.456,1.647,27112000000.0,6175000000.0,20937000000.0,27112000000.0,0.0,7466000000.0,0.0,0.053,1.26,7590000000.0,15056000000.0,0.369,15056000000.0,7590000000.0,6446000000.0,1.46,1.45,1.46,40404000000.0,40099500000.0,40404000000.0,104463436981.0,14.0,6.938,4995000000.0,1.512,1.0,23223000000.0,0.569,1768000000.0,1144000000.0,114272000000.0,102821500000.0,0.0,34851000000.0,35000000.0,34816000000.0,66542000000.0,17591000000.0,48951000000.0,78258436981.0,-6654000000.0,-17741000000.0,-248000000.0,9309000000.0,-4173000000.0,4893000000.0,-22540000000.0,414000000.0,10208000000.0,0.0,4824000000.0,4824000000.0,4824000000.0,-941000000.0,0.0,0.118,17390000000.0,5833000000.0,9083000000.0,0.863,1.937,16.223,16.226,49311000000.0,0.0,23.69,1.919,1.918,5268000000.0,29171000000.0,40789000000.0,40789000000.0,0.0,0.046,0.12,0.074,0.186,-5000000.0,9924000000.0,1.0,3303437610.0,3303000000.0,,12.349,105178000000.0,552000000.0,1622000000.0,16829000000.0,31.843,-9577000000.0
66,T,MRT,2004-12-31,2004-12-31,2004-12-31,2021-08-05,-550000000.0,110265000000.0,103273000000.0,9962000000.0,100303000000.0,0.395,12.217,-5099000000.0,760000000.0,760000000.0,17383000000.0,5887000000.0,0.489,1.722,26965000000.0,5734000000.0,21231000000.0,26965000000.0,0.0,7564000000.0,0.0,0.049,1.25,9096000000.0,16660000000.0,0.408,16660000000.0,9096000000.0,8073000000.0,1.78,1.77,1.78,40504000000.0,39850750000.0,40504000000.0,90390216435.0,10.0,5.426,5856000000.0,1.766,1.0,23404000000.0,0.574,2054000000.0,1023000000.0,114061000000.0,98296000000.0,0.0,35485000000.0,0.0,35485000000.0,69761000000.0,20355000000.0,49406000000.0,85438216435.0,-4046000000.0,-16112000000.0,-232000000.0,8978000000.0,-4141000000.0,4605000000.0,-20747000000.0,464000000.0,10955000000.0,0.0,5887000000.0,5887000000.0,5887000000.0,-908000000.0,0.0,0.144,17503000000.0,5901000000.0,11459000000.0,0.702,2.109,14.513,14.478,50046000000.0,0.0,25.77,2.095,2.095,6901000000.0,28806000000.0,40787000000.0,40787000000.0,0.0,0.057,0.148,0.093,0.223,0.0,9939000000.0,1.0,3315413909.0,3315413909.0,,12.302,108211000000.0,566000000.0,2186000000.0,17596000000.0,32.639,-10393000000.0
67,T,MRT,2004-09-30,2004-09-30,2004-09-30,2021-08-05,-1589000000.0,101986000000.0,100765000000.0,21112000000.0,80874000000.0,0.399,12.133,-5446000000.0,13290000000.0,13290000000.0,17375000000.0,6097000000.0,1.575,1.536,18242000000.0,1703000000.0,16539000000.0,18242000000.0,0.0,7645000000.0,0.0,0.051,1.32,9454000000.0,17099000000.0,0.425,17099000000.0,9454000000.0,8530000000.0,1.84,1.84,1.84,40210000000.0,39286750000.0,40210000000.0,92025039561.0,10.0,5.382,5636000000.0,1.701,1.0,22847000000.0,0.568,1625000000.0,924000000.0,91908000000.0,94153750000.0,0.0,13784000000.0,204000000.0,13580000000.0,61776000000.0,13405000000.0,48371000000.0,85989039561.0,8350000000.0,5431000000.0,-1000000.0,-69000000.0,-4373000000.0,-4440000000.0,246000000.0,261000000.0,11082000000.0,0.0,6097000000.0,6097000000.0,6097000000.0,-1020000000.0,0.0,0.152,17166000000.0,5681000000.0,9272000000.0,0.717,2.138,14.104,14.103,50056000000.0,0.0,25.95,2.138,2.138,5685000000.0,29728000000.0,40222000000.0,40222000000.0,0.0,0.061,0.155,0.1,0.235,-3000000.0,9521000000.0,1.0,3313643143.0,3314000000.0,,12.137,100361000000.0,251000000.0,2433000000.0,16823000000.0,30.284,7707000000.0
68,T,MRT,2004-06-30,2004-06-30,2004-06-30,2021-08-05,-1374000000.0,100422000000.0,100595500000.0,19957000000.0,80465000000.0,0.398,11.86,-5388000000.0,11586000000.0,11586000000.0,17317000000.0,5219000000.0,1.447,1.557,17622000000.0,2460000000.0,15162000000.0,17622000000.0,0.0,7708000000.0,0.0,0.057,1.39,8587000000.0,16295000000.0,0.407,16295000000.0,8587000000.0,7621000000.0,1.58,1.58,1.58,39280000000.0,38707250000.0,39280000000.0,91156046302.0,11.0,5.594,6902000000.0,2.084,1.0,22763000000.0,0.568,1625000000.0,966000000.0,91045000000.0,95497750000.0,0.0,13771000000.0,346000000.0,13425000000.0,61142000000.0,13788000000.0,47354000000.0,80313046302.0,6443000000.0,5562000000.0,-337000000.0,-871000000.0,-4609000000.0,-5816000000.0,-287000000.0,-461000000.0,12290000000.0,0.0,5219000000.0,5219000000.0,5219000000.0,-201000000.0,0.0,0.13,17219000000.0,5544000000.0,9386000000.0,0.88,2.045,15.389,15.348,50556000000.0,0.0,24.25,2.004,2.004,5564000000.0,28670000000.0,40080000000.0,40080000000.0,0.0,0.052,0.135,0.09,0.214,-1000000.0,9511000000.0,1.0,3311878198.0,3312000000.0,,12.101,98797000000.0,575000000.0,2402000000.0,16793000000.0,29.83,6169000000.0
69,T,MRT,2004-03-31,2004-03-31,2004-03-31,2021-08-05,-1067000000.0,100419000000.0,100652750000.0,15818000000.0,84601000000.0,0.399,11.913,-5258000000.0,7081000000.0,7081000000.0,17092000000.0,5439000000.0,1.174,1.548,17924000000.0,2070000000.0,15854000000.0,17924000000.0,0.0,7797000000.0,0.0,0.057,1.41,9117000000.0,16914000000.0,0.422,16914000000.0,9117000000.0,8010000000.0,1.65,1.65,1.65,39409000000.0,38433000000.0,39409000000.0,94317307024.0,10.0,5.576,7511000000.0,2.271,1.0,23028000000.0,0.574,1621000000.0,1107000000.0,96170000000.0,97086000000.0,0.0,17541000000.0,378000000.0,17163000000.0,61010000000.0,13471000000.0,47539000000.0,81184307024.0,2245000000.0,2921000000.0,-346000000.0,-2576000000.0,-4676000000.0,-7597000000.0,-3129000000.0,-792000000.0,12769000000.0,0.0,5439000000.0,5439000000.0,5439000000.0,-168000000.0,0.0,0.136,17174000000.0,5854000000.0,9471000000.0,0.855,2.06,14.926,14.873,51202000000.0,0.0,24.54,2.024,2.023,5793000000.0,28548000000.0,40120000000.0,40120000000.0,0.0,0.054,0.142,0.094,0.227,-1000000.0,9377000000.0,1.0,3308243970.0,3308000000.0,,12.128,98798000000.0,644000000.0,2571000000.0,16633000000.0,29.866,2347000000.0
70,T,MRT,2003-12-31,2003-12-31,2003-12-31,2021-08-05,-1132000000.0,100233000000.0,100589500000.0,14023000000.0,86210000000.0,0.403,11.553,-5219000000.0,4806000000.0,4806000000.0,16857000000.0,8505000000.0,0.981,1.621,17976000000.0,1879000000.0,16097000000.0,17976000000.0,0.0,7870000000.0,0.0,0.052,1.368,12553000000.0,20423000000.0,0.504,20423000000.0,12553000000.0,11362000000.0,2.56,2.56,2.56,38248000000.0,38142750000.0,38248000000.0,99626153969.0,8.0,4.878,8187000000.0,2.473,1.0,23641000000.0,0.584,1611000000.0,1191000000.0,97492000000.0,97400500000.0,0.0,18305000000.0,378000000.0,17927000000.0,61985000000.0,14300000000.0,47685000000.0,86309153969.0,1235000000.0,3012000000.0,-388000000.0,-4296000000.0,-4539000000.0,-9222000000.0,-3105000000.0,-898000000.0,13406000000.0,0.0,8505000000.0,8505000000.0,8505000000.0,-112000000.0,0.0,0.21,17357000000.0,6284000000.0,10658000000.0,0.534,2.257,10.148,10.184,52128000000.0,0.0,26.07,2.131,2.131,6160000000.0,27635000000.0,40498000000.0,40498000000.0,0.0,0.085,0.223,0.129,0.31,-1000000.0,9487000000.0,1.0,3310669504.0,3310669504.0,,12.233,98622000000.0,741000000.0,2857000000.0,15692000000.0,29.789,-277000000.0
71,T,MRT,2003-09-30,2003-09-30,2003-09-30,2021-08-05,-1729000000.0,101308000000.0,99295500000.0,14890000000.0,86418000000.0,0.42,11.417,-5045000000.0,4940000000.0,4940000000.0,16743000000.0,9955000000.0,0.947,1.674,18257000000.0,1900000000.0,16357000000.0,18257000000.0,0.0,8063000000.0,0.0,0.056,1.255,14164000000.0,22227000000.0,0.534,22227000000.0,14164000000.0,12855000000.0,3.0,2.99,3.0,37892000000.0,36880500000.0,37892000000.0,87338757194.0,6.0,3.929,9206000000.0,2.774,1.0,24918000000.0,0.598,1622000000.0,1309000000.0,97284000000.0,97328750000.0,0.0,17946000000.0,261000000.0,17685000000.0,63416000000.0,15719000000.0,47697000000.0,73949757194.0,4066000000.0,5877000000.0,-273000000.0,-6006000000.0,-4168000000.0,-10467000000.0,-17000000.0,-849000000.0,14251000000.0,0.0,9955000000.0,9955000000.0,9955000000.0,-142000000.0,0.0,0.239,17646000000.0,7272000000.0,9339000000.0,0.418,1.952,7.428,7.417,51983000000.0,0.0,22.25,1.775,1.773,6140000000.0,27769000000.0,41661000000.0,41661000000.0,0.0,0.1,0.27,0.146,0.34,0.0,9583000000.0,1.0,3323584593.0,3319000000.0,,12.552,99686000000.0,1511000000.0,2900000000.0,16615000000.0,30.035,-829000000.0
72,T,MRT,2003-06-30,2003-06-30,2003-06-30,2021-08-05,-1713000000.0,100651000000.0,97434250000.0,14760000000.0,85891000000.0,0.432,11.491,-5281000000.0,5139000000.0,5139000000.0,16618000000.0,10448000000.0,0.984,1.636,18528000000.0,1790000000.0,16738000000.0,18528000000.0,0.0,8259000000.0,0.0,0.045,1.143,14986000000.0,23245000000.0,0.553,23245000000.0,14986000000.0,13601000000.0,3.14,3.13,3.14,38183000000.0,35504750000.0,38183000000.0,100329461317.0,7.0,4.316,10029000000.0,3.018,1.0,25449000000.0,0.605,1643000000.0,1385000000.0,97398000000.0,97210750000.0,0.0,17381000000.0,0.0,17381000000.0,62468000000.0,14999000000.0,47469000000.0,84887461317.0,4599000000.0,6106000000.0,-141000000.0,-7382000000.0,-3794000000.0,-11329000000.0,541000000.0,-284000000.0,15310000000.0,0.0,10448000000.0,10448000000.0,10448000000.0,-112000000.0,0.0,0.248,17709000000.0,7740000000.0,8935000000.0,0.364,2.223,8.125,8.137,52534000000.0,0.0,25.55,2.018,2.018,5881000000.0,27819000000.0,42067000000.0,42067000000.0,0.0,0.107,0.294,0.154,0.356,0.0,9450000000.0,1.0,3322405531.0,3323000000.0,,12.659,99008000000.0,1495000000.0,3153000000.0,15955000000.0,29.795,-239000000.0
73,T,MRT,2003-03-31,2003-03-31,2003-03-31,2021-08-05,-1132000000.0,100166000000.0,95853000000.0,13968000000.0,86198000000.0,0.445,11.52,-5940000000.0,4806000000.0,4806000000.0,16645000000.0,10842000000.0,0.98,1.619,17939000000.0,1879000000.0,16060000000.0,17939000000.0,0.0,8438000000.0,0.0,0.054,1.08,15509000000.0,23947000000.0,0.561,23947000000.0,15509000000.0,14160000000.0,3.25,3.24,3.25,38248000000.0,33891000000.0,38248000000.0,85081230439.0,5.0,3.553,9569000000.0,2.882,1.0,26029000000.0,0.61,1611000000.0,1349000000.0,97428000000.0,97146000000.0,0.0,18328000000.0,378000000.0,17950000000.0,61918000000.0,14260000000.0,47658000000.0,66607230439.0,4005000000.0,6072000000.0,-727000000.0,-7375000000.0,-3594000000.0,-11709000000.0,128000000.0,-4000000.0,15509000000.0,0.0,10842000000.0,10842000000.0,10842000000.0,-112000000.0,0.0,0.254,17875000000.0,8154000000.0,10870000000.0,0.332,1.741,6.143,6.172,52128000000.0,0.0,20.06,1.561,1.561,6178000000.0,27635000000.0,42674000000.0,42674000000.0,0.0,0.113,0.32,0.16,0.363,0.0,9437000000.0,1.0,3320400321.0,3320000000.0,,12.854,98555000000.0,712000000.0,3318000000.0,15777000000.0,29.685,-292000000.0
74,T,MRT,2002-12-31,2002-12-31,2002-12-31,2021-08-05,-2451000000.0,95057000000.0,94364500000.0,14089000000.0,80968000000.0,0.454,9.999,-6808000000.0,3567000000.0,3567000000.0,16474000000.0,5653000000.0,0.96,1.863,22041000000.0,3505000000.0,18536000000.0,22041000000.0,0.0,8578000000.0,0.0,0.039,1.066,9945000000.0,18523000000.0,0.433,18523000000.0,9945000000.0,8563000000.0,1.7,1.69,1.7,33199000000.0,32063500000.0,33199000000.0,113204715204.0,11.0,6.112,8328000000.0,2.508,1.0,26347000000.0,0.615,1643000000.0,1382000000.0,97205000000.0,97340000000.0,0.0,16356000000.0,1000000.0,16355000000.0,61858000000.0,14683000000.0,47175000000.0,90010715204.0,2867000000.0,3479000000.0,-1309000000.0,-4139000000.0,-3557000000.0,-9018000000.0,-3328000000.0,1000000.0,15136000000.0,0.0,5653000000.0,5653000000.0,5653000000.0,-112000000.0,0.0,0.132,17909000000.0,8438000000.0,9413000000.0,0.627,2.711,15.923,15.947,48490000000.0,0.0,27.11,2.102,2.102,8540000000.0,23802000000.0,42821000000.0,42821000000.0,0.0,0.06,0.176,0.102,0.232,0.0,9331000000.0,1.0,3320203438.0,3320203438.0,,12.897,93414000000.0,704000000.0,2910000000.0,11840000000.0,28.135,-594000000.0
75,T,MRT,2002-09-30,2002-09-30,2002-09-30,2021-08-05,-1310000000.0,93863000000.0,94680750000.0,11465000000.0,82398000000.0,0.463,9.709,-8091000000.0,873000000.0,873000000.0,10457000000.0,4309000000.0,0.617,1.898,24067000000.0,5134000000.0,18933000000.0,24067000000.0,0.0,8695000000.0,0.0,0.052,1.052,8827000000.0,17522000000.0,0.4,17522000000.0,8827000000.0,7443000000.0,1.28,1.28,1.28,32389000000.0,31993500000.0,32389000000.0,92090181305.0,10.0,5.256,6730000000.0,2.017,1.0,33367000000.0,0.761,1658000000.0,1384000000.0,96812000000.0,96603750000.0,0.0,16482000000.0,0.0,16482000000.0,61474000000.0,18587000000.0,42887000000.0,66834181305.0,311000000.0,402000000.0,-1633000000.0,-1360000000.0,-3525000000.0,-6822000000.0,-7688000000.0,0.0,14821000000.0,0.0,4309000000.0,4309000000.0,4309000000.0,0.0,0.0,0.098,25042000000.0,8325000000.0,9634000000.0,0.822,2.063,15.51,15.703,48736000000.0,0.0,20.1,1.525,1.53,8348000000.0,22957000000.0,43824000000.0,43824000000.0,0.0,0.046,0.135,0.091,0.201,0.0,16347000000.0,1.0,3325083647.0,3336000000.0,,13.137,92205000000.0,730000000.0,3134000000.0,12804000000.0,27.639,-7122000000.0
76,T,MRT,2002-06-30,2002-06-30,2002-06-30,2021-08-05,-1242000000.0,94326000000.0,95143750000.0,12328000000.0,81998000000.0,0.469,9.465,-8941000000.0,543000000.0,543000000.0,12637000000.0,4672000000.0,0.593,1.973,25799000000.0,7742000000.0,18057000000.0,25799000000.0,0.0,8747000000.0,0.0,0.034,1.039,9504000000.0,18251000000.0,0.409,18251000000.0,9504000000.0,8099000000.0,1.39,1.38,1.39,31728000000.0,32024250000.0,31728000000.0,128596218398.0,14.0,7.046,5920000000.0,1.766,1.0,31969000000.0,0.717,1658000000.0,1405000000.0,97139000000.0,95739000000.0,0.0,15515000000.0,0.0,15515000000.0,62598000000.0,20785000000.0,41813000000.0,101875218398.0,-106000000.0,433000000.0,-1538000000.0,-1034000000.0,-3491000000.0,-6460000000.0,-8507000000.0,0.0,14861000000.0,0.0,4672000000.0,4672000000.0,4672000000.0,0.0,0.0,0.105,22851000000.0,9118000000.0,9642000000.0,0.747,3.211,21.805,21.942,49270000000.0,0.0,30.5,2.284,2.292,9392000000.0,22088000000.0,44606000000.0,44606000000.0,0.0,0.049,0.146,0.099,0.213,0.0,14104000000.0,1.0,3340171095.0,3352000000.0,,13.307,92668000000.0,775000000.0,3427000000.0,12143000000.0,27.646,-8457000000.0
77,T,MRT,2002-03-31,2002-03-31,2002-03-31,2021-08-05,-1642000000.0,94212000000.0,95545750000.0,11892000000.0,82320000000.0,0.473,9.244,-10147000000.0,830000000.0,830000000.0,14769000000.0,4961000000.0,0.564,2.045,27551000000.0,8489000000.0,19062000000.0,27551000000.0,0.0,8765000000.0,0.0,0.027,1.025,10172000000.0,18937000000.0,0.419,18937000000.0,10172000000.0,8682000000.0,1.48,1.46,1.48,30938000000.0,31906000000.0,30938000000.0,150962617268.0,15.0,7.972,4970000000.0,1.485,1.0,30471000000.0,0.674,1656000000.0,1490000000.0,98204000000.0,95007750000.0,0.0,18468000000.0,0.0,18468000000.0,63274000000.0,21073000000.0,42201000000.0,125499617268.0,279000000.0,566000000.0,-1331000000.0,474000000.0,-3457000000.0,-5257000000.0,-9581000000.0,0.0,15117000000.0,0.0,4961000000.0,4961000000.0,4961000000.0,0.0,0.0,0.11,20440000000.0,10031000000.0,9683000000.0,0.693,4.056,25.297,25.297,49569000000.0,0.0,37.44,2.774,2.77,8321000000.0,21159000000.0,45240000000.0,45240000000.0,0.0,0.052,0.155,0.107,0.225,0.0,11675000000.0,1.0,3352019692.0,3347000000.0,,13.517,92556000000.0,739000000.0,3721000000.0,11153000000.0,27.653,-9181000000.0
78,T,MRT,2001-12-31,2001-12-31,2001-12-31,2021-08-05,-1589000000.0,96322000000.0,96324000000.0,12580000000.0,83742000000.0,0.477,9.793,-11189000000.0,703000000.0,703000000.0,16940000000.0,7008000000.0,0.525,1.926,26166000000.0,9033000000.0,17133000000.0,26166000000.0,0.0,9077000000.0,0.0,0.026,1.023,12549000000.0,21626000000.0,0.471,21626000000.0,12549000000.0,10950000000.0,2.08,2.07,2.08,32919000000.0,31750500000.0,32919000000.0,156469330504.0,12.0,7.235,3616000000.0,1.076,1.0,28968000000.0,0.631,3577000000.0,1599000000.0,94260000000.0,93214500000.0,0.0,17891000000.0,0.0,17891000000.0,63403000000.0,23948000000.0,39455000000.0,131672330504.0,60000000.0,2291000000.0,-1745000000.0,274000000.0,-3456000000.0,-6358000000.0,-8387000000.0,510000000.0,14805000000.0,0.0,7008000000.0,7008000000.0,7008000000.0,0.0,0.0,0.153,18460000000.0,10508000000.0,11459000000.0,0.492,4.0,18.789,18.832,49827000000.0,0.0,39.17,2.868,2.868,9376000000.0,21737000000.0,45908000000.0,45908000000.0,0.0,0.073,0.221,0.135,0.273,0.0,9383000000.0,1.0,3361560646.0,3361560646.0,,13.657,92745000000.0,713000000.0,3942000000.0,11022000000.0,27.59,-11368000000.0
79,T,MRT,2001-09-30,2001-09-30,2001-09-30,2021-08-05,-1495000000.0,95715000000.0,96906250000.0,12624000000.0,83091000000.0,0.477,9.591,-12018000000.0,562000000.0,562000000.0,26478000000.0,7125000000.0,0.546,1.944,25359000000.0,7318000000.0,18041000000.0,25359000000.0,0.0,9627000000.0,0.0,0.022,1.02,12983000000.0,22610000000.0,0.489,22610000000.0,12983000000.0,11324000000.0,2.12,2.13,2.12,32512000000.0,31136500000.0,32512000000.0,184809485454.0,14.0,8.174,2044000000.0,0.603,1.0,19735000000.0,0.427,4041000000.0,1659000000.0,93353000000.0,92123000000.0,0.0,18130000000.0,0.0,18130000000.0,63203000000.0,23118000000.0,40085000000.0,158413485454.0,17000000.0,3536000000.0,-1757000000.0,260000000.0,-3449000000.0,-6066000000.0,-7979000000.0,504000000.0,14062000000.0,0.0,7125000000.0,7125000000.0,7125000000.0,0.0,0.0,0.154,9627000000.0,10108000000.0,10582000000.0,0.481,4.872,22.233,22.226,48872000000.0,0.0,47.12,3.428,3.457,9319000000.0,21751000000.0,46213000000.0,46213000000.0,0.0,0.074,0.229,0.141,0.281,0.0,0.0,1.0,3361916075.0,3390000000.0,,13.632,91674000000.0,549000000.0,4199000000.0,11967000000.0,27.042,-10494000000.0
80,T,MRT,2001-06-30,2001-06-30,2001-06-30,2021-08-05,-1537000000.0,95934000000.0,96621500000.0,12574000000.0,83360000000.0,0.5,9.283,-13527000000.0,649000000.0,649000000.0,28375000000.0,8052000000.0,0.543,2.069,27045000000.0,8021000000.0,19024000000.0,27045000000.0,0.0,9790000000.0,0.0,0.025,1.017,14535000000.0,24325000000.0,0.504,24325000000.0,14535000000.0,12831000000.0,2.39,2.4,2.39,31255000000.0,30556000000.0,31255000000.0,161573719963.0,11.0,6.642,380000000.0,0.113,1.0,19922000000.0,0.412,4957000000.0,1704000000.0,94214000000.0,88916750000.0,0.0,17699000000.0,0.0,17699000000.0,64679000000.0,23159000000.0,41520000000.0,134920719963.0,-164000000.0,4895000000.0,-2136000000.0,1194000000.0,-3447000000.0,-5409000000.0,-8662000000.0,-29000000.0,13907000000.0,0.0,8052000000.0,8052000000.0,8052000000.0,0.0,0.0,0.167,9790000000.0,10132000000.0,10808000000.0,0.426,4.317,16.756,16.762,48559000000.0,0.0,40.06,2.794,2.793,9208000000.0,20544000000.0,48297000000.0,48297000000.0,0.0,0.083,0.264,0.163,0.301,0.0,0.0,1.0,3367966050.0,3367000000.0,,14.344,90977000000.0,574000000.0,4779000000.0,11166000000.0,27.02,-10585000000.0
81,T,MRT,2001-03-31,2001-03-31,2001-03-31,2021-08-05,-1568000000.0,97325000000.0,95435750000.0,21714000000.0,75611000000.0,0.524,8.977,-13582000000.0,551000000.0,551000000.0,30025000000.0,7832000000.0,0.778,2.21,27204000000.0,10643000000.0,16561000000.0,27204000000.0,0.0,9933000000.0,0.0,0.023,1.015,14225000000.0,24158000000.0,0.483,24158000000.0,14225000000.0,12530000000.0,2.31,2.33,2.31,30316000000.0,29836000000.0,30316000000.0,175913275551.0,12.0,7.282,-515000000.0,-0.153,1.0,19986000000.0,0.4,5022000000.0,1695000000.0,91031000000.0,85236000000.0,0.0,20537000000.0,9138000000.0,11399000000.0,67009000000.0,27925000000.0,39084000000.0,150594275551.0,-306000000.0,4447000000.0,-2274000000.0,1961000000.0,-3443000000.0,-4208000000.0,-9165000000.0,-29000000.0,13067000000.0,0.0,7832000000.0,7832000000.0,7832000000.0,0.0,0.0,0.157,9933000000.0,10053000000.0,13770000000.0,0.439,4.967,19.228,19.32,47550000000.0,0.0,44.63,3.011,3.014,9315000000.0,19333000000.0,50011000000.0,50011000000.0,0.0,0.082,0.263,0.167,0.284,0.0,0.0,1.0,3374283566.0,3377000000.0,,14.809,92303000000.0,612000000.0,4698000000.0,10235000000.0,27.333,-6211000000.0
82,T,MRT,2000-12-31,2000-12-31,2000-12-31,2021-08-05,-1307000000.0,98651000000.0,93454750000.0,13648000000.0,85003000000.0,0.55,8.999,-13124000000.0,643000000.0,643000000.0,31156000000.0,7800000000.0,0.45,2.238,25962000000.0,10470000000.0,15492000000.0,25962000000.0,0.0,9748000000.0,0.0,0.021,1.005,14208000000.0,23956000000.0,0.466,23956000000.0,14208000000.0,12616000000.0,2.3,2.32,2.3,30463000000.0,29239750000.0,30463000000.0,186390371362.0,13.0,7.781,942000000.0,0.278,1.0,20218000000.0,0.394,3719000000.0,1592000000.0,89894000000.0,82116500000.0,0.0,21946000000.0,0.0,21946000000.0,68188000000.0,30357000000.0,37831000000.0,161632371362.0,148000000.0,-506000000.0,-1523000000.0,5128000000.0,-3418000000.0,252000000.0,-14170000000.0,-539000000.0,14066000000.0,0.0,7800000000.0,7800000000.0,7800000000.0,0.0,0.0,0.152,9748000000.0,10470000000.0,15432000000.0,0.437,5.306,20.722,20.761,47195000000.0,0.0,47.75,3.146,3.146,10144000000.0,18341000000.0,51374000000.0,51374000000.0,0.0,0.083,0.267,0.173,0.277,0.0,0.0,1.0,3384971128.0,3384971128.0,,15.177,94932000000.0,671000000.0,4816000000.0,10716000000.0,28.045,-16709000000.0
83,T,MRT,2000-09-30,2000-09-30,2000-09-30,2021-08-05,-1246000000.0,94576000000.0,89595750000.0,13812000000.0,80764000000.0,0.581,8.913,-12500000000.0,545000000.0,545000000.0,31176000000.0,9778000000.0,0.518,2.133,25303000000.0,9413000000.0,15890000000.0,25303000000.0,0.0,9118000000.0,0.0,0.015,0.751,16249000000.0,25367000000.0,0.487,25367000000.0,16249000000.0,14694000000.0,2.88,2.85,2.88,30190000000.0,28305500000.0,30190000000.0,193997368422.0,12.0,7.648,3405000000.0,1.005,1.0,20896000000.0,0.401,12147000000.0,1555000000.0,80528000000.0,79008000000.0,0.0,9937000000.0,0.0,9937000000.0,64386000000.0,26659000000.0,37727000000.0,169071368422.0,13000000.0,1304000000.0,-2171000000.0,1234000000.0,-3383000000.0,-4188000000.0,-11704000000.0,-508000000.0,15905000000.0,0.0,9778000000.0,9778000000.0,9778000000.0,0.0,0.0,0.188,9118000000.0,11778000000.0,12137000000.0,0.261,5.6,17.291,17.319,49697000000.0,0.0,49.88,3.247,3.244,10142000000.0,17905000000.0,52072000000.0,52072000000.0,0.0,0.109,0.345,0.206,0.312,0.0,0.0,1.0,3389562318.0,3387000000.0,,15.374,82429000000.0,590000000.0,4916000000.0,11116000000.0,24.337,-12847000000.0
84,T,MRT,2000-06-30,2000-06-30,2000-06-30,2021-08-05,-1294000000.0,91191000000.0,78235750000.0,12473000000.0,78718000000.0,0.654,8.355,-11162000000.0,813000000.0,813000000.0,30603000000.0,7914000000.0,0.488,2.214,25739000000.0,9812000000.0,15927000000.0,25739000000.0,0.0,9198000000.0,0.0,0.022,0.985,13776000000.0,22974000000.0,0.449,22974000000.0,13776000000.0,12278000000.0,2.32,2.3,2.32,28375000000.0,24579000000.0,28375000000.0,174326674060.0,13.0,7.588,4555000000.0,1.341,1.0,20592000000.0,0.402,11067000000.0,1498000000.0,79491000000.0,70315000000.0,0.0,10918000000.0,0.0,10918000000.0,62816000000.0,25559000000.0,37257000000.0,149675674060.0,-327000000.0,-1662000000.0,-1634000000.0,1647000000.0,-3350000000.0,-3220000000.0,-12824000000.0,0.0,15717000000.0,0.0,7914000000.0,7914000000.0,7914000000.0,0.0,0.0,0.155,9198000000.0,11394000000.0,14883000000.0,0.425,5.275,18.913,18.966,48045000000.0,0.0,44.0,2.924,2.919,9538000000.0,15764000000.0,51195000000.0,51195000000.0,0.0,0.101,0.322,0.196,0.269,0.0,0.0,1.0,3401719865.0,3396000000.0,,15.075,80124000000.0,461000000.0,4364000000.0,6372000000.0,23.594,-13086000000.0
85,T,MRT,2000-03-31,2000-03-31,2000-03-31,2021-08-05,-1161000000.0,89401000000.0,66953000000.0,11986000000.0,77415000000.0,0.751,8.225,-10514000000.0,678000000.0,678000000.0,29775000000.0,8001000000.0,0.493,2.201,25329000000.0,8992000000.0,16337000000.0,25329000000.0,0.0,8874000000.0,0.0,0.023,0.975,13833000000.0,22707000000.0,0.452,22707000000.0,13833000000.0,12404000000.0,2.35,2.32,2.35,27931000000.0,21086250000.0,27931000000.0,163570286502.0,12.0,7.204,5784000000.0,1.703,1.0,20497000000.0,0.408,11194000000.0,1429000000.0,78553000000.0,61691000000.0,0.0,11084000000.0,0.0,11084000000.0,61470000000.0,24305000000.0,37165000000.0,143216286502.0,-357000000.0,-4751000000.0,-937000000.0,2765000000.0,-3316000000.0,-1392000000.0,-15263000000.0,0.0,16298000000.0,0.0,8001000000.0,8001000000.0,8001000000.0,0.0,0.0,0.159,8874000000.0,11623000000.0,14447000000.0,0.415,5.128,17.9,17.928,47132000000.0,0.0,42.13,2.849,2.846,8759000000.0,14774000000.0,50272000000.0,50272000000.0,0.0,0.12,0.379,0.224,0.275,0.0,0.0,1.0,3399389663.0,3396000000.0,,14.803,78207000000.0,572000000.0,4403000000.0,6052000000.0,23.029,-12319000000.0
86,T,MRT,1999-12-31,1999-12-31,1999-12-31,2021-08-05,-1062000000.0,83215000000.0,55951750000.0,11930000000.0,71285000000.0,0.885,7.834,-10304000000.0,495000000.0,495000000.0,29380000000.0,8159000000.0,0.618,2.114,20849000000.0,3374000000.0,17475000000.0,20849000000.0,0.0,8553000000.0,0.0,0.02,0.965,13869000000.0,22422000000.0,0.453,22422000000.0,13869000000.0,12439000000.0,2.39,2.36,2.39,26726000000.0,17486750000.0,26726000000.0,179925775439.0,13.0,8.025,6370000000.0,1.867,1.0,20151000000.0,0.407,6796000000.0,1430000000.0,77460000000.0,53346250000.0,0.0,10648000000.0,0.0,10648000000.0,56489000000.0,19313000000.0,37176000000.0,166304775439.0,-104000000.0,-376000000.0,-538000000.0,-2350000000.0,-3287000000.0,-6105000000.0,-10673000000.0,5000000.0,16674000000.0,0.0,8159000000.0,8159000000.0,8159000000.0,0.0,0.0,0.165,8553000000.0,11598000000.0,11717000000.0,0.404,6.223,20.383,20.397,46571000000.0,0.0,48.75,3.358,3.358,9378000000.0,13798000000.0,49531000000.0,49531000000.0,0.0,0.146,0.467,0.26,0.28,0.0,0.0,1.0,3411380009.0,3411380009.0,,14.519,76419000000.0,767000000.0,4280000000.0,8596000000.0,22.401,-7383000000.0
87,T,MRT,1999-09-30,1999-09-30,1999-09-30,2021-08-05,-601000000.0,49136000000.0,53889500000.0,7533000000.0,41603000000.0,1.146,4.477,-11697000000.0,267000000.0,267000000.0,36762000000.0,9476000000.0,0.67,2.215,13888000000.0,2622000000.0,11266000000.0,13888000000.0,0.0,10542000000.0,0.0,0.023,1.199,17167000000.0,27709000000.0,0.449,27709000000.0,17167000000.0,15253000000.0,2.07,2.04,2.07,15284000000.0,16498750000.0,15284000000.0,111963471369.0,7.0,4.041,6727000000.0,1.97,1.0,25010000000.0,0.405,5758000000.0,1914000000.0,45756000000.0,52059750000.0,0.0,2510000000.0,0.0,2510000000.0,33852000000.0,11243000000.0,22609000000.0,100450471369.0,-508000000.0,-4666000000.0,1021000000.0,1075000000.0,-4245000000.0,-2586000000.0,-16346000000.0,10000000.0,18424000000.0,0.0,9476000000.0,9476000000.0,9476000000.0,0.0,0.0,0.153,10542000000.0,14468000000.0,6332000000.0,0.579,6.572,10.601,24.667,31197000000.0,0.0,51.06,1.626,2.822,5524000000.0,5529000000.0,61772000000.0,61772000000.0,0.0,0.176,0.574,0.33,0.278,0.0,0.0,1.0,1967302612.0,3414000000.0,,18.094,43378000000.0,663000000.0,5777000000.0,4865000000.0,12.706,-3710000000.0
88,T,MRT,1999-06-30,1999-06-30,1999-06-30,2021-08-05,-612000000.0,46060000000.0,52237750000.0,7873000000.0,38187000000.0,1.081,4.223,-10634000000.0,848000000.0,848000000.0,33194000000.0,9603000000.0,0.84,2.198,12361000000.0,1011000000.0,11350000000.0,12361000000.0,0.0,9340000000.0,0.0,0.016,0.945,16759000000.0,26099000000.0,0.462,26099000000.0,16759000000.0,14966000000.0,2.39,2.35,2.39,14404000000.0,15560500000.0,14404000000.0,126599707298.0,8.0,4.851,6289000000.0,1.844,1.0,23249000000.0,0.412,3202000000.0,1793000000.0,44995000000.0,51194750000.0,0.0,2430000000.0,0.0,2430000000.0,31656000000.0,9376000000.0,22280000000.0,113902707298.0,274000000.0,-2963000000.0,673000000.0,483000000.0,-3871000000.0,-3152000000.0,-13497000000.0,90000000.0,16923000000.0,0.0,9603000000.0,9603000000.0,9603000000.0,0.0,0.0,0.17,9340000000.0,13909000000.0,6095000000.0,0.395,7.908,11.861,24.268,30358000000.0,0.0,58.0,2.018,3.505,5342000000.0,4731000000.0,56443000000.0,56443000000.0,0.0,0.184,0.617,0.327,0.297,0.0,0.0,1.0,1963839781.0,3411000000.0,,16.547,42858000000.0,666000000.0,5363000000.0,4456000000.0,12.565,-1503000000.0
89,T,MRT,1999-03-31,1999-03-31,1999-03-31,2021-08-05,-651000000.0,45396000000.0,51372750000.0,7663000000.0,37733000000.0,0.997,3.971,-9846000000.0,547000000.0,547000000.0,30124000000.0,8685000000.0,0.782,2.354,13244000000.0,1840000000.0,11404000000.0,13244000000.0,0.0,8582000000.0,0.0,0.02,0.935,15224000000.0,23806000000.0,0.465,23806000000.0,15224000000.0,13518000000.0,2.34,2.3,2.34,13533000000.0,14675750000.0,13533000000.0,105306123596.0,7.0,4.424,5247000000.0,1.54,1.0,21081000000.0,0.412,3124000000.0,1706000000.0,45174000000.0,50573750000.0,0.0,2430000000.0,0.0,2430000000.0,31863000000.0,9795000000.0,22068000000.0,92603123596.0,287000000.0,119000000.0,416000000.0,-1743000000.0,-3499000000.0,-5263000000.0,-9543000000.0,174000000.0,15093000000.0,0.0,8685000000.0,8685000000.0,8685000000.0,0.0,0.0,0.17,8582000000.0,12499000000.0,5959000000.0,0.4,6.843,10.662,20.167,30044000000.0,0.0,47.19,1.808,3.141,5376000000.0,4034000000.0,51205000000.0,51205000000.0,0.0,0.169,0.592,0.301,0.297,0.0,0.0,1.0,1962346336.0,3408000000.0,,15.025,42272000000.0,678000000.0,4833000000.0,4003000000.0,12.404,-2132000000.0
90,T,MRT,1998-12-31,1998-12-31,1998-12-31,2021-08-05,-822000000.0,74966000000.0,50552250000.0,12697000000.0,62269000000.0,0.915,11.643,-8882000000.0,599000000.0,599000000.0,27177000000.0,7690000000.0,0.696,2.292,21348000000.0,4178000000.0,17170000000.0,21348000000.0,0.0,7841000000.0,0.0,0.017,0.925,13675000000.0,21516000000.0,0.465,21516000000.0,13675000000.0,12070000000.0,2.26,2.23,2.26,22774000000.0,13899750000.0,22774000000.0,116969132663.0,9.0,5.436,4099000000.0,2.096,1.0,19064000000.0,0.412,5161000000.0,1605000000.0,72314000000.0,49977500000.0,0.0,7412000000.0,0.0,7412000000.0,52192000000.0,18240000000.0,33952000000.0,104901132663.0,-50000000.0,-611000000.0,274000000.0,-565000000.0,-3131000000.0,-3862000000.0,-9169000000.0,313000000.0,12981000000.0,0.0,7690000000.0,7690000000.0,7690000000.0,0.0,0.0,0.166,7841000000.0,11223000000.0,13253000000.0,0.409,4.606,13.641,23.73,44194000000.0,0.0,53.63,2.269,2.269,9783000000.0,8948000000.0,46241000000.0,46241000000.0,0.0,0.152,0.553,0.274,0.296,0.0,0.0,1.0,1956015899.0,1956015899.0,,23.64,69805000000.0,685000000.0,4380000000.0,3320000000.0,35.687,-5543000000.0
91,T,MRT,1998-09-30,1998-09-30,1998-09-30,2021-08-05,-553000000.0,42529000000.0,43019750000.0,7158000000.0,35371000000.0,1.069,5.898,-8920000000.0,779000000.0,779000000.0,32896000000.0,6468000000.0,0.749,2.688,12847000000.0,1630000000.0,11217000000.0,12847000000.0,0.0,7654000000.0,0.0,0.021,0.915,11829000000.0,19483000000.0,0.424,19483000000.0,11829000000.0,10212000000.0,2.4,2.37,2.4,11531000000.0,10836250000.0,11531000000.0,94681826750.0,8.0,4.86,4185000000.0,2.141,1.0,13088000000.0,0.285,2742000000.0,1617000000.0,42296000000.0,43191000000.0,0.0,2582000000.0,37000000.0,2545000000.0,30998000000.0,9559000000.0,21439000000.0,81538826750.0,180000000.0,104000000.0,186000000.0,-1940000000.0,-3106000000.0,-4596000000.0,-8329000000.0,468000000.0,13105000000.0,0.0,6468000000.0,6468000000.0,6468000000.0,0.0,0.0,0.141,2116000000.0,10972000000.0,5889000000.0,0.381,7.071,12.606,18.492,27920000000.0,0.0,44.38,1.773,1.887,4895000000.0,2947000000.0,45984000000.0,45984000000.0,0.0,0.15,0.597,0.274,0.257,0.0,-5538000000.0,1.0,1837287669.0,1955000000.0,,23.521,39787000000.0,504000000.0,3744000000.0,3957000000.0,20.351,-2401000000.0
92,T,MRT,1998-06-30,1998-06-30,1998-06-30,2021-08-05,-650000000.0,42600000000.0,,7035000000.0,35565000000.0,,5.549,-8816000000.0,615000000.0,615000000.0,31188000000.0,6022000000.0,0.702,2.921,13758000000.0,2211000000.0,11547000000.0,13758000000.0,0.0,7499000000.0,0.0,0.023,0.906,11092000000.0,18591000000.0,0.412,18591000000.0,11092000000.0,9479000000.0,2.2,2.17,2.2,10865000000.0,,10865000000.0,87298771760.0,8.0,4.696,3857000000.0,1.97,1.0,13909000000.0,0.308,3208000000.0,1613000000.0,42511000000.0,,0.0,2575000000.0,91000000.0,2484000000.0,31735000000.0,10024000000.0,21711000000.0,73553771760.0,-33000000.0,-666000000.0,490000000.0,-1085000000.0,-3059000000.0,-3390000000.0,-9316000000.0,150000000.0,12673000000.0,0.0,6022000000.0,6022000000.0,6022000000.0,0.0,0.0,0.134,3368000000.0,10541000000.0,5919000000.0,0.412,6.77,12.214,18.182,27758000000.0,0.0,40.0,1.631,1.737,4847000000.0,2167000000.0,45097000000.0,45097000000.0,0.0,,,,0.246,0.0,-4131000000.0,1.0,1838844294.0,1958000000.0,,23.032,39392000000.0,678000000.0,3457000000.0,3730000000.0,20.118,-2989000000.0
93,T,MRT,1998-03-31,1998-03-31,1998-03-31,2021-08-05,-582000000.0,42114000000.0,,6969000000.0,35145000000.0,,5.329,-8768000000.0,674000000.0,674000000.0,29433000000.0,4215000000.0,0.709,3.038,14419000000.0,2661000000.0,11758000000.0,14419000000.0,0.0,7910000000.0,0.0,0.015,0.672,8299000000.0,16209000000.0,0.368,16209000000.0,8299000000.0,6701000000.0,1.25,1.23,1.25,10429000000.0,,10429000000.0,93328411621.0,11.0,5.758,3277000000.0,1.675,1.0,14555000000.0,0.331,3238000000.0,1598000000.0,42789000000.0,,0.0,2757000000.0,176000000.0,2581000000.0,31685000000.0,9832000000.0,21853000000.0,79754411621.0,-74000000.0,-1419000000.0,597000000.0,69000000.0,-3010000000.0,-2079000000.0,-10040000000.0,132000000.0,12045000000.0,0.0,4215000000.0,4215000000.0,4215000000.0,0.0,0.0,0.096,6764000000.0,7791000000.0,6741000000.0,0.538,7.647,18.922,34.696,27380000000.0,0.0,43.37,1.813,1.93,4730000000.0,1629000000.0,43988000000.0,43988000000.0,0.0,,,,0.189,0.0,-1146000000.0,1.0,1838930404.0,1957000000.0,,22.477,38876000000.0,551000000.0,2486000000.0,2321000000.0,19.865,-2863000000.0
94,T,MRT,1997-12-31,1997-12-31,1997-12-31,2021-08-05,-574000000.0,44836000000.0,42160500000.0,7517000000.0,37319000000.0,1.022,5.721,-8856000000.0,410000000.0,410000000.0,27727000000.0,4087000000.0,0.689,3.262,15315000000.0,2139000000.0,13176000000.0,15315000000.0,0.0,7777000000.0,0.0,0.024,0.887,8088000000.0,15865000000.0,0.368,15865000000.0,8088000000.0,6538000000.0,1.21,1.2,1.21,10520000000.0,10080500000.0,10520000000.0,,,,2723000000.0,1.481,1.0,15379000000.0,0.357,3663000000.0,1550000000.0,45168000000.0,42351500000.0,0.0,3060000000.0,320000000.0,2740000000.0,34316000000.0,10910000000.0,23406000000.0,67350826046.0,180000000.0,-1219000000.0,499000000.0,760000000.0,-2966000000.0,-1450000000.0,-9949000000.0,113000000.0,11579000000.0,0.0,4087000000.0,4087000000.0,4087000000.0,0.0,0.0,0.095,7777000000.0,7602000000.0,8330000000.0,0.733,6.402,16.479,30.269,29068000000.0,0.0,36.625,1.562,1.562,5344000000.0,1204000000.0,43106000000.0,43106000000.0,0.0,0.097,0.405,0.191,0.188,0.0,0.0,1.0,1838930404.0,1838930404.0,,23.441,41173000000.0,660000000.0,2451000000.0,2000000000.0,22.39,-3393000000.0
95,T,MRT,1997-09-30,1997-09-30,1997-09-30,2021-08-05,,,,,,,,,,,,,,,,,,,,,,0.029,0.878,,,,,,,,,,,,,,,,,,1.0,,,,,,,,,,,,,,,,,,,,,,,,,,,,,,,,,,,,,,,,30.75,,,,,,,,,,,,,,1.0,,1829000000.0,,,,,,,,
96,T,MRT,1997-06-30,1997-06-30,1997-06-30,2021-08-05,,,,,,,,,,,,,,,,,,,,,,0.028,0.869,,,,,,,,,,,,,,,,,,1.0,,,,,,,,,,,,,,,,,,,,,,,,,,,,,,,,,,,,,,,,30.94,,,,,,,,,,,,,,1.0,,1826000000.0,,,,,,,,
97,T,MRT,1997-03-31,1997-03-31,1997-03-31,2021-08-05,,,,,,,,,,,,,,,,,,,,,,0.041,1.084,,,,,,,,,,,,,,,,,,1.0,,,,,,,,,,,,,,,,,,,,,,,,,,,,,,,,,,,,,,,,26.25,,,,,,,,,,,,,,1.0,,1825000000.0,,,,,,,,
98,T,MRT,1996-12-31,1996-12-31,1996-12-31,2021-08-05,-637000000.0,39485000000.0,,6271000000.0,33214000000.0,,,-5855000000.0,314000000.0,314000000.0,14510000000.0,3477000000.0,0.673,3.096,13265000000.0,2335000000.0,10930000000.0,13265000000.0,0.0,4466000000.0,0.0,0.033,0.852,6448000000.0,10914000000.0,0.433,10914000000.0,6448000000.0,5547000000.0,1.78,1.77,1.78,9641000000.0,,9641000000.0,,,,2046000000.0,,1.0,10692000000.0,0.424,3589000000.0,901000000.0,39535000000.0,,0.0,2396000000.0,432000000.0,1964000000.0,29844000000.0,9312000000.0,20532000000.0,,-253000000.0,-420000000.0,-487000000.0,-354000000.0,-1765000000.0,-1709000000.0,-6445000000.0,-189000000.0,7901000000.0,0.0,3477000000.0,3477000000.0,3477000000.0,0.0,0.0,0.138,4466000000.0,6226000000.0,6584000000.0,0.479,,,14.573,26080000000.0,0.0,25.94,,,4684000000.0,1297000000.0,25202000000.0,25202000000.0,0.0,,,,0.256,0.0,0.0,1.0,,,,,35896000000.0,201000000.0,2070000000.0,1351000000.0,,-3041000000.0
99,T,MRT,1995-12-31,1995-12-31,1995-12-31,2021-08-05,,,,,,,,-4338000000.0,,,7864000000.0,-3064000000.0,,,,,,,,4034000000.0,,0.029,0.817,-588000000.0,3446000000.0,0.159,3446000000.0,-588000000.0,-1545000000.0,-0.83,-0.83,-0.83,,,,,,,2452000000.0,,1.0,13848000000.0,0.638,,957000000.0,,,,,,,,,,,67000000.0,-1226000000.0,-60000000.0,1297000000.0,-1814000000.0,-1042000000.0,-5681000000.0,-117000000.0,6790000000.0,0.0,-3064000000.0,-3064000000.0,-3064000000.0,0.0,0.0,-0.141,8728000000.0,5120000000.0,,-0.984,,,-34.488,,0.0,28.625,,,,,21712000000.0,21712000000.0,0.0,,,,-0.027,0.0,4694000000.0,1.0,,,,,,,1519000000.0,,,
