None,ticker,dimension,calendardate,datekey,reportperiod,lastupdated,accoci,assets,assetsavg,assetsc,assetsnc,assetturnover,bvps,capex,cashneq,cashnequsd,cor,consolinc,currentratio,de,debt,debtc,debtnc,debtusd,deferredrev,depamor,deposits,divyield,dps,ebit,ebitda,ebitdamargin,ebitdausd,ebitusd,ebt,eps,epsdil,epsusd,equity,equityavg,equityusd,ev,evebit,evebitda,fcf,fcfps,fxusd,gp,grossmargin,intangibles,intexp,invcap,invcapavg,inventory,investments,investmentsc,investmentsnc,liabilities,liabilitiesc,liabilitiesnc,marketcap,ncf,ncfbus,ncfcommon,ncfdebt,ncfdiv,ncff,ncfi,ncfinv,ncfo,ncfx,netinc,netinccmn,netinccmnusd,netincdis,netincnci,netmargin,opex,opinc,payables,payoutratio,pb,pe,pe1,ppnenet,prefdivis,price,ps,ps1,receivables,retearn,revenue,revenueusd,rnd,roa,roe,roic,ros,sbcomp,sgna,sharefactor,sharesbas,shareswa,shareswadil,sps,tangibles,taxassets,taxexp,taxliabilities,tbvps,workingcapital
0,MKC,MRY,2020-12-31,2020-11-30,2020-11-30,2021-09-30,-470800000.0,12089700000.0,11004550000.0,2083600000.0,10006100000.0,0.509,14.714,-225300000.0,423600000.0,423600000.0,3300900000.0,706600000.0,0.684,2.076,4904400000.0,1150600000.0,3753800000.0,4904400000.0,0.0,165000000.0,0.0,0.013,1.24,1017100000.0,1182100000.0,0.211,1182100000.0,1017100000.0,881500000.0,2.8,2.78,2.8,3926100000.0,3767650000.0,3926100000.0,28893294050.0,28.0,24.442,816000000.0,3.058,1.0,2300400000.0,0.411,8225700000.0,135600000.0,5298300000.0,5466725000.0,1032600000.0,0.0,0.0,0.0,8149700000.0,3046500000.0,5103200000.0,24945294050.0,268200000.0,-803000000.0,9300000.0,554700000.0,-330100000.0,220900000.0,-1025600000.0,0.0,1041300000.0,31600000.0,706600000.0,706600000.0,706600000.0,0.0,0.0,0.126,1300900000.0,999500000.0,1032300000.0,0.443,6.354,35.303,33.389,1028400000.0,0.0,93.49,4.453,4.453,528500000.0,2415600000.0,5601300000.0,5601300000.0,0.0,0.064,0.188,0.186,0.182,46000000.0,1281600000.0,1.0,266823126.0,266823126.0,,20.993,3864000000.0,0.0,174900000.0,727200000.0,14.482,-962900000.0
1,MKC,MRY,2019-12-31,2019-11-30,2019-11-30,2021-09-30,-500200000.0,10362100000.0,10298175000.0,1550200000.0,8811900000.0,0.519,12.957,-173700000.0,155400000.0,155400000.0,3202100000.0,661800000.0,0.72,2.005,4324200000.0,698400000.0,3625800000.0,4324200000.0,0.0,158800000.0,0.0,0.013,1.14,984400000.0,1143200000.0,0.214,1143200000.0,984400000.0,819200000.0,2.65,2.62,2.65,3444200000.0,3403700000.0,3444200000.0,26978434505.0,27.0,23.599,773100000.0,2.908,1.0,2145300000.0,0.401,7352200000.0,165200000.0,5024300000.0,5411150000.0,801200000.0,0.0,0.0,0.0,6905400000.0,2154400000.0,4751000000.0,22495334505.0,58800000.0,0.0,-4200000.0,-406700000.0,-302200000.0,-725800000.0,-171000000.0,0.0,946800000.0,8800000.0,661800000.0,661800000.0,661800000.0,0.0,0.0,0.124,1187600000.0,957700000.0,846900000.0,0.43,6.531,33.991,31.934,952600000.0,0.0,84.625,4.207,4.207,502900000.0,2055800000.0,5347400000.0,5347400000.0,0.0,0.064,0.194,0.182,0.184,37200000.0,1166800000.0,1.0,265823746.0,265823746.0,,20.116,3009900000.0,0.0,157400000.0,697600000.0,11.323,-604200000.0
2,MKC,MRY,2018-12-31,2018-11-30,2018-11-30,2021-09-30,-359900000.0,10256400000.0,10320300000.0,1479900000.0,8776500000.0,0.514,12.042,-169100000.0,96600000.0,96600000.0,3209500000.0,898600000.0,0.739,2.231,4696400000.0,643500000.0,4052900000.0,4696400000.0,0.0,150700000.0,0.0,0.014,1.04,915900000.0,1066600000.0,0.201,1066600000.0,915900000.0,741300000.0,3.55,3.5,3.55,3170900000.0,3098900000.0,3170900000.0,24661879250.0,27.0,23.122,652100000.0,2.476,1.0,2093300000.0,0.395,7401200000.0,174600000.0,5453300000.0,5821575000.0,786300000.0,0.0,0.0,0.0,7074200000.0,2001700000.0,5072500000.0,19749779250.0,-90200000.0,-4200000.0,15900000.0,-466500000.0,-273400000.0,-751100000.0,-158500000.0,0.0,821200000.0,-1800000.0,898600000.0,898600000.0,898600000.0,0.0,0.0,0.169,1202200000.0,891100000.0,710000000.0,0.293,6.228,21.978,21.127,941500000.0,0.0,75.0,3.724,3.724,518100000.0,1760200000.0,5302800000.0,5302800000.0,0.0,0.087,0.29,0.157,0.173,25600000.0,1163400000.0,1.0,263330390.0,263330390.0,,20.137,2855200000.0,0.0,-157300000.0,706500000.0,10.843,-521800000.0
3,MKC,MRY,2017-12-31,2017-11-30,2017-11-30,2021-09-30,-279500000.0,10385800000.0,7597675000.0,1617000000.0,8768800000.0,0.623,9.813,-182400000.0,186800000.0,186800000.0,2936300000.0,443500000.0,0.83,3.04,5027100000.0,583200000.0,4443900000.0,5027100000.0,0.0,125200000.0,0.0,0.018,0.94,690500000.0,815700000.0,0.172,815700000.0,690500000.0,594800000.0,1.885,1.86,1.885,2570900000.0,2161300000.0,2570900000.0,18596313344.0,27.0,22.798,632900000.0,2.416,1.0,1794000000.0,0.379,7561200000.0,95700000.0,5717600000.0,4124450000.0,793300000.0,398500000.0,0.0,398500000.0,7814900000.0,1947300000.0,5867600000.0,13385413344.0,68400000.0,-4327400000.0,445700000.0,3574600000.0,-237600000.0,3756000000.0,-4508300000.0,0.0,815300000.0,5400000.0,443500000.0,443500000.0,443500000.0,0.0,0.0,0.094,1094200000.0,699800000.0,639900000.0,0.499,5.207,30.181,27.103,809100000.0,0.0,51.09,2.83,2.83,555100000.0,1166500000.0,4730300000.0,4730300000.0,0.0,0.058,0.205,0.167,0.146,23900000.0,1031200000.0,1.0,261996738.0,261996738.0,,18.055,2824600000.0,0.0,151300000.0,1094500000.0,10.781,-330300000.0
4,MKC,MRY,2016-12-31,2016-11-30,2016-11-30,2021-09-30,-514400000.0,4635900000.0,4571700000.0,1421800000.0,3214100000.0,0.965,6.497,-152100000.0,118400000.0,118400000.0,2579800000.0,436200000.0,0.999,1.83,1447200000.0,393200000.0,1054000000.0,1447200000.0,0.0,108700000.0,0.0,0.019,0.86,645200000.0,753900000.0,0.171,753900000.0,645200000.0,589200000.0,1.865,1.845,1.865,1638100000.0,1728275000.0,1638100000.0,12981412182.0,20.0,17.219,506000000.0,2.007,1.0,1831700000.0,0.415,2196300000.0,56000000.0,2345700000.0,2479950000.0,756300000.0,348400000.0,0.0,348400000.0,2997800000.0,1422700000.0,1575100000.0,11497812182.0,5800000.0,-116400000.0,-205900000.0,55700000.0,-217800000.0,-371500000.0,-267100000.0,0.0,658100000.0,-13700000.0,436200000.0,436200000.0,436200000.0,0.0,0.0,0.099,1190700000.0,641000000.0,450800000.0,0.461,7.019,26.359,24.45,669400000.0,0.0,45.6,2.606,2.606,465200000.0,1056800000.0,4411500000.0,4411500000.0,0.0,0.095,0.252,0.26,0.146,25600000.0,1175000000.0,1.0,252145004.0,252145004.0,,17.496,2439600000.0,0.0,153000000.0,79900000.0,9.675,-900000.0
5,MKC,MRY,2015-12-31,2015-11-30,2015-11-30,2021-09-30,-406100000.0,4472600000.0,4384800000.0,1357400000.0,3115200000.0,0.98,6.587,-128000000.0,112600000.0,112600000.0,2559000000.0,364900000.0,1.096,1.651,1394400000.0,343000000.0,1051400000.0,1394400000.0,0.0,105900000.0,0.0,0.019,0.8,549500000.0,655400000.0,0.153,655400000.0,549500000.0,496200000.0,1.57,1.555,1.57,1686900000.0,1722075000.0,1686900000.0,12385388359.0,23.0,18.897,462000000.0,1.804,1.0,1737300000.0,0.404,2131400000.0,53300000.0,2384400000.0,2303800000.0,710800000.0,365400000.0,0.0,365400000.0,2785700000.0,1238600000.0,1547100000.0,11001788359.0,35300000.0,-210900000.0,-107400000.0,118000000.0,-204900000.0,-199600000.0,-338900000.0,0.0,590000000.0,-16200000.0,364900000.0,364900000.0,364900000.0,0.0,0.0,0.085,1188900000.0,548400000.0,411900000.0,0.51,6.522,30.15,27.363,618400000.0,0.0,42.96,2.561,2.561,455200000.0,1036700000.0,4296300000.0,4296300000.0,0.0,0.083,0.212,0.239,0.128,18700000.0,1127400000.0,1.0,256093770.0,256093770.0,,16.776,2341200000.0,0.0,131300000.0,0.0,9.142,118800000.0
6,MKC,MRY,2014-12-31,2014-11-30,2014-11-30,2021-09-30,-186000000.0,4414300000.0,4431350000.0,1416200000.0,2998100000.0,0.958,7.005,-131600000.0,77300000.0,77300000.0,2513000000.0,408500000.0,1.262,1.44,1284900000.0,270800000.0,1014100000.0,1284900000.0,0.0,102700000.0,0.0,0.02,0.74,604100000.0,706800000.0,0.167,706800000.0,604100000.0,554400000.0,1.685,1.67,1.685,1809400000.0,1936675000.0,1809400000.0,10873208158.0,18.0,15.384,372000000.0,1.44,1.0,1730200000.0,0.408,2053000000.0,49700000.0,2446900000.0,2501475000.0,713800000.0,342400000.0,0.0,342400000.0,2604900000.0,1122000000.0,1482900000.0,9599308158.0,14300000.0,0.0,-212600000.0,56100000.0,-192400000.0,-348900000.0,-131600000.0,0.0,503600000.0,-8800000.0,408500000.0,408500000.0,408500000.0,0.0,0.0,0.096,1127200000.0,603000000.0,372100000.0,0.439,5.305,23.499,22.056,602700000.0,0.0,37.165,2.262,2.262,493600000.0,982600000.0,4243200000.0,4243200000.0,0.0,0.092,0.211,0.241,0.142,18200000.0,1122000000.0,1.0,258288932.0,258288932.0,,16.428,2361300000.0,0.0,145900000.0,0.0,9.142,294200000.0
7,MKC,MRY,2013-12-31,2013-11-30,2013-11-30,2021-09-30,-300000.0,4449700000.0,4274400000.0,1370200000.0,3079500000.0,0.965,7.375,-97400000.0,63000000.0,63000000.0,2457600000.0,365800000.0,1.289,1.285,1233100000.0,214100000.0,1019000000.0,1233100000.0,0.0,106000000.0,0.0,0.02,0.68,552700000.0,658700000.0,0.16,658700000.0,552700000.0,499400000.0,1.47,1.455,1.47,1947700000.0,1800925000.0,1947700000.0,10343309202.0,19.0,15.703,367800000.0,1.393,1.0,1665800000.0,0.404,2131900000.0,53300000.0,2424800000.0,2274550000.0,676900000.0,371000000.0,0.0,371000000.0,2502000000.0,1063100000.0,1438900000.0,9111509202.0,-16000000.0,-142300000.0,-132700000.0,66700000.0,-179900000.0,-245900000.0,-239700000.0,0.0,465200000.0,4400000.0,365800000.0,365800000.0,365800000.0,0.0,0.0,0.089,1115300000.0,550500000.0,387300000.0,0.463,4.678,24.908,23.469,576600000.0,0.0,34.5,2.21,2.21,495500000.0,970400000.0,4123400000.0,4123400000.0,0.0,0.086,0.203,0.243,0.134,18700000.0,1075000000.0,1.0,264101716.0,264101716.0,,15.613,2317800000.0,0.0,133600000.0,0.0,8.776,307100000.0
8,MKC,MRY,2012-12-31,2012-11-30,2012-11-30,2021-09-30,-159900000.0,4165400000.0,4066950000.0,1285400000.0,2880000000.0,0.987,6.415,-109000000.0,79000000.0,79000000.0,2396400000.0,386300000.0,1.082,1.45,1171800000.0,392600000.0,779200000.0,1171800000.0,0.0,102800000.0,0.0,0.019,0.62,580700000.0,683500000.0,0.17,683500000.0,580700000.0,526100000.0,1.535,1.52,1.535,1700200000.0,1688925000.0,1700200000.0,9740492352.0,17.0,14.251,346000000.0,1.306,1.0,1617800000.0,0.403,2018800000.0,54600000.0,2051800000.0,2246775000.0,615000000.0,313900000.0,0.0,313900000.0,2465200000.0,1187600000.0,1277600000.0,8555192352.0,25100000.0,0.0,-79100000.0,-80500000.0,-164700000.0,-324300000.0,-109000000.0,0.0,455000000.0,3400000.0,386300000.0,386300000.0,386300000.0,0.0,0.0,0.096,1039500000.0,578300000.0,375800000.0,0.404,5.032,22.146,21.029,547300000.0,0.0,32.28,2.131,2.131,465900000.0,934600000.0,4014200000.0,4014200000.0,0.0,0.095,0.229,0.258,0.145,20200000.0,1039500000.0,1.0,265030742.0,265030742.0,,15.146,2146600000.0,0.0,139800000.0,0.0,8.099,97800000.0
9,MKC,MRY,2011-12-31,2011-11-30,2011-11-30,2021-09-30,-59000000.0,4087800000.0,3717350000.0,1222900000.0,2864900000.0,0.995,6.1,-96100000.0,53900000.0,53900000.0,2175100000.0,348800000.0,1.231,1.526,1252100000.0,222400000.0,1029700000.0,1252100000.0,0.0,98300000.0,0.0,0.023,0.56,542600000.0,640900000.0,0.173,640900000.0,542600000.0,491400000.0,1.41,1.395,1.41,1618500000.0,1639375000.0,1618500000.0,7440823984.0,14.0,11.61,243900000.0,0.919,1.0,1522500000.0,0.412,2044200000.0,51200000.0,2248500000.0,2109300000.0,613700000.0,297600000.0,0.0,297600000.0,2469300000.0,993300000.0,1476000000.0,6461023984.0,3100000.0,-441400000.0,-31300000.0,367600000.0,-148500000.0,187800000.0,-537500000.0,0.0,340000000.0,12800000.0,348800000.0,348800000.0,348800000.0,0.0,0.0,0.094,982200000.0,540300000.0,366600000.0,0.397,3.992,18.524,17.27,523100000.0,0.0,24.35,1.747,1.747,427000000.0,838800000.0,3697600000.0,3697600000.0,0.0,0.094,0.213,0.257,0.147,13000000.0,982200000.0,1.0,265339794.0,265339794.0,,13.935,2043600000.0,0.0,142600000.0,0.0,7.702,229600000.0
10,MKC,MRY,2010-12-31,2010-11-30,2010-11-30,2021-09-30,-3700000.0,3419700000.0,3280550000.0,1015900000.0,2403800000.0,1.017,5.501,-82800000.0,50800000.0,50800000.0,1919100000.0,344700000.0,1.217,1.338,880300000.0,100400000.0,779900000.0,880300000.0,0.0,95100000.0,0.0,0.024,0.52,512000000.0,607100000.0,0.182,607100000.0,512000000.0,462700000.0,1.395,1.375,1.395,1462700000.0,1365875000.0,1462700000.0,6804422926.0,13.0,11.208,304700000.0,1.146,1.0,1417700000.0,0.425,1649900000.0,49300000.0,1764500000.0,1821500000.0,477600000.0,265900000.0,0.0,265900000.0,1957000000.0,834800000.0,1122200000.0,5850822926.0,11300000.0,-46900000.0,-8900000.0,-114000000.0,-138200000.0,-261100000.0,-129700000.0,0.0,387500000.0,14600000.0,344700000.0,344700000.0,344700000.0,0.0,0.0,0.103,907900000.0,509800000.0,302700000.0,0.373,4.0,16.974,15.774,488000000.0,0.0,22.005,1.753,1.753,386700000.0,700900000.0,3336800000.0,3336800000.0,0.0,0.105,0.252,0.281,0.153,11900000.0,907900000.0,1.0,265886068.0,265886068.0,,12.55,1769800000.0,0.0,118000000.0,0.0,6.656,181100000.0
11,MKC,MRY,2009-12-31,2009-11-30,2009-11-30,2021-09-30,109100000.0,3387800000.0,3272825000.0,970500000.0,2417300000.0,0.975,5.132,-81800000.0,39500000.0,39500000.0,1864900000.0,283500000.0,1.186,1.522,991100000.0,116100000.0,875000000.0,991100000.0,0.0,94300000.0,0.0,0.027,0.48,469300000.0,563600000.0,0.177,563600000.0,469300000.0,416500000.0,1.145,1.135,1.145,1343500000.0,1263200000.0,1343500000.0,5801957969.0,12.0,10.294,334000000.0,1.276,1.0,1327200000.0,0.416,1717000000.0,52800000.0,1804200000.0,1871950000.0,457600000.0,210500000.0,0.0,210500000.0,2044300000.0,818200000.0,1226100000.0,4670357969.0,600000.0,0.0,35800000.0,-252200000.0,-125400000.0,-341800000.0,-81800000.0,0.0,415800000.0,8400000.0,283500000.0,283500000.0,283500000.0,0.0,0.0,0.089,860300000.0,466900000.0,298700000.0,0.419,3.476,16.474,15.581,489800000.0,0.0,17.84,1.463,1.463,365300000.0,591500000.0,3192100000.0,3192100000.0,0.0,0.087,0.224,0.251,0.147,12700000.0,846600000.0,1.0,261791366.0,261791366.0,,12.193,1670800000.0,0.0,133000000.0,0.0,6.382,152300000.0
12,MKC,MRY,2008-12-31,2008-11-30,2008-11-30,2021-09-30,48100000.0,3220300000.0,3102325000.0,968300000.0,2252000000.0,1.024,4.059,-67700000.0,38900000.0,38900000.0,1888400000.0,237200000.0,0.936,2.052,1239200000.0,354000000.0,885200000.0,1239200000.0,0.0,85600000.0,0.0,0.03,0.44,394500000.0,480100000.0,0.151,480100000.0,394500000.0,337800000.0,0.99,0.97,0.99,1055300000.0,1165100000.0,1055300000.0,5191325488.0,13.0,10.813,246900000.0,0.95,1.0,1288200000.0,0.406,1605000000.0,56700000.0,1781500000.0,1777925000.0,439000000.0,153000000.0,0.0,153000000.0,2165000000.0,1034100000.0,1130900000.0,3869925488.0,-7000000.0,-679300000.0,37800000.0,509100000.0,-113500000.0,433400000.0,-747000000.0,0.0,314600000.0,-8000000.0,237200000.0,237200000.0,237200000.0,0.0,0.0,0.075,911700000.0,376500000.0,266100000.0,0.444,3.667,16.315,15.035,461100000.0,0.0,14.885,1.218,1.218,380700000.0,425400000.0,3176600000.0,3176600000.0,0.0,0.076,0.204,0.222,0.124,18200000.0,870600000.0,1.0,259988276.0,259988276.0,,12.218,1615300000.0,0.0,100600000.0,0.0,6.213,-65800000.0
13,MKC,MRY,2007-12-31,2007-11-30,2007-11-30,2021-09-30,260300000.0,2787500000.0,2651698500.0,983100000.0,1804400000.0,1.1,4.247,-76900000.0,45900000.0,45900000.0,1724400000.0,210200000.0,1.141,1.569,723100000.0,149600000.0,573500000.0,723100000.0,0.0,82600000.0,0.0,0.021,0.4,363000000.0,445600000.0,0.153,445600000.0,363000000.0,302400000.0,0.89,0.865,0.89,1085100000.0,1011701000.0,1085100000.0,5709145303.0,16.0,12.812,147600000.0,0.578,1.0,1191800000.0,0.409,1087000000.0,60600000.0,1516400000.0,1438822750.0,430200000.0,190500000.0,0.0,190500000.0,1702400000.0,861300000.0,841100000.0,4881211303.0,-3100000.0,-15900000.0,-114000000.0,65500000.0,-103600000.0,-152100000.0,-92800000.0,0.0,224500000.0,17300000.0,210200000.0,210200000.0,210200000.0,0.0,0.0,0.072,837600000.0,354200000.0,243300000.0,0.449,4.498,23.222,21.466,487600000.0,0.0,19.105,1.674,1.674,456500000.0,323800000.0,2916200000.0,2916200000.0,0.0,0.079,0.208,0.252,0.124,21400000.0,806900000.0,1.0,255493918.0,255493918.0,,11.414,1700500000.0,0.0,92200000.0,0.0,6.656,121800000.0
14,MKC,MRY,2006-12-31,2006-11-30,2006-11-30,2021-09-30,140300000.0,2568000000.0,2418264750.0,899400000.0,1668600000.0,1.123,3.551,-78700000.0,49000000.0,49000000.0,1601800000.0,158300000.0,1.152,1.748,651000000.0,81400000.0,569600000.0,651000000.0,0.0,84300000.0,0.0,0.019,0.36,276700000.0,361000000.0,0.133,361000000.0,276700000.0,223000000.0,0.765,0.75,0.765,933300000.0,898028500.0,933300000.0,5769459927.0,21.0,15.982,232100000.0,0.883,1.0,1114600000.0,0.41,997400000.0,53700000.0,1392100000.0,1387435750.0,405700000.0,156200000.0,0.0,156200000.0,1631100000.0,780500000.0,850600000.0,5088188927.0,18700000.0,-93400000.0,-109400000.0,77200000.0,-95000000.0,-127200000.0,-172100000.0,0.0,310800000.0,7200000.0,158300000.0,158300000.0,158300000.0,0.0,0.0,0.058,845000000.0,269600000.0,224400000.0,0.471,5.452,32.143,25.307,469500000.0,0.0,19.36,1.873,1.873,379100000.0,348700000.0,2716400000.0,2716400000.0,0.0,0.065,0.176,0.199,0.102,24900000.0,772600000.0,1.0,262819676.0,262819676.0,,10.336,1570600000.0,0.0,64700000.0,0.0,5.976,118900000.0
15,MKC,MRY,2005-12-31,2005-11-30,2005-11-30,2021-09-30,27600000.0,2272700000.0,2251920000.0,800200000.0,1472500000.0,1.151,2.988,-64500000.0,30300000.0,30300000.0,1555400000.0,199000000.0,1.145,1.805,570000000.0,106100000.0,463900000.0,570000000.0,0.0,74600000.0,0.0,0.02,0.32,343900000.0,418500000.0,0.161,418500000.0,343900000.0,295700000.0,0.8,0.78,0.8,799900000.0,834857500.0,799900000.0,4828852634.0,14.0,11.538,267700000.0,1.0,1.0,1036600000.0,0.4,822200000.0,48200000.0,1291200000.0,1227677750.0,344000000.0,157200000.0,0.0,157200000.0,1443600000.0,699000000.0,744600000.0,4178982634.0,-40000000.0,-5500000.0,-140600000.0,-67600000.0,-86200000.0,-294400000.0,-70000000.0,0.0,332200000.0,-7800000.0,199000000.0,199000000.0,199000000.0,0.0,0.0,0.077,693100000.0,343500000.0,198200000.0,0.4,5.224,21.0,19.512,450800000.0,0.0,15.61,1.612,1.612,369300000.0,385400000.0,2592000000.0,2592000000.0,0.0,0.088,0.238,0.28,0.133,0.0,681900000.0,1.0,267711892.0,267711892.0,,9.682,1450500000.0,0.0,96700000.0,0.0,5.418,101200000.0
16,MKC,MRY,2004-12-31,2004-11-30,2004-11-30,2021-09-30,119600000.0,2369600000.0,2204592750.0,864000000.0,1505600000.0,1.146,3.254,-59900000.0,70300000.0,70300000.0,1518300000.0,204800000.0,1.118,1.629,638200000.0,173200000.0,465000000.0,638200000.0,0.0,72000000.0,0.0,0.015,0.28,334800000.0,406800000.0,0.161,406800000.0,334800000.0,293800000.0,0.785,0.76,0.785,889700000.0,833716000.0,889700000.0,5621412287.0,17.0,13.819,282500000.0,1.033,1.0,1007900000.0,0.399,828100000.0,41000000.0,1336700000.0,1402907750.0,350200000.0,134100000.0,0.0,134100000.0,1448900000.0,772700000.0,676200000.0,4983281287.0,45200000.0,-74500000.0,-120800000.0,19300000.0,-76900000.0,-178400000.0,-134400000.0,0.0,342400000.0,15600000.0,204800000.0,204800000.0,204800000.0,0.0,0.0,0.081,675200000.0,332700000.0,195100000.0,0.357,5.601,24.332,23.217,486600000.0,0.0,18.225,1.973,1.973,407600000.0,434100000.0,2526200000.0,2526200000.0,0.0,0.093,0.246,0.239,0.133,0.0,677700000.0,1.0,273431072.0,273431072.0,,9.239,1541500000.0,0.0,89000000.0,0.0,5.638,91300000.0
17,MKC,MRY,2003-12-31,2003-11-30,2003-11-30,2021-09-30,20000000.0,2145500000.0,2046101500.0,759400000.0,1386100000.0,1.109,2.72,-81700000.0,25100000.0,25100000.0,1371000000.0,186600000.0,1.07,1.812,619600000.0,171000000.0,448600000.0,619600000.0,0.0,65300000.0,0.0,0.016,0.23,308600000.0,373900000.0,0.165,373900000.0,308600000.0,270000000.0,0.755,0.74,0.755,755200000.0,708869000.0,755200000.0,4624856020.0,15.0,12.369,120100000.0,0.433,1.0,898600000.0,0.396,716900000.0,38600000.0,1313100000.0,1379385250.0,362800000.0,127100000.0,0.0,127100000.0,1368100000.0,710000000.0,658100000.0,3982806020.0,-22200000.0,-19000000.0,-90000000.0,16400000.0,-64100000.0,-137700000.0,-100700000.0,0.0,201800000.0,19000000.0,186600000.0,186600000.0,186600000.0,0.0,0.0,0.082,603100000.0,295500000.0,178800000.0,0.305,5.274,21.344,19.0,458300000.0,0.0,14.345,1.755,1.755,344700000.0,472600000.0,2269600000.0,2269600000.0,0.0,0.091,0.263,0.224,0.136,0.0,597600000.0,1.0,277644198.0,277644198.0,,8.174,1428600000.0,0.0,83400000.0,0.0,5.145,49400000.0
18,MKC,MRY,2002-12-31,2002-11-30,2002-11-30,2021-09-30,-97300000.0,1930800000.0,1876245250.0,724600000.0,1206200000.0,1.09,2.116,-93900000.0,47300000.0,47300000.0,1245400000.0,154500000.0,1.076,2.228,588200000.0,137300000.0,450900000.0,588200000.0,0.0,53400000.0,0.0,0.018,0.21,263100000.0,316500000.0,0.155,316500000.0,263100000.0,223900000.0,0.645,0.63,0.645,592300000.0,549144750.0,592300000.0,4020005017.0,15.0,12.701,114700000.0,0.41,1.0,799500000.0,0.391,505200000.0,39200000.0,1293200000.0,1328475000.0,283700000.0,135200000.0,0.0,135200000.0,1319600000.0,673300000.0,646300000.0,3328896017.0,16000000.0,-1400000.0,18100000.0,-74400000.0,-58600000.0,-114900000.0,-95300000.0,0.0,208600000.0,9500000.0,154500000.0,154500000.0,154500000.0,0.0,0.0,0.076,537100000.0,262400000.0,175100000.0,0.326,5.62,21.546,18.442,390100000.0,0.0,11.895,1.628,1.628,303300000.0,458900000.0,2044900000.0,2044900000.0,0.0,0.082,0.281,0.198,0.129,0.0,529600000.0,1.0,279856748.0,279856748.0,,7.307,1425600000.0,0.0,69400000.0,0.0,5.094,51300000.0
19,MKC,MRY,2001-12-31,2001-11-30,2001-11-30,2021-09-30,-83900000.0,1772000000.0,1710596500.0,635800000.0,1136200000.0,1.134,1.674,-96100000.0,31300000.0,31300000.0,1201600000.0,118000000.0,0.891,2.826,664900000.0,210800000.0,454100000.0,664900000.0,0.0,60700000.0,0.0,0.019,0.2,221700000.0,282400000.0,0.146,282400000.0,221700000.0,175000000.0,0.53,0.525,0.53,463100000.0,411078000.0,463100000.0,3724714783.0,17.0,13.189,92600000.0,0.335,1.0,737500000.0,0.38,464600000.0,46700000.0,1227300000.0,1238264500.0,278100000.0,147800000.0,0.0,147800000.0,1308900000.0,713700000.0,595200000.0,2973758783.0,7400000.0,0.0,17300000.0,-47600000.0,-55100000.0,-85400000.0,-96600000.0,0.0,188700000.0,200000.0,118000000.0,118000000.0,118000000.0,0.0,0.0,0.061,517900000.0,219600000.0,184000000.0,0.377,6.421,25.201,20.283,424500000.0,0.0,10.75,1.534,1.534,295500000.0,344100000.0,1939100000.0,1939100000.0,0.0,0.069,0.287,0.179,0.114,0.0,507600000.0,1.0,276628724.0,276628724.0,,7.01,1307400000.0,0.0,57000000.0,0.0,4.726,-77900000.0
20,MKC,MRY,2000-12-31,2000-11-30,2000-11-30,2021-09-30,-79300000.0,1659900000.0,1416512750.0,620000000.0,1039900000.0,1.441,1.313,-52000000.0,23900000.0,23900000.0,1330400000.0,119400000.0,0.604,3.62,712100000.0,551900000.0,160200000.0,712100000.0,0.0,61300000.0,0.0,0.02,0.19,225700000.0,287000000.0,0.141,287000000.0,225700000.0,186000000.0,0.5,0.495,0.5,359300000.0,348649250.0,359300000.0,3353389230.0,15.0,11.684,150000000.0,0.548,1.0,711500000.0,0.348,453000000.0,39700000.0,867900000.0,1026692000.0,274000000.0,117800000.0,0.0,117800000.0,1300600000.0,1027200000.0,273400000.0,2549145230.0,11900000.0,-386600000.0,-63300000.0,370200000.0,-52300000.0,254600000.0,-442600000.0,0.0,202000000.0,-2100000.0,119400000.0,119400000.0,119400000.0,0.0,0.0,0.058,486500000.0,225000000.0,185300000.0,0.38,7.095,21.35,18.625,373000000.0,0.0,9.312,1.248,1.248,303300000.0,263300000.0,2041900000.0,2041900000.0,0.0,0.084,0.342,0.22,0.111,0.0,485400000.0,1.0,273733716.0,273733716.0,,7.459,1206900000.0,0.0,66600000.0,3200000.0,4.409,-407200000.0
21,MKC,MRY,1999-12-31,1999-11-30,1999-11-30,2021-09-30,-34200000.0,1188800000.0,1215618750.0,490600000.0,698200000.0,1.651,1.35,-46300000.0,12000000.0,12000000.0,1289700000.0,85100000.0,1.042,2.109,342000000.0,100600000.0,241400000.0,342000000.0,0.0,57400000.0,0.0,0.021,0.17,174700000.0,232100000.0,0.116,232100000.0,174700000.0,142300000.0,0.362,0.357,0.362,382400000.0,364328000.0,382400000.0,2710933331.0,16.0,11.68,183000000.0,0.646,1.0,717200000.0,0.357,142800000.0,32400000.0,905400000.0,966646750.0,234200000.0,82800000.0,0.0,82800000.0,806400000.0,470600000.0,335800000.0,2269580331.0,-5700000.0,0.0,-69400000.0,-70400000.0,-48700000.0,-188500000.0,-45900000.0,0.0,229300000.0,-600000.0,85100000.0,85100000.0,85100000.0,0.0,0.0,0.042,547100000.0,170100000.0,148800000.0,0.47,5.935,26.67,22.141,363300000.0,0.0,8.015,1.131,1.131,213900000.0,242800000.0,2006900000.0,2006900000.0,0.0,0.07,0.234,0.181,0.087,0.0,521400000.0,1.0,283166604.0,283166604.0,,7.087,1046000000.0,0.0,57200000.0,3800000.0,3.694,20000000.0
22,MKC,MRY,1998-12-31,1998-11-30,1998-11-30,2021-09-30,-43200000.0,1259100000.0,1255649250.0,503800000.0,755300000.0,1.498,1.335,-51800000.0,17700000.0,17700000.0,1232200000.0,97600000.0,0.973,2.244,414000000.0,163600000.0,250400000.0,414000000.0,0.0,54800000.0,0.0,0.019,0.16,189400000.0,244200000.0,0.13,244200000.0,189400000.0,152500000.0,0.355,0.352,0.355,388100000.0,374775750.0,388100000.0,2933871406.0,15.0,12.014,92200000.0,0.317,1.0,648900000.0,0.345,160900000.0,36900000.0,976500000.0,1028956250.0,250900000.0,73700000.0,0.0,73700000.0,871000000.0,518000000.0,353000000.0,2426706406.0,4200000.0,-8900000.0,-48900000.0,18800000.0,-46900000.0,-77000000.0,-62600000.0,0.0,144000000.0,-200000.0,97600000.0,97600000.0,97600000.0,0.0,0.0,0.052,466800000.0,182100000.0,145900000.0,0.451,6.253,24.864,23.507,377000000.0,0.0,8.345,1.29,1.29,212800000.0,262300000.0,1881100000.0,1881100000.0,0.0,0.078,0.26,0.184,0.101,0.0,464500000.0,1.0,290797652.0,290797652.0,,6.469,1098200000.0,15200000.0,54900000.0,4200000.0,3.777,-14200000.0
23,MKC,MRY,1997-12-31,1997-11-30,1997-11-30,2021-09-30,-30600000.0,1256200000.0,1275316250.0,506500000.0,749700000.0,1.412,1.317,-40100000.0,13500000.0,13500000.0,1172400000.0,98400000.0,1.016,2.196,397800000.0,121300000.0,276500000.0,397800000.0,0.0,49300000.0,0.0,0.023,0.15,187300000.0,236600000.0,0.131,236600000.0,187300000.0,151000000.0,0.325,0.325,0.325,393100000.0,387408250.0,393100000.0,2466098444.0,13.0,10.423,141100000.0,0.473,1.0,628600000.0,0.349,158000000.0,36300000.0,984200000.0,1038545250.0,252100000.0,80800000.0,0.0,80800000.0,863100000.0,498300000.0,364800000.0,1976706444.0,-8900000.0,-3300000.0,-104200000.0,4500000.0,-45500000.0,-145200000.0,-46700000.0,0.0,181200000.0,1800000.0,98400000.0,98400000.0,98400000.0,-1000000.0,0.0,0.055,457800000.0,170800000.0,150400000.0,0.462,5.029,20.088,20.385,380000000.0,0.0,6.625,1.098,1.098,217200000.0,264300000.0,1801000000.0,1801000000.0,0.0,0.077,0.254,0.18,0.104,0.0,461000000.0,1.0,298370784.0,298370784.0,,6.036,1098200000.0,13900000.0,52600000.0,2000000.0,3.681,8200000.0
24,MKC,MRY,1996-12-31,1996-11-30,1996-11-30,2021-09-30,-24834000.0,1326609000.0,1451426500.0,534412000.0,792197000.0,1.194,1.465,-59400000.0,22418000.0,22418000.0,1128000000.0,41900000.0,1.07,1.948,400121000.0,108927000.0,291194000.0,400121000.0,0.0,63800000.0,0.0,0.023,0.14,99500000.0,163300000.0,0.094,163300000.0,99500000.0,65700000.0,0.13,0.13,0.13,450043000.0,484627250.0,450043000.0,,,,142300000.0,0.463,1.0,604500000.0,0.349,165066000.0,33800000.0,1039944000.0,1236546250.0,245089000.0,77537000.0,0.0,77537000.0,876566000.0,499302000.0,377264000.0,1890562857.0,9900000.0,248800000.0,-70200000.0,-265300000.0,-45300000.0,-380800000.0,187900000.0,0.0,201700000.0,1100000.0,41900000.0,41900000.0,41900000.0,-6200000.0,0.0,0.024,511200000.0,93300000.0,153584000.0,1.077,4.201,45.121,47.346,400394000.0,0.0,6.155,1.091,1.091,217495000.0,313847000.0,1732500000.0,1732500000.0,0.0,0.029,0.086,0.08,0.057,0.0,453100000.0,1.0,307158872.0,307158872.0,,5.64,1161543000.0,33762000.0,23800000.0,4937000.0,3.782,35110000.0
25,MKC,MRY,1995-12-31,1995-11-30,1995-11-30,2021-09-30,-29059000.0,1614341000.0,,670718000.0,943623000.0,,,-80230000.0,12465000.0,12465000.0,1106935000.0,97521000.0,1.037,2.109,646424000.0,297313000.0,349111000.0,646424000.0,0.0,63698000.0,0.0,0.022,0.13,184685000.0,248383000.0,0.147,248383000.0,184685000.0,145387000.0,0.3,0.3,0.3,519253000.0,,519253000.0,,,,-20823000.0,,1.0,584151000.0,0.345,180753000.0,39298000.0,1420680000.0,,383222000.0,54706000.0,0.0,54706000.0,1095088000.0,646867000.0,448221000.0,,-3101000.0,0.0,-5016000.0,64962000.0,-42202000.0,17744000.0,-78527000.0,0.0,59407000.0,-1725000.0,97521000.0,97521000.0,97521000.0,-10713000.0,0.0,0.058,411555000.0,172596000.0,146674000.0,0.433,,,19.683,524807000.0,0.0,5.905,,,223958000.0,387657000.0,1691086000.0,1691086000.0,0.0,,,,0.109,0.0,415459000.0,1.0,,,,,1433588000.0,33980000.0,47866000.0,25436000.0,,23851000.0
26,MKC,MRY,1994-12-31,1994-11-30,1994-11-30,2021-09-30,,,,,,,,-87524000.0,,,970564000.0,61157000.0,,,,,,,,62540000.0,,0.025,0.12,110257000.0,172797000.0,0.113,172797000.0,110257000.0,84672000.0,0.188,0.188,0.188,,,,,,,-15047000.0,,1.0,558850000.0,0.365,,25585000.0,,,,,,,,,,,2728000.0,-82573000.0,-4855000.0,157703000.0,-38997000.0,113851000.0,-184026000.0,0.0,72477000.0,426000.0,61157000.0,61157000.0,61157000.0,-18700000.0,0.0,0.04,472808000.0,86042000.0,,0.638,,,25.266,,0.0,4.75,,,,,1529414000.0,1529414000.0,0.0,,,,0.072,0.0,402363000.0,1.0,,,,,,,23515000.0,,,
0,MKC,MRQ,2021-09-30,2021-08-31,2021-08-31,2021-09-30,-435600000.0,12884400000.0,,2160900000.0,10723500000.0,,16.404,-77100000.0,312600000.0,312600000.0,949800000.0,203300000.0,0.684,1.934,5520900000.0,1535900000.0,3985000000.0,5520900000.0,0.0,47200000.0,0.0,0.019,0.34,268700000.0,315900000.0,0.204,315900000.0,268700000.0,234800000.0,0.79,0.79,0.79,4386500000.0,,4386500000.0,28231842020.0,27.0,23.311,67100000.0,0.251,1.0,599600000.0,0.387,8857800000.0,33900000.0,6073600000.0,,1202400000.0,0.0,0.0,0.0,8481300000.0,3161300000.0,5320000000.0,23062742020.0,20800000.0,0.0,1500000.0,58700000.0,-90800000.0,-30900000.0,-77000000.0,0.0,144200000.0,-15500000.0,203300000.0,203300000.0,203300000.0,0.0,0.0,0.131,334400000.0,265200000.0,1023100000.0,0.43,5.258,32.844,30.437,1113500000.0,0.0,86.29,3.753,3.755,541000000.0,2780000000.0,1549400000.0,1549400000.0,0.0,,,,,11600000.0,327300000.0,1.0,267270159.0,267400000.0,270000000.0,5.794,4026600000.0,0.0,31500000.0,752600000.0,15.058,-1000400000.0
1,MKC,MRQ,2021-06-30,2021-05-31,2021-05-31,2021-09-30,-362300000.0,12810500000.0,,2052600000.0,10757900000.0,,16.181,-64200000.0,291800000.0,291800000.0,942100000.0,160300000.0,0.862,1.958,5460900000.0,725000000.0,4735900000.0,5460900000.0,0.0,43800000.0,0.0,0.018,0.34,241300000.0,285100000.0,0.183,285100000.0,241300000.0,205700000.0,0.69,0.68,0.69,4325300000.0,,4325300000.0,29125451528.0,28.0,23.981,196700000.0,0.736,1.0,614600000.0,0.395,8923300000.0,35600000.0,6675100000.0,,1147800000.0,0.0,0.0,0.0,8469700000.0,2381200000.0,6088500000.0,23782151528.0,35700000.0,65600000.0,2300000.0,-138400000.0,-90800000.0,-234800000.0,1600000.0,0.0,260900000.0,8000000.0,160300000.0,160300000.0,160300000.0,0.0,0.0,0.103,377200000.0,237400000.0,1040500000.0,0.493,5.498,34.199,31.638,1112800000.0,0.0,89.06,3.946,3.95,500400000.0,2660500000.0,1556700000.0,1556700000.0,0.0,,,,,28400000.0,356600000.0,1.0,267035162.0,267300000.0,270000000.0,5.824,3887200000.0,0.0,45400000.0,742800000.0,14.542,-328600000.0
2,MKC,MRQ,2021-03-31,2021-02-28,2021-02-28,2021-09-30,-422500000.0,12685100000.0,,1954700000.0,10730400000.0,,15.535,-48600000.0,256100000.0,256100000.0,904000000.0,148500000.0,0.806,2.053,5599400000.0,860200000.0,4739200000.0,5599400000.0,0.0,48100000.0,0.0,0.019,0.68,240900000.0,289000000.0,0.195,289000000.0,240900000.0,207100000.0,0.61,0.6,0.61,4149500000.0,,4149500000.0,26978751657.0,25.0,21.943,-80800000.0,-0.303,1.0,577500000.0,0.39,8897900000.0,33800000.0,6706800000.0,,1073400000.0,0.0,0.0,0.0,8520400000.0,2423700000.0,6096700000.0,22497951657.0,-167500000.0,-706600000.0,3500000.0,705100000.0,-90800000.0,612700000.0,-755200000.0,0.0,-32200000.0,7200000.0,148500000.0,148500000.0,148500000.0,0.0,0.0,0.1,341200000.0,236300000.0,967400000.0,1.115,5.422,31.212,29.417,1070800000.0,0.0,84.28,3.832,3.834,515900000.0,2573600000.0,1481500000.0,1481500000.0,0.0,,,,,14200000.0,321300000.0,1.0,266942948.0,267100000.0,269900000.0,5.547,3787200000.0,0.0,58600000.0,739500000.0,14.179,-469000000.0
3,MKC,MRQ,2020-12-31,2020-11-30,2020-11-30,2021-09-30,-470800000.0,12089700000.0,,2083600000.0,10006100000.0,,14.714,-79700000.0,423600000.0,423600000.0,897200000.0,190100000.0,0.684,2.076,4904400000.0,1150600000.0,3753800000.0,4904400000.0,0.0,41100000.0,0.0,0.013,0.31,280000000.0,321100000.0,0.206,321100000.0,280000000.0,247600000.0,0.745,0.75,0.745,3926100000.0,,3926100000.0,28893294050.0,28.0,24.442,334900000.0,1.255,1.0,660700000.0,0.424,8225700000.0,32400000.0,5298300000.0,,1032600000.0,0.0,0.0,0.0,8149700000.0,3046500000.0,5103200000.0,24945294050.0,202600000.0,-803000000.0,1200000.0,737400000.0,-82700000.0,653600000.0,-882300000.0,0.0,414600000.0,16700000.0,190100000.0,190100000.0,190100000.0,0.0,0.0,0.122,385800000.0,274900000.0,1032300000.0,0.416,6.354,35.303,33.389,1028400000.0,0.0,93.49,4.453,4.453,528500000.0,2415600000.0,1557900000.0,1557900000.0,0.0,,,,,8200000.0,370500000.0,1.0,266823126.0,266823126.0,,5.839,3864000000.0,0.0,57500000.0,727200000.0,14.482,-962900000.0
4,MKC,MRQ,2020-09-30,2020-08-31,2020-08-31,2021-09-30,-429900000.0,10860700000.0,,1759600000.0,9101100000.0,,14.746,-58500000.0,221000000.0,221000000.0,840000000.0,196500000.0,0.901,1.758,4169000000.0,431500000.0,3737500000.0,4169000000.0,0.0,42400000.0,0.0,0.012,0.31,276900000.0,319300000.0,0.223,319300000.0,276900000.0,243400000.0,0.77,0.76,0.77,3932700000.0,,3932700000.0,31572525895.0,30.0,26.128,212700000.0,0.798,1.0,590300000.0,0.413,7417400000.0,33500000.0,5437800000.0,,942100000.0,0.0,0.0,0.0,6914700000.0,1953500000.0,4961200000.0,27470525895.0,36000000.0,0.0,2200000.0,-120400000.0,-82500000.0,-202200000.0,-58100000.0,0.0,271200000.0,25100000.0,196500000.0,196500000.0,196500000.0,0.0,0.0,0.137,317300000.0,273000000.0,902800000.0,0.403,6.985,38.249,36.112,960900000.0,0.0,103.1,4.969,4.974,496500000.0,2391000000.0,1430300000.0,1430300000.0,0.0,,,,,10700000.0,317200000.0,1.0,266445450.0,266700000.0,269600000.0,5.363,3443300000.0,0.0,46900000.0,704400000.0,12.911,-193900000.0
5,MKC,MRQ,2020-06-30,2020-05-31,2020-05-31,2021-09-30,-577700000.0,10576100000.0,,1615700000.0,8960400000.0,,13.711,-48600000.0,185000000.0,185000000.0,821600000.0,185700000.0,1.021,1.894,4287000000.0,173400000.0,4113600000.0,4287000000.0,0.0,39600000.0,0.0,0.014,0.31,260500000.0,300100000.0,0.214,300100000.0,260500000.0,226100000.0,0.74,0.73,0.74,3649900000.0,,3649900000.0,27550445548.0,27.0,23.181,262100000.0,0.985,1.0,579500000.0,0.414,7318300000.0,34400000.0,5777500000.0,,831300000.0,0.0,0.0,0.0,6913800000.0,1582300000.0,5331500000.0,23279445548.0,14200000.0,0.0,18100000.0,-167000000.0,-82500000.0,-237600000.0,-46900000.0,0.0,310700000.0,-12000000.0,185700000.0,185700000.0,185700000.0,0.0,0.0,0.133,322100000.0,257400000.0,857200000.0,0.419,6.378,33.067,31.167,927000000.0,0.0,87.58,4.289,4.296,494300000.0,2288700000.0,1401100000.0,1401100000.0,0.0,,,,,20700000.0,319200000.0,1.0,265807782.0,266200000.0,268500000.0,5.263,3257800000.0,0.0,40400000.0,701300000.0,12.238,33400000.0
6,MKC,MRQ,2020-03-31,2020-02-29,2020-02-29,2021-09-30,-519500000.0,10491700000.0,,1524400000.0,8967300000.0,,13.391,-38500000.0,170800000.0,170800000.0,742100000.0,134300000.0,0.736,1.942,4441800000.0,813900000.0,3627900000.0,4441800000.0,0.0,41900000.0,0.0,0.016,0.31,199700000.0,241600000.0,0.199,241600000.0,199700000.0,164400000.0,0.54,0.54,0.54,3561900000.0,,3561900000.0,23599455850.0,24.0,20.674,6300000.0,0.024,1.0,469900000.0,0.388,7337000000.0,35300000.0,5353300000.0,,835600000.0,0.0,0.0,0.0,6917100000.0,2072400000.0,4844700000.0,19430655850.0,15400000.0,0.0,-12200000.0,104700000.0,-82400000.0,7100000.0,-38300000.0,0.0,44800000.0,1800000.0,134300000.0,134300000.0,134300000.0,0.0,0.0,0.111,275700000.0,194200000.0,789400000.0,0.574,5.455,29.521,27.74,936000000.0,0.0,73.095,3.647,3.649,409900000.0,2179900000.0,1212000000.0,1212000000.0,0.0,,,,,6400000.0,274700000.0,1.0,265827428.0,266000000.0,268700000.0,4.556,3154700000.0,0.0,30100000.0,699400000.0,11.86,-548000000.0
7,MKC,MRQ,2019-12-31,2019-11-30,2019-11-30,2021-09-30,-500200000.0,10362100000.0,,1550200000.0,8811900000.0,,12.957,-66600000.0,155400000.0,155400000.0,854800000.0,201700000.0,0.72,2.005,4324200000.0,698400000.0,3625800000.0,4324200000.0,0.0,40800000.0,0.0,0.013,0.285,306600000.0,347400000.0,0.234,347400000.0,306600000.0,268100000.0,0.805,0.795,0.805,3444200000.0,,3444200000.0,26978434505.0,27.0,23.599,385600000.0,1.451,1.0,630000000.0,0.424,7352200000.0,38500000.0,5024300000.0,,801200000.0,0.0,0.0,0.0,6905400000.0,2154400000.0,4751000000.0,22495334505.0,-7500000.0,0.0,-11900000.0,-316500000.0,-75800000.0,-406600000.0,-66500000.0,0.0,452200000.0,13400000.0,201700000.0,201700000.0,201700000.0,0.0,0.0,0.136,330800000.0,299200000.0,846900000.0,0.354,6.531,33.991,31.934,952600000.0,0.0,84.625,4.207,4.207,502900000.0,2055800000.0,1484800000.0,1484800000.0,0.0,,,,,6600000.0,326900000.0,1.0,265823746.0,265823746.0,,5.586,3009900000.0,0.0,66400000.0,697600000.0,11.323,-604200000.0
8,MKC,MRQ,2019-09-30,2019-08-31,2019-08-31,2021-09-30,-428300000.0,10366000000.0,,1589400000.0,8776600000.0,,13.06,-53000000.0,162900000.0,162900000.0,789300000.0,182300000.0,0.783,1.985,4646000000.0,802900000.0,3843100000.0,4646000000.0,0.0,39000000.0,0.0,0.014,0.285,260400000.0,299400000.0,0.225,299400000.0,260400000.0,219100000.0,0.725,0.715,0.725,3468700000.0,,3468700000.0,26115840728.0,27.0,22.955,127400000.0,0.48,1.0,539900000.0,0.406,7346800000.0,41300000.0,5471900000.0,,846900000.0,0.0,0.0,0.0,6885400000.0,2030400000.0,4855000000.0,21584540728.0,23500000.0,0.0,19500000.0,-42200000.0,-75600000.0,-98500000.0,-50500000.0,0.0,180400000.0,-7900000.0,182300000.0,182300000.0,182300000.0,0.0,0.0,0.137,286400000.0,253500000.0,783100000.0,0.393,6.223,32.546,30.557,910000000.0,0.0,81.435,4.049,4.058,494600000.0,2019800000.0,1329200000.0,1329200000.0,0.0,,,,,7800000.0,278700000.0,1.0,265052382.0,265600000.0,268400000.0,5.005,3019200000.0,0.0,36800000.0,701200000.0,11.367,-441000000.0
9,MKC,MRQ,2019-06-30,2019-05-31,2019-05-31,2021-09-30,-382700000.0,10236700000.0,,1473100000.0,8763600000.0,,12.74,-28700000.0,139400000.0,139400000.0,793400000.0,139900000.0,0.792,2.033,4670700000.0,693200000.0,3977500000.0,4670700000.0,0.0,38700000.0,0.0,0.014,0.285,214400000.0,253100000.0,0.194,253100000.0,214400000.0,172000000.0,0.565,0.56,0.565,3370900000.0,,3370900000.0,25219372302.0,26.0,22.71,181900000.0,0.687,1.0,508500000.0,0.391,7371500000.0,42400000.0,5536400000.0,,816500000.0,0.0,0.0,0.0,6854100000.0,1860100000.0,4994000000.0,20598472302.0,37100000.0,0.0,12000000.0,-70800000.0,-75500000.0,-141300000.0,-28700000.0,0.0,210600000.0,-3500000.0,139900000.0,139900000.0,139900000.0,0.0,0.0,0.107,300400000.0,208100000.0,706600000.0,0.504,6.111,31.886,30.008,917400000.0,0.0,78.02,3.872,3.881,429000000.0,1918600000.0,1301900000.0,1301900000.0,0.0,,,,,16100000.0,293300000.0,1.0,264015282.0,264600000.0,267800000.0,4.92,2865200000.0,0.0,32100000.0,706400000.0,10.828,-387000000.0
10,MKC,MRQ,2019-03-31,2019-02-28,2019-02-28,2021-09-30,-327400000.0,10227900000.0,,1428000000.0,8799900000.0,,12.598,-25400000.0,102300000.0,102300000.0,764600000.0,137900000.0,0.781,2.067,4723200000.0,689200000.0,4034000000.0,4723200000.0,0.0,40300000.0,0.0,0.016,0.285,203000000.0,243300000.0,0.198,243300000.0,203000000.0,160000000.0,0.56,0.555,0.56,3331000000.0,,3331000000.0,22569320531.0,24.0,20.742,78200000.0,0.296,1.0,466900000.0,0.379,7407700000.0,43000000.0,5612000000.0,,807300000.0,0.0,0.0,0.0,6885200000.0,1829100000.0,5056100000.0,17969520531.0,5700000.0,0.0,-23800000.0,22800000.0,-75300000.0,-79400000.0,-25300000.0,0.0,103600000.0,6800000.0,137900000.0,137900000.0,137900000.0,0.0,0.0,0.112,270000000.0,196900000.0,673800000.0,0.509,5.395,28.89,27.142,934600000.0,0.0,67.99,3.378,3.38,435700000.0,1877900000.0,1231500000.0,1231500000.0,0.0,,,,,6700000.0,267900000.0,1.0,264296522.0,264400000.0,267600000.0,4.658,2820200000.0,0.0,22100000.0,704400000.0,10.666,-401100000.0
11,MKC,MRQ,2018-12-31,2018-11-30,2018-11-30,2021-09-30,-359900000.0,10256400000.0,,1479900000.0,8776500000.0,,12.042,-56500000.0,96600000.0,96600000.0,862900000.0,203100000.0,0.739,2.231,4696400000.0,643500000.0,4052900000.0,4696400000.0,0.0,39100000.0,0.0,0.014,0.26,302800000.0,341900000.0,0.233,341900000.0,302800000.0,258900000.0,0.815,0.795,0.815,3170900000.0,,3170900000.0,24661879250.0,27.0,23.122,375700000.0,1.427,1.0,605000000.0,0.412,7401200000.0,43900000.0,5453300000.0,,786300000.0,0.0,0.0,0.0,7074200000.0,2001700000.0,5072500000.0,19749779250.0,23600000.0,0.0,13800000.0,-289900000.0,-68500000.0,-358400000.0,-45100000.0,0.0,432200000.0,-5100000.0,203100000.0,203100000.0,203100000.0,0.0,0.0,0.138,313500000.0,291500000.0,710000000.0,0.319,6.228,21.978,21.127,941500000.0,0.0,75.0,3.724,3.724,518100000.0,1760200000.0,1467900000.0,1467900000.0,0.0,,,,,4000000.0,310700000.0,1.0,263330390.0,263330390.0,,5.574,2855200000.0,0.0,55800000.0,706500000.0,10.843,-521800000.0
12,MKC,MRQ,2018-09-30,2018-08-31,2018-08-31,2021-09-30,-354100000.0,10278000000.0,,1474200000.0,8803800000.0,,11.824,-52700000.0,73000000.0,73000000.0,795700000.0,165100000.0,0.795,2.303,4985100000.0,715300000.0,4269800000.0,4985100000.0,0.0,37500000.0,0.0,0.016,0.26,234700000.0,272200000.0,0.206,272200000.0,234700000.0,190000000.0,0.66,0.65,0.66,3112000000.0,,3112000000.0,21345224583.0,24.0,20.76,101400000.0,0.385,1.0,522500000.0,0.396,7435100000.0,44700000.0,5899900000.0,,806300000.0,407700000.0,0.0,407700000.0,7166000000.0,1855100000.0,5310900000.0,16392624583.0,-129600000.0,0.0,12600000.0,-168700000.0,-68400000.0,-231100000.0,-50200000.0,0.0,154100000.0,-2400000.0,165100000.0,165100000.0,165100000.0,0.0,0.0,0.125,292600000.0,229900000.0,646300000.0,0.394,5.268,19.041,18.231,961000000.0,0.0,62.44,3.139,3.147,511700000.0,1723700000.0,1318200000.0,1318200000.0,0.0,,,,,5500000.0,283700000.0,1.0,262534026.0,263200000.0,266400000.0,5.008,2842900000.0,0.0,24900000.0,667700000.0,10.801,-380900000.0
13,MKC,MRQ,2018-06-30,2018-05-31,2018-05-31,2021-09-30,-308400000.0,10383800000.0,,1564200000.0,8819600000.0,,11.569,-28600000.0,202600000.0,202600000.0,795900000.0,115900000.0,0.847,2.415,5155200000.0,699000000.0,4456200000.0,5155200000.0,0.0,37500000.0,0.0,0.02,0.26,193200000.0,230700000.0,0.177,230700000.0,193200000.0,149000000.0,0.47,0.465,0.47,3040300000.0,,3040300000.0,18212188926.0,23.0,19.334,226800000.0,0.863,1.0,505400000.0,0.388,7470300000.0,44200000.0,6019400000.0,,797600000.0,401600000.0,0.0,401600000.0,7343500000.0,1846700000.0,5496800000.0,13256888926.0,23000000.0,0.0,-10600000.0,-118100000.0,-68300000.0,-200800000.0,-28000000.0,0.0,255400000.0,-3600000.0,115900000.0,115900000.0,115900000.0,0.0,0.0,0.089,316800000.0,188600000.0,624100000.0,0.553,4.36,16.659,15.806,947700000.0,0.0,50.5,2.605,2.608,473900000.0,1631600000.0,1301300000.0,1301300000.0,0.0,,,,,11800000.0,300600000.0,1.0,262512652.0,262800000.0,265800000.0,4.952,2913500000.0,0.0,33100000.0,659900000.0,11.086,-282500000.0
14,MKC,MRQ,2018-03-31,2018-02-28,2018-02-28,2021-09-30,-224300000.0,10363000000.0,,1606000000.0,8757000000.0,,11.709,-31300000.0,179600000.0,179600000.0,755000000.0,414500000.0,0.858,2.373,5134900000.0,756300000.0,4378600000.0,5134900000.0,0.0,36600000.0,0.0,0.018,0.26,185200000.0,221800000.0,0.182,221800000.0,185200000.0,143400000.0,1.61,1.59,1.61,3072400000.0,,3072400000.0,18839810426.0,25.0,21.534,-51800000.0,-0.197,1.0,460400000.0,0.379,7533100000.0,41800000.0,5913700000.0,,827700000.0,400800000.0,0.0,400800000.0,7290600000.0,1871500000.0,5419100000.0,13999510426.0,-7200000.0,-4200000.0,100000.0,110200000.0,-68200000.0,39200000.0,-35200000.0,0.0,-20500000.0,9300000.0,414500000.0,414500000.0,414500000.0,0.0,0.0,0.341,279300000.0,181100000.0,584400000.0,0.161,4.557,18.146,17.085,823100000.0,0.0,53.39,2.856,2.858,502000000.0,1592300000.0,1215400000.0,1215400000.0,0.0,,,,,4300000.0,268400000.0,1.0,262212220.0,262400000.0,265800000.0,4.632,2829900000.0,0.0,-271100000.0,662300000.0,10.785,-265500000.0
15,MKC,MRQ,2017-12-31,2017-11-30,2017-11-30,2021-09-30,-279500000.0,10385800000.0,,1617000000.0,8768800000.0,,9.813,-74000000.0,186800000.0,186800000.0,935100000.0,165400000.0,0.83,3.04,5027100000.0,583200000.0,4443900000.0,5027100000.0,0.0,35600000.0,0.0,0.018,0.235,267900000.0,303500000.0,0.219,303500000.0,267900000.0,223100000.0,0.685,0.675,0.685,2570900000.0,,2570900000.0,18596313344.0,27.0,22.798,438300000.0,1.673,1.0,452000000.0,0.326,7561200000.0,44800000.0,5717600000.0,,793300000.0,398500000.0,0.0,398500000.0,7814900000.0,1947300000.0,5867600000.0,13385413344.0,20700000.0,0.0,100000.0,-349700000.0,-61600000.0,-410700000.0,-73200000.0,0.0,512300000.0,-7700000.0,165400000.0,165400000.0,165400000.0,0.0,0.0,0.119,187700000.0,264300000.0,639900000.0,0.343,5.207,30.181,27.103,809100000.0,0.0,51.09,2.83,2.83,555100000.0,1166500000.0,1387100000.0,1387100000.0,0.0,,,,,5500000.0,162200000.0,1.0,261996738.0,261996738.0,,5.294,2824600000.0,0.0,57700000.0,1094500000.0,10.781,-330300000.0
16,MKC,MRQ,2017-09-30,2017-08-31,2017-08-31,2021-09-30,-265900000.0,10381700000.0,,1642600000.0,8739100000.0,,10.029,-42200000.0,166100000.0,166100000.0,700800000.0,100000000.0,0.947,3.098,5377000000.0,674700000.0,4702300000.0,5377000000.0,0.0,31500000.0,0.0,0.019,0.235,154500000.0,186000000.0,0.157,186000000.0,154500000.0,133000000.0,0.43,0.425,0.43,2533300000.0,,2533300000.0,13434036963.0,21.0,17.679,83600000.0,0.331,1.0,484400000.0,0.409,7594800000.0,21500000.0,6263600000.0,,835800000.0,378900000.0,0.0,378900000.0,7848400000.0,1734200000.0,6114200000.0,11852936963.0,36100000.0,-4203400000.0,557400000.0,3663900000.0,-58600000.0,4142100000.0,-4245300000.0,0.0,125800000.0,13500000.0,100000000.0,100000000.0,100000000.0,0.0,0.0,0.084,315700000.0,168700000.0,516900000.0,0.547,4.679,27.981,25.992,765400000.0,0.0,47.565,2.594,2.629,556200000.0,1123900000.0,1185200000.0,1185200000.0,0.0,,,,,4000000.0,286500000.0,1.0,249194512.0,252600000.0,255600000.0,4.692,2786900000.0,0.0,33000000.0,1106300000.0,11.033,-91600000.0
17,MKC,MRQ,2017-06-30,2017-05-31,2017-05-31,2021-09-30,-379300000.0,4872100000.0,,1425900000.0,3446200000.0,,7.255,-37500000.0,130000000.0,130000000.0,669700000.0,91600000.0,0.792,1.693,1711100000.0,906800000.0,804300000.0,1711100000.0,0.0,29800000.0,0.0,0.017,0.235,133800000.0,163600000.0,0.147,163600000.0,133800000.0,118900000.0,0.4,0.395,0.4,1809400000.0,,1809400000.0,14552662755.0,22.0,18.87,95400000.0,0.383,1.0,444600000.0,0.399,2383800000.0,14900000.0,2268000000.0,,779800000.0,358600000.0,0.0,358600000.0,3062700000.0,1801400000.0,1261300000.0,12985262755.0,4300000.0,0.0,-37300000.0,15100000.0,-58500000.0,-85600000.0,-37100000.0,0.0,132900000.0,-5900000.0,91600000.0,91600000.0,91600000.0,0.0,0.0,0.082,312000000.0,132600000.0,453100000.0,0.588,7.177,29.299,27.336,703800000.0,0.0,52.075,2.901,2.902,429700000.0,1074200000.0,1114300000.0,1114300000.0,0.0,,,,,10300000.0,307300000.0,1.0,249356942.0,249400000.0,252800000.0,4.468,2488300000.0,0.0,27300000.0,126400000.0,9.977,-375500000.0
18,MKC,MRQ,2017-03-31,2017-02-28,2017-02-28,2021-09-30,-445000000.0,4751100000.0,,1385100000.0,3366000000.0,,6.921,-28700000.0,125700000.0,125700000.0,630700000.0,86500000.0,0.797,1.744,1693100000.0,889600000.0,803500000.0,1693100000.0,0.0,28300000.0,0.0,0.018,0.235,134300000.0,162600000.0,0.156,162600000.0,134300000.0,119800000.0,0.375,0.37,0.375,1731600000.0,,1731600000.0,13649949704.0,21.0,17.963,15600000.0,0.062,1.0,413000000.0,0.396,2331500000.0,14500000.0,2248600000.0,,767200000.0,351700000.0,0.0,351700000.0,3019500000.0,1738400000.0,1281100000.0,12321149704.0,7300000.0,-124000000.0,-74500000.0,245300000.0,-58900000.0,110200000.0,-152700000.0,0.0,44300000.0,5500000.0,86500000.0,86500000.0,86500000.0,0.0,0.0,0.083,278800000.0,134200000.0,448400000.0,0.627,7.115,28.15,26.245,682800000.0,0.0,49.21,2.784,2.782,404400000.0,1073100000.0,1043700000.0,1043700000.0,0.0,,,,,4100000.0,275200000.0,1.0,250378982.0,250200000.0,253800000.0,4.171,2419600000.0,0.0,33300000.0,122900000.0,9.671,-353300000.0
19,MKC,MRQ,2016-12-31,2016-11-30,2016-11-30,2021-09-30,-514400000.0,4635900000.0,,1421800000.0,3214100000.0,,6.497,-65100000.0,118400000.0,118400000.0,687000000.0,145500000.0,0.999,1.83,1447200000.0,393200000.0,1054000000.0,1447200000.0,0.0,26400000.0,0.0,0.019,0.215,221300000.0,247700000.0,0.202,247700000.0,221300000.0,207000000.0,0.625,0.615,0.625,1638100000.0,,1638100000.0,12981412182.0,20.0,17.219,270600000.0,1.073,1.0,540000000.0,0.44,2196300000.0,14300000.0,2345700000.0,,756300000.0,348400000.0,0.0,348400000.0,2997800000.0,1422700000.0,1575100000.0,11497812182.0,-15800000.0,-200000.0,-62900000.0,-162200000.0,-54200000.0,-279300000.0,-65300000.0,0.0,335700000.0,-6900000.0,145500000.0,145500000.0,145500000.0,0.0,0.0,0.119,320900000.0,219100000.0,450800000.0,0.344,7.019,26.359,24.45,669400000.0,0.0,45.6,2.606,2.606,465200000.0,1056800000.0,1227000000.0,1227000000.0,0.0,,,,,5800000.0,315000000.0,1.0,252145004.0,252145004.0,,4.866,2439600000.0,0.0,61500000.0,79900000.0,9.675,-900000.0
20,MKC,MRQ,2016-09-30,2016-08-31,2016-08-31,2021-09-30,-400200000.0,4678300000.0,,1420200000.0,3258100000.0,,7.02,-33700000.0,134200000.0,134200000.0,637100000.0,119600000.0,1.06,1.636,1616600000.0,559900000.0,1056700000.0,1616600000.0,0.0,29300000.0,0.0,0.017,0.215,168000000.0,197300000.0,0.181,197300000.0,168000000.0,153900000.0,0.505,0.5,0.505,1774600000.0,,1774600000.0,14350709043.0,23.0,19.234,76000000.0,0.301,1.0,453900000.0,0.416,2246900000.0,14100000.0,2573400000.0,,760300000.0,370100000.0,0.0,370100000.0,2903700000.0,1340400000.0,1563300000.0,12913309043.0,2700000.0,1900000.0,-67600000.0,45900000.0,-54300000.0,-76000000.0,-30400000.0,0.0,109700000.0,-600000.0,119600000.0,119600000.0,119600000.0,0.0,0.0,0.11,286100000.0,167800000.0,361000000.0,0.426,7.277,30.017,27.934,641100000.0,0.0,50.98,2.944,2.938,445300000.0,1074700000.0,1091000000.0,1091000000.0,0.0,,,,,4000000.0,281800000.0,1.0,253301472.0,252800000.0,255800000.0,4.316,2431400000.0,0.0,34300000.0,122700000.0,9.618,79800000.0
21,MKC,MRQ,2016-06-30,2016-05-31,2016-05-31,2021-09-30,-387700000.0,4607600000.0,,1352100000.0,3255500000.0,,6.988,-31100000.0,131500000.0,131500000.0,630500000.0,86100000.0,1.065,1.598,1567700000.0,513700000.0,1054000000.0,1567700000.0,0.0,26600000.0,0.0,0.017,0.215,125700000.0,152300000.0,0.143,152300000.0,125700000.0,112000000.0,0.37,0.365,0.37,1773500000.0,,1773500000.0,13655561161.0,22.0,19.128,103000000.0,0.406,1.0,432800000.0,0.407,2247300000.0,13700000.0,2527000000.0,,739600000.0,371100000.0,0.0,371100000.0,2834100000.0,1269500000.0,1564600000.0,12320861161.0,19700000.0,-118100000.0,-35400000.0,122900000.0,-54700000.0,30000000.0,-149200000.0,0.0,134100000.0,4800000.0,86100000.0,86100000.0,86100000.0,0.0,0.0,0.081,307800000.0,125000000.0,366200000.0,0.581,6.947,30.918,28.55,637100000.0,0.0,48.535,2.829,2.828,399600000.0,1069800000.0,1063300000.0,1063300000.0,0.0,,,,,12800000.0,303900000.0,1.0,253855180.0,253800000.0,256600000.0,4.19,2360300000.0,0.0,25900000.0,0.0,9.3,82600000.0
22,MKC,MRQ,2016-03-31,2016-02-29,2016-02-29,2021-09-30,-423700000.0,4365000000.0,,1258100000.0,3106900000.0,,6.793,-22200000.0,111800000.0,111800000.0,625200000.0,85000000.0,1.154,1.528,1445200000.0,390200000.0,1055000000.0,1445200000.0,0.0,26400000.0,0.0,0.017,0.215,130200000.0,156600000.0,0.152,156600000.0,130200000.0,116300000.0,0.365,0.365,0.365,1726900000.0,,1726900000.0,13137197023.0,22.0,18.941,56400000.0,0.222,1.0,405000000.0,0.393,2134100000.0,13900000.0,2473700000.0,,702200000.0,363700000.0,0.0,363700000.0,2638100000.0,1090600000.0,1547500000.0,11854097023.0,-800000.0,0.0,-40000000.0,49100000.0,-54600000.0,-46200000.0,-22200000.0,0.0,78600000.0,-11000000.0,85000000.0,85000000.0,85000000.0,0.0,0.0,0.083,275900000.0,129100000.0,336700000.0,0.589,6.864,30.45,28.09,609100000.0,0.0,46.63,2.746,2.746,371200000.0,1086300000.0,1030200000.0,1030200000.0,0.0,,,,,3000000.0,274300000.0,1.0,254216106.0,254200000.0,256600000.0,4.053,2230900000.0,0.0,31300000.0,0.0,8.776,167500000.0
23,MKC,MRQ,2015-12-31,2015-11-30,2015-11-30,2021-09-30,-406100000.0,4472600000.0,,1357400000.0,3115200000.0,,6.587,-58300000.0,112600000.0,112600000.0,680200000.0,139500000.0,1.096,1.651,1394400000.0,343000000.0,1051400000.0,1394400000.0,0.0,27200000.0,0.0,0.019,0.2,212700000.0,239900000.0,0.2,239900000.0,212700000.0,198900000.0,0.585,0.58,0.585,1686900000.0,,1686900000.0,12385388359.0,23.0,18.897,215100000.0,0.84,1.0,521700000.0,0.434,2131400000.0,13800000.0,2384400000.0,,710800000.0,365400000.0,0.0,365400000.0,2785700000.0,1238600000.0,1547100000.0,11001788359.0,4200000.0,0.0,-61200000.0,-95200000.0,-51200000.0,-212900000.0,-58300000.0,0.0,273400000.0,2000000.0,139500000.0,139500000.0,139500000.0,0.0,0.0,0.116,309500000.0,212200000.0,411900000.0,0.342,6.522,30.15,27.363,618400000.0,0.0,42.96,2.561,2.561,455200000.0,1036700000.0,1201900000.0,1201900000.0,0.0,,,,,1700000.0,307100000.0,1.0,256093770.0,256093770.0,,4.693,2341200000.0,0.0,59400000.0,0.0,9.142,118800000.0
24,MKC,MRQ,2015-09-30,2015-08-31,2015-08-31,2021-09-30,-353600000.0,4490700000.0,,1374500000.0,3116200000.0,,6.884,-27100000.0,108400000.0,108400000.0,638000000.0,87900000.0,0.979,1.548,1492000000.0,684800000.0,807200000.0,1492000000.0,0.0,26200000.0,0.0,0.02,0.2,138900000.0,165100000.0,0.156,165100000.0,138900000.0,125300000.0,0.38,0.38,0.38,1762200000.0,,1762200000.0,11477842437.0,21.0,17.94,103600000.0,0.405,1.0,421900000.0,0.398,2178500000.0,13600000.0,2291200000.0,,727200000.0,348600000.0,0.0,348600000.0,2728500000.0,1404600000.0,1323900000.0,10136842437.0,18900000.0,-99400000.0,9500000.0,65300000.0,-51200000.0,23600000.0,-126500000.0,0.0,130700000.0,-8900000.0,87900000.0,87900000.0,87900000.0,0.0,0.0,0.083,283200000.0,138700000.0,336100000.0,0.526,5.752,27.841,25.41,589100000.0,0.0,39.64,2.375,2.378,422900000.0,1065100000.0,1059900000.0,1059900000.0,0.0,,,,,3100000.0,271500000.0,1.0,255722564.0,256000000.0,258400000.0,4.14,2312200000.0,0.0,37400000.0,0.0,9.032,-30100000.0
25,MKC,MRQ,2015-06-30,2015-05-31,2015-05-31,2021-09-30,-324700000.0,4378400000.0,,1358900000.0,3019500000.0,,6.784,-27100000.0,89500000.0,89500000.0,620100000.0,76900000.0,1.015,1.523,1430500000.0,622600000.0,807900000.0,1430500000.0,0.0,27600000.0,0.0,0.02,0.2,104400000.0,132000000.0,0.129,132000000.0,104400000.0,91400000.0,0.33,0.325,0.33,1735300000.0,,1735300000.0,11272395584.0,20.0,17.16,62900000.0,0.246,1.0,404000000.0,0.394,2084400000.0,13000000.0,2296200000.0,,738500000.0,345000000.0,0.0,345000000.0,2643100000.0,1338800000.0,1304300000.0,10031195584.0,7700000.0,-111500000.0,-2100000.0,107200000.0,-51200000.0,53900000.0,-138600000.0,0.0,90000000.0,2400000.0,76900000.0,76900000.0,76900000.0,0.0,0.0,0.075,300200000.0,103800000.0,337800000.0,0.606,5.781,25.701,23.716,590100000.0,0.0,39.25,2.36,2.362,390600000.0,1020400000.0,1024100000.0,1024100000.0,0.0,,,,,10200000.0,281200000.0,1.0,255571862.0,255800000.0,258000000.0,4.004,2294000000.0,0.0,14500000.0,0.0,8.968,20100000.0
26,MKC,MRQ,2015-03-31,2015-02-28,2015-02-28,2021-09-30,-314900000.0,4197500000.0,,1304700000.0,2892800000.0,,6.645,-15500000.0,81800000.0,81800000.0,620700000.0,60600000.0,1.069,1.463,1323000000.0,516200000.0,806800000.0,1323000000.0,0.0,24900000.0,0.0,0.02,0.2,93500000.0,118400000.0,0.117,118400000.0,93500000.0,80600000.0,0.275,0.275,0.275,1703900000.0,,1703900000.0,10876478022.0,19.0,16.147,80400000.0,0.314,1.0,389700000.0,0.386,1974300000.0,12900000.0,2243400000.0,,708400000.0,337900000.0,0.0,337900000.0,2493600000.0,1221000000.0,1272600000.0,9668878022.0,4500000.0,0.0,-53600000.0,40700000.0,-51300000.0,-64200000.0,-15500000.0,0.0,95900000.0,-11700000.0,60600000.0,60600000.0,60600000.0,0.0,0.0,0.06,296000000.0,93700000.0,334600000.0,0.727,5.675,24.684,22.842,580600000.0,0.0,37.69,2.27,2.268,384100000.0,992000000.0,1010400000.0,1010400000.0,0.0,,,,,3700000.0,267600000.0,1.0,256536960.0,256400000.0,258600000.0,3.941,2223200000.0,0.0,20000000.0,0.0,8.671,83700000.0
27,MKC,MRQ,2014-12-31,2014-11-30,2014-11-30,2021-09-30,-186000000.0,4414300000.0,,1416200000.0,2998100000.0,,7.005,-54400000.0,77300000.0,77300000.0,667500000.0,138700000.0,1.262,1.44,1284900000.0,270800000.0,1014100000.0,1284900000.0,0.0,24600000.0,0.0,0.02,0.185,199700000.0,224300000.0,0.191,224300000.0,199700000.0,187300000.0,0.575,0.565,0.575,1809400000.0,,1809400000.0,10873208158.0,18.0,15.384,173400000.0,0.671,1.0,506100000.0,0.431,2053000000.0,12400000.0,2446900000.0,,713800000.0,342400000.0,0.0,342400000.0,2604900000.0,1122000000.0,1482900000.0,9599308158.0,-16500000.0,0.0,-53400000.0,-82200000.0,-47700000.0,-183300000.0,-54400000.0,0.0,227800000.0,-6600000.0,138700000.0,138700000.0,138700000.0,0.0,0.0,0.118,306700000.0,199400000.0,372100000.0,0.322,5.305,23.499,22.056,602700000.0,0.0,37.165,2.262,2.262,493600000.0,982600000.0,1173600000.0,1173600000.0,0.0,,,,,3100000.0,303800000.0,1.0,258288932.0,258288932.0,,4.544,2361300000.0,0.0,48600000.0,0.0,9.142,294200000.0
28,MKC,MRQ,2014-09-30,2014-08-31,2014-08-31,2021-09-30,-29600000.0,4472100000.0,,1408800000.0,3063300000.0,,7.6,-30500000.0,93800000.0,93800000.0,622700000.0,114100000.0,1.307,1.27,1367700000.0,353400000.0,1014300000.0,1367700000.0,0.0,24600000.0,0.0,0.021,0.185,157600000.0,182200000.0,0.175,182200000.0,157600000.0,145200000.0,0.475,0.47,0.475,1970000000.0,,1970000000.0,10290390614.0,18.0,14.996,63200000.0,0.244,1.0,420100000.0,0.403,2105600000.0,12400000.0,2562800000.0,,705600000.0,378900000.0,0.0,378900000.0,2502100000.0,1077600000.0,1424500000.0,9046590614.0,12400000.0,0.0,-49000000.0,45200000.0,-48000000.0,-51800000.0,-30500000.0,0.0,93700000.0,1000000.0,114100000.0,114100000.0,114100000.0,0.0,0.0,0.109,262800000.0,157300000.0,338800000.0,0.389,4.592,23.025,21.71,578800000.0,0.0,34.845,2.134,2.13,476800000.0,993600000.0,1042800000.0,1042800000.0,0.0,,,,,3000000.0,260500000.0,1.0,259623780.0,259200000.0,261200000.0,4.023,2366500000.0,0.0,31100000.0,0.0,9.13,331200000.0
29,MKC,MRQ,2014-06-30,2014-05-31,2014-05-31,2021-09-30,8800000.0,4409300000.0,,1324700000.0,3084600000.0,,7.603,-28700000.0,81400000.0,81400000.0,620900000.0,78300000.0,1.321,1.227,1325200000.0,308400000.0,1016800000.0,1325200000.0,0.0,26700000.0,0.0,0.02,0.185,122000000.0,148700000.0,0.144,148700000.0,122000000.0,109500000.0,0.325,0.32,0.325,1979900000.0,,1979900000.0,10645701568.0,19.0,15.704,76700000.0,0.295,1.0,412500000.0,0.399,2139000000.0,12500000.0,2511300000.0,,687300000.0,370600000.0,0.0,370600000.0,2429400000.0,1002800000.0,1426600000.0,9436501568.0,-8000000.0,0.0,-62200000.0,25100000.0,-48100000.0,-85200000.0,-28700000.0,0.0,105400000.0,500000.0,78300000.0,78300000.0,78300000.0,0.0,0.0,0.076,290800000.0,121700000.0,335800000.0,0.569,4.766,24.951,23.708,575000000.0,0.0,36.155,2.24,2.235,417100000.0,969300000.0,1033400000.0,1033400000.0,0.0,,,,,9500000.0,290800000.0,1.0,261001288.0,260400000.0,262400000.0,3.969,2270300000.0,0.0,31200000.0,0.0,8.719,321900000.0
30,MKC,MRQ,2014-03-31,2014-02-28,2014-02-28,2021-09-30,6600000.0,4429700000.0,,1340100000.0,3089600000.0,,7.58,-18000000.0,89400000.0,89400000.0,601900000.0,77400000.0,1.324,1.229,1298600000.0,282000000.0,1016600000.0,1298600000.0,0.0,26800000.0,0.0,0.021,0.185,124800000.0,151600000.0,0.153,151600000.0,124800000.0,112400000.0,0.315,0.31,0.315,1987400000.0,,1987400000.0,9879415363.0,17.0,14.712,58700000.0,0.224,1.0,391500000.0,0.394,2141900000.0,12400000.0,2484900000.0,,682900000.0,376700000.0,0.0,376700000.0,2442300000.0,1012100000.0,1430200000.0,8709315363.0,26400000.0,0.0,-48000000.0,68000000.0,-48600000.0,-28600000.0,-18000000.0,0.0,76700000.0,-3700000.0,77400000.0,77400000.0,77400000.0,0.0,0.0,0.078,266900000.0,124600000.0,348000000.0,0.587,4.382,23.374,22.133,571000000.0,0.0,33.2,2.082,2.081,428000000.0,993200000.0,993400000.0,993400000.0,0.0,,,,,2600000.0,266900000.0,1.0,262328776.0,262200000.0,264400000.0,3.789,2287800000.0,0.0,35000000.0,0.0,8.725,328000000.0
31,MKC,MRQ,2013-12-31,2013-11-30,2013-11-30,2021-09-30,-300000.0,4449700000.0,,1370200000.0,3079500000.0,,7.375,-45400000.0,63000000.0,63000000.0,667800000.0,123100000.0,1.289,1.285,1233100000.0,214100000.0,1019000000.0,1233100000.0,0.0,29100000.0,0.0,0.02,0.17,174600000.0,203700000.0,0.174,203700000.0,174600000.0,162700000.0,0.49,0.485,0.49,1947700000.0,,1947700000.0,10343309202.0,19.0,15.703,192400000.0,0.729,1.0,502200000.0,0.429,2131900000.0,11900000.0,2424800000.0,,676900000.0,371000000.0,0.0,371000000.0,2502000000.0,1063100000.0,1438900000.0,9111509202.0,-83800000.0,-12300000.0,-73400000.0,-146500000.0,-44900000.0,-264800000.0,-57700000.0,0.0,237800000.0,900000.0,123100000.0,123100000.0,123100000.0,0.0,0.0,0.105,328100000.0,174100000.0,387300000.0,0.347,4.678,24.908,23.469,576600000.0,0.0,34.5,2.21,2.21,495500000.0,970400000.0,1170000000.0,1170000000.0,0.0,,,,,2600000.0,287800000.0,1.0,264101716.0,264101716.0,,4.43,2317800000.0,0.0,39600000.0,0.0,8.776,307100000.0
32,MKC,MRQ,2013-09-30,2013-08-31,2013-08-31,2021-09-30,-183600000.0,4353000000.0,,1370900000.0,2982100000.0,,6.804,-19300000.0,146800000.0,146800000.0,608800000.0,99400000.0,1.3,1.422,1378600000.0,360000000.0,1018600000.0,1378600000.0,0.0,25200000.0,0.0,0.02,0.17,148700000.0,173900000.0,0.171,173900000.0,148700000.0,134700000.0,0.395,0.39,0.395,1797500000.0,,1797500000.0,10183050465.0,18.0,14.933,75400000.0,0.285,1.0,407600000.0,0.401,2103900000.0,14000000.0,2426600000.0,,640800000.0,328500000.0,0.0,328500000.0,2555500000.0,1054300000.0,1501200000.0,8928850465.0,74700000.0,-13300000.0,3000000.0,55200000.0,-44900000.0,13300000.0,-32600000.0,0.0,94700000.0,-700000.0,99400000.0,99400000.0,99400000.0,0.0,0.0,0.098,259200000.0,148400000.0,324700000.0,0.43,4.967,23.27,21.964,549700000.0,0.0,33.825,2.178,2.18,462400000.0,1011900000.0,1016400000.0,1016400000.0,0.0,,,,,3600000.0,259200000.0,1.0,263971928.0,264200000.0,267000000.0,3.847,2249100000.0,0.0,35300000.0,0.0,8.513,316600000.0
33,MKC,MRQ,2013-06-30,2013-05-31,2013-05-31,2021-09-30,-184200000.0,4208800000.0,,1217500000.0,2991300000.0,,6.562,-22200000.0,72100000.0,72100000.0,608200000.0,72700000.0,0.993,1.428,1326300000.0,551900000.0,774400000.0,1326300000.0,0.0,25500000.0,0.0,0.019,0.17,116800000.0,142300000.0,0.142,142300000.0,116800000.0,103300000.0,0.3,0.295,0.3,1733700000.0,,1733700000.0,10273157955.0,18.0,15.123,78900000.0,0.299,1.0,394400000.0,0.393,2107500000.0,13500000.0,2129300000.0,,611400000.0,329500000.0,0.0,329500000.0,2475100000.0,1226200000.0,1248900000.0,9111957955.0,3500000.0,-115900000.0,-12600000.0,97600000.0,-45000000.0,40000000.0,-138100000.0,0.0,101100000.0,500000.0,72700000.0,72700000.0,72700000.0,0.0,0.0,0.073,278400000.0,116000000.0,322100000.0,0.567,5.256,23.779,22.429,554300000.0,0.0,34.54,2.244,2.247,399900000.0,953200000.0,1002600000.0,1002600000.0,0.0,,,,,9700000.0,278400000.0,1.0,263808858.0,264200000.0,267200000.0,3.795,2101300000.0,0.0,30600000.0,0.0,7.953,-8700000.0
34,MKC,MRQ,2013-03-31,2013-02-28,2013-02-28,2021-09-30,-163000000.0,4086100000.0,,1211500000.0,2874600000.0,,6.509,-10500000.0,68600000.0,68600000.0,572700000.0,70600000.0,1.086,1.369,1229800000.0,453800000.0,776000000.0,1229800000.0,0.0,26200000.0,0.0,0.019,0.17,112600000.0,138800000.0,0.149,138800000.0,112600000.0,98700000.0,0.285,0.285,0.285,1724800000.0,,1724800000.0,10018055451.0,17.0,14.668,21100000.0,0.08,1.0,361700000.0,0.387,2014300000.0,13900000.0,2117500000.0,,606500000.0,327800000.0,0.0,327800000.0,2361300000.0,1115500000.0,1245800000.0,8925255451.0,-10400000.0,-800000.0,-49700000.0,60400000.0,-45100000.0,-34400000.0,-11300000.0,0.0,31600000.0,3700000.0,70600000.0,70600000.0,70600000.0,0.0,0.0,0.076,249700000.0,112000000.0,340200000.0,0.596,5.175,23.063,21.77,532500000.0,0.0,33.635,2.208,2.205,403900000.0,948300000.0,934400000.0,934400000.0,0.0,,,,,2800000.0,249700000.0,1.0,265356190.0,265000000.0,268000000.0,3.526,2071800000.0,0.0,28100000.0,0.0,7.818,96000000.0
35,MKC,MRQ,2012-12-31,2012-11-30,2012-11-30,2021-09-30,-159900000.0,4165400000.0,,1285400000.0,2880000000.0,,6.415,-47500000.0,79000000.0,79000000.0,663400000.0,141000000.0,1.082,1.45,1171800000.0,392600000.0,779200000.0,1171800000.0,0.0,26000000.0,0.0,0.019,0.155,200900000.0,226900000.0,0.198,226900000.0,200900000.0,187000000.0,0.56,0.555,0.56,1700200000.0,,1700200000.0,9740492352.0,17.0,14.251,151200000.0,0.57,1.0,482400000.0,0.421,2018800000.0,13900000.0,2051800000.0,,615000000.0,313900000.0,0.0,313900000.0,2465200000.0,1187600000.0,1277600000.0,8555192352.0,6800000.0,0.0,-18200000.0,-88000000.0,-41100000.0,-147300000.0,-47500000.0,0.0,198700000.0,2900000.0,141000000.0,141000000.0,141000000.0,0.0,0.0,0.123,282100000.0,200300000.0,375800000.0,0.277,5.032,22.146,21.029,547300000.0,0.0,32.28,2.131,2.131,465900000.0,934600000.0,1145800000.0,1145800000.0,0.0,,,,,8300000.0,282100000.0,1.0,265030742.0,265030742.0,,4.323,2146600000.0,0.0,46000000.0,0.0,8.099,97800000.0
36,MKC,MRQ,2012-09-30,2012-08-31,2012-08-31,2021-09-30,-89500000.0,4057000000.0,,1219400000.0,2837600000.0,,6.496,-26600000.0,72200000.0,72200000.0,586000000.0,98900000.0,1.351,1.353,1257500000.0,231300000.0,1026200000.0,1257500000.0,0.0,26200000.0,0.0,0.02,0.155,145100000.0,171300000.0,0.175,171300000.0,145100000.0,131900000.0,0.395,0.39,0.395,1724000000.0,,1724000000.0,9359726324.0,16.0,13.899,85300000.0,0.321,1.0,391700000.0,0.401,2012400000.0,13200000.0,2327300000.0,,628600000.0,306700000.0,0.0,306700000.0,2333000000.0,902600000.0,1430400000.0,8149026324.0,10800000.0,0.0,-21900000.0,-13600000.0,-41200000.0,-76700000.0,-26600000.0,0.0,111900000.0,2200000.0,98900000.0,98900000.0,98900000.0,0.0,0.0,0.101,247500000.0,144200000.0,317500000.0,0.392,4.727,21.871,20.827,518500000.0,0.0,30.72,2.048,2.049,411200000.0,909600000.0,977700000.0,977700000.0,0.0,,,,,3200000.0,247500000.0,1.0,265267784.0,265400000.0,268600000.0,3.684,2044600000.0,0.0,33000000.0,0.0,7.704,316800000.0
37,MKC,MRQ,2012-06-30,2012-05-31,2012-05-31,2021-09-30,-127300000.0,3965700000.0,,1167200000.0,2798500000.0,,6.18,-20000000.0,61400000.0,61400000.0,595600000.0,76500000.0,1.296,1.42,1272100000.0,244400000.0,1027700000.0,1272100000.0,0.0,24800000.0,0.0,0.021,0.155,121200000.0,146000000.0,0.148,146000000.0,121200000.0,107300000.0,0.305,0.3,0.305,1638900000.0,,1638900000.0,8730649826.0,16.0,13.303,101900000.0,0.384,1.0,388400000.0,0.395,1992900000.0,13900000.0,2283200000.0,,611000000.0,298100000.0,0.0,298100000.0,2326800000.0,900300000.0,1426500000.0,7473249826.0,7000000.0,0.0,-11100000.0,-38900000.0,-41000000.0,-91000000.0,-20000000.0,0.0,121900000.0,-3900000.0,76500000.0,76500000.0,76500000.0,0.0,0.0,0.078,267100000.0,121300000.0,321900000.0,0.508,4.56,20.823,19.775,507500000.0,0.0,28.18,1.906,1.906,378000000.0,885900000.0,984000000.0,984000000.0,0.0,,,,,6100000.0,267100000.0,1.0,265196942.0,265200000.0,268200000.0,3.71,1972800000.0,0.0,30800000.0,0.0,7.439,266900000.0
38,MKC,MRQ,2012-03-31,2012-02-29,2012-02-29,2021-09-30,-35600000.0,4079700000.0,,1192800000.0,2886900000.0,,6.358,-14900000.0,54400000.0,54400000.0,551400000.0,69900000.0,1.243,1.41,1311800000.0,283100000.0,1028700000.0,1311800000.0,0.0,25800000.0,0.0,0.023,0.155,113400000.0,139200000.0,0.154,139200000.0,113400000.0,99900000.0,0.28,0.275,0.28,1692600000.0,,1692600000.0,7910542280.0,15.0,12.259,7600000.0,0.029,1.0,355300000.0,0.392,2052400000.0,13500000.0,2324800000.0,,640400000.0,311100000.0,0.0,311100000.0,2387100000.0,959900000.0,1427200000.0,6712342280.0,500000.0,0.0,-27900000.0,60000000.0,-41400000.0,-9300000.0,-14900000.0,0.0,22500000.0,2200000.0,69900000.0,69900000.0,69900000.0,0.0,0.0,0.077,242800000.0,112500000.0,342300000.0,0.554,3.966,19.184,18.018,523400000.0,0.0,25.225,1.756,1.757,381100000.0,869000000.0,906700000.0,906700000.0,0.0,,,,,2600000.0,242800000.0,1.0,266098802.0,266200000.0,269000000.0,3.406,2027300000.0,0.0,30000000.0,0.0,7.616,232900000.0
39,MKC,MRQ,2011-12-31,2011-11-30,2011-11-30,2021-09-30,-59000000.0,4087800000.0,,1222900000.0,2864900000.0,,6.1,-38000000.0,53900000.0,53900000.0,631600000.0,127300000.0,1.231,1.526,1252100000.0,222400000.0,1029700000.0,1252100000.0,0.0,25100000.0,0.0,0.023,0.14,191800000.0,216900000.0,0.195,216900000.0,191800000.0,178200000.0,0.495,0.48,0.495,1618500000.0,,1618500000.0,7440823984.0,14.0,11.61,216300000.0,0.815,1.0,479100000.0,0.431,2044200000.0,13600000.0,2248500000.0,,613700000.0,297600000.0,0.0,297600000.0,2469300000.0,993300000.0,1476000000.0,6461023984.0,1700000.0,-402200000.0,12400000.0,216400000.0,-37100000.0,191700000.0,-440200000.0,0.0,254300000.0,-4100000.0,127300000.0,127300000.0,127300000.0,0.0,0.0,0.115,287100000.0,192000000.0,366600000.0,0.283,3.992,18.524,17.27,523100000.0,0.0,24.35,1.747,1.747,427000000.0,838800000.0,1110700000.0,1110700000.0,0.0,,,,,2600000.0,287100000.0,1.0,265339794.0,265339794.0,,4.186,2043600000.0,0.0,50900000.0,0.0,7.702,229600000.0
40,MKC,MRQ,2011-09-30,2011-08-31,2011-08-31,2021-09-30,118800000.0,3714600000.0,,1163300000.0,2551300000.0,,6.487,-25000000.0,52200000.0,52200000.0,555900000.0,85200000.0,1.819,1.159,1032000000.0,300000.0,1031700000.0,1032000000.0,0.0,24700000.0,0.0,0.023,0.14,129500000.0,154200000.0,0.168,154200000.0,129500000.0,116400000.0,0.345,0.345,0.345,1720400000.0,,1720400000.0,7263264018.0,14.0,11.427,24400000.0,0.092,1.0,364500000.0,0.396,1747200000.0,13100000.0,2307700000.0,,600300000.0,306500000.0,0.0,306500000.0,1994200000.0,639500000.0,1354700000.0,6321464018.0,4300000.0,-39200000.0,14400000.0,41200000.0,-37100000.0,18500000.0,-64200000.0,0.0,49400000.0,600000.0,85200000.0,85200000.0,85200000.0,0.0,0.0,0.093,236100000.0,128400000.0,303200000.0,0.406,3.674,18.098,16.827,497600000.0,0.0,23.895,1.773,1.777,391700000.0,785700000.0,920400000.0,920400000.0,0.0,,,,,2800000.0,236100000.0,1.0,264551748.0,265200000.0,268200000.0,3.471,1967400000.0,0.0,31200000.0,0.0,7.419,523800000.0
41,MKC,MRQ,2011-06-30,2011-05-31,2011-05-31,2021-09-30,112400000.0,3589400000.0,,1079600000.0,2509800000.0,,6.201,-18900000.0,47900000.0,47900000.0,533000000.0,67500000.0,1.275,1.186,989700000.0,208500000.0,781200000.0,989700000.0,0.0,24800000.0,0.0,0.022,0.14,110200000.0,135000000.0,0.153,135000000.0,110200000.0,97900000.0,0.28,0.28,0.28,1642100000.0,,1642100000.0,7579604254.0,14.0,11.991,40500000.0,0.153,1.0,350700000.0,0.397,1715000000.0,12300000.0,1969700000.0,,577300000.0,300000000.0,0.0,300000000.0,1947300000.0,846500000.0,1100800000.0,6650004254.0,7300000.0,0.0,-24900000.0,16400000.0,-37100000.0,-45600000.0,-18900000.0,0.0,59400000.0,12400000.0,67500000.0,67500000.0,67500000.0,0.0,0.0,0.076,241400000.0,109300000.0,301800000.0,0.5,4.05,18.477,17.188,494800000.0,0.0,25.095,1.933,1.931,342600000.0,732700000.0,883700000.0,883700000.0,0.0,,,,,5500000.0,241400000.0,1.0,264993196.0,264800000.0,268200000.0,3.337,1874400000.0,0.0,30400000.0,0.0,7.079,233100000.0
42,MKC,MRQ,2011-03-31,2011-02-28,2011-02-28,2021-09-30,64100000.0,3477600000.0,,1015600000.0,2462000000.0,,5.931,-14200000.0,40600000.0,40600000.0,454600000.0,68900000.0,1.259,1.206,970200000.0,194500000.0,775700000.0,970200000.0,0.0,23700000.0,0.0,0.022,0.14,111100000.0,134800000.0,0.172,134800000.0,111100000.0,98900000.0,0.29,0.29,0.29,1576500000.0,,1576500000.0,7165233885.0,14.0,11.605,-37300000.0,-0.14,1.0,328200000.0,0.419,1689200000.0,12200000.0,1911300000.0,,544900000.0,281400000.0,0.0,281400000.0,1901100000.0,806700000.0,1094400000.0,6335733885.0,-10200000.0,0.0,-33200000.0,93600000.0,-37200000.0,23200000.0,-14200000.0,0.0,-23100000.0,3900000.0,68900000.0,68900000.0,68900000.0,0.0,0.0,0.088,217600000.0,110600000.0,286800000.0,0.483,4.019,18.004,16.661,491400000.0,0.0,23.825,1.888,1.887,326800000.0,731300000.0,782800000.0,782800000.0,0.0,,,,,2100000.0,217600000.0,1.0,265927970.0,265800000.0,269200000.0,2.945,1788400000.0,0.0,30000000.0,0.0,6.728,208900000.0
43,MKC,MRQ,2010-12-31,2010-11-30,2010-11-30,2021-09-30,-3700000.0,3419700000.0,,1015900000.0,2403800000.0,,5.501,-36400000.0,50800000.0,50800000.0,533400000.0,127700000.0,1.217,1.338,880300000.0,100400000.0,779900000.0,880300000.0,0.0,25000000.0,0.0,0.024,0.13,186600000.0,211600000.0,0.216,211600000.0,186600000.0,174300000.0,0.505,0.485,0.505,1462700000.0,,1462700000.0,6804422926.0,13.0,11.208,205900000.0,0.774,1.0,446000000.0,0.455,1649900000.0,12300000.0,1764500000.0,,477600000.0,265900000.0,0.0,265900000.0,1957000000.0,834800000.0,1122200000.0,5850822926.0,27200000.0,-46900000.0,-16600000.0,-97300000.0,-34500000.0,-148400000.0,-83300000.0,0.0,242300000.0,16600000.0,127700000.0,127700000.0,127700000.0,0.0,0.0,0.13,260600000.0,185400000.0,302700000.0,0.257,4.0,16.974,15.774,488000000.0,0.0,22.005,1.753,1.753,386700000.0,700900000.0,979400000.0,979400000.0,0.0,,,,,2200000.0,260600000.0,1.0,265886068.0,265886068.0,,3.684,1769800000.0,0.0,46600000.0,0.0,6.656,181100000.0
44,MKC,MRQ,2010-09-30,2010-08-31,2010-08-31,2021-09-30,-37000000.0,3264700000.0,,955600000.0,2309100000.0,,5.183,-14200000.0,23600000.0,23600000.0,459800000.0,95800000.0,1.197,1.363,977200000.0,197700000.0,779500000.0,977200000.0,0.0,24200000.0,0.0,0.026,0.13,126500000.0,150700000.0,0.19,150700000.0,126500000.0,114100000.0,0.385,0.385,0.385,1381800000.0,,1381800000.0,6293369664.0,12.0,10.512,65800000.0,0.247,1.0,334800000.0,0.421,1624000000.0,12400000.0,1795800000.0,,494400000.0,220300000.0,0.0,220300000.0,1882900000.0,798500000.0,1084400000.0,5312369664.0,500000.0,0.0,-15600000.0,-30600000.0,-34700000.0,-80900000.0,-14200000.0,0.0,80000000.0,15600000.0,95800000.0,95800000.0,95800000.0,0.0,0.0,0.121,208800000.0,126000000.0,267200000.0,0.338,3.845,16.246,14.933,464800000.0,0.0,19.935,1.619,1.619,319700000.0,709600000.0,794600000.0,794600000.0,0.0,,,,,2200000.0,208800000.0,1.0,266484558.0,266600000.0,269800000.0,2.98,1640700000.0,0.0,18300000.0,0.0,6.154,157100000.0
45,MKC,MRQ,2010-06-30,2010-05-31,2010-05-31,2021-09-30,-76700000.0,3192400000.0,,907800000.0,2284600000.0,,4.836,-23400000.0,23100000.0,23100000.0,471600000.0,59500000.0,1.28,1.48,1004100000.0,129500000.0,874600000.0,1004100000.0,0.0,22800000.0,0.0,0.026,0.13,97500000.0,120300000.0,0.151,120300000.0,97500000.0,85200000.0,0.25,0.25,0.25,1287400000.0,,1287400000.0,6104749073.0,12.0,10.393,46900000.0,0.176,1.0,326700000.0,0.409,1604500000.0,12300000.0,1859600000.0,,456300000.0,216200000.0,0.0,216200000.0,1905000000.0,709300000.0,1195700000.0,5109949073.0,1200000.0,0.0,9300000.0,-14900000.0,-34600000.0,-40200000.0,-23400000.0,0.0,70300000.0,-5500000.0,59500000.0,59500000.0,59500000.0,0.0,0.0,0.075,229200000.0,97500000.0,266000000.0,0.52,3.969,16.853,15.615,463900000.0,0.0,19.285,1.558,1.566,310800000.0,670100000.0,798300000.0,798300000.0,0.0,,,,,5500000.0,229200000.0,1.0,264970136.0,266200000.0,269600000.0,2.999,1587900000.0,0.0,25700000.0,0.0,5.965,198500000.0
46,MKC,MRQ,2010-03-31,2010-02-28,2010-02-28,2021-09-30,13000000.0,3245400000.0,,901800000.0,2343600000.0,,5.033,-8800000.0,21900000.0,21900000.0,454300000.0,61600000.0,1.26,1.437,1016700000.0,144400000.0,872300000.0,1016700000.0,0.0,23100000.0,0.0,0.026,0.13,101400000.0,124500000.0,0.163,124500000.0,101400000.0,89100000.0,0.255,0.255,0.255,1331600000.0,,1331600000.0,5855043643.0,12.0,10.132,-13900000.0,-0.053,1.0,310200000.0,0.406,1658600000.0,12300000.0,1866100000.0,,448500000.0,215300000.0,0.0,215300000.0,1913800000.0,715500000.0,1198300000.0,4903443643.0,-17600000.0,0.0,14000000.0,28800000.0,-34400000.0,8400000.0,-8800000.0,0.0,-5100000.0,-12100000.0,61600000.0,61600000.0,61600000.0,0.0,0.0,0.081,209400000.0,100800000.0,254800000.0,0.51,3.682,16.874,15.725,469700000.0,0.0,18.555,1.514,1.516,325300000.0,653400000.0,764500000.0,764500000.0,0.0,,,,,2000000.0,209400000.0,1.0,264265354.0,264600000.0,268000000.0,2.889,1586800000.0,0.0,27500000.0,0.0,5.997,186300000.0
47,MKC,MRQ,2009-12-31,2009-11-30,2009-11-30,2021-09-30,109100000.0,3387800000.0,,970500000.0,2417300000.0,,5.132,-28500000.0,39500000.0,39500000.0,502900000.0,110100000.0,1.186,1.522,991100000.0,116100000.0,875000000.0,991100000.0,0.0,24700000.0,0.0,0.027,0.12,178500000.0,203200000.0,0.22,203200000.0,178500000.0,165900000.0,0.445,0.435,0.445,1343500000.0,,1343500000.0,5801957969.0,12.0,10.294,192200000.0,0.734,1.0,421700000.0,0.456,1717000000.0,12600000.0,1804200000.0,,457600000.0,210500000.0,0.0,210500000.0,2044300000.0,818200000.0,1226100000.0,4670357969.0,11600000.0,0.0,22100000.0,-172800000.0,-31400000.0,-182100000.0,-28500000.0,0.0,220700000.0,1500000.0,110100000.0,110100000.0,110100000.0,0.0,0.0,0.119,243800000.0,177900000.0,298700000.0,0.27,3.476,16.474,15.581,489800000.0,0.0,17.84,1.463,1.463,365300000.0,591500000.0,924600000.0,924600000.0,0.0,,,,,2200000.0,238300000.0,1.0,261791366.0,261791366.0,,3.532,1670800000.0,0.0,55800000.0,0.0,6.382,152300000.0
48,MKC,MRQ,2009-09-30,2009-08-31,2009-08-31,2021-09-30,181200000.0,3306400000.0,,920400000.0,2386000000.0,,5.12,-17100000.0,27900000.0,27900000.0,472700000.0,72000000.0,1.077,1.467,1159500000.0,288600000.0,870900000.0,1159500000.0,0.0,22500000.0,0.0,0.029,0.12,116900000.0,139400000.0,0.176,139400000.0,116900000.0,104100000.0,0.285,0.285,0.285,1340300000.0,,1340300000.0,5449897650.0,13.0,10.711,81300000.0,0.311,1.0,319000000.0,0.403,1685900000.0,12800000.0,1897800000.0,,447400000.0,227400000.0,0.0,227400000.0,1966100000.0,854300000.0,1111800000.0,4256397650.0,15000000.0,0.0,6500000.0,-46500000.0,-31400000.0,-71400000.0,-17100000.0,0.0,98400000.0,5100000.0,72000000.0,72000000.0,72000000.0,0.0,0.0,0.091,202400000.0,116600000.0,238500000.0,0.421,3.176,16.877,16.044,472700000.0,0.0,16.285,1.341,1.343,328600000.0,542300000.0,791700000.0,791700000.0,0.0,,,,,2700000.0,201500000.0,1.0,261369214.0,261800000.0,264800000.0,3.024,1620500000.0,0.0,32100000.0,0.0,6.19,66100000.0
49,MKC,MRQ,2009-06-30,2009-05-31,2009-05-31,2021-09-30,161700000.0,3236100000.0,,885500000.0,2350600000.0,,4.853,-20800000.0,12900000.0,12900000.0,455100000.0,46900000.0,1.034,1.553,1206400000.0,321000000.0,885400000.0,1206400000.0,0.0,27100000.0,0.0,0.03,0.12,83700000.0,110800000.0,0.146,110800000.0,83700000.0,70700000.0,0.195,0.195,0.195,1267500000.0,,1267500000.0,5233678874.0,13.0,10.62,89200000.0,0.342,1.0,302200000.0,0.399,1675500000.0,13000000.0,1897400000.0,,450000000.0,202100000.0,0.0,202100000.0,1968600000.0,856700000.0,1111900000.0,3976878874.0,-10500000.0,0.0,3000000.0,-74400000.0,-31400000.0,-102800000.0,-20800000.0,0.0,110000000.0,3100000.0,46900000.0,46900000.0,46900000.0,0.0,0.0,0.062,219700000.0,82500000.0,239600000.0,0.615,3.138,16.332,15.337,473000000.0,0.0,15.26,1.257,1.26,316800000.0,499500000.0,757300000.0,757300000.0,0.0,,,,,5100000.0,212900000.0,1.0,260608052.0,261200000.0,263600000.0,2.899,1560600000.0,0.0,23800000.0,0.0,5.975,28800000.0
50,MKC,MRQ,2009-03-31,2009-02-28,2009-02-28,2021-09-30,24100000.0,3161000000.0,,921000000.0,2240000000.0,,4.227,-15400000.0,23400000.0,23400000.0,434300000.0,54500000.0,0.988,1.87,1280200000.0,395800000.0,884400000.0,1280200000.0,0.0,20000000.0,0.0,0.029,0.12,90300000.0,110300000.0,0.154,110300000.0,90300000.0,75900000.0,0.22,0.22,0.22,1101500000.0,,1101500000.0,5279193449.0,13.0,10.836,-28700000.0,-0.11,1.0,284200000.0,0.396,1597100000.0,14400000.0,1888400000.0,,447800000.0,191200000.0,0.0,191200000.0,2059500000.0,932300000.0,1127200000.0,4078893449.0,-15500000.0,0.0,4200000.0,41500000.0,-31200000.0,14500000.0,-15400000.0,0.0,-13300000.0,-1300000.0,54500000.0,54500000.0,54500000.0,0.0,0.0,0.076,194400000.0,89800000.0,253100000.0,0.545,3.703,16.608,15.597,451700000.0,0.0,15.675,1.286,1.288,342000000.0,481600000.0,718500000.0,718500000.0,0.0,,,,,2700000.0,193900000.0,1.0,260216488.0,260600000.0,263800000.0,2.757,1563900000.0,0.0,21400000.0,0.0,6.001,-11300000.0
51,MKC,MRQ,2008-12-31,2008-11-30,2008-11-30,2021-09-30,48100000.0,3220300000.0,,968300000.0,2252000000.0,,4.059,-25800000.0,38900000.0,38900000.0,510800000.0,78800000.0,0.936,2.052,1239200000.0,354000000.0,885200000.0,1239200000.0,0.0,21000000.0,0.0,0.03,0.11,127300000.0,148300000.0,0.164,148300000.0,127300000.0,110900000.0,0.315,0.295,0.315,1055300000.0,,1055300000.0,5191325488.0,13.0,10.813,173500000.0,0.667,1.0,396100000.0,0.437,1605000000.0,16400000.0,1781500000.0,,439000000.0,153000000.0,0.0,153000000.0,2165000000.0,1034100000.0,1130900000.0,3869925488.0,8600000.0,3500000.0,-500000.0,-120000000.0,-28000000.0,-148500000.0,-22300000.0,0.0,199300000.0,-19900000.0,78800000.0,78800000.0,78800000.0,0.0,0.0,0.087,270400000.0,125700000.0,266100000.0,0.349,3.667,16.315,15.035,461100000.0,0.0,14.885,1.218,1.218,380700000.0,425400000.0,906900000.0,906900000.0,0.0,,,,,3200000.0,231000000.0,1.0,259988276.0,259988276.0,,3.488,1615300000.0,0.0,32100000.0,0.0,6.213,-65800000.0
52,MKC,MRQ,2008-09-30,2008-08-31,2008-08-31,2021-09-30,233800000.0,3430300000.0,,980000000.0,2450300000.0,,4.699,-16500000.0,30300000.0,30300000.0,473200000.0,63300000.0,0.927,1.823,1351700000.0,473500000.0,878200000.0,1351700000.0,0.0,20500000.0,0.0,0.021,0.11,102900000.0,123400000.0,0.158,123400000.0,102900000.0,90100000.0,0.265,0.265,0.265,1215200000.0,,1215200000.0,5932160088.0,15.0,12.174,6100000.0,0.024,1.0,308400000.0,0.395,1748000000.0,12800000.0,1946600000.0,,462300000.0,183700000.0,0.0,183700000.0,2215100000.0,1057100000.0,1158000000.0,5216260088.0,-17000000.0,-605000000.0,19600000.0,587100000.0,-29000000.0,577700000.0,-621500000.0,0.0,22600000.0,4200000.0,63300000.0,63300000.0,63300000.0,0.0,0.0,0.081,215500000.0,92900000.0,249200000.0,0.415,4.293,21.662,20.025,476600000.0,0.0,20.225,1.667,1.671,388300000.0,403300000.0,781600000.0,781600000.0,0.0,,,,,3100000.0,212900000.0,1.0,257911500.0,258600000.0,264600000.0,3.022,1682300000.0,0.0,26800000.0,0.0,6.505,-77100000.0
53,MKC,MRQ,2008-06-30,2008-05-31,2008-05-31,2021-09-30,315400000.0,2900400000.0,,982800000.0,1917600000.0,,4.796,-8200000.0,47300000.0,47300000.0,466200000.0,49000000.0,1.299,1.349,763200000.0,136300000.0,626900000.0,763200000.0,0.0,21700000.0,0.0,0.022,0.11,83500000.0,105200000.0,0.138,105200000.0,83500000.0,70800000.0,0.205,0.205,0.205,1234500000.0,,1234500000.0,5589498498.0,14.0,11.725,60200000.0,0.234,1.0,297900000.0,0.39,1193300000.0,12700000.0,1666300000.0,,459600000.0,190900000.0,0.0,190900000.0,1665900000.0,756700000.0,909200000.0,4817408498.0,22900000.0,-1400000.0,12700000.0,-26500000.0,-28300000.0,-42100000.0,-9600000.0,0.0,68400000.0,6200000.0,49000000.0,49000000.0,49000000.0,0.0,0.0,0.064,217400000.0,80500000.0,260200000.0,0.537,3.902,20.963,19.472,489400000.0,0.0,18.79,1.572,1.578,380500000.0,380500000.0,764100000.0,764100000.0,0.0,,,,,8200000.0,222000000.0,1.0,256381506.0,257400000.0,263000000.0,2.969,1707100000.0,0.0,21800000.0,0.0,6.632,226100000.0
54,MKC,MRQ,2008-03-31,2008-02-29,2008-02-29,2021-09-30,282200000.0,2858300000.0,,951300000.0,1907000000.0,,4.513,-17200000.0,24400000.0,24400000.0,438200000.0,46100000.0,1.29,1.474,796600000.0,119900000.0,676700000.0,796600000.0,0.0,22400000.0,0.0,0.024,0.11,80700000.0,103100000.0,0.142,103100000.0,80700000.0,65900000.0,0.2,0.2,0.2,1155400000.0,,1155400000.0,5082000770.0,14.0,11.033,7100000.0,0.028,1.0,285800000.0,0.395,1175500000.0,14800000.0,1717300000.0,,449400000.0,199300000.0,0.0,199300000.0,1702900000.0,737700000.0,965200000.0,4404800770.0,-21500000.0,-76400000.0,6000000.0,68500000.0,-28200000.0,46300000.0,-93600000.0,0.0,24300000.0,1500000.0,46100000.0,46100000.0,46100000.0,0.0,0.0,0.064,208400000.0,77400000.0,251300000.0,0.55,3.812,20.215,18.723,486700000.0,0.0,17.225,1.474,1.476,387300000.0,360400000.0,724000000.0,724000000.0,0.0,,,,,3700000.0,204800000.0,1.0,255721380.0,256000000.0,262200000.0,2.828,1682800000.0,0.0,19800000.0,0.0,6.573,213600000.0
55,MKC,MRQ,2007-12-31,2007-11-30,2007-11-30,2021-09-30,260300000.0,2787500000.0,,983100000.0,1804400000.0,,4.247,-26300000.0,45900000.0,45900000.0,488800000.0,82400000.0,1.141,1.569,723100000.0,149600000.0,573500000.0,723100000.0,0.0,21200000.0,0.0,0.021,0.1,134400000.0,155600000.0,0.181,155600000.0,134400000.0,118700000.0,0.34,0.315,0.34,1085100000.0,,1085100000.0,5709145303.0,16.0,12.812,175200000.0,0.686,1.0,371300000.0,0.432,1087000000.0,15700000.0,1516400000.0,,430200000.0,190500000.0,0.0,190500000.0,1702400000.0,861300000.0,841100000.0,4881211303.0,300000.0,0.0,-1300000.0,-157800000.0,-25500000.0,-184600000.0,-26300000.0,0.0,201500000.0,9700000.0,82400000.0,82400000.0,82400000.0,0.0,0.0,0.096,239200000.0,132100000.0,243300000.0,0.294,4.498,23.222,21.466,487600000.0,0.0,19.105,1.674,1.674,456500000.0,323800000.0,860100000.0,860100000.0,0.0,,,,,3900000.0,225100000.0,1.0,255493918.0,255493918.0,,3.366,1700500000.0,0.0,36300000.0,0.0,6.656,121800000.0
56,MKC,MRQ,2007-09-30,2007-08-31,2007-08-31,2021-09-30,181100000.0,2673300000.0,,943600000.0,1729700000.0,,3.754,-15900000.0,45700000.0,45700000.0,431900000.0,52300000.0,0.94,1.758,873700000.0,455700000.0,418000000.0,873700000.0,0.0,21500000.0,0.0,0.022,0.1,91300000.0,112800000.0,0.157,112800000.0,91300000.0,75500000.0,0.22,0.22,0.22,969300000.0,,969300000.0,5370530498.0,17.0,13.405,15100000.0,0.058,1.0,284300000.0,0.397,1040100000.0,15800000.0,1457200000.0,,439900000.0,173400000.0,0.0,173400000.0,1704000000.0,1004000000.0,700000000.0,4648111498.0,5200000.0,-12800000.0,-83000000.0,108400000.0,-26000000.0,-600000.0,-28700000.0,0.0,31000000.0,3500000.0,52300000.0,52300000.0,52300000.0,0.0,0.0,0.073,195400000.0,88900000.0,209300000.0,0.455,4.795,27.841,20.717,469500000.0,0.0,17.92,1.625,1.618,399900000.0,298800000.0,716200000.0,716200000.0,0.0,,,,,4100000.0,192600000.0,1.0,259381222.0,258200000.0,264800000.0,2.774,1633200000.0,0.0,23200000.0,0.0,6.325,-60400000.0
57,MKC,MRQ,2007-06-30,2007-05-31,2007-05-31,2021-09-30,168300000.0,2584100000.0,,888400000.0,1695700000.0,,3.858,-19294000.0,40500000.0,40500000.0,415400000.0,37100000.0,0.993,1.568,762800000.0,347000000.0,415800000.0,762800000.0,0.0,20018000.0,0.0,0.02,0.1,69100000.0,89118000.0,0.13,89118000.0,69100000.0,53900000.0,0.16,0.16,0.16,1004600000.0,,1004600000.0,5589241420.0,19.0,14.692,47797000.0,0.184,1.0,271800000.0,0.396,1013400000.0,15200000.0,1397900000.0,,427500000.0,163000000.0,0.0,163000000.0,1575000000.0,895100000.0,679900000.0,4872374420.0,1861000.0,-59000.0,-35427000.0,9887000.0,-26045000.0,-51585000.0,-19353000.0,0.0,67091000.0,5708000.0,37100000.0,37100000.0,37100000.0,0.0,0.0,0.054,204900000.0,66900000.0,215600000.0,0.625,4.85,30.893,23.019,472300000.0,0.0,18.645,1.736,1.73,360900000.0,355400000.0,687200000.0,687200000.0,0.0,,,,,8770000.0,198500000.0,1.0,261323380.0,260400000.0,267200000.0,2.639,1570700000.0,0.0,16800000.0,0.0,6.032,-6700000.0
58,MKC,MRQ,2007-03-31,2007-02-28,2007-02-28,2021-09-30,140180000.0,2561894000.0,,887327000.0,1674567000.0,,3.789,-15406000.0,38582000.0,38582000.0,388287000.0,38352000.0,0.991,1.589,755449000.0,337023000.0,418426000.0,755449000.0,0.0,19882000.0,0.0,0.019,0.1,68194000.0,88076000.0,0.135,88076000.0,68194000.0,54341000.0,0.17,0.17,0.17,987804000.0,,987804000.0,5586848666.0,20.0,15.134,-90497000.0,-0.347,1.0,264352000.0,0.405,999229000.0,13853000.0,1383791000.0,,411840000.0,160267000.0,0.0,160267000.0,1570060000.0,895741000.0,674319000.0,4984848666.0,-10461000.0,-3041000.0,5727000.0,105013000.0,-26055000.0,84685000.0,-18447000.0,0.0,-75091000.0,-1608000.0,38352000.0,38352000.0,38352000.0,0.0,0.0,0.059,198001000.0,66351000.0,218193000.0,0.588,5.046,32.86,21.633,465948000.0,0.0,19.145,1.807,1.809,379789000.0,381951000.0,652639000.0,652639000.0,0.0,,,,,4630000.0,190637000.0,1.0,260373396.0,260688000.0,268390000.0,2.504,1562665000.0,0.0,15989000.0,0.0,5.994,-8414000.0
59,MKC,MRQ,2006-12-31,2006-11-30,2006-11-30,2021-09-30,140300000.0,2568000000.0,,899400000.0,1668600000.0,,3.551,-27329000.0,49000000.0,49000000.0,448025000.0,39200000.0,1.152,1.748,651000000.0,81400000.0,569600000.0,651000000.0,0.0,23018000.0,0.0,0.019,0.09,87627000.0,110645000.0,0.138,110645000.0,87627000.0,73161000.0,0.315,0.3,0.315,933300000.0,,933300000.0,5769459927.0,21.0,15.982,163501000.0,0.622,1.0,355673000.0,0.443,997400000.0,14466000.0,1392100000.0,,405700000.0,156200000.0,0.0,156200000.0,1631100000.0,780500000.0,850600000.0,5088188927.0,11251000.0,-20000.0,-55518000.0,-70707000.0,-23580000.0,-149805000.0,-27349000.0,0.0,190830000.0,-2425000.0,39200000.0,39200000.0,39200000.0,0.0,0.0,0.049,229230000.0,126443000.0,224400000.0,0.286,5.452,32.143,25.307,469500000.0,0.0,19.36,1.873,1.873,379100000.0,348700000.0,803698000.0,803698000.0,0.0,,,,,4400000.0,216048000.0,1.0,262819676.0,262819676.0,,3.058,1570600000.0,0.0,33961000.0,0.0,5.976,118900000.0
60,MKC,MRQ,2006-09-30,2006-08-31,2006-08-31,2021-09-30,105982000.0,2460718000.0,,829763000.0,1630955000.0,,3.482,-20334000.0,37712000.0,37712000.0,393818000.0,43068000.0,1.203,1.681,718983000.0,152843000.0,566140000.0,718983000.0,0.0,21824000.0,0.0,0.019,0.09,70763000.0,92587000.0,0.14,92587000.0,70763000.0,56715000.0,0.165,0.165,0.165,916503000.0,,916503000.0,5341816436.0,19.0,14.446,20983000.0,0.08,1.0,269277000.0,0.406,977629000.0,14048000.0,1474686000.0,,417095000.0,153004000.0,0.0,153004000.0,1540948000.0,689674000.0,851274000.0,4801671436.0,-36356000.0,-113380000.0,-18724000.0,101454000.0,-23710000.0,59020000.0,-133714000.0,0.0,41317000.0,-2979000.0,43068000.0,43068000.0,43068000.0,0.0,0.0,0.065,205111000.0,64166000.0,188509000.0,0.545,5.239,29.04,23.197,457253000.0,0.0,18.21,1.812,1.809,327822000.0,378893000.0,663095000.0,663095000.0,0.0,,,,,5747000.0,187576000.0,1.0,263683220.0,263174000.0,269658000.0,2.52,1483089000.0,0.0,13647000.0,0.0,5.635,140089000.0
61,MKC,MRQ,2006-06-30,2006-05-31,2006-05-31,2021-09-30,105845000.0,2363415000.0,,832964000.0,1530451000.0,,3.442,-15719000.0,74068000.0,74068000.0,389342000.0,31081000.0,1.184,1.593,614213000.0,151256000.0,462957000.0,614213000.0,0.0,21373000.0,0.0,0.02,0.09,56473000.0,77846000.0,0.122,77846000.0,56473000.0,44149000.0,0.235,0.235,0.235,910053000.0,,910053000.0,5155960373.0,17.0,13.738,73421000.0,0.278,1.0,250564000.0,0.392,883602000.0,12324000.0,1316588000.0,,381863000.0,141512000.0,0.0,141512000.0,1450003000.0,703370000.0,746633000.0,4563979373.0,42489000.0,20000000.0,-29135000.0,-4781000.0,-23829000.0,-57745000.0,4281000.0,0.0,89140000.0,6813000.0,31081000.0,31081000.0,31081000.0,0.0,0.0,0.049,195866000.0,54698000.0,174638000.0,0.383,5.015,27.407,21.531,456857000.0,0.0,17.225,1.749,1.745,327066000.0,384095000.0,639906000.0,639906000.0,0.0,,,,,4603000.0,187347000.0,1.0,264962518.0,264364000.0,270840000.0,2.421,1479813000.0,0.0,13068000.0,0.0,5.598,129594000.0
62,MKC,MRQ,2006-03-31,2006-02-28,2006-02-28,2021-09-30,41340000.0,2280926000.0,,785666000.0,1495260000.0,,3.138,-15318000.0,31579000.0,31579000.0,370616000.0,8552000.0,1.155,1.703,623560000.0,155901000.0,467659000.0,623560000.0,0.0,18085000.0,0.0,0.02,0.09,25440000.0,43525000.0,0.071,43525000.0,25440000.0,12577000.0,0.055,0.055,0.055,832258000.0,,832258000.0,4893368638.0,16.0,12.665,-25805000.0,-0.097,1.0,239085000.0,0.392,826434000.0,12863000.0,1366369000.0,,354980000.0,170271000.0,0.0,170271000.0,1417724000.0,680104000.0,737620000.0,4353668638.0,1316000.0,0.0,-6023000.0,51234000.0,-23881000.0,21330000.0,-15318000.0,0.0,-10487000.0,5791000.0,8552000.0,8552000.0,8552000.0,0.0,0.0,0.014,214792000.0,24293000.0,170068000.0,1.636,5.231,24.787,22.641,451690000.0,0.0,16.415,1.676,1.676,345353000.0,388402000.0,609701000.0,609701000.0,0.0,,,,,10150000.0,181628000.0,1.0,265225016.0,265222000.0,270606000.0,2.299,1454492000.0,0.0,4025000.0,0.0,5.484,105562000.0
63,MKC,MRQ,2005-12-31,2005-11-30,2005-11-30,2021-09-30,27600000.0,2272700000.0,,800200000.0,1472500000.0,,2.988,-19305000.0,30300000.0,30300000.0,413325000.0,82644000.0,1.145,1.805,570000000.0,106100000.0,463900000.0,570000000.0,0.0,20380000.0,0.0,0.02,0.08,135446000.0,155826000.0,0.211,155826000.0,135446000.0,122808000.0,0.33,0.31,0.33,799900000.0,,799900000.0,4828852634.0,14.0,11.538,179030000.0,0.669,1.0,323749000.0,0.439,822200000.0,12638000.0,1291200000.0,,344000000.0,157200000.0,0.0,157200000.0,1443600000.0,699000000.0,744600000.0,4178982634.0,-15782000.0,-5500000.0,-40376000.0,-124904000.0,-21379000.0,-186659000.0,-24805000.0,0.0,198335000.0,-2653000.0,82644000.0,82644000.0,82644000.0,0.0,0.0,0.112,188259000.0,135490000.0,198200000.0,0.242,5.224,21.0,19.512,450800000.0,0.0,15.61,1.612,1.612,369300000.0,385400000.0,737074000.0,737074000.0,0.0,,,,,0.0,177689000.0,1.0,267711892.0,267711892.0,,2.753,1450500000.0,0.0,40164000.0,0.0,5.418,101200000.0
64,MKC,MRQ,2005-09-30,2005-08-31,2005-08-31,2021-09-30,61786000.0,2271642000.0,,774631000.0,1497011000.0,,3.094,-15367000.0,46117000.0,46117000.0,379394000.0,44248000.0,0.863,1.704,695987000.0,427045000.0,268942000.0,695987000.0,0.0,18727000.0,0.0,0.018,0.08,79387000.0,98114000.0,0.158,98114000.0,79387000.0,66851000.0,0.18,0.18,0.18,828995000.0,,828995000.0,5212742212.0,15.0,12.723,51918000.0,0.194,1.0,243337000.0,0.391,826870000.0,12536000.0,1196698000.0,,357251000.0,145450000.0,0.0,145450000.0,1412819000.0,897944000.0,514875000.0,4540181212.0,26021000.0,0.0,-8475000.0,2965000.0,-21484000.0,-26994000.0,-15367000.0,0.0,67285000.0,1097000.0,44248000.0,44248000.0,44248000.0,0.0,0.0,0.071,164437000.0,78900000.0,170034000.0,0.444,5.477,22.792,21.327,469578000.0,0.0,16.955,1.747,1.748,321735000.0,383476000.0,622731000.0,622731000.0,0.0,,,,,0.0,164437000.0,1.0,267778308.0,267912000.0,274764000.0,2.324,1444772000.0,0.0,22603000.0,0.0,5.393,-123313000.0
65,MKC,MRQ,2005-06-30,2005-05-31,2005-05-31,2021-09-30,58140000.0,2186663000.0,,739054000.0,1447609000.0,,2.991,-15870000.0,20096000.0,20096000.0,387225000.0,40197000.0,0.837,1.677,692657000.0,421455000.0,271202000.0,692657000.0,0.0,17852000.0,0.0,0.018,0.08,71055000.0,88907000.0,0.141,88907000.0,71055000.0,59113000.0,0.16,0.16,0.16,805988000.0,,805988000.0,5214145762.0,16.0,12.879,53640000.0,0.199,1.0,241346000.0,0.384,789719000.0,11942000.0,1186905000.0,,345281000.0,136317000.0,0.0,136317000.0,1351547000.0,882600000.0,468947000.0,4575630762.0,-4298000.0,0.0,-60156000.0,29021000.0,-21623000.0,-52758000.0,-15870000.0,0.0,69510000.0,-5180000.0,40197000.0,40197000.0,40197000.0,0.0,0.0,0.064,170194000.0,71152000.0,167816000.0,0.5,5.677,22.975,21.554,471495000.0,0.0,16.92,1.767,1.761,328117000.0,375721000.0,628571000.0,628571000.0,0.0,,,,,0.0,170864000.0,1.0,270427350.0,269484000.0,277478000.0,2.332,1396944000.0,0.0,18916000.0,0.0,5.184,-143546000.0
66,MKC,MRQ,2005-03-31,2005-02-28,2005-02-28,2021-09-30,122350000.0,2276675000.0,,775484000.0,1501191000.0,,3.334,-13958000.0,24394000.0,24394000.0,375455000.0,31911000.0,0.912,1.481,662909000.0,367385000.0,295524000.0,662909000.0,0.0,17641000.0,0.0,0.015,0.08,58012000.0,75653000.0,0.125,75653000.0,58012000.0,46928000.0,0.135,0.135,0.135,904547000.0,,904547000.0,5726431870.0,17.0,14.15,-16888000.0,-0.062,1.0,228168000.0,0.378,828608000.0,11084000.0,1235908000.0,,351821000.0,136912000.0,0.0,136912000.0,1339922000.0,850674000.0,489248000.0,5158531870.0,-45941000.0,0.0,-31593000.0,25318000.0,-21714000.0,-27989000.0,-13958000.0,0.0,-2930000.0,-1064000.0,31911000.0,31911000.0,31911000.0,0.0,0.0,0.053,170210000.0,57958000.0,179970000.0,0.593,5.703,25.689,24.353,482963000.0,0.0,18.995,2.017,2.015,362790000.0,425826000.0,603623000.0,603623000.0,0.0,,,,,0.0,168910000.0,1.0,271573144.0,271298000.0,280914000.0,2.225,1448067000.0,0.0,15017000.0,0.0,5.338,-75190000.0
67,MKC,MRQ,2004-12-31,2004-11-30,2004-11-30,2021-09-30,119600000.0,2369600000.0,,864000000.0,1505600000.0,,3.254,-16739000.0,70300000.0,70300000.0,429002000.0,82841000.0,1.118,1.629,638200000.0,173200000.0,465000000.0,638200000.0,0.0,18573000.0,0.0,0.015,0.07,128477000.0,147050000.0,0.198,147050000.0,128477000.0,117303000.0,0.32,0.295,0.32,889700000.0,,889700000.0,5621412287.0,17.0,13.819,201514000.0,0.737,1.0,315129000.0,0.423,828100000.0,11174000.0,1336700000.0,,350200000.0,134100000.0,0.0,134100000.0,1448900000.0,772700000.0,676200000.0,4983281287.0,44432000.0,-74500000.0,-50809000.0,-24722000.0,-19145000.0,-94676000.0,-91239000.0,0.0,218253000.0,12094000.0,82841000.0,82841000.0,82841000.0,0.0,0.0,0.111,187536000.0,127593000.0,195100000.0,0.219,5.601,24.332,23.217,486600000.0,0.0,18.225,1.973,1.973,407600000.0,434100000.0,744131000.0,744131000.0,0.0,,,,,0.0,183852000.0,1.0,273431072.0,273431072.0,,2.721,1541500000.0,0.0,34462000.0,0.0,5.638,91300000.0
68,MKC,MRQ,2004-09-30,2004-08-31,2004-08-31,2021-09-30,36413000.0,2157898000.0,,774499000.0,1383399000.0,,2.941,-16778000.0,25909000.0,25909000.0,374385000.0,44206000.0,1.252,1.646,664040000.0,167766000.0,496274000.0,664040000.0,0.0,18725000.0,0.0,0.016,0.07,74533000.0,93258000.0,0.152,93258000.0,74533000.0,63975000.0,0.17,0.17,0.17,805646000.0,,805646000.0,5221420354.0,16.0,12.884,27836000.0,0.102,1.0,239159000.0,0.39,725940000.0,10558000.0,1451629000.0,,377187000.0,132114000.0,0.0,132114000.0,1326246000.0,618460000.0,707786000.0,4598851354.0,9784000.0,0.0,-20524000.0,23180000.0,-19194000.0,-16538000.0,-16778000.0,0.0,44614000.0,-1514000.0,44206000.0,44206000.0,44206000.0,0.0,0.0,0.072,165158000.0,74001000.0,161172000.0,0.412,5.708,22.618,21.928,454756000.0,0.0,16.775,1.854,1.852,325675000.0,449192000.0,613544000.0,613544000.0,0.0,,,,,0.0,164963000.0,1.0,274149112.0,273922000.0,283374000.0,2.24,1431958000.0,0.0,19769000.0,0.0,5.228,156039000.0
69,MKC,MRQ,2004-06-30,2004-05-31,2004-05-31,2021-09-30,40582000.0,2130274000.0,,737215000.0,1393059000.0,,2.91,-14310000.0,16125000.0,16125000.0,364238000.0,41850000.0,1.22,1.629,638694000.0,142810000.0,495884000.0,638694000.0,0.0,18464000.0,0.0,0.015,0.07,70258000.0,88722000.0,0.149,88722000.0,70258000.0,60563000.0,0.155,0.155,0.155,801237000.0,,801237000.0,5486621795.0,17.0,14.018,57536000.0,0.209,1.0,231926000.0,0.389,727505000.0,9695000.0,1420865000.0,,373974000.0,129287000.0,0.0,129287000.0,1305257000.0,604473000.0,700784000.0,4874646795.0,-1610000.0,0.0,-46798000.0,12931000.0,-19325000.0,-53192000.0,-14310000.0,0.0,71846000.0,-5954000.0,41850000.0,41850000.0,41850000.0,0.0,0.0,0.07,162204000.0,69722000.0,166188000.0,0.452,6.084,24.943,22.724,456556000.0,0.0,17.725,2.01,2.013,309700000.0,448463000.0,596164000.0,596164000.0,0.0,,,,,0.0,168652000.0,1.0,275015334.0,275358000.0,284988000.0,2.165,1402769000.0,0.0,18713000.0,0.0,5.094,132742000.0
70,MKC,MRQ,2004-03-31,2004-02-29,2004-02-29,2021-09-30,64094000.0,2160599000.0,,735747000.0,1424852000.0,,3.051,-12073000.0,17735000.0,17735000.0,350676000.0,35904000.0,1.169,1.55,629710000.0,179686000.0,450024000.0,629710000.0,0.0,16238000.0,0.0,0.016,0.07,61532000.0,77770000.0,0.136,77770000.0,61532000.0,51960000.0,0.14,0.14,0.14,838281000.0,,838281000.0,4889075083.0,16.0,12.829,-4386000.0,-0.016,1.0,221686000.0,0.387,741005000.0,9572000.0,1402437000.0,,365951000.0,132851000.0,0.0,132851000.0,1298995000.0,629132000.0,669863000.0,4294575083.0,-7406000.0,0.0,-2669000.0,7911000.0,-19236000.0,-13994000.0,-12073000.0,0.0,7687000.0,10974000.0,35904000.0,35904000.0,35904000.0,0.0,0.0,0.063,160302000.0,61384000.0,153577000.0,0.5,5.123,22.538,20.305,464592000.0,0.0,15.635,1.822,1.823,321968000.0,495827000.0,572362000.0,572362000.0,0.0,,,,,0.0,160233000.0,1.0,274677012.0,274714000.0,283634000.0,2.083,1419594000.0,0.0,16056000.0,0.0,5.168,106615000.0
71,MKC,MRQ,2003-12-31,2003-11-30,2003-11-30,2021-09-30,20000000.0,2145500000.0,,759400000.0,1386100000.0,,2.72,-34621000.0,25100000.0,25100000.0,396413000.0,81369000.0,1.07,1.812,619600000.0,171000000.0,448600000.0,619600000.0,0.0,18347000.0,0.0,0.016,0.06,127165000.0,145512000.0,0.208,145512000.0,127165000.0,117781000.0,0.3,0.295,0.3,755200000.0,,755200000.0,4624856020.0,15.0,12.369,148306000.0,0.534,1.0,302214000.0,0.433,716900000.0,9384000.0,1313100000.0,,362800000.0,127100000.0,0.0,127100000.0,1368100000.0,710000000.0,658100000.0,3982806020.0,12948000.0,-7751000.0,-74073000.0,-49412000.0,-16630000.0,-140115000.0,-42372000.0,0.0,182927000.0,12623000.0,81369000.0,81369000.0,81369000.0,0.0,0.0,0.116,180832000.0,121382000.0,178800000.0,0.2,5.274,21.344,19.0,458300000.0,0.0,14.345,1.755,1.755,344700000.0,472600000.0,698627000.0,698627000.0,0.0,,,,,0.0,177274000.0,1.0,277644198.0,277644198.0,,2.516,1428600000.0,0.0,36412000.0,0.0,5.145,49400000.0
72,MKC,MRQ,2003-09-30,2003-08-31,2003-08-31,2021-09-30,-35186000.0,2017103000.0,,711212000.0,1305891000.0,,2.58,-8989000.0,12184000.0,12184000.0,345131000.0,36307000.0,1.099,1.777,654234000.0,204223000.0,450011000.0,654234000.0,0.0,15963000.0,0.0,0.017,0.06,63432000.0,79395000.0,0.142,79395000.0,63432000.0,53405000.0,0.185,0.18,0.185,719437000.0,,719437000.0,4303822437.0,15.0,12.288,-2737000.0,-0.01,1.0,212481000.0,0.381,673321000.0,10027000.0,1338717000.0,,387719000.0,120504000.0,0.0,120504000.0,1278432000.0,647115000.0,631317000.0,3724049437.0,-12810000.0,-41739000.0,1051000.0,50615000.0,-16743000.0,34923000.0,-50728000.0,0.0,6252000.0,-6387000.0,36307000.0,36307000.0,36307000.0,0.0,0.0,0.065,149752000.0,62729000.0,167926000.0,0.324,5.176,21.641,18.288,419842000.0,0.0,13.35,1.696,1.696,281718000.0,499919000.0,557612000.0,557612000.0,0.0,,,,,0.0,148403000.0,1.0,278955014.0,278894000.0,286174000.0,1.999,1343782000.0,0.0,17098000.0,0.0,4.818,64097000.0
73,MKC,MRQ,2003-06-30,2003-05-31,2003-05-31,2021-09-30,3942000.0,2035897000.0,,773125000.0,1262772000.0,,2.591,-20614000.0,24994000.0,24994000.0,330138000.0,36968000.0,1.224,1.792,604767000.0,153238000.0,451529000.0,604767000.0,0.0,16086000.0,0.0,0.016,0.055,62329000.0,78415000.0,0.149,78415000.0,62329000.0,52650000.0,0.145,0.14,0.145,721214000.0,,721214000.0,4385067554.0,16.0,13.252,17013000.0,0.061,1.0,197774000.0,0.375,528918000.0,9679000.0,1455191000.0,,358400000.0,130684000.0,0.0,130684000.0,1292342000.0,631561000.0,660781000.0,3743990554.0,2112000.0,50007000.0,-2711000.0,-55181000.0,-15312000.0,-73204000.0,29393000.0,0.0,37627000.0,8808000.0,36968000.0,36968000.0,36968000.0,0.0,0.0,0.07,141417000.0,56357000.0,182524000.0,0.379,5.191,22.524,20.075,425217000.0,0.0,13.45,1.77,1.77,289829000.0,470547000.0,527912000.0,527912000.0,0.0,,,,,0.0,140945000.0,1.0,278363610.0,278404000.0,284820000.0,1.896,1506979000.0,0.0,15682000.0,0.0,5.413,141564000.0
74,MKC,MRQ,2003-03-31,2003-02-28,2003-02-28,2021-09-30,-55711000.0,1985906000.0,,713081000.0,1272825000.0,,2.286,-17476000.0,22882000.0,22882000.0,299317000.0,31955000.0,1.062,2.071,659029000.0,207966000.0,451063000.0,659029000.0,0.0,14904000.0,0.0,0.018,0.055,55672000.0,70576000.0,0.145,70576000.0,55672000.0,46161000.0,0.125,0.125,0.125,639625000.0,,639625000.0,3784234274.0,14.0,11.644,-42482000.0,-0.152,1.0,186130000.0,0.383,540305000.0,9511000.0,1410533000.0,,325361000.0,128110000.0,0.0,128110000.0,1324921000.0,671215000.0,653706000.0,3240334274.0,-24450000.0,-19517000.0,-14267000.0,70378000.0,-15415000.0,40696000.0,-36993000.0,0.0,-25006000.0,3956000.0,31955000.0,31955000.0,31955000.0,0.0,0.0,0.066,131099000.0,55031000.0,173081000.0,0.44,5.066,20.317,17.93,412980000.0,0.0,11.565,1.514,1.512,271084000.0,459113000.0,485447000.0,485447000.0,0.0,,,,,0.0,130979000.0,1.0,280184546.0,279764000.0,284922000.0,1.735,1445601000.0,0.0,14206000.0,0.0,5.167,41866000.0
75,MKC,MRQ,2002-12-31,2002-11-30,2002-11-30,2021-09-30,-97300000.0,1930800000.0,,724600000.0,1206200000.0,,2.116,-11204000.0,47300000.0,47300000.0,353669000.0,66851000.0,1.076,2.228,588200000.0,137300000.0,450900000.0,588200000.0,0.0,15413000.0,0.0,0.018,0.052,106461000.0,121874000.0,0.195,121874000.0,106461000.0,96831000.0,0.275,0.27,0.275,592300000.0,,592300000.0,4020005017.0,15.0,12.701,159096000.0,0.568,1.0,271292000.0,0.434,505200000.0,9630000.0,1293200000.0,,283700000.0,135200000.0,0.0,135200000.0,1319600000.0,673300000.0,646300000.0,3328896017.0,24002000.0,-900000.0,-1263000.0,-123540000.0,-14670000.0,-139473000.0,-12104000.0,0.0,170300000.0,1980000.0,66851000.0,66851000.0,66851000.0,0.0,0.0,0.107,164497000.0,106795000.0,175100000.0,0.189,5.62,21.546,18.442,390100000.0,0.0,11.895,1.628,1.628,303300000.0,458900000.0,624961000.0,624961000.0,0.0,,,,,0.0,161689000.0,1.0,279856748.0,279856748.0,,2.233,1425600000.0,0.0,29980000.0,0.0,5.094,51300000.0
76,MKC,MRQ,2002-09-30,2002-08-31,2002-08-31,2021-09-30,-40135000.0,1905192000.0,,663559000.0,1241633000.0,,2.09,-9118000.0,23329000.0,23329000.0,302653000.0,30451000.0,0.919,2.257,711388000.0,260477000.0,450911000.0,711388000.0,0.0,5708000.0,0.0,0.018,0.052,54319000.0,60027000.0,0.126,60027000.0,54319000.0,44708000.0,0.125,0.125,0.125,584883000.0,,584883000.0,3924503207.0,17.0,14.242,-1480000.0,-0.005,1.0,174666000.0,0.366,501940000.0,9611000.0,1369028000.0,,297775000.0,149949000.0,0.0,149949000.0,1320309000.0,722283000.0,598026000.0,3238899207.0,-16829000.0,-500000.0,603000.0,-11465000.0,-14723000.0,-25585000.0,-9618000.0,0.0,7638000.0,5935000.0,30451000.0,30451000.0,30451000.0,0.0,0.0,0.064,120706000.0,53960000.0,163145000.0,0.416,5.538,24.456,20.13,394250000.0,0.0,11.575,1.686,1.686,259733000.0,395724000.0,477319000.0,477319000.0,0.0,,,,,0.0,117920000.0,1.0,279818506.0,279812000.0,285524000.0,1.706,1403252000.0,0.0,14257000.0,0.0,5.015,-58724000.0
77,MKC,MRQ,2002-06-30,2002-05-31,2002-05-31,2021-09-30,-61553000.0,1850304000.0,,638808000.0,1211496000.0,,1.942,-37761000.0,40158000.0,40158000.0,359925000.0,30232000.0,0.897,2.411,725762000.0,271773000.0,453989000.0,725762000.0,0.0,17373000.0,0.0,0.016,0.052,55144000.0,72517000.0,0.131,72517000.0,55144000.0,44026000.0,0.12,0.12,0.12,542408000.0,,542408000.0,4343854314.0,18.0,14.906,7715000.0,0.028,1.0,192695000.0,0.349,482140000.0,11118000.0,1341333000.0,,289727000.0,131161000.0,0.0,131161000.0,1307896000.0,712435000.0,595461000.0,3655764314.0,-22023000.0,0.0,9051000.0,-24771000.0,-14671000.0,-30391000.0,-38348000.0,0.0,45476000.0,1240000.0,30232000.0,30232000.0,30232000.0,0.0,0.0,0.055,137154000.0,55541000.0,165539000.0,0.433,6.74,27.661,22.835,467922000.0,0.0,13.13,1.846,1.852,277433000.0,375851000.0,552620000.0,552620000.0,0.0,,,,,0.0,135495000.0,1.0,278428356.0,279336000.0,285968000.0,1.978,1368164000.0,0.0,13794000.0,0.0,4.898,-73627000.0
78,MKC,MRQ,2002-03-31,2002-02-28,2002-02-28,2021-09-30,-98979000.0,1818685000.0,,645239000.0,1173446000.0,,1.72,-35817000.0,62181000.0,62181000.0,333655000.0,28981000.0,0.872,2.813,750271000.0,296136000.0,454135000.0,750271000.0,0.0,14906000.0,0.0,0.017,0.052,53290000.0,68196000.0,0.131,68196000.0,53290000.0,42227000.0,0.12,0.12,0.12,476988000.0,,476988000.0,4030989667.0,18.0,14.026,-50631000.0,-0.183,1.0,185251000.0,0.357,456452000.0,11063000.0,1310339000.0,,281882000.0,0.0,0.0,0.0,1341697000.0,739984000.0,601713000.0,3397389667.0,30850000.0,0.0,9709000.0,85376000.0,-14536000.0,80549000.0,-35230000.0,0.0,-14814000.0,345000.0,28981000.0,28981000.0,28981000.0,0.0,0.0,0.056,133008000.0,52243000.0,184269000.0,0.433,7.123,27.001,22.273,442555000.0,0.0,12.25,1.735,1.735,269894000.0,358873000.0,518906000.0,518906000.0,0.0,,,,,0.0,132641000.0,1.0,277337932.0,277337932.0,,1.871,1362233000.0,0.0,13246000.0,0.0,4.912,-94745000.0
79,MKC,MRQ,2001-12-31,2001-11-30,2001-11-30,2021-09-30,-83900000.0,1772000000.0,,635800000.0,1136200000.0,,1.674,-15989000.0,31300000.0,31300000.0,174469000.0,42772000.0,0.891,2.826,664900000.0,210800000.0,454100000.0,664900000.0,0.0,5843000.0,0.0,0.019,0.05,68966000.0,74809000.0,0.201,74809000.0,68966000.0,62552000.0,0.21,0.21,0.21,463100000.0,,463100000.0,3724714783.0,17.0,13.189,130587000.0,0.472,1.0,198115000.0,0.532,464600000.0,6414000.0,1227300000.0,,278100000.0,147800000.0,0.0,147800000.0,1308900000.0,713700000.0,595200000.0,2973758783.0,-844000.0,0.0,1994000.0,-118737000.0,-13806000.0,-130549000.0,-17488000.0,0.0,146576000.0,117000.0,42772000.0,42772000.0,42772000.0,0.0,0.0,0.115,129463000.0,68652000.0,184000000.0,0.238,6.421,25.201,20.283,424500000.0,0.0,10.75,1.534,1.534,295500000.0,344100000.0,372584000.0,372584000.0,0.0,,,,,0.0,119163000.0,1.0,276628724.0,276628724.0,,1.347,1307400000.0,0.0,19780000.0,0.0,4.726,-77900000.0
80,MKC,MRQ,2001-09-30,2001-08-31,2001-08-31,2021-09-30,-74861000.0,1730118000.0,,619873000.0,1110245000.0,,1.538,-28476000.0,32134000.0,32134000.0,346829000.0,30179000.0,0.84,3.068,783090000.0,328878000.0,454212000.0,783090000.0,0.0,18251000.0,0.0,0.018,0.05,57651000.0,75902000.0,0.142,75902000.0,57651000.0,45110000.0,0.125,0.12,0.125,425299000.0,,425299000.0,3833853690.0,15.0,11.838,-33193000.0,-0.12,1.0,189072000.0,0.353,467288000.0,12541000.0,1275790000.0,,295088000.0,0.0,0.0,0.0,1304819000.0,737996000.0,566823000.0,3123899690.0,-15350000.0,0.0,5699000.0,25843000.0,-13824000.0,17718000.0,-28003000.0,0.0,-4717000.0,-348000.0,30179000.0,30179000.0,30179000.0,0.0,0.0,0.056,132633000.0,56439000.0,160500000.0,0.4,7.345,24.36,21.524,408686000.0,0.0,11.3,1.443,1.443,271405000.0,300114000.0,535901000.0,535901000.0,0.0,,,,,0.0,132633000.0,1.0,276451300.0,276451300.0,,1.939,1262830000.0,0.0,14931000.0,0.0,4.568,-118123000.0
81,MKC,MRQ,2001-06-30,2001-05-31,2001-05-31,2021-09-30,-103722000.0,1651142000.0,,601453000.0,1049689000.0,,1.345,-30487000.0,47484000.0,47484000.0,350484000.0,23892000.0,0.848,3.46,757438000.0,303140000.0,454298000.0,757438000.0,0.0,19321000.0,0.0,0.019,0.05,49171000.0,68492000.0,0.129,68492000.0,49171000.0,35713000.0,0.095,0.095,0.095,370247000.0,,370247000.0,3539330926.0,15.0,11.293,55601000.0,0.202,1.0,180684000.0,0.34,441214000.0,13458000.0,1210461000.0,,285170000.0,0.0,0.0,0.0,1280895000.0,709421000.0,571474000.0,2780667926.0,16192000.0,0.0,6381000.0,-32518000.0,-13777000.0,-39914000.0,-30360000.0,0.0,86088000.0,378000.0,23892000.0,23892000.0,23892000.0,0.0,0.0,0.045,131114000.0,49570000.0,169930000.0,0.526,7.51,22.228,19.612,394659000.0,0.0,10.1,1.309,1.309,248641000.0,280729000.0,531168000.0,531168000.0,0.0,,,,,0.0,131114000.0,1.0,275313656.0,275313656.0,,1.929,1209928000.0,0.0,11821000.0,0.0,4.395,-107968000.0
82,MKC,MRQ,2001-03-31,2001-02-28,2001-02-28,2021-09-30,-69063000.0,1689126000.0,,601038000.0,1088088000.0,,1.407,-21148000.0,31292000.0,31292000.0,329818000.0,21157000.0,0.818,3.347,789955000.0,335933000.0,454022000.0,789955000.0,0.0,17285000.0,0.0,0.02,0.05,45912000.0,63197000.0,0.127,63197000.0,45912000.0,31625000.0,0.095,0.095,0.095,385666000.0,,385666000.0,3380782004.0,14.0,11.277,-60395000.0,-0.22,1.0,169629000.0,0.34,473439000.0,14287000.0,1239507000.0,,284956000.0,116623000.0,0.0,116623000.0,1290980000.0,734843000.0,556137000.0,2692582004.0,7402000.0,0.0,3226000.0,77812000.0,-13693000.0,67345000.0,-20749000.0,0.0,-39247000.0,53000.0,21157000.0,21157000.0,21157000.0,0.0,0.0,0.042,124690000.0,44939000.0,162242000.0,0.526,6.982,22.033,19.341,381766000.0,0.0,9.825,1.295,1.295,264118000.0,270904000.0,499447000.0,499447000.0,0.0,,,,,0.0,124690000.0,1.0,274054148.0,274054148.0,,1.822,1215687000.0,0.0,10468000.0,0.0,4.436,-133805000.0
83,MKC,MRQ,2000-12-31,2000-11-30,2000-11-30,2021-09-30,-79300000.0,1659900000.0,,620000000.0,1039900000.0,,1.313,-16444000.0,23900000.0,23900000.0,393576000.0,53013000.0,0.604,3.62,712100000.0,551900000.0,160200000.0,712100000.0,0.0,18547000.0,0.0,0.02,0.048,97717000.0,116264000.0,0.194,116264000.0,97717000.0,82825000.0,0.21,0.208,0.21,359300000.0,,359300000.0,3353389230.0,15.0,11.684,136854000.0,0.5,1.0,204331000.0,0.342,453000000.0,14892000.0,867900000.0,,274000000.0,117800000.0,0.0,117800000.0,1300600000.0,1027200000.0,273400000.0,2549145230.0,-12061000.0,-1976000.0,-1341000.0,-128375000.0,-13026000.0,-142742000.0,-19986000.0,0.0,153298000.0,-2631000.0,53013000.0,53013000.0,53013000.0,0.0,0.0,0.089,107419000.0,96912000.0,185300000.0,0.229,7.095,21.35,18.625,373000000.0,0.0,9.312,1.248,1.248,303300000.0,263300000.0,597907000.0,597907000.0,0.0,,,,,0.0,107342000.0,1.0,273733716.0,273733716.0,,2.184,1206900000.0,0.0,29812000.0,3200000.0,4.409,-407200000.0
84,MKC,MRQ,2000-09-30,2000-08-31,2000-08-31,2021-09-30,-47631000.0,1610539000.0,,513921000.0,1096618000.0,,1.27,-12481000.0,35922000.0,35922000.0,323011000.0,27033000.0,0.554,3.635,840166000.0,606832000.0,233334000.0,840166000.0,0.0,14376000.0,0.0,0.025,0.048,51072000.0,65448000.0,0.132,65448000.0,51072000.0,41983000.0,0.115,0.113,0.115,347499000.0,,347499000.0,2405929653.0,12.0,9.151,-1903000.0,-0.007,1.0,172855000.0,0.349,136942000.0,9089000.0,1349424000.0,,274170000.0,0.0,0.0,0.0,1263040000.0,928417000.0,334623000.0,1997063653.0,7471000.0,-380509000.0,154000.0,403740000.0,-13010000.0,390884000.0,-395547000.0,0.0,10578000.0,1556000.0,27033000.0,27033000.0,27033000.0,0.0,0.0,0.055,121764000.0,51091000.0,141718000.0,0.417,5.747,18.077,15.203,354847000.0,0.0,7.298,0.967,0.967,186456000.0,220379000.0,495866000.0,495866000.0,0.0,,,,,0.0,121707000.0,1.0,273664084.0,273664084.0,,1.812,1473597000.0,0.0,14950000.0,0.0,5.385,-414496000.0
85,MKC,MRQ,2000-06-30,2000-05-31,2000-05-31,2021-09-30,-42298000.0,1195317000.0,,474892000.0,720425000.0,,1.217,-10741000.0,28451000.0,28451000.0,315242000.0,21002000.0,0.902,2.574,437317000.0,202233000.0,235084000.0,437317000.0,0.0,13913000.0,0.0,0.022,0.048,40964000.0,54877000.0,0.113,54877000.0,40964000.0,32651000.0,0.087,0.087,0.087,334419000.0,,334419000.0,2636664140.0,13.0,10.424,29951000.0,0.109,1.0,170482000.0,0.351,138059000.0,8313000.0,939357000.0,,252033000.0,0.0,0.0,0.0,860898000.0,526767000.0,334131000.0,2232630140.0,4442000.0,-1050000.0,-21819000.0,11206000.0,-13059000.0,-23672000.0,-11807000.0,0.0,40692000.0,-771000.0,21002000.0,21002000.0,21002000.0,0.0,0.0,0.043,129572000.0,40910000.0,143505000.0,0.552,6.676,21.408,17.857,356447000.0,0.0,8.125,1.092,1.092,175195000.0,202863000.0,485724000.0,485724000.0,0.0,,,,,0.0,129108000.0,1.0,274785248.0,274785248.0,,1.768,1057258000.0,0.0,11649000.0,0.0,3.848,-51875000.0
86,MKC,MRQ,2000-03-31,2000-02-29,2000-02-29,2021-09-30,-34018000.0,1200295000.0,,482988000.0,717307000.0,,1.277,-12334000.0,24009000.0,24009000.0,298571000.0,18352000.0,0.947,2.394,428043000.0,188172000.0,239871000.0,428043000.0,0.0,14464000.0,0.0,0.026,0.048,35947000.0,50411000.0,0.109,50411000.0,35947000.0,28541000.0,0.087,0.087,0.087,353379000.0,,353379000.0,2223910121.0,13.0,9.456,-14902000.0,-0.054,1.0,163832000.0,0.354,144189000.0,7406000.0,950087000.0,,247316000.0,87238000.0,0.0,87238000.0,846157000.0,510053000.0,336104000.0,1893910121.0,12048000.0,-3065000.0,-40294000.0,83629000.0,-13205000.0,30130000.0,-15260000.0,0.0,-2568000.0,-254000.0,18352000.0,18352000.0,18352000.0,0.0,0.0,0.04,127745000.0,36087000.0,142365000.0,0.552,5.359,21.762,17.681,362356000.0,0.0,6.843,0.934,0.934,180622000.0,215501000.0,462403000.0,462403000.0,0.0,,,,,0.0,127745000.0,1.0,276786280.0,276786280.0,,1.671,1056106000.0,0.0,10189000.0,0.0,3.816,-27065000.0
87,MKC,MRQ,1999-12-31,1999-11-30,1999-11-30,2021-09-30,-34200000.0,1188800000.0,,490600000.0,698200000.0,,1.35,-12101000.0,12000000.0,12000000.0,370521000.0,44090000.0,1.042,2.109,342000000.0,100600000.0,241400000.0,342000000.0,0.0,15390000.0,0.0,0.021,0.043,76795000.0,92185000.0,0.149,92185000.0,76795000.0,68914000.0,0.19,0.187,0.19,382400000.0,,382400000.0,2710933331.0,16.0,11.68,146852000.0,0.519,1.0,249897000.0,0.403,142800000.0,7881000.0,905400000.0,,234200000.0,82800000.0,0.0,82800000.0,806400000.0,470600000.0,335800000.0,2269580331.0,-1853000.0,0.0,-21838000.0,-113580000.0,-12505000.0,-147923000.0,-12148000.0,0.0,158953000.0,-735000.0,44090000.0,44090000.0,44090000.0,0.0,0.0,0.071,177702000.0,72195000.0,148800000.0,0.226,5.935,26.67,22.141,363300000.0,0.0,8.015,1.131,1.131,213900000.0,242800000.0,620418000.0,620418000.0,0.0,,,,,0.0,170498000.0,1.0,283166604.0,283166604.0,,2.191,1046000000.0,0.0,24824000.0,3800000.0,3.694,20000000.0
88,MKC,MRQ,1999-09-30,1999-08-31,1999-08-31,2021-09-30,-40284000.0,1233943000.0,,506401000.0,727542000.0,,1.249,-12094000.0,13864000.0,13864000.0,312532000.0,20847000.0,0.949,2.463,455217000.0,213020000.0,242197000.0,455217000.0,0.0,13481000.0,0.0,0.021,0.043,41982000.0,55463000.0,0.116,55463000.0,41982000.0,33751000.0,0.09,0.087,0.09,356280000.0,,356280000.0,2718296776.0,15.0,11.266,16175000.0,0.057,1.0,164229000.0,0.344,145364000.0,8231000.0,996146000.0,,271407000.0,0.0,0.0,0.0,877663000.0,533786000.0,343877000.0,2281727776.0,354000.0,0.0,-9516000.0,5103000.0,-11714000.0,-16127000.0,-11940000.0,0.0,28269000.0,152000.0,20847000.0,20847000.0,20847000.0,0.0,0.0,0.044,122247000.0,41982000.0,134373000.0,0.478,6.404,25.345,23.188,364458000.0,0.0,8.0,1.157,1.157,183294000.0,221240000.0,476761000.0,476761000.0,0.0,,,,,0.0,118723000.0,1.0,285215972.0,285215972.0,,1.672,1088579000.0,0.0,12904000.0,0.0,3.817,-27385000.0
89,MKC,MRQ,1999-06-30,1999-05-31,1999-05-31,2021-09-30,-41789000.0,1222566000.0,,481264000.0,741302000.0,,1.228,-12349000.0,13510000.0,13510000.0,310443000.0,3739000.0,0.912,2.483,450079000.0,206678000.0,243401000.0,450079000.0,0.0,14966000.0,0.0,0.022,0.043,22167000.0,37133000.0,0.079,37133000.0,22167000.0,14013000.0,0.02,0.02,0.02,351046000.0,,351046000.0,2592527190.0,14.0,10.83,14033000.0,0.049,1.0,157735000.0,0.337,147305000.0,8154000.0,984386000.0,,262201000.0,0.0,0.0,0.0,871520000.0,527444000.0,344076000.0,2169878190.0,-2561000.0,0.0,-16309000.0,11936000.0,-12151000.0,-16524000.0,-12244000.0,0.0,26382000.0,-175000.0,3739000.0,3739000.0,3739000.0,0.0,0.0,0.008,135568000.0,22167000.0,146166000.0,2.15,6.181,24.481,23.148,366593000.0,0.0,7.593,1.118,1.118,182866000.0,219367000.0,468178000.0,468178000.0,0.0,,,,,0.0,120824000.0,1.0,285792320.0,285792320.0,,1.638,1075261000.0,0.0,10274000.0,0.0,3.762,-46180000.0
90,MKC,MRQ,1999-03-31,1999-02-28,1999-02-28,2021-09-30,-47872000.0,1217166000.0,,460348000.0,756818000.0,,1.269,-9756000.0,16071000.0,16071000.0,296204000.0,16424000.0,0.916,2.311,438720000.0,190764000.0,247956000.0,438720000.0,0.0,13563000.0,0.0,0.023,0.043,33756000.0,47319000.0,0.107,47319000.0,33756000.0,25622000.0,0.062,0.062,0.062,367586000.0,,367586000.0,2468915925.0,13.0,9.998,5940000.0,0.021,1.0,145339000.0,0.329,156761000.0,8134000.0,980655000.0,,246392000.0,74119000.0,0.0,74119000.0,849580000.0,502399000.0,347181000.0,2072615925.0,-1640000.0,0.0,-21737000.0,26141000.0,-12330000.0,-7926000.0,-9568000.0,0.0,15696000.0,158000.0,16424000.0,16424000.0,16424000.0,0.0,0.0,0.037,111583000.0,33756000.0,140020000.0,0.694,5.638,20.892,19.765,372209000.0,0.0,7.155,1.087,1.087,176367000.0,245744000.0,441543000.0,441543000.0,0.0,,,,,0.0,111355000.0,1.0,289673784.0,289673784.0,,1.524,1060405000.0,0.0,9198000.0,0.0,3.661,-42051000.0
91,MKC,MRQ,1998-12-31,1998-11-30,1998-11-30,2021-09-30,-43200000.0,1259100000.0,,503800000.0,755300000.0,,1.335,-9029000.0,17700000.0,17700000.0,357487000.0,49018000.0,0.973,2.244,414000000.0,163600000.0,250400000.0,414000000.0,0.0,15198000.0,0.0,0.019,0.04,86178000.0,101376000.0,0.173,101376000.0,86178000.0,76591000.0,0.172,0.17,0.172,388100000.0,,388100000.0,2933871406.0,15.0,12.014,133186000.0,0.458,1.0,228165000.0,0.39,160900000.0,9587000.0,976500000.0,,250900000.0,73700000.0,0.0,73700000.0,871000000.0,518000000.0,353000000.0,2426706406.0,8766000.0,40000.0,-9856000.0,-103558000.0,-11601000.0,-125015000.0,-9912000.0,0.0,142215000.0,1478000.0,49018000.0,49018000.0,49018000.0,0.0,0.0,0.084,145384000.0,82781000.0,145900000.0,0.233,6.253,24.864,23.507,377000000.0,0.0,8.345,1.29,1.29,212800000.0,262300000.0,585652000.0,585652000.0,0.0,,,,,0.0,143892000.0,1.0,290797652.0,290797652.0,,2.014,1098200000.0,15200000.0,27573000.0,4200000.0,3.777,-14200000.0
92,MKC,MRQ,1998-09-30,1998-08-31,1998-08-31,2021-09-30,-42527000.0,1273909000.0,,492515000.0,781394000.0,,1.228,-15962000.0,8934000.0,8934000.0,298518000.0,19454000.0,0.878,2.532,516099000.0,254083000.0,262016000.0,516099000.0,0.0,13548000.0,0.0,0.022,0.04,40013000.0,53561000.0,0.12,53561000.0,40013000.0,30397000.0,0.072,0.072,0.072,360637000.0,,360637000.0,2611056861.0,14.0,10.972,10621000.0,0.036,1.0,146275000.0,0.329,158264000.0,9616000.0,1061577000.0,,278822000.0,0.0,0.0,0.0,913272000.0,561233000.0,352039000.0,2133124861.0,-3755000.0,-8940000.0,-17766000.0,25850000.0,-11729000.0,-3645000.0,-25130000.0,0.0,26583000.0,-1563000.0,19454000.0,19454000.0,19454000.0,0.0,0.0,0.044,107424000.0,38851000.0,137987000.0,0.556,5.915,22.049,21.181,384270000.0,0.0,7.265,1.152,1.152,179647000.0,233994000.0,444793000.0,444793000.0,0.0,,,,,0.0,107295000.0,1.0,293616636.0,293616636.0,,1.515,1115645000.0,0.0,10943000.0,0.0,3.8,-68718000.0
93,MKC,MRQ,1998-06-30,1998-05-31,1998-05-31,2021-09-30,-38673000.0,1252065000.0,,486764000.0,765301000.0,,1.268,-13687000.0,12689000.0,12689000.0,294165000.0,14309000.0,0.916,2.361,490621000.0,231650000.0,258971000.0,490621000.0,0.0,13025000.0,0.0,0.019,0.04,31665000.0,44690000.0,0.103,44690000.0,31665000.0,22357000.0,0.055,,0.055,372537000.0,,372537000.0,2913298954.0,16.0,12.252,-9274000.0,-0.032,1.0,141288000.0,0.324,151157000.0,9308000.0,1047225000.0,,275050000.0,0.0,0.0,0.0,879528000.0,531615000.0,347913000.0,2461141954.0,4329000.0,0.0,-5807000.0,32303000.0,-11757000.0,14739000.0,-14427000.0,0.0,4413000.0,-396000.0,14309000.0,14309000.0,14309000.0,0.0,0.0,0.033,110849000.0,30439000.0,121918000.0,0.727,6.606,25.242,24.778,380023000.0,0.0,8.375,1.344,1.344,173906000.0,241577000.0,435453000.0,435453000.0,0.0,,,,,0.0,110238000.0,1.0,293867696.0,293867696.0,,1.482,1100908000.0,0.0,8048000.0,0.0,3.746,-44851000.0
94,MKC,MRQ,1998-03-31,1998-02-28,1998-02-28,2021-09-30,-34855000.0,1237523000.0,,472633000.0,764890000.0,,1.282,-13122000.0,8360000.0,8360000.0,282030000.0,14819000.0,0.937,2.275,460517000.0,193991000.0,266526000.0,460517000.0,0.0,13029000.0,0.0,0.021,0.04,31544000.0,44573000.0,0.107,44573000.0,31544000.0,23155000.0,0.055,0.055,0.055,377829000.0,,377829000.0,2497542032.0,13.0,10.614,-42333000.0,-0.144,1.0,133172000.0,0.321,154658000.0,8389000.0,1030523000.0,,268133000.0,0.0,0.0,0.0,859694000.0,504499000.0,355195000.0,2113251032.0,-5140000.0,0.0,-15471000.0,64205000.0,-11813000.0,36921000.0,-13131000.0,0.0,-29211000.0,281000.0,14819000.0,14819000.0,14819000.0,0.0,0.0,0.036,103143000.0,30029000.0,128998000.0,0.727,5.593,21.881,21.604,380240000.0,0.0,7.173,1.168,1.168,171214000.0,247274000.0,415202000.0,415202000.0,0.0,,,,,0.0,103143000.0,1.0,294632420.0,294632420.0,,1.409,1082865000.0,0.0,8336000.0,0.0,3.675,-31866000.0
95,MKC,MRQ,1997-12-31,1997-11-30,1997-11-30,2021-09-30,-30600000.0,1256200000.0,,506500000.0,749700000.0,,1.317,-5786000.0,13500000.0,13500000.0,338132000.0,48162000.0,1.016,2.196,397800000.0,121300000.0,276500000.0,397800000.0,0.0,11870000.0,0.0,0.023,0.037,83273000.0,95143000.0,0.171,95143000.0,83273000.0,74024000.0,0.16,0.16,0.16,393100000.0,,393100000.0,2466098444.0,13.0,10.423,138347000.0,0.464,1.0,218876000.0,0.393,158000000.0,9249000.0,984200000.0,,252100000.0,80800000.0,0.0,80800000.0,863100000.0,498300000.0,364800000.0,1976706444.0,2930000.0,15000.0,-20182000.0,-103577000.0,-11171000.0,-134930000.0,-5691000.0,0.0,144133000.0,-582000.0,48162000.0,48162000.0,48162000.0,13000.0,0.0,0.086,141264000.0,77612000.0,150400000.0,0.231,5.029,20.088,20.385,380000000.0,0.0,6.625,1.098,1.098,217200000.0,264300000.0,557008000.0,557008000.0,0.0,,,,,0.0,141124000.0,1.0,298370784.0,298370784.0,,1.867,1098200000.0,13900000.0,25862000.0,2000000.0,3.681,8200000.0
96,MKC,MRQ,1997-09-30,1997-08-31,1997-08-31,2021-09-30,-32644000.0,1275664000.0,,509465000.0,766199000.0,,1.245,-10087000.0,10588000.0,10588000.0,284326000.0,20212000.0,0.944,2.41,499980000.0,224200000.0,275780000.0,499980000.0,0.0,12860000.0,0.0,0.025,0.037,40509000.0,53369000.0,0.126,53369000.0,40509000.0,31142000.0,0.068,0.068,0.068,374125000.0,,374125000.0,2231471465.0,12.0,9.6,-10505000.0,-0.035,1.0,138544000.0,0.328,156871000.0,9367000.0,1068399000.0,,262163000.0,0.0,0.0,0.0,901539000.0,539786000.0,361753000.0,1776584465.0,-367000.0,0.0,-15695000.0,35615000.0,-11288000.0,8632000.0,-10662000.0,2505000.0,-418000.0,2081000.0,20212000.0,20212000.0,20212000.0,-1013000.0,0.0,0.048,102455000.0,36089000.0,127055000.0,0.544,4.749,19.115,19.048,383889000.0,0.0,5.905,0.997,0.996,189570000.0,246163000.0,422870000.0,422870000.0,0.0,,,,,0.0,106181000.0,1.0,300861044.0,300468000.0,,1.407,1118793000.0,0.0,10930000.0,0.0,3.724,-30321000.0
97,MKC,MRQ,1997-06-30,1997-05-31,1997-05-31,2021-09-30,-31231000.0,1269275000.0,,493675000.0,775600000.0,,1.262,-12862000.0,10955000.0,10955000.0,279257000.0,13385000.0,0.943,2.32,465842000.0,188024000.0,277818000.0,465842000.0,0.0,11801000.0,0.0,0.022,0.037,30428000.0,42229000.0,0.102,42229000.0,30428000.0,21245000.0,0.05,,0.05,382309000.0,,382309000.0,2435714026.0,22.0,14.486,27765000.0,0.092,1.0,134463000.0,0.325,160536000.0,9183000.0,1040162000.0,,253443000.0,0.0,0.0,0.0,886966000.0,523464000.0,363502000.0,1984625026.0,-12520000.0,0.0,-20290000.0,-6954000.0,-11409000.0,-38653000.0,-15359000.0,-2197000.0,40627000.0,865000.0,13385000.0,13385000.0,13385000.0,0.0,0.0,0.032,105817000.0,28646000.0,128978000.0,0.74,5.191,40.944,38.869,388356000.0,0.0,6.53,1.125,1.122,180929000.0,254254000.0,413720000.0,413720000.0,0.0,,,,,0.0,105690000.0,1.0,303924200.0,303044000.0,,1.365,1108739000.0,0.0,7860000.0,4230000.0,3.659,-29789000.0
98,MKC,MRQ,1997-03-31,1997-02-28,1997-02-28,2021-09-30,-30330000.0,1300126000.0,,516330000.0,783796000.0,,1.295,-11365000.0,23475000.0,23475000.0,270685000.0,13532000.0,0.978,2.25,474564000.0,188226000.0,286338000.0,474564000.0,0.0,12769000.0,0.0,0.024,0.037,29981000.0,42750000.0,0.105,42750000.0,29981000.0,21480000.0,0.05,0.05,0.05,400099000.0,,400099000.0,2191476139.0,21.0,13.168,-14507000.0,-0.047,1.0,136717000.0,0.336,162020000.0,8501000.0,1061420000.0,,249685000.0,0.0,0.0,0.0,900027000.0,527775000.0,372252000.0,1813773139.0,1057000.0,-3315000.0,-48033000.0,79416000.0,-11632000.0,19751000.0,-14988000.0,-308000.0,-3142000.0,-564000.0,13532000.0,13532000.0,13532000.0,0.0,0.0,0.033,108264000.0,28453000.0,122745000.0,0.74,4.533,39.36,38.595,394820000.0,0.0,5.905,1.04,1.046,196081000.0,272762000.0,407402000.0,407402000.0,0.0,,,,,0.0,108005000.0,1.0,307158872.0,308956000.0,,1.319,1138106000.0,0.0,7948000.0,4890000.0,3.684,-11445000.0
99,MKC,MRQ,1996-12-31,1996-11-30,1996-11-30,2021-09-30,-24834000.0,1326609000.0,,534412000.0,792197000.0,,1.465,-12637000.0,22418000.0,22418000.0,323045000.0,45813000.0,1.07,1.948,400121000.0,108927000.0,291194000.0,400121000.0,0.0,15687000.0,0.0,0.023,0.035,78421000.0,94108000.0,0.175,94108000.0,78421000.0,69428000.0,0.143,,0.143,450043000.0,,450043000.0,,,,103036000.0,0.335,1.0,214377000.0,0.399,165066000.0,8993000.0,1039944000.0,,245089000.0,77537000.0,0.0,77537000.0,876566000.0,499302000.0,377264000.0,1890562857.0,-14381000.0,34000.0,-57144000.0,-50454000.0,-11172000.0,-118770000.0,-13821000.0,282000.0,115673000.0,2537000.0,45813000.0,45813000.0,45813000.0,49000.0,0.0,0.085,141087000.0,73290000.0,153584000.0,0.245,4.201,45.121,47.346,400394000.0,0.0,6.155,1.091,1.091,217495000.0,313847000.0,537422000.0,537422000.0,0.0,,,,,0.0,140525000.0,1.0,307158872.0,307158872.0,,1.75,1161543000.0,33762000.0,23615000.0,4937000.0,3.782,35110000.0
100,MKC,MRQ,1996-09-30,1996-08-31,1996-08-31,2021-09-30,-33398000.0,1340360000.0,,540527000.0,799833000.0,,1.433,-21693000.0,36746000.0,36746000.0,269115000.0,-24258000.0,1.066,1.888,447174000.0,157510000.0,289664000.0,447174000.0,0.0,15106000.0,0.0,0.027,0.035,-26047000.0,-10941000.0,-0.027,-10941000.0,-26047000.0,-34129000.0,-0.075,,-0.075,464108000.0,,464108000.0,,,,-11100000.0,-0.034,1.0,136336000.0,0.336,160238000.0,8082000.0,1083672000.0,,264706000.0,0.0,0.0,0.0,876252000.0,506878000.0,369374000.0,,15959000.0,248766000.0,-11374000.0,-200297000.0,-11360000.0,-223031000.0,227880000.0,807000.0,10593000.0,517000.0,-24258000.0,-24258000.0,-24258000.0,-5112000.0,0.0,-0.06,160722000.0,-24386000.0,127534000.0,-0.467,,,,400322000.0,0.0,5.125,,,194927000.0,332342000.0,405451000.0,405451000.0,0.0,,,,,0.0,103184000.0,1.0,,323928000.0,,1.252,1180122000.0,0.0,-9871000.0,1755000.0,3.643,33649000.0
101,MKC,MRQ,1996-06-30,1996-05-31,1996-05-31,2021-09-30,-36124000.0,1551213000.0,,610973000.0,940240000.0,,1.563,-7871000.0,20787000.0,20787000.0,273333000.0,10995000.0,1.03,2.051,632153000.0,294348000.0,337805000.0,632153000.0,0.0,16871000.0,0.0,0.024,0.035,23642000.0,40513000.0,0.103,40513000.0,23642000.0,15690000.0,0.035,,0.035,508375000.0,,508375000.0,,,,46752000.0,0.144,1.0,120495000.0,0.306,175500000.0,7952000.0,1393624000.0,,353266000.0,0.0,0.0,0.0,1042838000.0,593455000.0,449383000.0,,-1611000.0,0.0,-2971000.0,-34267000.0,-11396000.0,-48634000.0,-6784000.0,1087000.0,54623000.0,-816000.0,10995000.0,10995000.0,10995000.0,-1599000.0,0.0,0.028,98563000.0,21932000.0,134082000.0,1.0,,,,528434000.0,0.0,5.688,,,185330000.0,378354000.0,393828000.0,393828000.0,0.0,,,,,0.0,98563000.0,1.0,,325220000.0,,1.211,1375713000.0,0.0,4695000.0,19428000.0,4.23,17518000.0
102,MKC,MRQ,1996-03-31,1996-02-29,1996-02-29,2021-09-30,-31897000.0,1587524000.0,,647708000.0,939816000.0,,1.588,-17199000.0,22398000.0,22398000.0,262507000.0,9350000.0,1.039,2.077,665313000.0,319508000.0,345805000.0,665313000.0,0.0,16136000.0,0.0,0.023,0.035,23484000.0,39620000.0,0.1,39620000.0,23484000.0,14711000.0,0.03,,0.03,515983000.0,,515983000.0,,,,3612000.0,0.011,1.0,133292000.0,0.337,177814000.0,8773000.0,1428945000.0,,368512000.0,0.0,0.0,0.0,1071541000.0,623680000.0,447861000.0,,9933000.0,0.0,1289000.0,19718000.0,-11372000.0,9635000.0,-19375000.0,-2176000.0,20811000.0,-1138000.0,9350000.0,9350000.0,9350000.0,462000.0,0.0,0.024,110828000.0,22464000.0,132867000.0,1.167,,,,527908000.0,0.0,5.72,,,201937000.0,384179000.0,395799000.0,395799000.0,0.0,,,,,0.0,110828000.0,1.0,,325020000.0,,1.218,1409710000.0,0.0,5361000.0,21408000.0,4.337,24028000.0
103,MKC,MRQ,1995-12-31,1995-11-30,1995-11-30,2021-09-30,-29059000.0,1614341000.0,,670718000.0,943623000.0,,,,12465000.0,12465000.0,,,1.037,2.109,646424000.0,297313000.0,349111000.0,646424000.0,0.0,,0.0,0.022,0.033,,,,,,,,,,519253000.0,,519253000.0,,,,,,1.0,,,180753000.0,,1420680000.0,,383222000.0,54706000.0,0.0,54706000.0,1095088000.0,646867000.0,448221000.0,,,,,,,,,,,,,,,,,,,,146674000.0,,,,19.683,524807000.0,,5.905,,,223958000.0,387657000.0,,,,,,,,,,1.0,,,,,1433588000.0,33980000.0,,25436000.0,,23851000.0
0,MKC,MRT,2021-09-30,2021-08-31,2021-08-31,2021-09-30,-435600000.0,12884400000.0,12617425000.0,2160900000.0,10723500000.0,0.487,16.404,-269600000.0,312600000.0,312600000.0,3693100000.0,702200000.0,0.684,1.934,5520900000.0,1535900000.0,3985000000.0,5520900000.0,0.0,180200000.0,0.0,0.019,1.67,1030900000.0,1211100000.0,0.197,1211100000.0,1030900000.0,895200000.0,2.835,2.82,2.835,4386500000.0,4196850000.0,4386500000.0,28231842020.0,27.0,23.311,517900000.0,1.937,1.0,2452400000.0,0.399,8857800000.0,135700000.0,6073600000.0,6188450000.0,1202400000.0,0.0,0.0,0.0,8481300000.0,3161300000.0,5320000000.0,23062742020.0,91600000.0,-1444000000.0,8500000.0,1362800000.0,-355100000.0,1000600000.0,-1712900000.0,0.0,787500000.0,16400000.0,702200000.0,702200000.0,702200000.0,0.0,0.0,0.114,1438600000.0,1013800000.0,1023100000.0,0.589,5.258,32.844,30.437,1113500000.0,0.0,86.29,3.753,3.755,541000000.0,2780000000.0,6145500000.0,6145500000.0,0.0,0.056,0.167,0.167,0.168,62400000.0,1375700000.0,1.0,267270159.0,267400000.0,,22.982,4026600000.0,0.0,193000000.0,752600000.0,15.058,-1000400000.0
1,MKC,MRT,2021-06-30,2021-05-31,2021-05-31,2021-09-30,-362300000.0,12810500000.0,12111500000.0,2052600000.0,10757900000.0,0.498,16.181,-251000000.0,291800000.0,291800000.0,3583300000.0,695400000.0,0.862,1.958,5460900000.0,725000000.0,4735900000.0,5460900000.0,0.0,175400000.0,0.0,0.018,1.64,1039100000.0,1214500000.0,0.202,1214500000.0,1039100000.0,903800000.0,2.815,2.79,2.815,4325300000.0,4083400000.0,4325300000.0,29125451528.0,28.0,23.981,663500000.0,2.482,1.0,2443100000.0,0.405,8923300000.0,135300000.0,6675100000.0,6029500000.0,1147800000.0,0.0,0.0,0.0,8469700000.0,2381200000.0,6088500000.0,23782151528.0,106800000.0,-1444000000.0,9200000.0,1183700000.0,-346800000.0,829300000.0,-1694000000.0,0.0,914500000.0,57000000.0,695400000.0,695400000.0,695400000.0,0.0,0.0,0.115,1421500000.0,1021600000.0,1040500000.0,0.583,5.498,34.199,31.638,1112800000.0,0.0,89.06,3.946,3.95,500400000.0,2660500000.0,6026400000.0,6026400000.0,0.0,0.057,0.17,0.172,0.172,61500000.0,1365600000.0,1.0,267035162.0,267300000.0,,22.545,3887200000.0,0.0,208400000.0,742800000.0,14.542,-328600000.0
2,MKC,MRT,2021-03-31,2021-02-28,2021-02-28,2021-09-30,-422500000.0,12685100000.0,11552900000.0,1954700000.0,10730400000.0,0.508,15.535,-235400000.0,256100000.0,256100000.0,3462800000.0,720800000.0,0.806,2.053,5599400000.0,860200000.0,4739200000.0,5599400000.0,0.0,171200000.0,0.0,0.019,1.61,1058300000.0,1229500000.0,0.209,1229500000.0,1058300000.0,924200000.0,2.865,2.84,2.865,4149500000.0,3914550000.0,4149500000.0,26978751657.0,25.0,21.943,728900000.0,2.729,1.0,2408000000.0,0.41,8897900000.0,134100000.0,6706800000.0,5805100000.0,1073400000.0,0.0,0.0,0.0,8520400000.0,2423700000.0,6096700000.0,22497951657.0,85300000.0,-1509600000.0,25000000.0,1155100000.0,-338500000.0,826500000.0,-1742500000.0,0.0,964300000.0,37000000.0,720800000.0,720800000.0,720800000.0,0.0,0.0,0.123,1366400000.0,1041600000.0,967400000.0,0.562,5.422,31.212,29.417,1070800000.0,0.0,84.28,3.832,3.834,515900000.0,2573600000.0,5870800000.0,5870800000.0,0.0,0.062,0.184,0.182,0.18,53800000.0,1328200000.0,1.0,266942948.0,267100000.0,,21.98,3787200000.0,0.0,203400000.0,739500000.0,14.179,-469000000.0
3,MKC,MRT,2020-12-31,2020-11-30,2020-11-30,2021-09-30,-470800000.0,12089700000.0,11004550000.0,2083600000.0,10006100000.0,0.509,14.714,-225300000.0,423600000.0,423600000.0,3300900000.0,706600000.0,0.684,2.076,4904400000.0,1150600000.0,3753800000.0,4904400000.0,0.0,165000000.0,0.0,0.013,1.24,1017100000.0,1182100000.0,0.211,1182100000.0,1017100000.0,881500000.0,2.8,2.78,2.8,3926100000.0,3767650000.0,3926100000.0,28893294050.0,28.0,24.442,816000000.0,3.058,1.0,2300400000.0,0.411,8225700000.0,135600000.0,5298300000.0,5466725000.0,1032600000.0,0.0,0.0,0.0,8149700000.0,3046500000.0,5103200000.0,24945294050.0,268200000.0,-803000000.0,9300000.0,554700000.0,-330100000.0,220900000.0,-1025600000.0,0.0,1041300000.0,31600000.0,706600000.0,706600000.0,706600000.0,0.0,0.0,0.126,1300900000.0,999500000.0,1032300000.0,0.443,6.354,35.303,33.389,1028400000.0,0.0,93.49,4.453,4.453,528500000.0,2415600000.0,5601300000.0,5601300000.0,0.0,0.064,0.188,0.186,0.182,46000000.0,1281600000.0,1.0,266823126.0,266823126.0,,20.993,3864000000.0,0.0,174900000.0,727200000.0,14.482,-962900000.0
4,MKC,MRT,2020-09-30,2020-08-31,2020-08-31,2021-09-30,-429900000.0,10860700000.0,10572650000.0,1759600000.0,9101100000.0,0.523,14.746,-212200000.0,221000000.0,221000000.0,3258500000.0,718200000.0,0.901,1.758,4169000000.0,431500000.0,3737500000.0,4169000000.0,0.0,164700000.0,0.0,0.012,1.215,1043700000.0,1208400000.0,0.219,1208400000.0,1043700000.0,902000000.0,2.855,2.825,2.855,3932700000.0,3647175000.0,3932700000.0,31572525895.0,30.0,26.128,866700000.0,3.25,1.0,2269700000.0,0.411,7417400000.0,141700000.0,5437800000.0,5398225000.0,942100000.0,0.0,0.0,0.0,6914700000.0,1953500000.0,4961200000.0,27470525895.0,58100000.0,0.0,-3800000.0,-499200000.0,-323200000.0,-839300000.0,-209800000.0,0.0,1078900000.0,28300000.0,718200000.0,718200000.0,718200000.0,0.0,0.0,0.13,1245900000.0,1023800000.0,902800000.0,0.426,6.985,38.249,36.112,960900000.0,0.0,103.1,4.969,4.974,496500000.0,2391000000.0,5528200000.0,5528200000.0,0.0,0.068,0.197,0.193,0.189,44400000.0,1238000000.0,1.0,266445450.0,266700000.0,,20.728,3443300000.0,0.0,183800000.0,704400000.0,12.911,-193900000.0
5,MKC,MRT,2020-06-30,2020-05-31,2020-05-31,2021-09-30,-577700000.0,10576100000.0,10448975000.0,1615700000.0,8960400000.0,0.519,13.711,-206700000.0,185000000.0,185000000.0,3207800000.0,704000000.0,1.021,1.894,4287000000.0,173400000.0,4113600000.0,4287000000.0,0.0,161300000.0,0.0,0.014,1.19,1027200000.0,1188500000.0,0.219,1188500000.0,1027200000.0,877700000.0,2.81,2.78,2.81,3649900000.0,3531175000.0,3649900000.0,27550445548.0,27.0,23.181,781400000.0,2.935,1.0,2219300000.0,0.409,7318300000.0,149500000.0,5777500000.0,5406750000.0,831300000.0,0.0,0.0,0.0,6913800000.0,1582300000.0,5331500000.0,23279445548.0,45600000.0,0.0,13500000.0,-421000000.0,-316300000.0,-735600000.0,-202200000.0,0.0,988100000.0,-4700000.0,704000000.0,704000000.0,704000000.0,0.0,0.0,0.13,1215000000.0,1004300000.0,857200000.0,0.423,6.378,33.067,31.167,927000000.0,0.0,87.58,4.289,4.296,494300000.0,2288700000.0,5427100000.0,5427100000.0,0.0,0.067,0.199,0.19,0.189,41500000.0,1199500000.0,1.0,265807782.0,266200000.0,,20.387,3257800000.0,0.0,173700000.0,701300000.0,12.238,33400000.0
6,MKC,MRT,2020-03-31,2020-02-29,2020-02-29,2021-09-30,-519500000.0,10491700000.0,10364125000.0,1524400000.0,8967300000.0,0.514,13.391,-186800000.0,170800000.0,170800000.0,3179600000.0,658200000.0,0.736,1.942,4441800000.0,813900000.0,3627900000.0,4441800000.0,0.0,160400000.0,0.0,0.016,1.165,981100000.0,1141500000.0,0.214,1141500000.0,981100000.0,823600000.0,2.635,2.61,2.635,3561900000.0,3461425000.0,3561900000.0,23599455850.0,24.0,20.674,701200000.0,2.636,1.0,2148300000.0,0.403,7337000000.0,157500000.0,5353300000.0,5346475000.0,835600000.0,0.0,0.0,0.0,6917100000.0,2072400000.0,4844700000.0,19430655850.0,68500000.0,0.0,7400000.0,-324800000.0,-309300000.0,-639300000.0,-184000000.0,0.0,888000000.0,3800000.0,658200000.0,658200000.0,658200000.0,0.0,0.0,0.124,1193300000.0,955000000.0,789400000.0,0.442,5.455,29.521,27.74,936000000.0,0.0,73.095,3.647,3.649,409900000.0,2179900000.0,5327900000.0,5327900000.0,0.0,0.064,0.19,0.184,0.184,36900000.0,1173600000.0,1.0,265827428.0,266000000.0,,20.03,3154700000.0,0.0,165400000.0,699400000.0,11.86,-548000000.0
7,MKC,MRT,2019-12-31,2019-11-30,2019-11-30,2021-09-30,-500200000.0,10362100000.0,10298175000.0,1550200000.0,8811900000.0,0.519,12.957,-173700000.0,155400000.0,155400000.0,3202100000.0,661800000.0,0.72,2.005,4324200000.0,698400000.0,3625800000.0,4324200000.0,0.0,158800000.0,0.0,0.013,1.14,984400000.0,1143200000.0,0.214,1143200000.0,984400000.0,819200000.0,2.65,2.62,2.65,3444200000.0,3403700000.0,3444200000.0,26978434505.0,27.0,23.599,773100000.0,2.908,1.0,2145300000.0,0.401,7352200000.0,165200000.0,5024300000.0,5411150000.0,801200000.0,0.0,0.0,0.0,6905400000.0,2154400000.0,4751000000.0,22495334505.0,58800000.0,0.0,-4200000.0,-406700000.0,-302200000.0,-725800000.0,-171000000.0,0.0,946800000.0,8800000.0,661800000.0,661800000.0,661800000.0,0.0,0.0,0.124,1187600000.0,957700000.0,846900000.0,0.43,6.531,33.991,31.934,952600000.0,0.0,84.625,4.207,4.207,502900000.0,2055800000.0,5347400000.0,5347400000.0,0.0,0.064,0.194,0.182,0.184,37200000.0,1166800000.0,1.0,265823746.0,265823746.0,,20.116,3009900000.0,0.0,157400000.0,697600000.0,11.323,-604200000.0
8,MKC,MRT,2019-09-30,2019-08-31,2019-08-31,2021-09-30,-428300000.0,10366000000.0,10271750000.0,1589400000.0,8776600000.0,0.519,13.06,-163600000.0,162900000.0,162900000.0,3210200000.0,663200000.0,0.783,1.985,4646000000.0,802900000.0,3843100000.0,4646000000.0,0.0,157100000.0,0.0,0.014,1.115,980600000.0,1137700000.0,0.213,1137700000.0,980600000.0,810000000.0,2.665,2.625,2.665,3468700000.0,3335375000.0,3468700000.0,26115840728.0,27.0,22.955,763200000.0,2.873,1.0,2120300000.0,0.398,7346800000.0,170600000.0,5471900000.0,5518400000.0,846900000.0,0.0,0.0,0.0,6885400000.0,2030400000.0,4855000000.0,21584540728.0,89900000.0,0.0,21500000.0,-380100000.0,-294900000.0,-677600000.0,-149600000.0,0.0,926800000.0,-9700000.0,663200000.0,663200000.0,663200000.0,0.0,0.0,0.124,1170300000.0,950000000.0,783100000.0,0.418,6.223,32.546,30.557,910000000.0,0.0,81.435,4.049,4.058,494600000.0,2019800000.0,5330500000.0,5330500000.0,0.0,0.065,0.199,0.178,0.184,34600000.0,1150600000.0,1.0,265052382.0,265600000.0,,20.07,3019200000.0,0.0,146800000.0,701200000.0,11.367,-441000000.0
9,MKC,MRT,2019-06-30,2019-05-31,2019-05-31,2021-09-30,-382700000.0,10236700000.0,10249750000.0,1473100000.0,8763600000.0,0.519,12.74,-163300000.0,139400000.0,139400000.0,3216600000.0,646000000.0,0.792,2.033,4670700000.0,693200000.0,3977500000.0,4670700000.0,0.0,155600000.0,0.0,0.014,1.09,954900000.0,1110500000.0,0.209,1110500000.0,954900000.0,780900000.0,2.6,2.56,2.6,3370900000.0,3246200000.0,3370900000.0,25219372302.0,26.0,22.71,737200000.0,2.786,1.0,2102900000.0,0.395,7371500000.0,174000000.0,5536400000.0,5625400000.0,816500000.0,0.0,0.0,0.0,6854100000.0,1860100000.0,4994000000.0,20598472302.0,-63200000.0,0.0,14600000.0,-506600000.0,-287700000.0,-810200000.0,-149300000.0,0.0,900500000.0,-4200000.0,646000000.0,646000000.0,646000000.0,0.0,0.0,0.121,1176500000.0,926400000.0,706600000.0,0.419,6.111,31.886,30.008,917400000.0,0.0,78.02,3.872,3.881,429000000.0,1918600000.0,5319500000.0,5319500000.0,0.0,0.063,0.199,0.17,0.18,32300000.0,1155600000.0,1.0,264015282.0,264600000.0,,20.104,2865200000.0,0.0,134900000.0,706400000.0,10.828,-387000000.0
10,MKC,MRT,2019-03-31,2019-02-28,2019-02-28,2021-09-30,-327400000.0,10227900000.0,10286525000.0,1428000000.0,8799900000.0,0.517,12.598,-163200000.0,102300000.0,102300000.0,3219100000.0,622000000.0,0.781,2.067,4723200000.0,689200000.0,4034000000.0,4723200000.0,0.0,154400000.0,0.0,0.016,1.065,933700000.0,1088100000.0,0.205,1088100000.0,933700000.0,757900000.0,2.505,2.465,2.505,3331000000.0,3163550000.0,3331000000.0,22569320531.0,24.0,20.742,782100000.0,2.958,1.0,2099800000.0,0.395,7407700000.0,175800000.0,5612000000.0,5746150000.0,807300000.0,0.0,0.0,0.0,6885200000.0,1829100000.0,5056100000.0,17969520531.0,-77300000.0,0.0,-8000000.0,-553900000.0,-280500000.0,-869700000.0,-148600000.0,0.0,945300000.0,-4300000.0,622000000.0,622000000.0,622000000.0,0.0,0.0,0.117,1192900000.0,906900000.0,673800000.0,0.425,5.395,28.89,27.142,934600000.0,0.0,67.99,3.378,3.38,435700000.0,1877900000.0,5318900000.0,5318900000.0,0.0,0.06,0.197,0.162,0.176,28000000.0,1162900000.0,1.0,264296522.0,264400000.0,,20.117,2820200000.0,0.0,135900000.0,704400000.0,10.666,-401100000.0
11,MKC,MRT,2018-12-31,2018-11-30,2018-11-30,2021-09-30,-359900000.0,10256400000.0,10320300000.0,1479900000.0,8776500000.0,0.514,12.042,-169100000.0,96600000.0,96600000.0,3209500000.0,898600000.0,0.739,2.231,4696400000.0,643500000.0,4052900000.0,4696400000.0,0.0,150700000.0,0.0,0.014,1.04,915900000.0,1066600000.0,0.201,1066600000.0,915900000.0,741300000.0,3.55,3.5,3.55,3170900000.0,3098900000.0,3170900000.0,24661879250.0,27.0,23.122,652100000.0,2.476,1.0,2093300000.0,0.395,7401200000.0,174600000.0,5453300000.0,5821575000.0,786300000.0,0.0,0.0,0.0,7074200000.0,2001700000.0,5072500000.0,19749779250.0,-90200000.0,-4200000.0,15900000.0,-466500000.0,-273400000.0,-751100000.0,-158500000.0,0.0,821200000.0,-1800000.0,898600000.0,898600000.0,898600000.0,0.0,0.0,0.169,1202200000.0,891100000.0,710000000.0,0.293,6.228,21.978,21.127,941500000.0,0.0,75.0,3.724,3.724,518100000.0,1760200000.0,5302800000.0,5302800000.0,0.0,0.087,0.29,0.157,0.173,25600000.0,1163400000.0,1.0,263330390.0,263330390.0,,20.137,2855200000.0,0.0,-157300000.0,706500000.0,10.843,-521800000.0
12,MKC,MRT,2018-09-30,2018-08-31,2018-08-31,2021-09-30,-354100000.0,10278000000.0,10352650000.0,1474200000.0,8803800000.0,0.504,11.824,-186600000.0,73000000.0,73000000.0,3281700000.0,860900000.0,0.795,2.303,4985100000.0,715300000.0,4269800000.0,4985100000.0,0.0,147200000.0,0.0,0.016,1.015,881000000.0,1028200000.0,0.197,1028200000.0,881000000.0,705500000.0,3.425,3.38,3.425,3112000000.0,2948900000.0,3112000000.0,21345224583.0,24.0,20.76,714700000.0,2.715,1.0,1940300000.0,0.372,7435100000.0,175500000.0,5899900000.0,5887650000.0,806300000.0,407700000.0,0.0,407700000.0,7166000000.0,1855100000.0,5310900000.0,16392624583.0,-93100000.0,-4200000.0,2200000.0,-526300000.0,-266500000.0,-803400000.0,-186600000.0,0.0,901300000.0,-4400000.0,860900000.0,860900000.0,860900000.0,0.0,0.0,0.165,1076400000.0,863900000.0,646300000.0,0.296,5.268,19.041,18.231,961000000.0,0.0,62.44,3.139,3.147,511700000.0,1723700000.0,5222000000.0,5222000000.0,0.0,0.083,0.292,0.15,0.169,27100000.0,1014900000.0,1.0,262534026.0,263200000.0,,19.84,2842900000.0,0.0,-155400000.0,667700000.0,10.801,-380900000.0
13,MKC,MRT,2018-06-30,2018-05-31,2018-05-31,2021-09-30,-308400000.0,10383800000.0,10378575000.0,1564200000.0,8819600000.0,0.49,11.569,-176100000.0,202600000.0,202600000.0,3186800000.0,795800000.0,0.847,2.415,5155200000.0,699000000.0,4456200000.0,5155200000.0,0.0,141200000.0,0.0,0.02,0.99,800800000.0,942000000.0,0.185,942000000.0,800800000.0,648500000.0,3.195,3.155,3.195,3040300000.0,2804225000.0,3040300000.0,18212188926.0,23.0,19.334,696900000.0,2.652,1.0,1902200000.0,0.374,7470300000.0,152300000.0,6019400000.0,5978575000.0,797600000.0,401600000.0,0.0,401600000.0,7343500000.0,1846700000.0,5496800000.0,13256888926.0,72600000.0,-4207600000.0,547000000.0,3306300000.0,-256700000.0,3569800000.0,-4381700000.0,0.0,873000000.0,11500000.0,795800000.0,795800000.0,795800000.0,0.0,0.0,0.156,1099500000.0,802700000.0,624100000.0,0.31,4.36,16.659,15.806,947700000.0,0.0,50.5,2.605,2.608,473900000.0,1631600000.0,5089000000.0,5089000000.0,0.0,0.077,0.284,0.134,0.157,25600000.0,1017700000.0,1.0,262512652.0,262800000.0,,19.365,2913500000.0,0.0,-147300000.0,659900000.0,11.086,-282500000.0
14,MKC,MRT,2018-03-31,2018-02-28,2018-02-28,2021-09-30,-224300000.0,10363000000.0,9000650000.0,1606000000.0,8757000000.0,0.545,11.709,-185000000.0,179600000.0,179600000.0,3060600000.0,771500000.0,0.858,2.373,5134900000.0,756300000.0,4378600000.0,5134900000.0,0.0,133500000.0,0.0,0.018,0.965,741400000.0,874900000.0,0.178,874900000.0,741400000.0,618400000.0,3.125,3.085,3.125,3072400000.0,2496500000.0,3072400000.0,18839810426.0,25.0,21.534,565500000.0,2.155,1.0,1841400000.0,0.376,7533100000.0,123000000.0,5913700000.0,5040725000.0,827700000.0,400800000.0,0.0,400800000.0,7290600000.0,1871500000.0,5419100000.0,13999510426.0,53900000.0,-4207600000.0,520300000.0,3439500000.0,-246900000.0,3685000000.0,-4390800000.0,0.0,750500000.0,9200000.0,771500000.0,771500000.0,771500000.0,0.0,0.0,0.157,1094700000.0,746700000.0,584400000.0,0.309,4.557,18.146,17.085,823100000.0,0.0,53.39,2.856,2.858,502000000.0,1592300000.0,4902000000.0,4902000000.0,0.0,0.086,0.309,0.147,0.151,24100000.0,1024400000.0,1.0,262212220.0,262400000.0,,18.681,2829900000.0,0.0,-153100000.0,662300000.0,10.785,-265500000.0
15,MKC,MRT,2017-12-31,2017-11-30,2017-11-30,2021-09-30,-279500000.0,10385800000.0,7597675000.0,1617000000.0,8768800000.0,0.623,9.813,-182400000.0,186800000.0,186800000.0,2936300000.0,443500000.0,0.83,3.04,5027100000.0,583200000.0,4443900000.0,5027100000.0,0.0,125200000.0,0.0,0.018,0.94,690500000.0,815700000.0,0.172,815700000.0,690500000.0,594800000.0,1.885,1.86,1.885,2570900000.0,2161300000.0,2570900000.0,18596313344.0,27.0,22.798,632900000.0,2.416,1.0,1794000000.0,0.379,7561200000.0,95700000.0,5717600000.0,4124450000.0,793300000.0,398500000.0,0.0,398500000.0,7814900000.0,1947300000.0,5867600000.0,13385413344.0,68400000.0,-4327400000.0,445700000.0,3574600000.0,-237600000.0,3756000000.0,-4508300000.0,0.0,815300000.0,5400000.0,443500000.0,443500000.0,443500000.0,0.0,0.0,0.094,1094200000.0,699800000.0,639900000.0,0.499,5.207,30.181,27.103,809100000.0,0.0,51.09,2.83,2.83,555100000.0,1166500000.0,4730300000.0,4730300000.0,0.0,0.058,0.205,0.167,0.146,23900000.0,1031200000.0,1.0,261996738.0,261996738.0,,18.055,2824600000.0,0.0,151300000.0,1094500000.0,10.781,-330300000.0
16,MKC,MRT,2017-09-30,2017-08-31,2017-08-31,2021-09-30,-265900000.0,10381700000.0,6160200000.0,1642600000.0,8739100000.0,0.742,10.029,-173500000.0,166100000.0,166100000.0,2688200000.0,423600000.0,0.947,3.098,5377000000.0,674700000.0,4702300000.0,5377000000.0,0.0,116000000.0,0.0,0.019,0.92,643900000.0,759900000.0,0.166,759900000.0,643900000.0,578700000.0,1.83,1.805,1.83,2533300000.0,1928100000.0,2533300000.0,13434036963.0,21.0,17.679,465200000.0,1.842,1.0,1882000000.0,0.412,7594800000.0,65200000.0,6263600000.0,3281475000.0,835800000.0,378900000.0,0.0,378900000.0,7848400000.0,1734200000.0,6114200000.0,11852936963.0,31900000.0,-4327600000.0,382700000.0,3762100000.0,-230200000.0,3887400000.0,-4500400000.0,0.0,638700000.0,6200000.0,423600000.0,423600000.0,423600000.0,0.0,0.0,0.093,1227400000.0,654600000.0,516900000.0,0.503,4.679,27.981,25.992,765400000.0,0.0,47.565,2.594,2.629,556200000.0,1123900000.0,4570200000.0,4570200000.0,0.0,0.069,0.22,0.196,0.141,24200000.0,1184000000.0,1.0,249194512.0,252600000.0,,18.093,2786900000.0,0.0,155100000.0,1106300000.0,11.033,-91600000.0
17,MKC,MRT,2017-06-30,2017-05-31,2017-05-31,2021-09-30,-379300000.0,4872100000.0,4734350000.0,1425900000.0,3446200000.0,0.945,7.255,-165000000.0,130000000.0,130000000.0,2624500000.0,443200000.0,0.792,1.693,1711100000.0,906800000.0,804300000.0,1711100000.0,0.0,113800000.0,0.0,0.017,0.9,657400000.0,771200000.0,0.172,771200000.0,657400000.0,599600000.0,1.905,1.88,1.905,1809400000.0,1738425000.0,1809400000.0,14552662755.0,22.0,18.87,457600000.0,1.835,1.0,1851500000.0,0.414,2383800000.0,57800000.0,2268000000.0,2358925000.0,779800000.0,358600000.0,0.0,358600000.0,3062700000.0,1801400000.0,1261300000.0,12985262755.0,-1500000.0,-122300000.0,-242300000.0,144100000.0,-225900000.0,-330700000.0,-285500000.0,0.0,622600000.0,-7900000.0,443200000.0,443200000.0,443200000.0,0.0,0.0,0.099,1197800000.0,653700000.0,453100000.0,0.472,7.177,29.299,27.336,703800000.0,0.0,52.075,2.901,2.902,429700000.0,1074200000.0,4476000000.0,4476000000.0,0.0,0.094,0.255,0.279,0.147,24200000.0,1179300000.0,1.0,249356942.0,249400000.0,,17.947,2488300000.0,0.0,156400000.0,126400000.0,9.977,-375500000.0
18,MKC,MRT,2017-03-31,2017-02-28,2017-02-28,2021-09-30,-445000000.0,4751100000.0,4668225000.0,1385100000.0,3366000000.0,0.948,6.921,-158600000.0,125700000.0,125700000.0,2585300000.0,437700000.0,0.797,1.744,1693100000.0,889600000.0,803500000.0,1693100000.0,0.0,110600000.0,0.0,0.018,0.88,649300000.0,759900000.0,0.172,759900000.0,649300000.0,592700000.0,1.875,1.85,1.875,1731600000.0,1729450000.0,1731600000.0,13649949704.0,21.0,17.963,465200000.0,1.859,1.0,1839700000.0,0.416,2331500000.0,56600000.0,2248600000.0,2423675000.0,767200000.0,351700000.0,0.0,351700000.0,3019500000.0,1738400000.0,1281100000.0,12321149704.0,13900000.0,-240400000.0,-240400000.0,251900000.0,-222100000.0,-215100000.0,-397600000.0,0.0,623800000.0,2800000.0,437700000.0,437700000.0,437700000.0,0.0,0.0,0.099,1193600000.0,646100000.0,448400000.0,0.469,7.115,28.15,26.245,682800000.0,0.0,49.21,2.784,2.782,404400000.0,1073100000.0,4425000000.0,4425000000.0,0.0,0.094,0.253,0.268,0.147,26700000.0,1175900000.0,1.0,250378982.0,250200000.0,,17.686,2419600000.0,0.0,155000000.0,122900000.0,9.671,-353300000.0
19,MKC,MRT,2016-12-31,2016-11-30,2016-11-30,2021-09-30,-514400000.0,4635900000.0,4571700000.0,1421800000.0,3214100000.0,0.965,6.497,-152100000.0,118400000.0,118400000.0,2579800000.0,436200000.0,0.999,1.83,1447200000.0,393200000.0,1054000000.0,1447200000.0,0.0,108700000.0,0.0,0.019,0.86,645200000.0,753900000.0,0.171,753900000.0,645200000.0,589200000.0,1.865,1.845,1.865,1638100000.0,1728275000.0,1638100000.0,12981412182.0,20.0,17.219,506000000.0,2.007,1.0,1831700000.0,0.415,2196300000.0,56000000.0,2345700000.0,2479950000.0,756300000.0,348400000.0,0.0,348400000.0,2997800000.0,1422700000.0,1575100000.0,11497812182.0,5800000.0,-116400000.0,-205900000.0,55700000.0,-217800000.0,-371500000.0,-267100000.0,0.0,658100000.0,-13700000.0,436200000.0,436200000.0,436200000.0,0.0,0.0,0.099,1190700000.0,641000000.0,450800000.0,0.461,7.019,26.359,24.45,669400000.0,0.0,45.6,2.606,2.606,465200000.0,1056800000.0,4411500000.0,4411500000.0,0.0,0.095,0.252,0.26,0.146,25600000.0,1175000000.0,1.0,252145004.0,252145004.0,,17.496,2439600000.0,0.0,153000000.0,79900000.0,9.675,-900000.0
20,MKC,MRT,2016-09-30,2016-08-31,2016-08-31,2021-09-30,-400200000.0,4678300000.0,4530875000.0,1420200000.0,3258100000.0,0.968,7.02,-145300000.0,134200000.0,134200000.0,2573000000.0,430200000.0,1.06,1.636,1616600000.0,559900000.0,1056700000.0,1616600000.0,0.0,109500000.0,0.0,0.017,0.845,636600000.0,746100000.0,0.17,746100000.0,636600000.0,581100000.0,1.825,1.81,1.825,1774600000.0,1740475000.0,1774600000.0,14350709043.0,23.0,19.234,450500000.0,1.782,1.0,1813400000.0,0.413,2246900000.0,55500000.0,2573400000.0,2489625000.0,760300000.0,370100000.0,0.0,370100000.0,2903700000.0,1340400000.0,1563300000.0,12913309043.0,25800000.0,-116200000.0,-204200000.0,122700000.0,-214800000.0,-305100000.0,-260100000.0,0.0,595800000.0,-4800000.0,430200000.0,430200000.0,430200000.0,0.0,0.0,0.098,1179300000.0,634100000.0,361000000.0,0.463,7.277,30.017,27.934,641100000.0,0.0,50.98,2.944,2.938,445300000.0,1074700000.0,4386400000.0,4386400000.0,0.0,0.095,0.247,0.256,0.145,21500000.0,1167100000.0,1.0,253301472.0,252800000.0,,17.351,2431400000.0,0.0,150900000.0,122700000.0,9.618,79800000.0
21,MKC,MRT,2016-06-30,2016-05-31,2016-05-31,2021-09-30,-387700000.0,4607600000.0,4483975000.0,1352100000.0,3255500000.0,0.971,6.988,-138700000.0,131500000.0,131500000.0,2573900000.0,398500000.0,1.065,1.598,1567700000.0,513700000.0,1054000000.0,1567700000.0,0.0,106400000.0,0.0,0.017,0.83,607500000.0,713900000.0,0.164,713900000.0,607500000.0,552500000.0,1.7,1.69,1.7,1773500000.0,1737375000.0,1773500000.0,13655561161.0,22.0,19.128,478100000.0,1.884,1.0,1781400000.0,0.409,2247300000.0,55000000.0,2527000000.0,2419075000.0,739600000.0,371100000.0,0.0,371100000.0,2834100000.0,1269500000.0,1564600000.0,12320861161.0,42000000.0,-217500000.0,-127100000.0,142100000.0,-211700000.0,-205500000.0,-356200000.0,0.0,616800000.0,-13100000.0,398500000.0,398500000.0,398500000.0,0.0,0.0,0.091,1176400000.0,605000000.0,366200000.0,0.488,6.947,30.918,28.55,637100000.0,0.0,48.535,2.829,2.828,399600000.0,1069800000.0,4355300000.0,4355300000.0,0.0,0.089,0.229,0.251,0.139,20600000.0,1156800000.0,1.0,253855180.0,253800000.0,,17.16,2360300000.0,0.0,154000000.0,0.0,9.3,82600000.0
22,MKC,MRT,2016-03-31,2016-02-29,2016-02-29,2021-09-30,-423700000.0,4365000000.0,4426675000.0,1258100000.0,3106900000.0,0.975,6.793,-134700000.0,111800000.0,111800000.0,2563500000.0,389300000.0,1.154,1.528,1445200000.0,390200000.0,1055000000.0,1445200000.0,0.0,107400000.0,0.0,0.017,0.815,586200000.0,693600000.0,0.161,693600000.0,586200000.0,531900000.0,1.66,1.65,1.66,1726900000.0,1727825000.0,1726900000.0,13137197023.0,22.0,18.941,438000000.0,1.723,1.0,1752600000.0,0.406,2134100000.0,54300000.0,2473700000.0,2361375000.0,702200000.0,363700000.0,0.0,363700000.0,2638100000.0,1090600000.0,1547500000.0,11854097023.0,30000000.0,-210900000.0,-93800000.0,126400000.0,-208200000.0,-181600000.0,-345600000.0,0.0,572700000.0,-15500000.0,389300000.0,389300000.0,389300000.0,0.0,0.0,0.09,1168800000.0,583800000.0,336700000.0,0.491,6.864,30.45,28.09,609100000.0,0.0,46.63,2.746,2.746,371200000.0,1086300000.0,4316100000.0,4316100000.0,0.0,0.088,0.225,0.248,0.136,18000000.0,1134100000.0,1.0,254216106.0,254200000.0,,16.979,2230900000.0,0.0,142600000.0,0.0,8.776,167500000.0
23,MKC,MRT,2015-12-31,2015-11-30,2015-11-30,2021-09-30,-406100000.0,4472600000.0,4384800000.0,1357400000.0,3115200000.0,0.98,6.587,-128000000.0,112600000.0,112600000.0,2559000000.0,364900000.0,1.096,1.651,1394400000.0,343000000.0,1051400000.0,1394400000.0,0.0,105900000.0,0.0,0.019,0.8,549500000.0,655400000.0,0.153,655400000.0,549500000.0,496200000.0,1.57,1.555,1.57,1686900000.0,1722075000.0,1686900000.0,12385388359.0,23.0,18.897,462000000.0,1.804,1.0,1737300000.0,0.404,2131400000.0,53300000.0,2384400000.0,2303800000.0,710800000.0,365400000.0,0.0,365400000.0,2785700000.0,1238600000.0,1547100000.0,11001788359.0,35300000.0,-210900000.0,-107400000.0,118000000.0,-204900000.0,-199600000.0,-338900000.0,0.0,590000000.0,-16200000.0,364900000.0,364900000.0,364900000.0,0.0,0.0,0.085,1188900000.0,548400000.0,411900000.0,0.51,6.522,30.15,27.363,618400000.0,0.0,42.96,2.561,2.561,455200000.0,1036700000.0,4296300000.0,4296300000.0,0.0,0.083,0.212,0.239,0.128,18700000.0,1127400000.0,1.0,256093770.0,256093770.0,,16.776,2341200000.0,0.0,131300000.0,0.0,9.142,118800000.0
24,MKC,MRT,2015-09-30,2015-08-31,2015-08-31,2021-09-30,-353600000.0,4490700000.0,4370225000.0,1374500000.0,3116200000.0,0.977,6.884,-124100000.0,108400000.0,108400000.0,2546300000.0,364100000.0,0.979,1.548,1492000000.0,684800000.0,807200000.0,1492000000.0,0.0,103300000.0,0.0,0.02,0.785,536500000.0,639800000.0,0.15,639800000.0,536500000.0,484600000.0,1.56,1.545,1.56,1762200000.0,1752700000.0,1762200000.0,11477842437.0,21.0,17.94,420300000.0,1.642,1.0,1721700000.0,0.403,2178500000.0,51900000.0,2291200000.0,2319425000.0,727200000.0,348600000.0,0.0,348600000.0,2728500000.0,1404600000.0,1323900000.0,10136842437.0,14600000.0,-210900000.0,-99600000.0,131000000.0,-201400000.0,-170000000.0,-335000000.0,0.0,544400000.0,-24800000.0,364100000.0,364100000.0,364100000.0,0.0,0.0,0.085,1186100000.0,535600000.0,336100000.0,0.503,5.752,27.841,25.41,589100000.0,0.0,39.64,2.375,2.378,422900000.0,1065100000.0,4268000000.0,4268000000.0,0.0,0.083,0.208,0.231,0.126,20100000.0,1124100000.0,1.0,255722564.0,256000000.0,,16.672,2312200000.0,0.0,120500000.0,0.0,9.032,-30100000.0
25,MKC,MRT,2015-06-30,2015-05-31,2015-05-31,2021-09-30,-324700000.0,4378400000.0,4365575000.0,1358900000.0,3019500000.0,0.974,6.784,-127500000.0,89500000.0,89500000.0,2531000000.0,390300000.0,1.015,1.523,1430500000.0,622600000.0,807900000.0,1430500000.0,0.0,101700000.0,0.0,0.02,0.77,555200000.0,656900000.0,0.155,656900000.0,555200000.0,504500000.0,1.655,1.635,1.655,1735300000.0,1804650000.0,1735300000.0,11272395584.0,20.0,17.16,379900000.0,1.485,1.0,1719900000.0,0.405,2084400000.0,50700000.0,2296200000.0,2387325000.0,738500000.0,345000000.0,0.0,345000000.0,2643100000.0,1338800000.0,1304300000.0,10031195584.0,8100000.0,-111500000.0,-158100000.0,110900000.0,-198200000.0,-245400000.0,-239000000.0,0.0,507400000.0,-14900000.0,390300000.0,390300000.0,390300000.0,0.0,0.0,0.092,1165700000.0,554200000.0,337800000.0,0.465,5.781,25.701,23.716,590100000.0,0.0,39.25,2.36,2.362,390600000.0,1020400000.0,4250900000.0,4250900000.0,0.0,0.089,0.216,0.233,0.131,20000000.0,1113100000.0,1.0,255571862.0,255800000.0,,16.618,2294000000.0,0.0,114200000.0,0.0,8.968,20100000.0
26,MKC,MRT,2015-03-31,2015-02-28,2015-02-28,2021-09-30,-314900000.0,4197500000.0,4373300000.0,1304700000.0,2892800000.0,0.974,6.645,-129100000.0,81800000.0,81800000.0,2531800000.0,391700000.0,1.069,1.463,1323000000.0,516200000.0,806800000.0,1323000000.0,0.0,100800000.0,0.0,0.02,0.755,572800000.0,673600000.0,0.158,673600000.0,572800000.0,522600000.0,1.65,1.63,1.65,1703900000.0,1865800000.0,1703900000.0,10876478022.0,19.0,16.147,393700000.0,1.535,1.0,1728400000.0,0.406,1974300000.0,50200000.0,2243400000.0,2441100000.0,708400000.0,337900000.0,0.0,337900000.0,2493600000.0,1221000000.0,1272600000.0,9668878022.0,-7600000.0,0.0,-218200000.0,28800000.0,-195100000.0,-384500000.0,-129100000.0,0.0,522800000.0,-16800000.0,391700000.0,391700000.0,391700000.0,0.0,0.0,0.092,1156300000.0,572100000.0,334600000.0,0.458,5.675,24.684,22.842,580600000.0,0.0,37.69,2.27,2.268,384100000.0,992000000.0,4260200000.0,4260200000.0,0.0,0.09,0.21,0.235,0.134,19300000.0,1122700000.0,1.0,256536960.0,256400000.0,,16.615,2223200000.0,0.0,130900000.0,0.0,8.671,83700000.0
27,MKC,MRT,2014-12-31,2014-11-30,2014-11-30,2021-09-30,-186000000.0,4414300000.0,4431350000.0,1416200000.0,2998100000.0,0.958,7.005,-131600000.0,77300000.0,77300000.0,2513000000.0,408500000.0,1.262,1.44,1284900000.0,270800000.0,1014100000.0,1284900000.0,0.0,102700000.0,0.0,0.02,0.74,604100000.0,706800000.0,0.167,706800000.0,604100000.0,554400000.0,1.685,1.67,1.685,1809400000.0,1936675000.0,1809400000.0,10873208158.0,18.0,15.384,372000000.0,1.44,1.0,1730200000.0,0.408,2053000000.0,49700000.0,2446900000.0,2501475000.0,713800000.0,342400000.0,0.0,342400000.0,2604900000.0,1122000000.0,1482900000.0,9599308158.0,14300000.0,0.0,-212600000.0,56100000.0,-192400000.0,-348900000.0,-131600000.0,0.0,503600000.0,-8800000.0,408500000.0,408500000.0,408500000.0,0.0,0.0,0.096,1127200000.0,603000000.0,372100000.0,0.439,5.305,23.499,22.056,602700000.0,0.0,37.165,2.262,2.262,493600000.0,982600000.0,4243200000.0,4243200000.0,0.0,0.092,0.211,0.241,0.142,18200000.0,1122000000.0,1.0,258288932.0,258288932.0,,16.428,2361300000.0,0.0,145900000.0,0.0,9.142,294200000.0
28,MKC,MRT,2014-09-30,2014-08-31,2014-08-31,2021-09-30,-29600000.0,4472100000.0,4440200000.0,1408800000.0,3063300000.0,0.955,7.6,-122600000.0,93800000.0,93800000.0,2513300000.0,392900000.0,1.307,1.27,1367700000.0,353400000.0,1014300000.0,1367700000.0,0.0,107200000.0,0.0,0.021,0.725,579000000.0,686200000.0,0.162,686200000.0,579000000.0,529800000.0,1.605,1.585,1.605,1970000000.0,1971250000.0,1970000000.0,10290390614.0,18.0,14.996,391000000.0,1.508,1.0,1726300000.0,0.407,2105600000.0,49200000.0,2562800000.0,2495950000.0,705600000.0,378900000.0,0.0,378900000.0,2502100000.0,1077600000.0,1424500000.0,9046590614.0,-53000000.0,-12300000.0,-232600000.0,-8200000.0,-189600000.0,-430400000.0,-134900000.0,0.0,513600000.0,-1300000.0,392900000.0,392900000.0,392900000.0,0.0,0.0,0.093,1148600000.0,577700000.0,338800000.0,0.452,4.592,23.025,21.71,578800000.0,0.0,34.845,2.134,2.13,476800000.0,993600000.0,4239600000.0,4239600000.0,0.0,0.088,0.199,0.232,0.137,17700000.0,1106000000.0,1.0,259623780.0,259200000.0,,16.356,2366500000.0,0.0,136900000.0,0.0,9.13,331200000.0
29,MKC,MRT,2014-06-30,2014-05-31,2014-05-31,2021-09-30,8800000.0,4409300000.0,4410425000.0,1324700000.0,3084600000.0,0.955,7.603,-111400000.0,81400000.0,81400000.0,2499400000.0,378200000.0,1.321,1.227,1325200000.0,308400000.0,1016800000.0,1325200000.0,0.0,107800000.0,0.0,0.02,0.71,570100000.0,677900000.0,0.161,677900000.0,570100000.0,519300000.0,1.525,1.505,1.525,1979900000.0,1928125000.0,1979900000.0,10645701568.0,19.0,15.704,403200000.0,1.548,1.0,1713800000.0,0.407,2139000000.0,50800000.0,2511300000.0,2461900000.0,687300000.0,370600000.0,0.0,370600000.0,2429400000.0,1002800000.0,1426600000.0,9436501568.0,9300000.0,-25600000.0,-180600000.0,1800000.0,-186500000.0,-365300000.0,-137000000.0,0.0,514600000.0,-3000000.0,378200000.0,378200000.0,378200000.0,0.0,0.0,0.09,1145000000.0,568800000.0,335800000.0,0.466,4.766,24.951,23.708,575000000.0,0.0,36.155,2.24,2.235,417100000.0,969300000.0,4213200000.0,4213200000.0,0.0,0.086,0.196,0.232,0.135,18300000.0,1104700000.0,1.0,261001288.0,260400000.0,,16.18,2270300000.0,0.0,141100000.0,0.0,8.719,321900000.0
30,MKC,MRT,2014-03-31,2014-02-28,2014-02-28,2021-09-30,6600000.0,4429700000.0,4360300000.0,1340100000.0,3089600000.0,0.959,7.58,-104900000.0,89400000.0,89400000.0,2486700000.0,372600000.0,1.324,1.229,1298600000.0,282000000.0,1016600000.0,1298600000.0,0.0,106600000.0,0.0,0.021,0.695,564900000.0,671500000.0,0.161,671500000.0,564900000.0,513100000.0,1.5,1.48,1.5,1987400000.0,1866575000.0,1987400000.0,9879415363.0,17.0,14.712,405400000.0,1.546,1.0,1695700000.0,0.405,2141900000.0,51800000.0,2484900000.0,2366400000.0,682900000.0,376700000.0,0.0,376700000.0,2442300000.0,1012100000.0,1430200000.0,8709315363.0,20800000.0,-141500000.0,-131000000.0,74300000.0,-183400000.0,-240100000.0,-246400000.0,0.0,510300000.0,-3000000.0,372600000.0,372600000.0,372600000.0,0.0,0.0,0.089,1132600000.0,563100000.0,348000000.0,0.463,4.382,23.374,22.133,571000000.0,0.0,33.2,2.082,2.081,428000000.0,993200000.0,4182400000.0,4182400000.0,0.0,0.085,0.2,0.239,0.135,18500000.0,1092300000.0,1.0,262328776.0,262200000.0,,15.951,2287800000.0,0.0,140500000.0,0.0,8.725,328000000.0
31,MKC,MRT,2013-12-31,2013-11-30,2013-11-30,2021-09-30,-300000.0,4449700000.0,4274400000.0,1370200000.0,3079500000.0,0.965,7.375,-97400000.0,63000000.0,63000000.0,2457600000.0,365800000.0,1.289,1.285,1233100000.0,214100000.0,1019000000.0,1233100000.0,0.0,106000000.0,0.0,0.02,0.68,552700000.0,658700000.0,0.16,658700000.0,552700000.0,499400000.0,1.47,1.455,1.47,1947700000.0,1800925000.0,1947700000.0,10343309202.0,19.0,15.703,367800000.0,1.393,1.0,1665800000.0,0.404,2131900000.0,53300000.0,2424800000.0,2274550000.0,676900000.0,371000000.0,0.0,371000000.0,2502000000.0,1063100000.0,1438900000.0,9111509202.0,-16000000.0,-142300000.0,-132700000.0,66700000.0,-179900000.0,-245900000.0,-239700000.0,0.0,465200000.0,4400000.0,365800000.0,365800000.0,365800000.0,0.0,0.0,0.089,1115300000.0,550500000.0,387300000.0,0.463,4.678,24.908,23.469,576600000.0,0.0,34.5,2.21,2.21,495500000.0,970400000.0,4123400000.0,4123400000.0,0.0,0.086,0.203,0.243,0.134,18700000.0,1075000000.0,1.0,264101716.0,264101716.0,,15.613,2317800000.0,0.0,133600000.0,0.0,8.776,307100000.0
32,MKC,MRT,2013-09-30,2013-08-31,2013-08-31,2021-09-30,-183600000.0,4353000000.0,4203325000.0,1370900000.0,2982100000.0,0.975,6.804,-99500000.0,146800000.0,146800000.0,2453100000.0,383700000.0,1.3,1.422,1378600000.0,360000000.0,1018600000.0,1378600000.0,0.0,102900000.0,0.0,0.02,0.665,579000000.0,681900000.0,0.166,681900000.0,579000000.0,523700000.0,1.54,1.525,1.54,1797500000.0,1739050000.0,1797500000.0,10183050465.0,18.0,14.933,326600000.0,1.236,1.0,1646100000.0,0.402,2103900000.0,55300000.0,2426600000.0,2181300000.0,640800000.0,328500000.0,0.0,328500000.0,2555500000.0,1054300000.0,1501200000.0,8928850465.0,74600000.0,-130000000.0,-77500000.0,125200000.0,-176100000.0,-128400000.0,-229500000.0,0.0,426100000.0,6400000.0,383700000.0,383700000.0,383700000.0,0.0,0.0,0.094,1069400000.0,576700000.0,324700000.0,0.432,4.967,23.27,21.964,549700000.0,0.0,33.825,2.178,2.18,462400000.0,1011900000.0,4099200000.0,4099200000.0,0.0,0.091,0.221,0.265,0.141,24400000.0,1069400000.0,1.0,263971928.0,264200000.0,,15.516,2249100000.0,0.0,140000000.0,0.0,8.513,316600000.0
33,MKC,MRT,2013-06-30,2013-05-31,2013-05-31,2021-09-30,-184200000.0,4208800000.0,4129325000.0,1217500000.0,2991300000.0,0.983,6.562,-106800000.0,72100000.0,72100000.0,2430300000.0,383200000.0,0.993,1.428,1326300000.0,551900000.0,774400000.0,1326300000.0,0.0,103900000.0,0.0,0.019,0.65,575400000.0,679300000.0,0.167,679300000.0,575400000.0,520900000.0,1.54,1.525,1.54,1733700000.0,1720675000.0,1733700000.0,10273157955.0,18.0,15.123,336500000.0,1.274,1.0,1630200000.0,0.401,2107500000.0,54500000.0,2129300000.0,2156475000.0,611400000.0,329500000.0,0.0,329500000.0,2475100000.0,1226200000.0,1248900000.0,9111957955.0,10700000.0,-116700000.0,-102400000.0,56400000.0,-172400000.0,-218400000.0,-223500000.0,0.0,443300000.0,9300000.0,383200000.0,383200000.0,383200000.0,0.0,0.0,0.094,1057700000.0,572500000.0,322100000.0,0.422,5.256,23.779,22.429,554300000.0,0.0,34.54,2.244,2.247,399900000.0,953200000.0,4060500000.0,4060500000.0,0.0,0.093,0.223,0.267,0.142,24000000.0,1057700000.0,1.0,263808858.0,264200000.0,,15.369,2101300000.0,0.0,137700000.0,0.0,7.953,-8700000.0
34,MKC,MRT,2013-03-31,2013-02-28,2013-02-28,2021-09-30,-163000000.0,4086100000.0,4068550000.0,1211500000.0,2874600000.0,0.993,6.509,-104600000.0,68600000.0,68600000.0,2417700000.0,387000000.0,1.086,1.369,1229800000.0,453800000.0,776000000.0,1229800000.0,0.0,103200000.0,0.0,0.019,0.635,579800000.0,683000000.0,0.169,683000000.0,579800000.0,524900000.0,1.545,1.53,1.545,1724800000.0,1696975000.0,1724800000.0,10018055451.0,17.0,14.668,359500000.0,1.357,1.0,1624200000.0,0.402,2014300000.0,54900000.0,2117500000.0,2194950000.0,606500000.0,327800000.0,0.0,327800000.0,2361300000.0,1115500000.0,1245800000.0,8925255451.0,14200000.0,-800000.0,-100900000.0,-80100000.0,-168400000.0,-349400000.0,-105400000.0,0.0,464100000.0,4900000.0,387000000.0,387000000.0,387000000.0,0.0,0.0,0.096,1046400000.0,577800000.0,340200000.0,0.411,5.175,23.063,21.77,532500000.0,0.0,33.635,2.208,2.205,403900000.0,948300000.0,4041900000.0,4041900000.0,0.0,0.095,0.228,0.264,0.143,20400000.0,1046400000.0,1.0,265356190.0,265000000.0,,15.252,2071800000.0,0.0,137900000.0,0.0,7.818,96000000.0
35,MKC,MRT,2012-12-31,2012-11-30,2012-11-30,2021-09-30,-159900000.0,4165400000.0,4066950000.0,1285400000.0,2880000000.0,0.987,6.415,-109000000.0,79000000.0,79000000.0,2396400000.0,386300000.0,1.082,1.45,1171800000.0,392600000.0,779200000.0,1171800000.0,0.0,102800000.0,0.0,0.019,0.62,580700000.0,683500000.0,0.17,683500000.0,580700000.0,526100000.0,1.535,1.52,1.535,1700200000.0,1688925000.0,1700200000.0,9740492352.0,17.0,14.251,346000000.0,1.306,1.0,1617800000.0,0.403,2018800000.0,54600000.0,2051800000.0,2246775000.0,615000000.0,313900000.0,0.0,313900000.0,2465200000.0,1187600000.0,1277600000.0,8555192352.0,25100000.0,0.0,-79100000.0,-80500000.0,-164700000.0,-324300000.0,-109000000.0,0.0,455000000.0,3400000.0,386300000.0,386300000.0,386300000.0,0.0,0.0,0.096,1039500000.0,578300000.0,375800000.0,0.404,5.032,22.146,21.029,547300000.0,0.0,32.28,2.131,2.131,465900000.0,934600000.0,4014200000.0,4014200000.0,0.0,0.095,0.229,0.258,0.145,20200000.0,1039500000.0,1.0,265030742.0,265030742.0,,15.146,2146600000.0,0.0,139800000.0,0.0,8.099,97800000.0
36,MKC,MRT,2012-09-30,2012-08-31,2012-08-31,2021-09-30,-89500000.0,4057000000.0,4047550000.0,1219400000.0,2837600000.0,0.983,6.496,-99500000.0,72200000.0,72200000.0,2364600000.0,372600000.0,1.351,1.353,1257500000.0,231300000.0,1026200000.0,1257500000.0,0.0,101900000.0,0.0,0.02,0.605,571500000.0,673400000.0,0.169,673400000.0,571500000.0,517300000.0,1.475,1.445,1.475,1724000000.0,1668500000.0,1724000000.0,9359726324.0,16.0,13.899,411100000.0,1.549,1.0,1614500000.0,0.406,2012400000.0,54200000.0,2327300000.0,2295950000.0,628600000.0,306700000.0,0.0,306700000.0,2333000000.0,902600000.0,1430400000.0,8149026324.0,20000000.0,-402200000.0,-48500000.0,223900000.0,-160700000.0,14700000.0,-501700000.0,0.0,510600000.0,-3600000.0,372600000.0,372600000.0,372600000.0,0.0,0.0,0.094,1044500000.0,570000000.0,317500000.0,0.41,4.727,21.871,20.827,518500000.0,0.0,30.72,2.048,2.049,411200000.0,909600000.0,3979100000.0,3979100000.0,0.0,0.092,0.223,0.249,0.144,14500000.0,1044500000.0,1.0,265267784.0,265400000.0,,14.993,2044600000.0,0.0,144700000.0,0.0,7.704,316800000.0
37,MKC,MRT,2012-06-30,2012-05-31,2012-05-31,2021-09-30,-127300000.0,3965700000.0,3961950000.0,1167200000.0,2798500000.0,0.99,6.18,-97900000.0,61400000.0,61400000.0,2334500000.0,358900000.0,1.296,1.42,1272100000.0,244400000.0,1027700000.0,1272100000.0,0.0,100400000.0,0.0,0.021,0.59,555900000.0,656300000.0,0.167,656300000.0,555900000.0,501800000.0,1.425,1.4,1.425,1638900000.0,1667600000.0,1638900000.0,8730649826.0,16.0,13.303,350200000.0,1.321,1.0,1587300000.0,0.405,1992900000.0,54100000.0,2283200000.0,2291050000.0,611000000.0,298100000.0,0.0,298100000.0,2326800000.0,900300000.0,1426500000.0,7473249826.0,13500000.0,-441400000.0,-12200000.0,278700000.0,-156600000.0,109900000.0,-539300000.0,0.0,448100000.0,-5200000.0,358900000.0,358900000.0,358900000.0,0.0,0.0,0.092,1033100000.0,554200000.0,321900000.0,0.414,4.56,20.823,19.775,507500000.0,0.0,28.18,1.906,1.906,378000000.0,885900000.0,3921800000.0,3921800000.0,0.0,0.091,0.215,0.243,0.142,14100000.0,1033100000.0,1.0,265196942.0,265200000.0,,14.788,1972800000.0,0.0,142900000.0,0.0,7.439,266900000.0
38,MKC,MRT,2012-03-31,2012-02-29,2012-02-29,2021-09-30,-35600000.0,4079700000.0,3867875000.0,1192800000.0,2886900000.0,0.988,6.358,-96800000.0,54400000.0,54400000.0,2271900000.0,349900000.0,1.243,1.41,1311800000.0,283100000.0,1028700000.0,1311800000.0,0.0,100400000.0,0.0,0.023,0.575,544900000.0,645300000.0,0.169,645300000.0,544900000.0,492400000.0,1.4,1.38,1.4,1692600000.0,1668400000.0,1692600000.0,7910542280.0,15.0,12.259,288800000.0,1.085,1.0,1549600000.0,0.405,2052400000.0,52500000.0,2324800000.0,2212675000.0,640400000.0,311100000.0,0.0,311100000.0,2387100000.0,959900000.0,1427200000.0,6712342280.0,13800000.0,-441400000.0,-26000000.0,334000000.0,-152700000.0,155300000.0,-538200000.0,0.0,385600000.0,11100000.0,349900000.0,349900000.0,349900000.0,0.0,0.0,0.092,1007400000.0,542200000.0,342300000.0,0.411,3.966,19.184,18.018,523400000.0,0.0,25.225,1.756,1.757,381100000.0,869000000.0,3821500000.0,3821500000.0,0.0,0.09,0.21,0.246,0.143,13500000.0,1007400000.0,1.0,266098802.0,266200000.0,,14.356,2027300000.0,0.0,142500000.0,0.0,7.616,232900000.0
39,MKC,MRT,2011-12-31,2011-11-30,2011-11-30,2021-09-30,-59000000.0,4087800000.0,3717350000.0,1222900000.0,2864900000.0,0.995,6.1,-96100000.0,53900000.0,53900000.0,2175100000.0,348800000.0,1.231,1.526,1252100000.0,222400000.0,1029700000.0,1252100000.0,0.0,98300000.0,0.0,0.023,0.56,542600000.0,640900000.0,0.173,640900000.0,542600000.0,491400000.0,1.41,1.395,1.41,1618500000.0,1639375000.0,1618500000.0,7440823984.0,14.0,11.61,243900000.0,0.919,1.0,1522500000.0,0.412,2044200000.0,51200000.0,2248500000.0,2109300000.0,613700000.0,297600000.0,0.0,297600000.0,2469300000.0,993300000.0,1476000000.0,6461023984.0,3100000.0,-441400000.0,-31300000.0,367600000.0,-148500000.0,187800000.0,-537500000.0,0.0,340000000.0,12800000.0,348800000.0,348800000.0,348800000.0,0.0,0.0,0.094,982200000.0,540300000.0,366600000.0,0.397,3.992,18.524,17.27,523100000.0,0.0,24.35,1.747,1.747,427000000.0,838800000.0,3697600000.0,3697600000.0,0.0,0.094,0.213,0.257,0.147,13000000.0,982200000.0,1.0,265339794.0,265339794.0,,13.935,2043600000.0,0.0,142600000.0,0.0,7.702,229600000.0
40,MKC,MRT,2011-09-30,2011-08-31,2011-08-31,2021-09-30,118800000.0,3714600000.0,3550325000.0,1163300000.0,2551300000.0,1.004,6.487,-94500000.0,52200000.0,52200000.0,2076900000.0,349300000.0,1.819,1.159,1032000000.0,300000.0,1031700000.0,1032000000.0,0.0,98200000.0,0.0,0.023,0.55,537400000.0,635600000.0,0.178,635600000.0,537400000.0,487500000.0,1.42,1.4,1.42,1720400000.0,1600425000.0,1720400000.0,7263264018.0,14.0,11.427,233500000.0,0.88,1.0,1489400000.0,0.418,1747200000.0,49900000.0,2307700000.0,1988300000.0,600300000.0,306500000.0,0.0,306500000.0,1994200000.0,639500000.0,1354700000.0,6321464018.0,28600000.0,-86100000.0,-60300000.0,53900000.0,-145900000.0,-152300000.0,-180600000.0,0.0,328000000.0,33500000.0,349300000.0,349300000.0,349300000.0,0.0,0.0,0.098,955700000.0,533700000.0,303200000.0,0.387,3.674,18.098,16.827,497600000.0,0.0,23.895,1.773,1.777,391700000.0,785700000.0,3566300000.0,3566300000.0,0.0,0.098,0.218,0.27,0.151,12600000.0,955700000.0,1.0,264551748.0,265200000.0,,13.448,1967400000.0,0.0,138200000.0,0.0,7.419,523800000.0
41,MKC,MRT,2011-06-30,2011-05-31,2011-05-31,2021-09-30,112400000.0,3589400000.0,3437850000.0,1079600000.0,2509800000.0,1.001,6.201,-83700000.0,47900000.0,47900000.0,1980800000.0,359900000.0,1.275,1.186,989700000.0,208500000.0,781200000.0,989700000.0,0.0,97700000.0,0.0,0.022,0.54,534400000.0,632100000.0,0.184,632100000.0,534400000.0,485200000.0,1.46,1.44,1.46,1642100000.0,1515775000.0,1642100000.0,7579604254.0,14.0,11.991,274900000.0,1.038,1.0,1459700000.0,0.424,1715000000.0,49200000.0,1969700000.0,1860325000.0,577300000.0,300000000.0,0.0,300000000.0,1947300000.0,846500000.0,1100800000.0,6650004254.0,24800000.0,-46900000.0,-90300000.0,-17900000.0,-143500000.0,-251700000.0,-130600000.0,0.0,358600000.0,48500000.0,359900000.0,359900000.0,359900000.0,0.0,0.0,0.105,928400000.0,531300000.0,301800000.0,0.37,4.05,18.477,17.188,494800000.0,0.0,25.095,1.933,1.931,342600000.0,732700000.0,3440500000.0,3440500000.0,0.0,0.105,0.237,0.287,0.155,12000000.0,928400000.0,1.0,264993196.0,264800000.0,,12.993,1874400000.0,0.0,125300000.0,0.0,7.079,233100000.0
42,MKC,MRT,2011-03-31,2011-02-28,2011-02-28,2021-09-30,64100000.0,3477600000.0,3338600000.0,1015600000.0,2462000000.0,1.005,5.931,-88200000.0,40600000.0,40600000.0,1919400000.0,351900000.0,1.259,1.206,970200000.0,194500000.0,775700000.0,970200000.0,0.0,95700000.0,0.0,0.022,0.53,521700000.0,617400000.0,0.184,617400000.0,521700000.0,472500000.0,1.43,1.41,1.43,1576500000.0,1427100000.0,1576500000.0,7165233885.0,14.0,11.605,281300000.0,1.058,1.0,1435700000.0,0.428,1689200000.0,49200000.0,1911300000.0,1832800000.0,544900000.0,281400000.0,0.0,281400000.0,1901100000.0,806700000.0,1094400000.0,6335733885.0,18700000.0,-46900000.0,-56100000.0,-49200000.0,-141000000.0,-246300000.0,-135100000.0,0.0,369500000.0,30600000.0,351900000.0,351900000.0,351900000.0,0.0,0.0,0.105,916200000.0,519500000.0,286800000.0,0.371,4.019,18.004,16.661,491400000.0,0.0,23.825,1.888,1.887,326800000.0,731300000.0,3355100000.0,3355100000.0,0.0,0.105,0.247,0.285,0.155,12000000.0,916200000.0,1.0,265927970.0,265800000.0,,12.623,1788400000.0,0.0,120600000.0,0.0,6.728,208900000.0
43,MKC,MRT,2010-12-31,2010-11-30,2010-11-30,2021-09-30,-3700000.0,3419700000.0,3280550000.0,1015900000.0,2403800000.0,1.017,5.501,-82800000.0,50800000.0,50800000.0,1919100000.0,344700000.0,1.217,1.338,880300000.0,100400000.0,779900000.0,880300000.0,0.0,95100000.0,0.0,0.024,0.52,512000000.0,607100000.0,0.182,607100000.0,512000000.0,462700000.0,1.395,1.375,1.395,1462700000.0,1365875000.0,1462700000.0,6804422926.0,13.0,11.208,304700000.0,1.146,1.0,1417700000.0,0.425,1649900000.0,49300000.0,1764500000.0,1821500000.0,477600000.0,265900000.0,0.0,265900000.0,1957000000.0,834800000.0,1122200000.0,5850822926.0,11300000.0,-46900000.0,-8900000.0,-114000000.0,-138200000.0,-261100000.0,-129700000.0,0.0,387500000.0,14600000.0,344700000.0,344700000.0,344700000.0,0.0,0.0,0.103,907900000.0,509800000.0,302700000.0,0.373,4.0,16.974,15.774,488000000.0,0.0,22.005,1.753,1.753,386700000.0,700900000.0,3336800000.0,3336800000.0,0.0,0.105,0.252,0.281,0.153,11900000.0,907900000.0,1.0,265886068.0,265886068.0,,12.55,1769800000.0,0.0,118000000.0,0.0,6.656,181100000.0
44,MKC,MRT,2010-09-30,2010-08-31,2010-08-31,2021-09-30,-37000000.0,3264700000.0,3272575000.0,955600000.0,2309100000.0,1.003,5.183,-74900000.0,23600000.0,23600000.0,1888600000.0,327000000.0,1.197,1.363,977200000.0,197700000.0,779500000.0,977200000.0,0.0,94800000.0,0.0,0.026,0.51,503900000.0,598700000.0,0.182,598700000.0,503900000.0,454300000.0,1.335,1.325,1.335,1381800000.0,1336075000.0,1381800000.0,6293369664.0,12.0,10.512,291000000.0,1.092,1.0,1393400000.0,0.425,1624000000.0,49600000.0,1795800000.0,1831425000.0,494400000.0,220300000.0,0.0,220300000.0,1882900000.0,798500000.0,1084400000.0,5312369664.0,-4300000.0,0.0,29800000.0,-189500000.0,-135100000.0,-294800000.0,-74900000.0,0.0,365900000.0,-500000.0,327000000.0,327000000.0,327000000.0,0.0,0.0,0.1,891200000.0,502200000.0,267200000.0,0.382,3.845,16.246,14.933,464800000.0,0.0,19.935,1.619,1.619,319700000.0,709600000.0,3282000000.0,3282000000.0,0.0,0.1,0.245,0.275,0.154,11900000.0,885700000.0,1.0,266484558.0,266600000.0,,12.311,1640700000.0,0.0,127300000.0,0.0,6.154,157100000.0
45,MKC,MRT,2010-06-30,2010-05-31,2010-05-31,2021-09-30,-76700000.0,3192400000.0,3283000000.0,907800000.0,2284600000.0,0.999,4.836,-77800000.0,23100000.0,23100000.0,1901500000.0,303200000.0,1.28,1.48,1004100000.0,129500000.0,874600000.0,1004100000.0,0.0,93100000.0,0.0,0.026,0.5,494300000.0,587400000.0,0.179,587400000.0,494300000.0,444300000.0,1.235,1.225,1.235,1287400000.0,1325700000.0,1287400000.0,6104749073.0,12.0,10.393,306500000.0,1.151,1.0,1377600000.0,0.42,1604500000.0,50000000.0,1859600000.0,1856925000.0,456300000.0,216200000.0,0.0,216200000.0,1905000000.0,709300000.0,1195700000.0,5109949073.0,10200000.0,0.0,51900000.0,-205400000.0,-131800000.0,-285300000.0,-77800000.0,0.0,384300000.0,-11000000.0,303200000.0,303200000.0,303200000.0,0.0,0.0,0.092,884800000.0,492800000.0,266000000.0,0.405,3.969,16.853,15.615,463900000.0,0.0,19.285,1.558,1.566,310800000.0,670100000.0,3279100000.0,3279100000.0,0.0,0.092,0.229,0.266,0.151,12400000.0,878400000.0,1.0,264970136.0,266200000.0,,12.318,1587900000.0,0.0,141100000.0,0.0,5.965,198500000.0
46,MKC,MRT,2010-03-31,2010-02-28,2010-02-28,2021-09-30,13000000.0,3245400000.0,3293925000.0,901800000.0,2343600000.0,0.983,5.033,-75200000.0,21900000.0,21900000.0,1885000000.0,290600000.0,1.26,1.437,1016700000.0,144400000.0,872300000.0,1016700000.0,0.0,97400000.0,0.0,0.026,0.49,480500000.0,577900000.0,0.178,577900000.0,480500000.0,429800000.0,1.18,1.17,1.18,1331600000.0,1320725000.0,1331600000.0,5855043643.0,12.0,10.132,348800000.0,1.318,1.0,1353100000.0,0.418,1658600000.0,50700000.0,1866100000.0,1866375000.0,448500000.0,215300000.0,0.0,215300000.0,1913800000.0,715500000.0,1198300000.0,4903443643.0,-1500000.0,0.0,45600000.0,-264900000.0,-128600000.0,-347900000.0,-75200000.0,0.0,424000000.0,-2400000.0,290600000.0,290600000.0,290600000.0,0.0,0.0,0.09,875300000.0,477800000.0,254800000.0,0.415,3.682,16.874,15.725,469700000.0,0.0,18.555,1.514,1.516,325300000.0,653400000.0,3238100000.0,3238100000.0,0.0,0.088,0.22,0.257,0.148,12000000.0,862100000.0,1.0,264265354.0,264600000.0,,12.238,1586800000.0,0.0,139200000.0,0.0,5.997,186300000.0
47,MKC,MRT,2009-12-31,2009-11-30,2009-11-30,2021-09-30,109100000.0,3387800000.0,3272825000.0,970500000.0,2417300000.0,0.975,5.132,-81800000.0,39500000.0,39500000.0,1864900000.0,283500000.0,1.186,1.522,991100000.0,116100000.0,875000000.0,991100000.0,0.0,94300000.0,0.0,0.027,0.48,469300000.0,563600000.0,0.177,563600000.0,469300000.0,416500000.0,1.145,1.135,1.145,1343500000.0,1263200000.0,1343500000.0,5801957969.0,12.0,10.294,334000000.0,1.276,1.0,1327200000.0,0.416,1717000000.0,52800000.0,1804200000.0,1871950000.0,457600000.0,210500000.0,0.0,210500000.0,2044300000.0,818200000.0,1226100000.0,4670357969.0,600000.0,0.0,35800000.0,-252200000.0,-125400000.0,-341800000.0,-81800000.0,0.0,415800000.0,8400000.0,283500000.0,283500000.0,283500000.0,0.0,0.0,0.089,860300000.0,466900000.0,298700000.0,0.419,3.476,16.474,15.581,489800000.0,0.0,17.84,1.463,1.463,365300000.0,591500000.0,3192100000.0,3192100000.0,0.0,0.087,0.224,0.251,0.147,12700000.0,846600000.0,1.0,261791366.0,261791366.0,,12.193,1670800000.0,0.0,133000000.0,0.0,6.382,152300000.0
48,MKC,MRT,2009-09-30,2009-08-31,2009-08-31,2021-09-30,181200000.0,3306400000.0,3230950000.0,920400000.0,2386000000.0,0.982,5.12,-79100000.0,27900000.0,27900000.0,1872900000.0,252200000.0,1.077,1.467,1159500000.0,288600000.0,870900000.0,1159500000.0,0.0,90600000.0,0.0,0.029,0.47,418200000.0,508800000.0,0.16,508800000.0,418200000.0,361600000.0,1.015,0.995,1.015,1340300000.0,1191150000.0,1340300000.0,5449897650.0,13.0,10.711,315300000.0,1.204,1.0,1301500000.0,0.41,1685900000.0,56600000.0,1897800000.0,1866275000.0,447400000.0,227400000.0,0.0,227400000.0,1966100000.0,854300000.0,1111800000.0,4256397650.0,-2400000.0,3500000.0,13200000.0,-199400000.0,-122000000.0,-308200000.0,-75600000.0,0.0,394400000.0,-13000000.0,252200000.0,252200000.0,252200000.0,0.0,0.0,0.079,886900000.0,414600000.0,238500000.0,0.463,3.176,16.877,16.044,472700000.0,0.0,16.285,1.341,1.343,328600000.0,542300000.0,3174400000.0,3174400000.0,0.0,0.078,0.212,0.224,0.132,13700000.0,839300000.0,1.0,261369214.0,261800000.0,,12.125,1620500000.0,0.0,109400000.0,0.0,6.19,66100000.0
49,MKC,MRT,2009-06-30,2009-05-31,2009-05-31,2021-09-30,161700000.0,3236100000.0,3261925000.0,885500000.0,2350600000.0,0.97,4.853,-78500000.0,12900000.0,12900000.0,1873400000.0,243500000.0,1.034,1.553,1206400000.0,321000000.0,885400000.0,1206400000.0,0.0,88600000.0,0.0,0.03,0.46,404200000.0,492800000.0,0.156,492800000.0,404200000.0,347600000.0,0.995,0.975,0.995,1267500000.0,1159875000.0,1267500000.0,5233678874.0,13.0,10.62,240100000.0,0.919,1.0,1290900000.0,0.408,1675500000.0,56600000.0,1897400000.0,1878475000.0,450000000.0,202100000.0,0.0,202100000.0,1968600000.0,856700000.0,1111900000.0,3976878874.0,-34400000.0,-601500000.0,26300000.0,434200000.0,-119600000.0,340900000.0,-680000000.0,0.0,318600000.0,-13900000.0,243500000.0,243500000.0,243500000.0,0.0,0.0,0.077,900000000.0,390900000.0,239600000.0,0.462,3.138,16.332,15.337,473000000.0,0.0,15.26,1.257,1.26,316800000.0,499500000.0,3164300000.0,3164300000.0,0.0,0.075,0.21,0.215,0.128,14100000.0,850700000.0,1.0,260608052.0,261200000.0,,12.114,1560600000.0,0.0,104100000.0,0.0,5.975,28800000.0
50,MKC,MRT,2009-03-31,2009-02-28,2009-02-28,2021-09-30,24100000.0,3161000000.0,3178000000.0,921000000.0,2240000000.0,0.998,4.227,-65900000.0,23400000.0,23400000.0,1884500000.0,245600000.0,0.988,1.87,1280200000.0,395800000.0,884400000.0,1280200000.0,0.0,83200000.0,0.0,0.029,0.45,404000000.0,487200000.0,0.154,487200000.0,404000000.0,347700000.0,1.005,0.985,1.005,1101500000.0,1151625000.0,1101500000.0,5279193449.0,13.0,10.836,211100000.0,0.81,1.0,1286600000.0,0.406,1597100000.0,56300000.0,1888400000.0,1820700000.0,447800000.0,191200000.0,0.0,191200000.0,2059500000.0,932300000.0,1127200000.0,4078893449.0,-1000000.0,-602900000.0,36000000.0,482100000.0,-116500000.0,401600000.0,-668800000.0,0.0,277000000.0,-10800000.0,245600000.0,245600000.0,245600000.0,0.0,0.0,0.077,897700000.0,388900000.0,253100000.0,0.448,3.703,16.608,15.597,451700000.0,0.0,15.675,1.286,1.288,342000000.0,481600000.0,3171100000.0,3171100000.0,0.0,0.077,0.213,0.222,0.127,17200000.0,859800000.0,1.0,260216488.0,260600000.0,,12.168,1563900000.0,0.0,102100000.0,0.0,6.001,-11300000.0
51,MKC,MRT,2008-12-31,2008-11-30,2008-11-30,2021-09-30,48100000.0,3220300000.0,3102325000.0,968300000.0,2252000000.0,1.024,4.059,-67700000.0,38900000.0,38900000.0,1888400000.0,237200000.0,0.936,2.052,1239200000.0,354000000.0,885200000.0,1239200000.0,0.0,85600000.0,0.0,0.03,0.44,394500000.0,480100000.0,0.151,480100000.0,394500000.0,337800000.0,0.99,0.97,0.99,1055300000.0,1165100000.0,1055300000.0,5191325488.0,13.0,10.813,246900000.0,0.95,1.0,1288200000.0,0.406,1605000000.0,56700000.0,1781500000.0,1777925000.0,439000000.0,153000000.0,0.0,153000000.0,2165000000.0,1034100000.0,1130900000.0,3869925488.0,-7000000.0,-679300000.0,37800000.0,509100000.0,-113500000.0,433400000.0,-747000000.0,0.0,314600000.0,-8000000.0,237200000.0,237200000.0,237200000.0,0.0,0.0,0.075,911700000.0,376500000.0,266100000.0,0.444,3.667,16.315,15.035,461100000.0,0.0,14.885,1.218,1.218,380700000.0,425400000.0,3176600000.0,3176600000.0,0.0,0.076,0.204,0.222,0.124,18200000.0,870600000.0,1.0,259988276.0,259988276.0,,12.218,1615300000.0,0.0,100600000.0,0.0,6.213,-65800000.0
52,MKC,MRT,2008-09-30,2008-08-31,2008-08-31,2021-09-30,233800000.0,3430300000.0,2994125000.0,980000000.0,2450300000.0,1.045,4.699,-68200000.0,30300000.0,30300000.0,1866400000.0,240800000.0,0.927,1.823,1351700000.0,473500000.0,878200000.0,1351700000.0,0.0,85800000.0,0.0,0.021,0.43,401500000.0,487300000.0,0.156,487300000.0,401500000.0,345500000.0,1.01,0.985,1.01,1215200000.0,1172550000.0,1215200000.0,5932160088.0,15.0,12.174,248600000.0,0.961,1.0,1263400000.0,0.404,1748000000.0,56000000.0,1946600000.0,1711650000.0,462300000.0,183700000.0,0.0,183700000.0,2215100000.0,1057100000.0,1158000000.0,5216260088.0,-15300000.0,-682800000.0,37000000.0,471300000.0,-111000000.0,397300000.0,-751000000.0,0.0,316800000.0,21600000.0,240800000.0,240800000.0,240800000.0,0.0,0.0,0.077,880500000.0,382900000.0,249200000.0,0.426,4.293,21.662,20.025,476600000.0,0.0,20.225,1.667,1.671,388300000.0,403300000.0,3129800000.0,3129800000.0,0.0,0.08,0.205,0.235,0.128,18900000.0,864800000.0,1.0,257911500.0,258600000.0,,12.103,1682300000.0,0.0,104700000.0,0.0,6.505,-77100000.0
53,MKC,MRT,2008-06-30,2008-05-31,2008-05-31,2021-09-30,315400000.0,2900400000.0,2804875000.0,982800000.0,1917600000.0,1.093,4.796,-67600000.0,47300000.0,47300000.0,1825100000.0,229800000.0,1.299,1.349,763200000.0,136300000.0,626900000.0,763200000.0,0.0,86800000.0,0.0,0.022,0.42,389900000.0,476700000.0,0.156,476700000.0,389900000.0,330900000.0,0.965,0.94,0.965,1234500000.0,1111075000.0,1234500000.0,5589498498.0,14.0,11.725,257600000.0,1.001,1.0,1239300000.0,0.404,1193300000.0,59000000.0,1666300000.0,1589300000.0,459600000.0,190900000.0,0.0,190900000.0,1665900000.0,756700000.0,909200000.0,4817408498.0,6900000.0,-90600000.0,-65600000.0,-7400000.0,-108000000.0,-181000000.0,-158200000.0,0.0,325200000.0,20900000.0,229800000.0,229800000.0,229800000.0,0.0,0.0,0.075,860400000.0,378900000.0,260200000.0,0.435,3.902,20.963,19.472,489400000.0,0.0,18.79,1.572,1.578,380500000.0,380500000.0,3064400000.0,3064400000.0,0.0,0.082,0.207,0.245,0.127,19900000.0,844500000.0,1.0,256381506.0,257400000.0,,11.905,1707100000.0,0.0,101100000.0,0.0,6.632,226100000.0
54,MKC,MRT,2008-03-31,2008-02-29,2008-02-29,2021-09-30,282200000.0,2858300000.0,2725800000.0,951300000.0,1907000000.0,1.096,4.513,-78694000.0,24400000.0,24400000.0,1774300000.0,217900000.0,1.29,1.474,796600000.0,119900000.0,676700000.0,796600000.0,0.0,85118000.0,0.0,0.024,0.41,375500000.0,460618000.0,0.154,460618000.0,375500000.0,314000000.0,0.92,0.895,0.92,1155400000.0,1053600000.0,1155400000.0,5082000770.0,14.0,11.033,245197000.0,0.958,1.0,1213200000.0,0.406,1175500000.0,61500000.0,1717300000.0,1522200000.0,449400000.0,199300000.0,0.0,199300000.0,1702900000.0,737700000.0,965200000.0,4404800770.0,-14139000.0,-89259000.0,-113727000.0,28987000.0,-105745000.0,-190485000.0,-167953000.0,0.0,323891000.0,20408000.0,217900000.0,217900000.0,217900000.0,0.0,0.0,0.073,847900000.0,365300000.0,251300000.0,0.446,3.812,20.215,18.723,486700000.0,0.0,17.225,1.474,1.476,387300000.0,360400000.0,2987500000.0,2987500000.0,0.0,0.08,0.207,0.247,0.126,20470000.0,821000000.0,1.0,255721380.0,256000000.0,,11.67,1682800000.0,0.0,96100000.0,0.0,6.573,213600000.0
55,MKC,MRT,2007-12-31,2007-11-30,2007-11-30,2021-09-30,260300000.0,2787500000.0,2651698500.0,983100000.0,1804400000.0,1.1,4.247,-76900000.0,45900000.0,45900000.0,1724400000.0,210200000.0,1.141,1.569,723100000.0,149600000.0,573500000.0,723100000.0,0.0,82600000.0,0.0,0.021,0.4,363000000.0,445600000.0,0.153,445600000.0,363000000.0,302400000.0,0.89,0.865,0.89,1085100000.0,1011701000.0,1085100000.0,5709145303.0,16.0,12.812,147600000.0,0.578,1.0,1191800000.0,0.409,1087000000.0,60600000.0,1516400000.0,1438822750.0,430200000.0,190500000.0,0.0,190500000.0,1702400000.0,861300000.0,841100000.0,4881211303.0,-3100000.0,-15900000.0,-114000000.0,65500000.0,-103600000.0,-152100000.0,-92800000.0,0.0,224500000.0,17300000.0,210200000.0,210200000.0,210200000.0,0.0,0.0,0.072,837600000.0,354200000.0,243300000.0,0.449,4.498,23.222,21.466,487600000.0,0.0,19.105,1.674,1.674,456500000.0,323800000.0,2916200000.0,2916200000.0,0.0,0.079,0.208,0.252,0.124,21400000.0,806900000.0,1.0,255493918.0,255493918.0,,11.414,1700500000.0,0.0,92200000.0,0.0,6.656,121800000.0
56,MKC,MRT,2007-09-30,2007-08-31,2007-08-31,2021-09-30,181100000.0,2673300000.0,2596823500.0,943600000.0,1729700000.0,1.101,3.754,-77929000.0,45700000.0,45700000.0,1683612000.0,166952000.0,0.94,1.758,873700000.0,455700000.0,418000000.0,873700000.0,0.0,84418000.0,0.0,0.022,0.39,316221000.0,400639000.0,0.14,400639000.0,316221000.0,256902000.0,0.865,0.85,0.865,969300000.0,973751000.0,969300000.0,5370530498.0,17.0,13.405,135901000.0,0.526,1.0,1176125000.0,0.411,1040100000.0,59319000.0,1457200000.0,1407747750.0,439900000.0,173400000.0,0.0,173400000.0,1704000000.0,1004000000.0,700000000.0,4648111498.0,7851000.0,-15920000.0,-168218000.0,152593000.0,-101680000.0,-117305000.0,-93849000.0,0.0,213830000.0,5175000.0,166952000.0,166952000.0,166952000.0,0.0,0.0,0.058,827531000.0,348594000.0,209300000.0,0.451,4.795,27.841,20.717,469500000.0,0.0,17.92,1.625,1.618,399900000.0,298800000.0,2859737000.0,2859737000.0,0.0,0.064,0.171,0.225,0.111,21900000.0,797785000.0,1.0,259381222.0,258200000.0,,11.076,1633200000.0,0.0,89950000.0,0.0,6.325,-60400000.0
57,MKC,MRT,2007-06-30,2007-05-31,2007-05-31,2021-09-30,168300000.0,2584100000.0,2543678000.0,888400000.0,1695700000.0,1.103,3.858,-82363000.0,40500000.0,40500000.0,1645530000.0,157720000.0,0.993,1.568,762800000.0,347000000.0,415800000.0,762800000.0,0.0,84742000.0,0.0,0.02,0.38,295684000.0,380426000.0,0.136,380426000.0,295684000.0,238117000.0,0.81,0.795,0.81,1004600000.0,960551750.0,1004600000.0,5589241420.0,19.0,14.692,141784000.0,0.544,1.0,1161102000.0,0.414,1013400000.0,57567000.0,1397900000.0,1412119250.0,427500000.0,163000000.0,0.0,163000000.0,1575000000.0,895100000.0,679900000.0,4872374420.0,-33705000.0,-116500000.0,-103942000.0,145647000.0,-99390000.0,-57685000.0,-198863000.0,0.0,224147000.0,-1304000.0,157720000.0,157720000.0,157720000.0,0.0,0.0,0.056,837242000.0,323860000.0,215600000.0,0.469,4.85,30.893,23.019,472300000.0,0.0,18.645,1.736,1.73,360900000.0,355400000.0,2806632000.0,2806632000.0,0.0,0.062,0.164,0.209,0.105,23547000.0,792761000.0,1.0,261323380.0,260400000.0,,10.778,1570700000.0,0.0,80397000.0,0.0,6.032,-6700000.0
58,MKC,MRT,2007-03-31,2007-02-28,2007-02-28,2021-09-30,140180000.0,2561894000.0,2488506750.0,887327000.0,1674567000.0,1.109,3.789,-78788000.0,38582000.0,38582000.0,1619472000.0,151701000.0,0.991,1.589,755449000.0,337023000.0,418426000.0,755449000.0,0.0,86097000.0,0.0,0.019,0.37,283057000.0,369154000.0,0.134,369154000.0,283057000.0,228366000.0,0.885,0.87,0.885,987804000.0,936915000.0,987804000.0,5586848666.0,20.0,15.134,167408000.0,0.642,1.0,1139866000.0,0.413,999229000.0,54691000.0,1383791000.0,1391791250.0,411840000.0,160267000.0,0.0,160267000.0,1570060000.0,895741000.0,674319000.0,4984848666.0,6923000.0,-96441000.0,-97650000.0,130979000.0,-97174000.0,-63845000.0,-175229000.0,0.0,246196000.0,-199000.0,151701000.0,151701000.0,151701000.0,0.0,0.0,0.055,828208000.0,311658000.0,218193000.0,0.418,5.046,32.86,21.633,465948000.0,0.0,19.145,1.807,1.809,379789000.0,381951000.0,2759338000.0,2759338000.0,0.0,0.061,0.162,0.203,0.103,19380000.0,781608000.0,1.0,260373396.0,260688000.0,,10.585,1562665000.0,0.0,76665000.0,0.0,5.994,-8414000.0
59,MKC,MRT,2006-12-31,2006-11-30,2006-11-30,2021-09-30,140300000.0,2568000000.0,2418264750.0,899400000.0,1668600000.0,1.123,3.551,-78700000.0,49000000.0,49000000.0,1601800000.0,158300000.0,1.152,1.748,651000000.0,81400000.0,569600000.0,651000000.0,0.0,84300000.0,0.0,0.019,0.36,276700000.0,361000000.0,0.133,361000000.0,276700000.0,223000000.0,0.765,0.75,0.765,933300000.0,898028500.0,933300000.0,5769459927.0,21.0,15.982,232100000.0,0.883,1.0,1114600000.0,0.41,997400000.0,53700000.0,1392100000.0,1387435750.0,405700000.0,156200000.0,0.0,156200000.0,1631100000.0,780500000.0,850600000.0,5088188927.0,18700000.0,-93400000.0,-109400000.0,77200000.0,-95000000.0,-127200000.0,-172100000.0,0.0,310800000.0,7200000.0,158300000.0,158300000.0,158300000.0,0.0,0.0,0.058,845000000.0,269600000.0,224400000.0,0.471,5.452,32.143,25.307,469500000.0,0.0,19.36,1.873,1.873,379100000.0,348700000.0,2716400000.0,2716400000.0,0.0,0.065,0.176,0.199,0.102,24900000.0,772600000.0,1.0,262819676.0,262819676.0,,10.336,1570600000.0,0.0,64700000.0,0.0,5.976,118900000.0
60,MKC,MRT,2006-09-30,2006-08-31,2006-08-31,2021-09-30,105982000.0,2460718000.0,2344439750.0,829763000.0,1630955000.0,1.13,3.482,-70676000.0,37712000.0,37712000.0,1567101000.0,165345000.0,1.203,1.681,718983000.0,152843000.0,566140000.0,718983000.0,0.0,81662000.0,0.0,0.019,0.35,288122000.0,369784000.0,0.14,369784000.0,288122000.0,236249000.0,0.785,0.765,0.785,916503000.0,864678500.0,916503000.0,5341816436.0,19.0,14.446,247629000.0,0.941,1.0,1082675000.0,0.409,977629000.0,51873000.0,1474686000.0,1362210750.0,417095000.0,153004000.0,0.0,153004000.0,1540948000.0,689674000.0,851274000.0,4801671436.0,-8333000.0,-98880000.0,-94258000.0,23003000.0,-92799000.0,-164054000.0,-169556000.0,0.0,318305000.0,6972000.0,165345000.0,165345000.0,165345000.0,0.0,0.0,0.062,804028000.0,278647000.0,188509000.0,0.446,5.239,29.04,23.197,457253000.0,0.0,18.21,1.812,1.809,327822000.0,378893000.0,2649776000.0,2649776000.0,0.0,0.071,0.191,0.212,0.109,20500000.0,734240000.0,1.0,263683220.0,263174000.0,,10.069,1483089000.0,0.0,70904000.0,0.0,5.635,140089000.0
61,MKC,MRT,2006-06-30,2006-05-31,2006-05-31,2021-09-30,105845000.0,2363415000.0,2297170750.0,832964000.0,1530451000.0,1.136,3.442,-65709000.0,74068000.0,74068000.0,1552677000.0,166525000.0,1.184,1.593,614213000.0,151256000.0,462957000.0,614213000.0,0.0,78565000.0,0.0,0.02,0.34,296746000.0,375311000.0,0.144,375311000.0,296746000.0,246385000.0,0.8,0.78,0.8,910053000.0,842801500.0,910053000.0,5155960373.0,17.0,13.738,278564000.0,1.054,1.0,1056735000.0,0.405,883602000.0,50361000.0,1316588000.0,1292713750.0,381863000.0,141512000.0,0.0,141512000.0,1450003000.0,703370000.0,746633000.0,4563979373.0,54044000.0,14500000.0,-84009000.0,-75486000.0,-90573000.0,-250068000.0,-51209000.0,0.0,344273000.0,11048000.0,166525000.0,166525000.0,166525000.0,0.0,0.0,0.064,763354000.0,293381000.0,174638000.0,0.425,5.015,27.407,21.531,456857000.0,0.0,17.225,1.749,1.745,327066000.0,384095000.0,2609412000.0,2609412000.0,0.0,0.072,0.198,0.23,0.114,14753000.0,711101000.0,1.0,264962518.0,264364000.0,,9.871,1479813000.0,0.0,79860000.0,0.0,5.598,129594000.0
62,MKC,MRT,2006-03-31,2006-02-28,2006-02-28,2021-09-30,41340000.0,2280926000.0,2252982750.0,785666000.0,1495260000.0,1.153,3.138,-65860000.0,31579000.0,31579000.0,1550560000.0,175641000.0,1.155,1.703,623560000.0,155901000.0,467659000.0,623560000.0,0.0,75044000.0,0.0,0.02,0.33,311328000.0,386372000.0,0.149,386372000.0,311328000.0,261349000.0,0.725,0.705,0.725,832258000.0,816785250.0,832258000.0,4893368638.0,16.0,12.665,258783000.0,0.976,1.0,1047517000.0,0.403,826434000.0,49979000.0,1366369000.0,1260293000.0,354980000.0,170271000.0,0.0,170271000.0,1417724000.0,680104000.0,737620000.0,4353668638.0,7257000.0,-5500000.0,-115030000.0,-41684000.0,-88367000.0,-245081000.0,-71360000.0,0.0,324643000.0,-945000.0,175641000.0,175641000.0,175641000.0,0.0,0.0,0.068,737682000.0,309835000.0,170068000.0,0.455,5.231,24.787,22.641,451690000.0,0.0,16.415,1.676,1.676,345353000.0,388402000.0,2598077000.0,2598077000.0,0.0,0.078,0.215,0.247,0.12,10150000.0,694618000.0,1.0,265225016.0,265222000.0,,9.796,1454492000.0,0.0,85708000.0,0.0,5.484,105562000.0
63,MKC,MRT,2005-12-31,2005-11-30,2005-11-30,2021-09-30,27600000.0,2272700000.0,2251920000.0,800200000.0,1472500000.0,1.151,2.988,-64500000.0,30300000.0,30300000.0,1555400000.0,199000000.0,1.145,1.805,570000000.0,106100000.0,463900000.0,570000000.0,0.0,74600000.0,0.0,0.02,0.32,343900000.0,418500000.0,0.161,418500000.0,343900000.0,295700000.0,0.8,0.78,0.8,799900000.0,834857500.0,799900000.0,4828852634.0,14.0,11.538,267700000.0,1.0,1.0,1036600000.0,0.4,822200000.0,48200000.0,1291200000.0,1227677750.0,344000000.0,157200000.0,0.0,157200000.0,1443600000.0,699000000.0,744600000.0,4178982634.0,-40000000.0,-5500000.0,-140600000.0,-67600000.0,-86200000.0,-294400000.0,-70000000.0,0.0,332200000.0,-7800000.0,199000000.0,199000000.0,199000000.0,0.0,0.0,0.077,693100000.0,343500000.0,198200000.0,0.4,5.224,21.0,19.512,450800000.0,0.0,15.61,1.612,1.612,369300000.0,385400000.0,2592000000.0,2592000000.0,0.0,0.088,0.238,0.28,0.133,0.0,681900000.0,1.0,267711892.0,267711892.0,,9.682,1450500000.0,0.0,96700000.0,0.0,5.418,101200000.0
64,MKC,MRT,2005-09-30,2005-08-31,2005-08-31,2021-09-30,61786000.0,2271642000.0,2276145000.0,774631000.0,1497011000.0,1.142,3.094,-61934000.0,46117000.0,46117000.0,1571076000.0,199197000.0,0.863,1.704,695987000.0,427045000.0,268942000.0,695987000.0,0.0,72793000.0,0.0,0.018,0.31,336931000.0,409724000.0,0.158,409724000.0,336931000.0,290195000.0,0.795,0.77,0.795,828995000.0,857307500.0,828995000.0,5212742212.0,15.0,12.723,290184000.0,1.083,1.0,1027980000.0,0.396,826870000.0,46736000.0,1196698000.0,1239052750.0,357251000.0,145450000.0,0.0,145450000.0,1412819000.0,897944000.0,514875000.0,4540181212.0,20214000.0,-74500000.0,-151033000.0,32582000.0,-83966000.0,-202417000.0,-136434000.0,0.0,352118000.0,6947000.0,199197000.0,199197000.0,199197000.0,0.0,0.0,0.077,692377000.0,335603000.0,170034000.0,0.39,5.477,22.792,21.327,469578000.0,0.0,16.955,1.747,1.748,321735000.0,383476000.0,2599056000.0,2599056000.0,0.0,0.088,0.232,0.272,0.13,0.0,688063000.0,1.0,267778308.0,267912000.0,,9.701,1444772000.0,0.0,90998000.0,0.0,5.393,-123313000.0
65,MKC,MRT,2005-06-30,2005-05-31,2005-05-31,2021-09-30,58140000.0,2186663000.0,2247709000.0,739054000.0,1447609000.0,1.152,2.991,-63345000.0,20096000.0,20096000.0,1566067000.0,199155000.0,0.837,1.677,692657000.0,421455000.0,271202000.0,692657000.0,0.0,72791000.0,0.0,0.018,0.3,332077000.0,404868000.0,0.156,404868000.0,332077000.0,287319000.0,0.785,0.76,0.785,805988000.0,851470250.0,805988000.0,5214145762.0,16.0,12.879,266102000.0,0.987,1.0,1023802000.0,0.395,789719000.0,44758000.0,1186905000.0,1302785500.0,345281000.0,136317000.0,0.0,136317000.0,1351547000.0,882600000.0,468947000.0,4575630762.0,3977000.0,-74500000.0,-163082000.0,52797000.0,-81676000.0,-191961000.0,-137845000.0,0.0,329447000.0,4336000.0,199155000.0,199155000.0,199155000.0,0.0,0.0,0.077,693098000.0,330704000.0,167816000.0,0.382,5.677,22.975,21.554,471495000.0,0.0,16.92,1.767,1.761,328117000.0,375721000.0,2589869000.0,2589869000.0,0.0,0.089,0.234,0.255,0.128,0.0,688589000.0,1.0,270427350.0,269484000.0,,9.61,1396944000.0,0.0,88164000.0,0.0,5.184,-143546000.0
66,MKC,MRT,2005-03-31,2005-02-28,2005-02-28,2021-09-30,122350000.0,2276675000.0,2233611750.0,775484000.0,1501191000.0,1.145,3.334,-61785000.0,24394000.0,24394000.0,1543080000.0,200808000.0,0.912,1.481,662909000.0,367385000.0,295524000.0,662909000.0,0.0,73403000.0,0.0,0.015,0.29,331280000.0,404683000.0,0.158,404683000.0,331280000.0,288769000.0,0.78,0.755,0.78,904547000.0,850282500.0,904547000.0,5726431870.0,17.0,14.15,269998000.0,0.995,1.0,1014382000.0,0.397,828608000.0,42511000.0,1235908000.0,1361275500.0,351821000.0,136912000.0,0.0,136912000.0,1339922000.0,850674000.0,489248000.0,5158531870.0,6665000.0,-74500000.0,-149724000.0,36707000.0,-79378000.0,-192395000.0,-136285000.0,0.0,331783000.0,3562000.0,200808000.0,200808000.0,200808000.0,0.0,0.0,0.079,685108000.0,329274000.0,179970000.0,0.372,5.703,25.689,24.353,482963000.0,0.0,18.995,2.017,2.015,362790000.0,425826000.0,2557462000.0,2557462000.0,0.0,0.09,0.236,0.243,0.13,0.0,686377000.0,1.0,271573144.0,271298000.0,,9.427,1448067000.0,0.0,87961000.0,0.0,5.338,-75190000.0
67,MKC,MRT,2004-12-31,2004-11-30,2004-11-30,2021-09-30,119600000.0,2369600000.0,2204592750.0,864000000.0,1505600000.0,1.146,3.254,-59900000.0,70300000.0,70300000.0,1518300000.0,204800000.0,1.118,1.629,638200000.0,173200000.0,465000000.0,638200000.0,0.0,72000000.0,0.0,0.015,0.28,334800000.0,406800000.0,0.161,406800000.0,334800000.0,293800000.0,0.785,0.76,0.785,889700000.0,833716000.0,889700000.0,5621412287.0,17.0,13.819,282500000.0,1.033,1.0,1007900000.0,0.399,828100000.0,41000000.0,1336700000.0,1402907750.0,350200000.0,134100000.0,0.0,134100000.0,1448900000.0,772700000.0,676200000.0,4983281287.0,45200000.0,-74500000.0,-120800000.0,19300000.0,-76900000.0,-178400000.0,-134400000.0,0.0,342400000.0,15600000.0,204800000.0,204800000.0,204800000.0,0.0,0.0,0.081,675200000.0,332700000.0,195100000.0,0.357,5.601,24.332,23.217,486600000.0,0.0,18.225,1.973,1.973,407600000.0,434100000.0,2526200000.0,2526200000.0,0.0,0.093,0.246,0.239,0.133,0.0,677700000.0,1.0,273431072.0,273431072.0,,9.239,1541500000.0,0.0,89000000.0,0.0,5.638,91300000.0
68,MKC,MRT,2004-09-30,2004-08-31,2004-08-31,2021-09-30,36413000.0,2157898000.0,2148567750.0,774499000.0,1383399000.0,1.155,2.941,-77782000.0,25909000.0,25909000.0,1485712000.0,203329000.0,1.252,1.646,664040000.0,167766000.0,496274000.0,664040000.0,0.0,71774000.0,0.0,0.016,0.27,333488000.0,405262000.0,0.163,405262000.0,333488000.0,294279000.0,0.765,0.76,0.765,805646000.0,800091000.0,805646000.0,5221420354.0,16.0,12.884,229292000.0,0.837,1.0,994985000.0,0.401,725940000.0,39209000.0,1451629000.0,1397007750.0,377187000.0,132114000.0,0.0,132114000.0,1326246000.0,618460000.0,707786000.0,4598851354.0,13716000.0,-7751000.0,-144064000.0,-5390000.0,-74385000.0,-223839000.0,-85533000.0,0.0,307074000.0,16129000.0,203329000.0,203329000.0,203329000.0,0.0,0.0,0.082,668496000.0,326489000.0,161172000.0,0.353,5.708,22.618,21.928,454756000.0,0.0,16.775,1.854,1.852,325675000.0,449192000.0,2480697000.0,2480697000.0,0.0,0.095,0.254,0.239,0.134,0.0,671122000.0,1.0,274149112.0,273922000.0,,9.056,1431958000.0,0.0,90950000.0,0.0,5.228,156039000.0
69,MKC,MRT,2004-06-30,2004-05-31,2004-05-31,2021-09-30,40582000.0,2130274000.0,2113369000.0,737215000.0,1393059000.0,1.147,2.91,-69993000.0,16125000.0,16125000.0,1456458000.0,195430000.0,1.22,1.629,638694000.0,142810000.0,495884000.0,638694000.0,0.0,69012000.0,0.0,0.015,0.26,322387000.0,391399000.0,0.161,391399000.0,322387000.0,283709000.0,0.78,0.77,0.78,801237000.0,778538750.0,801237000.0,5486621795.0,17.0,14.018,198719000.0,0.722,1.0,968307000.0,0.399,727505000.0,38678000.0,1420865000.0,1368779750.0,373974000.0,129287000.0,0.0,129287000.0,1305257000.0,604473000.0,700784000.0,4874646795.0,-8878000.0,-49490000.0,-122489000.0,22045000.0,-71934000.0,-172378000.0,-119483000.0,0.0,268712000.0,11256000.0,195430000.0,195430000.0,195430000.0,0.0,0.0,0.081,653090000.0,315217000.0,166188000.0,0.333,6.084,24.943,22.724,456556000.0,0.0,17.725,2.01,2.013,309700000.0,448463000.0,2424765000.0,2424765000.0,0.0,0.092,0.251,0.236,0.133,0.0,654562000.0,1.0,275015334.0,275358000.0,,8.806,1402769000.0,0.0,88279000.0,0.0,5.094,132742000.0
70,MKC,MRT,2004-03-31,2004-02-29,2004-02-29,2021-09-30,64094000.0,2160599000.0,2089774750.0,735747000.0,1424852000.0,1.128,3.051,-76297000.0,17735000.0,17735000.0,1422358000.0,190548000.0,1.169,1.55,629710000.0,179686000.0,450024000.0,629710000.0,0.0,66634000.0,0.0,0.016,0.245,314458000.0,381092000.0,0.162,381092000.0,314458000.0,275796000.0,0.77,0.755,0.77,838281000.0,758533000.0,838281000.0,4889075083.0,16.0,12.829,158196000.0,0.576,1.0,934155000.0,0.396,741005000.0,38662000.0,1402437000.0,1377361250.0,365951000.0,132851000.0,0.0,132851000.0,1298995000.0,629132000.0,669863000.0,4294575083.0,-5156000.0,517000.0,-78402000.0,-46067000.0,-67921000.0,-192390000.0,-75780000.0,0.0,234493000.0,26018000.0,190548000.0,190548000.0,190548000.0,0.0,0.0,0.081,632303000.0,301852000.0,153577000.0,0.318,5.123,22.538,20.305,464592000.0,0.0,15.635,1.822,1.823,321968000.0,495827000.0,2356513000.0,2356513000.0,0.0,0.091,0.251,0.228,0.133,0.0,626855000.0,1.0,274677012.0,274714000.0,,8.578,1419594000.0,0.0,85248000.0,0.0,5.168,106615000.0
71,MKC,MRT,2003-12-31,2003-11-30,2003-11-30,2021-09-30,20000000.0,2145500000.0,2046101500.0,759400000.0,1386100000.0,1.109,2.72,-81700000.0,25100000.0,25100000.0,1371000000.0,186600000.0,1.07,1.812,619600000.0,171000000.0,448600000.0,619600000.0,0.0,65300000.0,0.0,0.016,0.23,308600000.0,373900000.0,0.165,373900000.0,308600000.0,270000000.0,0.755,0.74,0.755,755200000.0,708869000.0,755200000.0,4624856020.0,15.0,12.369,120100000.0,0.433,1.0,898600000.0,0.396,716900000.0,38600000.0,1313100000.0,1379385250.0,362800000.0,127100000.0,0.0,127100000.0,1368100000.0,710000000.0,658100000.0,3982806020.0,-22200000.0,-19000000.0,-90000000.0,16400000.0,-64100000.0,-137700000.0,-100700000.0,0.0,201800000.0,19000000.0,186600000.0,186600000.0,186600000.0,0.0,0.0,0.082,603100000.0,295500000.0,178800000.0,0.305,5.274,21.344,19.0,458300000.0,0.0,14.345,1.755,1.755,344700000.0,472600000.0,2269600000.0,2269600000.0,0.0,0.091,0.263,0.224,0.136,0.0,597600000.0,1.0,277644198.0,277644198.0,,8.174,1428600000.0,0.0,83400000.0,0.0,5.145,49400000.0
72,MKC,MRT,2003-09-30,2003-08-31,2003-08-31,2021-09-30,-35186000.0,2017103000.0,1992426500.0,711212000.0,1305891000.0,1.102,2.58,-58283000.0,12184000.0,12184000.0,1328255000.0,172081000.0,1.099,1.777,654234000.0,204223000.0,450011000.0,654234000.0,0.0,62366000.0,0.0,0.017,0.222,287894000.0,350260000.0,0.16,350260000.0,287894000.0,249047000.0,0.73,0.715,0.73,719437000.0,668144000.0,719437000.0,4303822437.0,15.0,12.288,130890000.0,0.469,1.0,867677000.0,0.395,673321000.0,38847000.0,1338717000.0,1374410250.0,387719000.0,120504000.0,0.0,120504000.0,1278432000.0,647115000.0,631317000.0,3724049437.0,-11146000.0,-12149000.0,-17190000.0,-57728000.0,-62140000.0,-137058000.0,-70432000.0,0.0,189173000.0,8357000.0,172081000.0,172081000.0,172081000.0,0.0,0.0,0.078,586765000.0,280912000.0,167926000.0,0.304,5.176,21.641,18.288,419842000.0,0.0,13.35,1.696,1.696,281718000.0,499919000.0,2195932000.0,2195932000.0,0.0,0.086,0.258,0.209,0.131,0.0,582016000.0,1.0,278955014.0,278894000.0,,7.874,1343782000.0,0.0,76966000.0,0.0,4.818,64097000.0
73,MKC,MRT,2003-06-30,2003-05-31,2003-05-31,2021-09-30,3942000.0,2035897000.0,1964448750.0,773125000.0,1262772000.0,1.077,2.591,-58412000.0,24994000.0,24994000.0,1285777000.0,166225000.0,1.224,1.792,604767000.0,153238000.0,451529000.0,604767000.0,0.0,52111000.0,0.0,0.016,0.215,278781000.0,330892000.0,0.156,330892000.0,278781000.0,240350000.0,0.67,0.66,0.67,721214000.0,634505500.0,721214000.0,4385067554.0,16.0,13.252,132147000.0,0.475,1.0,829862000.0,0.392,528918000.0,38431000.0,1455191000.0,1381988000.0,358400000.0,130684000.0,0.0,130684000.0,1292342000.0,631561000.0,660781000.0,3743990554.0,-15165000.0,29090000.0,-17638000.0,-119808000.0,-60120000.0,-197566000.0,-29322000.0,0.0,190559000.0,20679000.0,166225000.0,166225000.0,166225000.0,0.0,0.0,0.079,557719000.0,272143000.0,182524000.0,0.321,5.191,22.524,20.075,425217000.0,0.0,13.45,1.77,1.77,289829000.0,470547000.0,2115639000.0,2115639000.0,0.0,0.085,0.262,0.202,0.132,0.0,551533000.0,1.0,278363610.0,278404000.0,,7.599,1506979000.0,0.0,74125000.0,0.0,5.413,141564000.0
74,MKC,MRT,2003-03-31,2003-02-28,2003-02-28,2021-09-30,-55711000.0,1985906000.0,1918050500.0,713081000.0,1272825000.0,1.116,2.286,-75559000.0,22882000.0,22882000.0,1315564000.0,159489000.0,1.062,2.071,659029000.0,207966000.0,451063000.0,659029000.0,0.0,53398000.0,0.0,0.018,0.212,271596000.0,324994000.0,0.152,324994000.0,271596000.0,231726000.0,0.645,0.64,0.645,639625000.0,589804000.0,639625000.0,3784234274.0,14.0,11.644,122849000.0,0.439,1.0,824783000.0,0.385,540305000.0,39870000.0,1410533000.0,1353523500.0,325361000.0,128110000.0,0.0,128110000.0,1324921000.0,671215000.0,653706000.0,3240334274.0,-39300000.0,-20917000.0,-5876000.0,-89398000.0,-59479000.0,-154753000.0,-97063000.0,0.0,198408000.0,13111000.0,159489000.0,159489000.0,159489000.0,0.0,0.0,0.075,553456000.0,271327000.0,173081000.0,0.329,5.066,20.317,17.93,412980000.0,0.0,11.565,1.514,1.512,271084000.0,459113000.0,2140347000.0,2140347000.0,0.0,0.083,0.27,0.201,0.127,0.0,546083000.0,1.0,280184546.0,279764000.0,,7.651,1445601000.0,0.0,72237000.0,0.0,5.167,41866000.0
75,MKC,MRT,2002-12-31,2002-11-30,2002-11-30,2021-09-30,-97300000.0,1930800000.0,1876245250.0,724600000.0,1206200000.0,1.09,2.116,-93900000.0,47300000.0,47300000.0,1245400000.0,154500000.0,1.076,2.228,588200000.0,137300000.0,450900000.0,588200000.0,0.0,53400000.0,0.0,0.018,0.21,263100000.0,316500000.0,0.155,316500000.0,263100000.0,223900000.0,0.645,0.63,0.645,592300000.0,549144750.0,592300000.0,4020005017.0,15.0,12.701,114700000.0,0.41,1.0,799500000.0,0.391,505200000.0,39200000.0,1293200000.0,1328475000.0,283700000.0,135200000.0,0.0,135200000.0,1319600000.0,673300000.0,646300000.0,3328896017.0,16000000.0,-1400000.0,18100000.0,-74400000.0,-58600000.0,-114900000.0,-95300000.0,0.0,208600000.0,9500000.0,154500000.0,154500000.0,154500000.0,0.0,0.0,0.076,537100000.0,262400000.0,175100000.0,0.326,5.62,21.546,18.442,390100000.0,0.0,11.895,1.628,1.628,303300000.0,458900000.0,2044900000.0,2044900000.0,0.0,0.082,0.281,0.198,0.129,0.0,529600000.0,1.0,279856748.0,279856748.0,,7.307,1425600000.0,0.0,69400000.0,0.0,5.094,51300000.0
76,MKC,MRT,2002-09-30,2002-08-31,2002-08-31,2021-09-30,-40135000.0,1905192000.0,1836545250.0,663559000.0,1241633000.0,1.046,2.09,-98685000.0,23329000.0,23329000.0,1170702000.0,132436000.0,0.919,2.257,711388000.0,260477000.0,450911000.0,711388000.0,0.0,43830000.0,0.0,0.018,0.208,231719000.0,275549000.0,0.143,275549000.0,231719000.0,193513000.0,0.575,0.575,0.575,584883000.0,516844750.0,584883000.0,3924503207.0,17.0,14.242,86191000.0,0.308,1.0,750727000.0,0.391,501940000.0,38206000.0,1369028000.0,1312000000.0,297775000.0,149949000.0,0.0,149949000.0,1320309000.0,722283000.0,598026000.0,3238899207.0,-8846000.0,-500000.0,21357000.0,-69597000.0,-57736000.0,-105976000.0,-100684000.0,0.0,184876000.0,7637000.0,132436000.0,132436000.0,132436000.0,0.0,0.0,0.069,520331000.0,230396000.0,163145000.0,0.362,5.538,24.456,20.13,394250000.0,0.0,11.575,1.686,1.686,259733000.0,395724000.0,1921429000.0,1921429000.0,0.0,0.072,0.256,0.177,0.121,0.0,505219000.0,1.0,279818506.0,279812000.0,,6.867,1403252000.0,0.0,61077000.0,0.0,5.015,-58724000.0
77,MKC,MRT,2002-06-30,2002-05-31,2002-05-31,2021-09-30,-61553000.0,1850304000.0,1792776750.0,638808000.0,1211496000.0,1.104,1.942,-118043000.0,40158000.0,40158000.0,1214878000.0,132164000.0,0.897,2.411,725762000.0,271773000.0,453989000.0,725762000.0,0.0,56373000.0,0.0,0.016,0.205,235051000.0,291424000.0,0.147,291424000.0,235051000.0,193915000.0,0.575,0.57,0.575,542408000.0,476948750.0,542408000.0,4343854314.0,18.0,14.906,54478000.0,0.195,1.0,765133000.0,0.386,482140000.0,41136000.0,1341333000.0,1288690500.0,289727000.0,131161000.0,0.0,131161000.0,1307896000.0,712435000.0,595461000.0,3655764314.0,-7367000.0,0.0,26453000.0,-32289000.0,-56837000.0,-62673000.0,-119069000.0,0.0,172521000.0,1354000.0,132164000.0,132164000.0,132164000.0,0.0,0.0,0.067,532258000.0,232875000.0,165539000.0,0.357,6.74,27.661,22.835,467922000.0,0.0,13.13,1.846,1.852,277433000.0,375851000.0,1980011000.0,1980011000.0,0.0,0.074,0.277,0.182,0.119,0.0,519932000.0,1.0,278428356.0,279336000.0,,7.088,1368164000.0,0.0,61751000.0,0.0,4.898,-73627000.0
78,MKC,MRT,2002-03-31,2002-02-28,2002-02-28,2021-09-30,-98979000.0,1818685000.0,1742986250.0,645239000.0,1173446000.0,1.124,1.72,-110769000.0,62181000.0,62181000.0,1205437000.0,125824000.0,0.872,2.813,750271000.0,296136000.0,454135000.0,750271000.0,0.0,58321000.0,0.0,0.017,0.203,229078000.0,287399000.0,0.147,287399000.0,229078000.0,185602000.0,0.55,0.545,0.55,476988000.0,433908500.0,476988000.0,4030989667.0,18.0,14.026,102364000.0,0.369,1.0,753122000.0,0.385,456452000.0,43476000.0,1310339000.0,1255972500.0,281882000.0,0.0,0.0,0.0,1341697000.0,739984000.0,601713000.0,3397389667.0,30848000.0,0.0,23783000.0,-40036000.0,-55943000.0,-72196000.0,-111081000.0,0.0,213133000.0,492000.0,125824000.0,125824000.0,125824000.0,0.0,0.0,0.064,526218000.0,226904000.0,184269000.0,0.369,7.123,27.001,22.273,442555000.0,0.0,12.25,1.735,1.735,269894000.0,358873000.0,1958559000.0,1958559000.0,0.0,0.072,0.29,0.182,0.117,0.0,515551000.0,1.0,277337932.0,277337932.0,,7.062,1362233000.0,0.0,59778000.0,0.0,4.912,-94745000.0
79,MKC,MRT,2001-12-31,2001-11-30,2001-11-30,2021-09-30,-83900000.0,1772000000.0,1710596500.0,635800000.0,1136200000.0,1.134,1.674,-96100000.0,31300000.0,31300000.0,1201600000.0,118000000.0,0.891,2.826,664900000.0,210800000.0,454100000.0,664900000.0,0.0,60700000.0,0.0,0.019,0.2,221700000.0,282400000.0,0.146,282400000.0,221700000.0,175000000.0,0.53,0.525,0.53,463100000.0,411078000.0,463100000.0,3724714783.0,17.0,13.189,92600000.0,0.335,1.0,737500000.0,0.38,464600000.0,46700000.0,1227300000.0,1238264500.0,278100000.0,147800000.0,0.0,147800000.0,1308900000.0,713700000.0,595200000.0,2973758783.0,7400000.0,0.0,17300000.0,-47600000.0,-55100000.0,-85400000.0,-96600000.0,0.0,188700000.0,200000.0,118000000.0,118000000.0,118000000.0,0.0,0.0,0.061,517900000.0,219600000.0,184000000.0,0.377,6.421,25.201,20.283,424500000.0,0.0,10.75,1.534,1.534,295500000.0,344100000.0,1939100000.0,1939100000.0,0.0,0.069,0.287,0.179,0.114,0.0,507600000.0,1.0,276628724.0,276628724.0,,7.01,1307400000.0,0.0,57000000.0,0.0,4.726,-77900000.0
80,MKC,MRT,2001-09-30,2001-08-31,2001-08-31,2021-09-30,-74861000.0,1730118000.0,1682571500.0,619873000.0,1110245000.0,1.286,1.538,-96555000.0,32134000.0,32134000.0,1420707000.0,128241000.0,0.84,3.068,783090000.0,328878000.0,454212000.0,783090000.0,0.0,73404000.0,0.0,0.018,0.198,250451000.0,323855000.0,0.15,323855000.0,250451000.0,195273000.0,0.525,0.518,0.525,425299000.0,385128000.0,425299000.0,3833853690.0,15.0,11.838,98867000.0,0.358,1.0,743716000.0,0.344,467288000.0,55178000.0,1275790000.0,1148414500.0,295088000.0,0.0,0.0,0.0,1304819000.0,737996000.0,566823000.0,3123899690.0,-3817000.0,-1976000.0,13965000.0,-57238000.0,-54320000.0,-97593000.0,-99098000.0,0.0,195422000.0,-2548000.0,128241000.0,128241000.0,128241000.0,0.0,0.0,0.059,495856000.0,247860000.0,160500000.0,0.377,7.345,24.36,21.524,408686000.0,0.0,11.3,1.443,1.443,271405000.0,300114000.0,2164423000.0,2164423000.0,0.0,0.076,0.333,0.218,0.116,0.0,495779000.0,1.0,276451300.0,276451300.0,,7.829,1262830000.0,0.0,67032000.0,0.0,4.568,-118123000.0
81,MKC,MRT,2001-06-30,2001-05-31,2001-05-31,2021-09-30,-103722000.0,1651142000.0,1652676750.0,601453000.0,1049689000.0,1.285,1.345,-80560000.0,47484000.0,47484000.0,1396889000.0,125095000.0,0.848,3.46,757438000.0,303140000.0,454298000.0,757438000.0,0.0,69529000.0,0.0,0.019,0.195,243872000.0,313401000.0,0.148,313401000.0,243872000.0,192146000.0,0.515,0.51,0.515,370247000.0,365678000.0,370247000.0,3539330926.0,15.0,11.293,130157000.0,0.473,1.0,727499000.0,0.342,441214000.0,51726000.0,1210461000.0,1166823000.0,285170000.0,0.0,0.0,0.0,1280895000.0,709421000.0,571474000.0,2780667926.0,19004000.0,-382485000.0,8420000.0,320659000.0,-53506000.0,275573000.0,-466642000.0,0.0,210717000.0,-644000.0,125095000.0,125095000.0,125095000.0,0.0,0.0,0.059,484987000.0,242512000.0,169930000.0,0.379,7.51,22.228,19.612,394659000.0,0.0,10.1,1.309,1.309,248641000.0,280729000.0,2124388000.0,2124388000.0,0.0,0.076,0.342,0.209,0.115,0.0,484853000.0,1.0,275313656.0,275313656.0,,7.716,1209928000.0,0.0,67051000.0,0.0,4.395,-107968000.0
82,MKC,MRT,2001-03-31,2001-02-28,2001-02-28,2021-09-30,-69063000.0,1689126000.0,1538720500.0,601038000.0,1088088000.0,1.351,1.407,-60814000.0,31292000.0,31292000.0,1361647000.0,122205000.0,0.818,3.347,789955000.0,335933000.0,454022000.0,789955000.0,0.0,64121000.0,0.0,0.02,0.193,235665000.0,299786000.0,0.144,299786000.0,235665000.0,189084000.0,0.508,0.502,0.508,385666000.0,356721000.0,385666000.0,3380782004.0,14.0,11.277,104507000.0,0.381,1.0,717297000.0,0.345,473439000.0,46581000.0,1239507000.0,1099047000.0,284956000.0,116623000.0,0.0,116623000.0,1290980000.0,734843000.0,556137000.0,2692582004.0,7254000.0,-383535000.0,-19780000.0,364383000.0,-52788000.0,291815000.0,-448089000.0,0.0,165321000.0,-1793000.0,122205000.0,122205000.0,122205000.0,0.0,0.0,0.059,483445000.0,233852000.0,162242000.0,0.38,6.982,22.033,19.341,381766000.0,0.0,9.825,1.295,1.295,264118000.0,270904000.0,2078944000.0,2078944000.0,0.0,0.079,0.343,0.214,0.113,0.0,482847000.0,1.0,274054148.0,274054148.0,,7.586,1215687000.0,0.0,66879000.0,0.0,4.436,-133805000.0
83,MKC,MRT,2000-12-31,2000-11-30,2000-11-30,2021-09-30,-79300000.0,1659900000.0,1416512750.0,620000000.0,1039900000.0,1.441,1.313,-52000000.0,23900000.0,23900000.0,1330400000.0,119400000.0,0.604,3.62,712100000.0,551900000.0,160200000.0,712100000.0,0.0,61300000.0,0.0,0.02,0.19,225700000.0,287000000.0,0.141,287000000.0,225700000.0,186000000.0,0.5,0.495,0.5,359300000.0,348649250.0,359300000.0,3353389230.0,15.0,11.684,150000000.0,0.548,1.0,711500000.0,0.348,453000000.0,39700000.0,867900000.0,1026692000.0,274000000.0,117800000.0,0.0,117800000.0,1300600000.0,1027200000.0,273400000.0,2549145230.0,11900000.0,-386600000.0,-63300000.0,370200000.0,-52300000.0,254600000.0,-442600000.0,0.0,202000000.0,-2100000.0,119400000.0,119400000.0,119400000.0,0.0,0.0,0.058,486500000.0,225000000.0,185300000.0,0.38,7.095,21.35,18.625,373000000.0,0.0,9.312,1.248,1.248,303300000.0,263300000.0,2041900000.0,2041900000.0,0.0,0.084,0.342,0.22,0.111,0.0,485400000.0,1.0,273733716.0,273733716.0,,7.459,1206900000.0,0.0,66600000.0,3200000.0,4.409,-407200000.0
84,MKC,MRT,2000-09-30,2000-08-31,2000-08-31,2021-09-30,-47631000.0,1610539000.0,1298737750.0,513921000.0,1096618000.0,1.59,1.27,-47657000.0,35922000.0,35922000.0,1307345000.0,110477000.0,0.554,3.635,840166000.0,606832000.0,233334000.0,840166000.0,0.0,58143000.0,0.0,0.025,0.185,204778000.0,262921000.0,0.127,262921000.0,204778000.0,172089000.0,0.48,0.475,0.48,347499000.0,354424250.0,347499000.0,2405929653.0,12.0,9.151,159998000.0,0.585,1.0,757066000.0,0.367,136942000.0,32689000.0,1349424000.0,1036067000.0,274170000.0,0.0,0.0,0.0,1263040000.0,928417000.0,334623000.0,1997063653.0,22108000.0,-384624000.0,-83797000.0,384995000.0,-51779000.0,249419000.0,-434762000.0,0.0,207655000.0,-204000.0,110477000.0,110477000.0,110477000.0,0.0,0.0,0.054,556783000.0,200283000.0,141718000.0,0.385,5.747,18.077,15.203,354847000.0,0.0,7.298,0.967,0.967,186456000.0,220379000.0,2064411000.0,2064411000.0,0.0,0.085,0.312,0.198,0.099,0.0,549058000.0,1.0,273664084.0,273664084.0,,7.544,1473597000.0,0.0,61612000.0,0.0,5.385,-414496000.0
85,MKC,MRT,2000-06-30,2000-05-31,2000-05-31,2021-09-30,-42298000.0,1195317000.0,1204588750.0,474892000.0,720425000.0,1.698,1.217,-47270000.0,28451000.0,28451000.0,1296866000.0,104291000.0,0.902,2.574,437317000.0,202233000.0,235084000.0,437317000.0,0.0,57248000.0,0.0,0.022,0.18,195688000.0,252936000.0,0.124,252936000.0,195688000.0,163857000.0,0.455,0.45,0.455,334419000.0,356619500.0,334419000.0,2636664140.0,13.0,10.424,178076000.0,0.648,1.0,748440000.0,0.366,138059000.0,31831000.0,939357000.0,947747500.0,252033000.0,0.0,0.0,0.0,860898000.0,526767000.0,334131000.0,2232630140.0,14991000.0,-4115000.0,-93467000.0,-13642000.0,-50483000.0,-157592000.0,-51155000.0,0.0,225346000.0,-1608000.0,104291000.0,104291000.0,104291000.0,0.0,0.0,0.051,557266000.0,191174000.0,143505000.0,0.396,6.676,21.408,17.857,356447000.0,0.0,8.125,1.092,1.092,175195000.0,202863000.0,2045306000.0,2045306000.0,0.0,0.087,0.292,0.206,0.096,0.0,546074000.0,1.0,274785248.0,274785248.0,,7.443,1057258000.0,0.0,59566000.0,0.0,3.848,-51875000.0
86,MKC,MRT,2000-03-31,2000-02-29,2000-02-29,2021-09-30,-34018000.0,1200295000.0,1211401000.0,482988000.0,717307000.0,1.674,1.277,-48878000.0,24009000.0,24009000.0,1292067000.0,87028000.0,0.947,2.394,428043000.0,188172000.0,239871000.0,428043000.0,0.0,58301000.0,0.0,0.026,0.175,176891000.0,235192000.0,0.116,235192000.0,176891000.0,145219000.0,0.387,0.382,0.387,353379000.0,360776250.0,353379000.0,2223910121.0,13.0,9.456,162158000.0,0.586,1.0,735693000.0,0.363,144189000.0,31672000.0,950087000.0,959004750.0,247316000.0,87238000.0,0.0,87238000.0,846157000.0,510053000.0,336104000.0,1893910121.0,7988000.0,-3065000.0,-87957000.0,-12912000.0,-49575000.0,-150444000.0,-51592000.0,0.0,211036000.0,-1012000.0,87028000.0,87028000.0,87028000.0,0.0,0.0,0.043,563262000.0,172431000.0,142365000.0,0.452,5.359,21.762,17.681,362356000.0,0.0,6.843,0.934,0.934,180622000.0,215501000.0,2027760000.0,2027760000.0,0.0,0.072,0.241,0.184,0.087,0.0,537790000.0,1.0,276786280.0,276786280.0,,7.326,1056106000.0,0.0,58191000.0,0.0,3.816,-27065000.0
87,MKC,MRT,1999-12-31,1999-11-30,1999-11-30,2021-09-30,-34200000.0,1188800000.0,1215618750.0,490600000.0,698200000.0,1.651,1.35,-46300000.0,12000000.0,12000000.0,1289700000.0,85100000.0,1.042,2.109,342000000.0,100600000.0,241400000.0,342000000.0,0.0,57400000.0,0.0,0.021,0.17,174700000.0,232100000.0,0.116,232100000.0,174700000.0,142300000.0,0.362,0.357,0.362,382400000.0,364328000.0,382400000.0,2710933331.0,16.0,11.68,183000000.0,0.646,1.0,717200000.0,0.357,142800000.0,32400000.0,905400000.0,966646750.0,234200000.0,82800000.0,0.0,82800000.0,806400000.0,470600000.0,335800000.0,2269580331.0,-5700000.0,0.0,-69400000.0,-70400000.0,-48700000.0,-188500000.0,-45900000.0,0.0,229300000.0,-600000.0,85100000.0,85100000.0,85100000.0,0.0,0.0,0.042,547100000.0,170100000.0,148800000.0,0.47,5.935,26.67,22.141,363300000.0,0.0,8.015,1.131,1.131,213900000.0,242800000.0,2006900000.0,2006900000.0,0.0,0.07,0.234,0.181,0.087,0.0,521400000.0,1.0,283166604.0,283166604.0,,7.087,1046000000.0,0.0,57200000.0,3800000.0,3.694,20000000.0
88,MKC,MRT,1999-09-30,1999-08-31,1999-08-31,2021-09-30,-40284000.0,1233943000.0,1233193750.0,506401000.0,727542000.0,1.599,1.249,-43228000.0,13864000.0,13864000.0,1276666000.0,90028000.0,0.949,2.463,455217000.0,213020000.0,242197000.0,455217000.0,0.0,57208000.0,0.0,0.021,0.168,184083000.0,241291000.0,0.122,241291000.0,184083000.0,149977000.0,0.345,0.34,0.345,356280000.0,365753000.0,356280000.0,2718296776.0,15.0,11.266,169334000.0,0.594,1.0,695468000.0,0.353,145364000.0,34106000.0,996146000.0,984421750.0,271407000.0,0.0,0.0,0.0,877663000.0,533786000.0,343877000.0,2281727776.0,4919000.0,40000.0,-57418000.0,-60378000.0,-47796000.0,-165592000.0,-43664000.0,0.0,212562000.0,1613000.0,90028000.0,90028000.0,90028000.0,0.0,0.0,0.046,514782000.0,180686000.0,134373000.0,0.487,6.404,25.345,23.188,364458000.0,0.0,8.0,1.157,1.157,183294000.0,221240000.0,1972134000.0,1972134000.0,0.0,0.073,0.246,0.187,0.093,0.0,494794000.0,1.0,285215972.0,285215972.0,,6.915,1088579000.0,0.0,59949000.0,0.0,3.817,-27385000.0
89,MKC,MRT,1999-06-30,1999-05-31,1999-05-31,2021-09-30,-41789000.0,1222566000.0,1243185250.0,481264000.0,741302000.0,1.561,1.228,-47096000.0,13510000.0,13510000.0,1262652000.0,88635000.0,0.912,2.483,450079000.0,206678000.0,243401000.0,450079000.0,0.0,57275000.0,0.0,0.022,0.165,182114000.0,239389000.0,0.123,239389000.0,182114000.0,146623000.0,0.328,0.325,0.328,351046000.0,366842250.0,351046000.0,2592527190.0,14.0,10.83,163780000.0,0.573,1.0,677514000.0,0.349,147305000.0,35491000.0,984386000.0,1000779500.0,262201000.0,0.0,0.0,0.0,871520000.0,527444000.0,344076000.0,2169878190.0,810000.0,-8900000.0,-65668000.0,-39631000.0,-47811000.0,-153110000.0,-56854000.0,0.0,210876000.0,-102000.0,88635000.0,88635000.0,88635000.0,0.0,0.0,0.046,499959000.0,177555000.0,146166000.0,0.503,6.181,24.481,23.148,366593000.0,0.0,7.593,1.118,1.118,182866000.0,219367000.0,1940166000.0,1940166000.0,0.0,0.071,0.242,0.182,0.094,0.0,483366000.0,1.0,285792320.0,285792320.0,,6.789,1075261000.0,0.0,57988000.0,0.0,3.762,-46180000.0
90,MKC,MRT,1999-03-31,1999-02-28,1999-02-28,2021-09-30,-47872000.0,1217166000.0,1250560000.0,460348000.0,756818000.0,1.525,1.269,-48434000.0,16071000.0,16071000.0,1246374000.0,99205000.0,0.916,2.311,438720000.0,190764000.0,247956000.0,438720000.0,0.0,55334000.0,0.0,0.023,0.163,191612000.0,246946000.0,0.129,246946000.0,191612000.0,154967000.0,0.362,,0.362,367586000.0,372215000.0,367586000.0,2468915925.0,13.0,9.998,140473000.0,0.485,1.0,661067000.0,0.347,156761000.0,36645000.0,980655000.0,1016489250.0,246392000.0,74119000.0,0.0,74119000.0,849580000.0,502399000.0,347181000.0,2072615925.0,7700000.0,-8900000.0,-55166000.0,-19264000.0,-47417000.0,-121847000.0,-59037000.0,0.0,188907000.0,-323000.0,99205000.0,99205000.0,99205000.0,0.0,0.0,0.052,475240000.0,185827000.0,140020000.0,0.45,5.638,20.892,19.765,372209000.0,0.0,7.155,1.087,1.087,176367000.0,245744000.0,1907441000.0,1907441000.0,0.0,0.079,0.267,0.189,0.1,0.0,472780000.0,1.0,289673784.0,289673784.0,,6.585,1060405000.0,0.0,55762000.0,0.0,3.661,-42051000.0
91,MKC,MRT,1998-12-31,1998-11-30,1998-11-30,2021-09-30,-43200000.0,1259100000.0,1255649250.0,503800000.0,755300000.0,1.498,1.335,-51800000.0,17700000.0,17700000.0,1232200000.0,97600000.0,0.973,2.244,414000000.0,163600000.0,250400000.0,414000000.0,0.0,54800000.0,0.0,0.019,0.16,189400000.0,244200000.0,0.13,244200000.0,189400000.0,152500000.0,0.355,0.352,0.355,388100000.0,374775750.0,388100000.0,2933871406.0,15.0,12.014,92200000.0,0.317,1.0,648900000.0,0.345,160900000.0,36900000.0,976500000.0,1028956250.0,250900000.0,73700000.0,0.0,73700000.0,871000000.0,518000000.0,353000000.0,2426706406.0,4200000.0,-8900000.0,-48900000.0,18800000.0,-46900000.0,-77000000.0,-62600000.0,0.0,144000000.0,-200000.0,97600000.0,97600000.0,97600000.0,0.0,0.0,0.052,466800000.0,182100000.0,145900000.0,0.451,6.253,24.864,23.507,377000000.0,0.0,8.345,1.29,1.29,212800000.0,262300000.0,1881100000.0,1881100000.0,0.0,0.078,0.26,0.184,0.101,0.0,464500000.0,1.0,290797652.0,290797652.0,,6.469,1098200000.0,15200000.0,54900000.0,4200000.0,3.777,-14200000.0
92,MKC,MRT,1998-09-30,1998-08-31,1998-08-31,2021-09-30,-42527000.0,1273909000.0,1254924250.0,492515000.0,781394000.0,1.476,1.228,-48557000.0,8934000.0,8934000.0,1212845000.0,96744000.0,0.878,2.532,516099000.0,254083000.0,262016000.0,516099000.0,0.0,51472000.0,0.0,0.022,0.158,186495000.0,237967000.0,0.128,237967000.0,186495000.0,149933000.0,0.343,,0.343,360637000.0,376025750.0,360637000.0,2611056861.0,14.0,10.972,97361000.0,0.332,1.0,639611000.0,0.345,158264000.0,36562000.0,1061577000.0,1030881250.0,278822000.0,0.0,0.0,0.0,913272000.0,561233000.0,352039000.0,2133124861.0,-1636000.0,-8925000.0,-59226000.0,18781000.0,-46470000.0,-86915000.0,-58379000.0,0.0,145918000.0,-2260000.0,96744000.0,96744000.0,96744000.0,13000.0,0.0,0.052,462680000.0,176931000.0,137987000.0,0.461,5.915,22.049,21.181,384270000.0,0.0,7.265,1.152,1.152,179647000.0,233994000.0,1852456000.0,1852456000.0,0.0,0.077,0.257,0.181,0.101,0.0,461800000.0,1.0,293616636.0,293616636.0,,6.309,1115645000.0,0.0,53189000.0,0.0,3.8,-68718000.0
93,MKC,MRT,1998-06-30,1998-05-31,1998-05-31,2021-09-30,-38673000.0,1252065000.0,1255363000.0,486764000.0,765301000.0,1.458,1.268,-42682000.0,12689000.0,12689000.0,1198653000.0,97502000.0,0.916,2.361,490621000.0,231650000.0,258971000.0,490621000.0,0.0,50784000.0,0.0,0.019,0.155,186991000.0,237775000.0,0.13,237775000.0,186991000.0,150678000.0,0.338,,0.338,372537000.0,379397750.0,372537000.0,2913298954.0,16.0,12.252,76235000.0,0.259,1.0,631880000.0,0.345,151157000.0,36313000.0,1047225000.0,1032586750.0,275050000.0,0.0,0.0,0.0,879528000.0,531615000.0,347913000.0,2461141954.0,1752000.0,15000.0,-57155000.0,28546000.0,-46029000.0,-74638000.0,-43911000.0,2505000.0,118917000.0,1384000.0,97502000.0,97502000.0,97502000.0,-1000000.0,0.0,0.053,457711000.0,174169000.0,121918000.0,0.459,6.606,25.242,24.778,380023000.0,0.0,8.375,1.344,1.344,173906000.0,241577000.0,1830533000.0,1830533000.0,0.0,0.078,0.257,0.181,0.102,0.0,460686000.0,1.0,293867696.0,293867696.0,,6.229,1100908000.0,0.0,53176000.0,0.0,3.746,-44851000.0
94,MKC,MRT,1998-03-31,1998-02-28,1998-02-28,2021-09-30,-34855000.0,1237523000.0,1259665500.0,472633000.0,764890000.0,1.436,1.282,-41857000.0,8360000.0,8360000.0,1183745000.0,96578000.0,0.937,2.275,460517000.0,193991000.0,266526000.0,460517000.0,0.0,49560000.0,0.0,0.021,0.152,185754000.0,235314000.0,0.13,235314000.0,185754000.0,149566000.0,0.332,,0.332,377829000.0,381840750.0,377829000.0,2497542032.0,13.0,10.614,113274000.0,0.384,1.0,625055000.0,0.346,154658000.0,36188000.0,1030523000.0,1030821000.0,268133000.0,0.0,0.0,0.0,859694000.0,504499000.0,355195000.0,2113251032.0,-15097000.0,15000.0,-71638000.0,-10711000.0,-45681000.0,-128030000.0,-44843000.0,308000.0,155131000.0,2645000.0,96578000.0,96578000.0,96578000.0,-1000000.0,0.0,0.053,452679000.0,172376000.0,128998000.0,0.458,5.593,21.881,21.604,380240000.0,0.0,7.173,1.168,1.168,171214000.0,247274000.0,1808800000.0,1808800000.0,0.0,0.077,0.253,0.18,0.103,0.0,456138000.0,1.0,294632420.0,294632420.0,,6.139,1082865000.0,0.0,52988000.0,0.0,3.675,-31866000.0
95,MKC,MRT,1997-12-31,1997-11-30,1997-11-30,2021-09-30,-30600000.0,1256200000.0,1275316250.0,506500000.0,749700000.0,1.412,1.317,-40100000.0,13500000.0,13500000.0,1172400000.0,98400000.0,1.016,2.196,397800000.0,121300000.0,276500000.0,397800000.0,0.0,49300000.0,0.0,0.023,0.15,187300000.0,236600000.0,0.131,236600000.0,187300000.0,151000000.0,0.325,0.325,0.325,393100000.0,387408250.0,393100000.0,2466098444.0,13.0,10.423,141100000.0,0.473,1.0,628600000.0,0.349,158000000.0,36300000.0,984200000.0,1038545250.0,252100000.0,80800000.0,0.0,80800000.0,863100000.0,498300000.0,364800000.0,1976706444.0,-8900000.0,-3300000.0,-104200000.0,4500000.0,-45500000.0,-145200000.0,-46700000.0,0.0,181200000.0,1800000.0,98400000.0,98400000.0,98400000.0,-1000000.0,0.0,0.055,457800000.0,170800000.0,150400000.0,0.462,5.029,20.088,20.385,380000000.0,0.0,6.625,1.098,1.098,217200000.0,264300000.0,1801000000.0,1801000000.0,0.0,0.077,0.254,0.18,0.104,0.0,461000000.0,1.0,298370784.0,298370784.0,,6.036,1098200000.0,13900000.0,52600000.0,2000000.0,3.681,8200000.0
96,MKC,MRT,1997-09-30,1997-08-31,1997-08-31,2021-09-30,-32644000.0,1275664000.0,1292918500.0,509465000.0,766199000.0,1.378,1.245,-46951000.0,10588000.0,10588000.0,1157313000.0,92942000.0,0.944,2.41,499980000.0,224200000.0,275780000.0,499980000.0,0.0,53117000.0,0.0,0.025,0.147,179339000.0,232456000.0,0.13,232456000.0,179339000.0,143295000.0,0.31,,0.31,374125000.0,401644000.0,374125000.0,2231471465.0,12.0,9.6,105789000.0,0.352,1.0,624101000.0,0.35,156871000.0,36044000.0,1068399000.0,1052481250.0,262163000.0,0.0,0.0,0.0,901539000.0,539786000.0,361753000.0,1776584465.0,-26211000.0,-3281000.0,-141162000.0,57623000.0,-45501000.0,-129040000.0,-54830000.0,282000.0,152740000.0,4919000.0,92942000.0,92942000.0,92942000.0,-964000.0,0.0,0.052,457623000.0,166478000.0,127055000.0,0.474,4.749,19.115,19.048,383889000.0,0.0,5.905,0.997,0.996,189570000.0,246163000.0,1781414000.0,1781414000.0,0.0,0.072,0.231,0.17,0.101,0.0,460401000.0,1.0,300861044.0,300468000.0,,5.929,1118793000.0,0.0,50353000.0,0.0,3.724,-30321000.0
97,MKC,MRT,1997-06-30,1997-05-31,1997-05-31,2021-09-30,-31231000.0,1269275000.0,1309092500.0,493675000.0,775600000.0,1.347,1.262,-58557000.0,10955000.0,10955000.0,1142102000.0,48472000.0,0.943,2.32,465842000.0,188024000.0,277818000.0,465842000.0,0.0,55363000.0,0.0,0.022,0.145,112783000.0,168146000.0,0.095,168146000.0,112783000.0,78024000.0,0.168,,0.168,382309000.0,424139750.0,382309000.0,2435714026.0,22.0,14.486,105194000.0,0.347,1.0,621893000.0,0.353,160536000.0,34759000.0,1040162000.0,1056299500.0,253443000.0,0.0,0.0,0.0,886966000.0,523464000.0,363502000.0,1984625026.0,-9885000.0,245485000.0,-136841000.0,-178289000.0,-45573000.0,-360703000.0,183712000.0,-1416000.0,163751000.0,3355000.0,48472000.0,48472000.0,48472000.0,-5063000.0,0.0,0.027,515890000.0,106003000.0,128978000.0,0.863,5.191,40.944,38.869,388356000.0,0.0,6.53,1.125,1.122,180929000.0,254254000.0,1763995000.0,1763995000.0,0.0,0.037,0.114,0.107,0.064,0.0,457404000.0,1.0,303924200.0,303044000.0,,5.821,1108739000.0,0.0,29552000.0,4230000.0,3.659,-29789000.0
98,MKC,MRT,1997-03-31,1997-02-28,1997-02-28,2021-09-30,-30330000.0,1300126000.0,1379577000.0,516330000.0,783796000.0,1.264,1.295,-53566000.0,23475000.0,23475000.0,1136178000.0,46082000.0,0.978,2.25,474564000.0,188226000.0,286338000.0,474564000.0,0.0,60433000.0,0.0,0.024,0.143,105997000.0,166430000.0,0.095,166430000.0,105997000.0,72469000.0,0.153,,0.153,400099000.0,455656250.0,400099000.0,2191476139.0,21.0,13.168,124181000.0,0.402,1.0,607925000.0,0.349,162020000.0,33528000.0,1061420000.0,1144665000.0,249685000.0,0.0,0.0,0.0,900027000.0,527775000.0,372252000.0,1813773139.0,1024000.0,245485000.0,-119522000.0,-205602000.0,-45560000.0,-370684000.0,192287000.0,1868000.0,177747000.0,1674000.0,46082000.0,46082000.0,46082000.0,-6662000.0,0.0,0.026,508636000.0,99289000.0,122745000.0,0.935,4.533,39.36,38.595,394820000.0,0.0,5.905,1.04,1.046,196081000.0,272762000.0,1744103000.0,1744103000.0,0.0,0.033,0.101,0.093,0.061,0.0,450277000.0,1.0,307158872.0,308956000.0,,5.645,1138106000.0,0.0,26387000.0,4890000.0,3.684,-11445000.0
99,MKC,MRT,1996-12-31,1996-11-30,1996-11-30,2021-09-30,-24834000.0,1326609000.0,1451426500.0,534412000.0,792197000.0,1.194,1.465,-59400000.0,22418000.0,22418000.0,1128000000.0,41900000.0,1.07,1.948,400121000.0,108927000.0,291194000.0,400121000.0,0.0,63800000.0,0.0,0.023,0.14,99500000.0,163300000.0,0.094,163300000.0,99500000.0,65700000.0,0.13,0.13,0.13,450043000.0,484627250.0,450043000.0,,,,142300000.0,0.463,1.0,604500000.0,0.349,165066000.0,33800000.0,1039944000.0,1236546250.0,245089000.0,77537000.0,0.0,77537000.0,876566000.0,499302000.0,377264000.0,1890562857.0,9900000.0,248800000.0,-70200000.0,-265300000.0,-45300000.0,-380800000.0,187900000.0,0.0,201700000.0,1100000.0,41900000.0,41900000.0,41900000.0,-6200000.0,0.0,0.024,511200000.0,93300000.0,153584000.0,1.077,4.201,45.121,47.346,400394000.0,0.0,6.155,1.091,1.091,217495000.0,313847000.0,1732500000.0,1732500000.0,0.0,0.029,0.086,0.08,0.057,0.0,453100000.0,1.0,307158872.0,307158872.0,,5.64,1161543000.0,33762000.0,23800000.0,4937000.0,3.782,35110000.0
100,MKC,MRT,1996-09-30,1996-08-31,1996-08-31,2021-09-30,-33398000.0,1340360000.0,1523359500.0,540527000.0,799833000.0,,1.433,,36746000.0,36746000.0,,,1.066,1.888,447174000.0,157510000.0,289664000.0,447174000.0,0.0,,0.0,0.027,0.138,,,,,,,,,,464108000.0,501929750.0,464108000.0,,,,,,1.0,,,160238000.0,,1083672000.0,1331730250.0,264706000.0,0.0,0.0,0.0,876252000.0,506878000.0,369374000.0,,,,,,,,,,,,,,,,,,,,127534000.0,,,,,400322000.0,,5.125,,,194927000.0,332342000.0,,,,,,,,,,1.0,,323928000.0,,,1180122000.0,0.0,,1755000.0,3.643,33649000.0
101,MKC,MRT,1996-06-30,1996-05-31,1996-05-31,2021-09-30,-36124000.0,1551213000.0,,610973000.0,940240000.0,,1.563,,20787000.0,20787000.0,,,1.03,2.051,632153000.0,294348000.0,337805000.0,632153000.0,0.0,,0.0,0.024,0.135,,,,,,,,,,508375000.0,,508375000.0,,,,,,1.0,,,175500000.0,,1393624000.0,,353266000.0,0.0,0.0,0.0,1042838000.0,593455000.0,449383000.0,,,,,,,,,,,,,,,,,,,,134082000.0,,,,,528434000.0,,5.688,,,185330000.0,378354000.0,,,,,,,,,,1.0,,325220000.0,,,1375713000.0,0.0,,19428000.0,4.23,17518000.0
102,MKC,MRT,1996-03-31,1996-02-29,1996-02-29,2021-09-30,-31897000.0,1587524000.0,,647708000.0,939816000.0,,1.588,,22398000.0,22398000.0,,,1.039,2.077,665313000.0,319508000.0,345805000.0,665313000.0,0.0,,0.0,0.023,0.133,,,,,,,,,,515983000.0,,515983000.0,,,,,,1.0,,,177814000.0,,1428945000.0,,368512000.0,0.0,0.0,0.0,1071541000.0,623680000.0,447861000.0,,,,,,,,,,,,,,,,,,,,132867000.0,,,,,527908000.0,,5.72,,,201937000.0,384179000.0,,,,,,,,,,1.0,,325020000.0,,,1409710000.0,0.0,,21408000.0,4.337,24028000.0
103,MKC,MRT,1995-12-31,1995-11-30,1995-11-30,2021-09-30,-29059000.0,1614341000.0,,670718000.0,943623000.0,,,-80230000.0,12465000.0,12465000.0,1106935000.0,97521000.0,1.037,2.109,646424000.0,297313000.0,349111000.0,646424000.0,0.0,63698000.0,0.0,0.022,0.13,184685000.0,248383000.0,0.147,248383000.0,184685000.0,145387000.0,0.3,0.3,0.3,519253000.0,,519253000.0,,,,-20823000.0,,1.0,584151000.0,0.345,180753000.0,39298000.0,1420680000.0,,383222000.0,54706000.0,0.0,54706000.0,1095088000.0,646867000.0,448221000.0,,-3101000.0,0.0,-5016000.0,64962000.0,-42202000.0,17744000.0,-78527000.0,0.0,59407000.0,-1725000.0,97521000.0,97521000.0,97521000.0,-10713000.0,0.0,0.058,411555000.0,172596000.0,146674000.0,0.433,,,19.683,524807000.0,0.0,5.905,,,223958000.0,387657000.0,1691086000.0,1691086000.0,0.0,,,,0.109,0.0,415459000.0,1.0,,,,,1433588000.0,33980000.0,47866000.0,25436000.0,,23851000.0
104,MKC,MRT,1994-12-31,1994-11-30,1994-11-30,2021-09-30,,,,,,,,-87524000.0,,,970564000.0,61157000.0,,,,,,,,62540000.0,,0.025,0.12,110257000.0,172797000.0,0.113,172797000.0,110257000.0,84672000.0,0.188,0.188,0.188,,,,,,,-15047000.0,,1.0,558850000.0,0.365,,25585000.0,,,,,,,,,,,2728000.0,-82573000.0,-4855000.0,157703000.0,-38997000.0,113851000.0,-184026000.0,0.0,72477000.0,426000.0,61157000.0,61157000.0,61157000.0,-18700000.0,0.0,0.04,472808000.0,86042000.0,,0.638,,,25.266,,0.0,4.75,,,,,1529414000.0,1529414000.0,0.0,,,,0.072,0.0,402363000.0,1.0,,,,,,,23515000.0,,,
