None,ticker,dimension,calendardate,datekey,reportperiod,lastupdated,accoci,assets,assetsavg,assetsc,assetsnc,assetturnover,bvps,capex,cashneq,cashnequsd,cor,consolinc,currentratio,de,debt,debtc,debtnc,debtusd,deferredrev,depamor,deposits,divyield,dps,ebit,ebitda,ebitdamargin,ebitdausd,ebitusd,ebt,eps,epsdil,epsusd,equity,equityavg,equityusd,ev,evebit,evebitda,fcf,fcfps,fxusd,gp,grossmargin,intangibles,intexp,invcap,invcapavg,inventory,investments,investmentsc,investmentsnc,liabilities,liabilitiesc,liabilitiesnc,marketcap,ncf,ncfbus,ncfcommon,ncfdebt,ncfdiv,ncff,ncfi,ncfinv,ncfo,ncfx,netinc,netinccmn,netinccmnusd,netincdis,netincnci,netmargin,opex,opinc,payables,payoutratio,pb,pe,pe1,ppnenet,prefdivis,price,ps,ps1,receivables,retearn,revenue,revenueusd,rnd,roa,roe,roic,ros,sbcomp,sgna,sharefactor,sharesbas,shareswa,shareswadil,sps,tangibles,taxassets,taxexp,taxliabilities,tbvps,workingcapital
0,MDP,MRY,2021-12-31,2021-06-30,2021-06-30,2021-09-10,-78400000.0,5565800000.0,5613275000.0,1112100000.0,4453700000.0,0.53,14.115,-35200000.0,240200000.0,240200000.0,1024500000.0,306600000.0,1.294,7.535,3214300000.0,40300000.0,3174000000.0,3214300000.0,615200000.0,214300000.0,0.0,0.0,0.0,557000000.0,771300000.0,0.259,771300000.0,557000000.0,378400000.0,6.31,6.27,6.31,652100000.0,601100000.0,652100000.0,4974296943.0,9.0,6.449,363400000.0,7.866,1.0,1952900000.0,0.656,3276100000.0,178600000.0,4404300000.0,4609425000.0,29300000.0,0.0,0.0,0.0,4913700000.0,859500000.0,4054200000.0,1983396943.0,107800000.0,64300000.0,700000.0,-263500000.0,0.0,-330800000.0,39500000.0,0.0,398600000.0,500000.0,291400000.0,291400000.0,291400000.0,0.0,15200000.0,0.098,1391500000.0,561400000.0,185100000.0,0.0,3.042,6.806,6.884,731600000.0,0.0,43.44,0.666,0.674,501100000.0,506300000.0,2977400000.0,2977400000.0,0.0,0.052,0.485,0.121,0.187,17500000.0,1278300000.0,1.0,45658309.0,46200000.0,46500000.0,64.446,2289700000.0,0.0,87000000.0,552700000.0,49.561,252600000.0
1,MDP,MRY,2020-12-31,2020-06-30,2020-06-30,2021-09-10,-82400000.0,5510100000.0,6000825000.0,884800000.0,4625300000.0,0.475,8.495,-55400000.0,132400000.0,132400000.0,1047600000.0,-234300000.0,1.209,13.194,3487800000.0,39300000.0,3448500000.0,3487800000.0,670700000.0,277200000.0,0.0,0.12,1.745,-362400000.0,-85200000.0,-0.03,-85200000.0,-362400000.0,-508200000.0,-10.41,-10.41,-10.41,388200000.0,709800000.0,388200000.0,3406514417.0,-9.0,-39.983,251200000.0,5.497,1.0,1801000000.0,0.632,3366800000.0,145800000.0,4767000000.0,4510525000.0,34200000.0,0.0,0.0,0.0,5121900000.0,731700000.0,4390200000.0,660414417.0,87400000.0,55200000.0,-2800000.0,647600000.0,-139500000.0,-216700000.0,3100000.0,0.0,306600000.0,-500000.0,-476000000.0,-476000000.0,-476000000.0,25300000.0,241700000.0,-0.167,1895100000.0,-94100000.0,121100000.0,-0.168,1.701,-1.387,-1.398,804500000.0,0.0,14.55,0.232,0.233,461900000.0,197600000.0,2848600000.0,2848600000.0,0.0,-0.079,-0.671,-0.08,-0.127,13900000.0,1259100000.0,1.0,45389307.0,45700000.0,45700000.0,62.333,2143300000.0,0.0,-32200000.0,553900000.0,46.899,153100000.0
2,MDP,MRY,2019-12-31,2019-06-30,2019-06-30,2021-09-10,-46300000.0,6136900000.0,6197050000.0,1350100000.0,4786800000.0,0.515,21.514,-46400000.0,45000000.0,45000000.0,1161200000.0,46300000.0,1.071,4.743,2333300000.0,0.0,2333300000.0,2333300000.0,777500000.0,267600000.0,0.0,0.041,2.24,150100000.0,417700000.0,0.131,417700000.0,150100000.0,-20500000.0,-0.71,-0.7,-0.71,974600000.0,1036825000.0,974600000.0,4893893412.0,33.0,11.716,198900000.0,4.391,1.0,2027300000.0,0.636,3793000000.0,170600000.0,3371400000.0,3665225000.0,62700000.0,0.0,0.0,0.0,4622100000.0,1260800000.0,3361300000.0,2486993412.0,-392600000.0,420700000.0,-5400000.0,-827000000.0,-161900000.0,-1013600000.0,374300000.0,0.0,245300000.0,-1400000.0,-32000000.0,-32000000.0,-32000000.0,82800000.0,78300000.0,-0.01,1740300000.0,287000000.0,242600000.0,-3.155,2.552,-77.719,-77.549,450300000.0,0.0,55.06,0.78,0.782,609100000.0,759000000.0,3188500000.0,3188500000.0,0.0,-0.005,-0.031,0.041,0.047,22900000.0,1350000000.0,1.0,45168787.0,45300000.0,45500000.0,70.386,2343900000.0,0.0,11500000.0,656100000.0,51.742,89300000.0
3,MDP,MRY,2018-12-31,2018-06-30,2018-06-30,2021-09-10,-36700000.0,6770900000.0,4787387500.0,2016700000.0,4754200000.0,0.473,24.443,-53200000.0,437600000.0,437600000.0,868000000.0,99400000.0,1.645,4.693,3135600000.0,17700000.0,3117900000.0,3135600000.0,525800000.0,148200000.0,0.0,0.042,2.13,40000000.0,188200000.0,0.083,188200000.0,40000000.0,-57200000.0,1.48,1.47,1.48,1097500000.0,1097149750.0,1097500000.0,5054365155.0,126.0,26.856,96700000.0,2.154,1.0,1396200000.0,0.617,3950700000.0,97200000.0,4292400000.0,2712307750.0,44400000.0,0.0,0.0,0.0,5150800000.0,1225800000.0,3925000000.0,2288365155.0,415300000.0,-2567300000.0,-11800000.0,2424100000.0,-121500000.0,2917500000.0,-2616700000.0,0.0,149900000.0,-4100000.0,66400000.0,66400000.0,66400000.0,14600000.0,33000000.0,0.029,1309300000.0,86900000.0,195100000.0,1.439,2.085,34.463,34.459,483700000.0,0.0,51.0,1.011,1.011,545200000.0,889800000.0,2264200000.0,2264200000.0,0.0,0.014,0.061,0.015,0.018,30400000.0,987500000.0,1.0,44869905.0,44900000.0,45200000.0,50.428,2820200000.0,0.0,-123600000.0,715300000.0,62.811,790900000.0
4,MDP,MRY,2017-12-31,2017-06-30,2017-06-30,2021-09-10,-19000000.0,2729700000.0,2668015500.0,505400000.0,2224300000.0,0.642,22.332,-34800000.0,22300000.0,22300000.0,608400000.0,188900000.0,1.099,1.741,698200000.0,62500000.0,635700000.0,698200000.0,325500000.0,71400000.0,0.0,0.034,2.03,309100000.0,380500000.0,0.222,380500000.0,309100000.0,290300000.0,4.23,4.16,4.23,996000000.0,957256000.0,996000000.0,3254704677.0,11.0,8.554,183800000.0,4.121,1.0,1104900000.0,0.645,1893000000.0,18800000.0,1052900000.0,1002780250.0,21900000.0,0.0,0.0,0.0,1733700000.0,459700000.0,1274000000.0,2650847677.0,-2700000.0,-82900000.0,-15300000.0,5600000.0,-91900000.0,-103600000.0,-117700000.0,0.0,218600000.0,0.0,188900000.0,188900000.0,188900000.0,0.0,0.0,0.11,796700000.0,308200000.0,66600000.0,0.48,2.661,14.033,14.054,189800000.0,0.0,59.45,1.547,1.548,289100000.0,915700000.0,1713300000.0,1713300000.0,0.0,0.071,0.197,0.308,0.18,6000000.0,726400000.0,1.0,44589532.0,44600000.0,45400000.0,38.415,836700000.0,0.0,101400000.0,412800000.0,18.76,45700000.0
5,MDP,MRY,2016-12-31,2016-06-30,2016-06-30,2021-09-10,-28501000.0,2626791000.0,2802025000.0,481156000.0,2145635000.0,0.589,19.934,-25000000.0,24970000.0,24970000.0,611300000.0,33900000.0,1.007,1.955,693506000.0,75000000.0,618506000.0,693506000.0,327893000.0,75800000.0,0.0,0.037,1.905,130600000.0,206400000.0,0.125,206400000.0,130600000.0,110200000.0,0.76,0.75,0.76,889043000.0,954206500.0,889043000.0,2998694437.0,23.0,14.529,201600000.0,4.52,1.0,1038300000.0,0.629,1805791000.0,20400000.0,1011644000.0,1086399500.0,20678000.0,0.0,0.0,0.0,1737748000.0,477892000.0,1259856000.0,2312818437.0,2200000.0,-6400000.0,-10200000.0,-100000000.0,-86100000.0,-193000000.0,-31400000.0,0.0,226600000.0,0.0,33900000.0,33900000.0,33900000.0,0.0,0.0,0.021,907700000.0,130600000.0,82107000.0,2.507,2.601,68.225,68.303,190953000.0,0.0,51.91,1.402,1.403,273927000.0,818706000.0,1649600000.0,1649600000.0,0.0,0.012,0.036,0.12,0.079,8600000.0,723500000.0,1.0,44554391.0,44600000.0,45400000.0,36.987,821000000.0,0.0,76300000.0,371209000.0,18.408,3264000.0
6,MDP,MRY,2015-12-31,2015-06-30,2015-06-30,2021-09-10,-12648000.0,2843282000.0,2754291000.0,482531000.0,2360751000.0,0.579,21.379,-33245000.0,22833000.0,22833000.0,598941000.0,136791000.0,0.909,1.987,795000000.0,62500000.0,732500000.0,795000000.0,357347000.0,73122000.0,0.0,0.034,1.781,242112000.0,315234000.0,0.198,315234000.0,242112000.0,222760000.0,3.07,3.02,3.07,951850000.0,926473000.0,951850000.0,3131219310.0,13.0,9.933,159102000.0,3.574,1.0,995235000.0,0.624,1979939000.0,19352000.0,1104509000.0,1155399250.0,24681000.0,0.0,0.0,0.0,1891432000.0,531001000.0,1360431000.0,2325252310.0,-13754000.0,-257030000.0,-5513000.0,80000000.0,-79982000.0,740000.0,-206841000.0,0.0,192347000.0,0.0,136791000.0,136791000.0,136791000.0,0.0,0.0,0.086,753123000.0,242112000.0,93944000.0,0.58,2.443,16.999,16.987,213736000.0,0.0,52.15,1.459,1.456,284646000.0,870859000.0,1594176000.0,1594176000.0,0.0,0.05,0.148,0.21,0.152,6044000.0,695319000.0,1.0,44587772.0,44522000.0,45323000.0,35.806,863343000.0,0.0,85969000.0,391011000.0,19.391,-48470000.0
7,MDP,MRY,2014-12-31,2014-06-30,2014-06-30,2021-09-10,-8758000.0,2543800000.0,2279412250.0,493122000.0,2050678000.0,0.644,19.976,-24822000.0,36587000.0,36587000.0,567024000.0,113541000.0,1.021,1.853,715000000.0,87500000.0,627500000.0,715000000.0,325176000.0,57511000.0,0.0,0.035,1.682,186515000.0,244026000.0,0.166,244026000.0,186515000.0,174339000.0,2.54,2.5,2.54,891652000.0,872295500.0,891652000.0,2659076627.0,14.0,10.897,153268000.0,3.434,1.0,901684000.0,0.614,1661823000.0,12176000.0,1077287000.0,816652250.0,24008000.0,0.0,0.0,0.0,1652148000.0,483103000.0,1169045000.0,2156197627.0,8913000.0,-417461000.0,-19341000.0,365000000.0,-75392000.0,273106000.0,-442283000.0,0.0,178090000.0,0.0,113541000.0,113541000.0,113541000.0,0.0,0.0,0.077,715169000.0,186515000.0,81402000.0,0.662,2.418,18.99,19.039,204938000.0,0.0,48.36,1.468,1.47,257644000.0,814050000.0,1468708000.0,1468708000.0,0.0,0.05,0.13,0.228,0.127,7369000.0,655241000.0,1.0,44586386.0,44636000.0,45410000.0,32.904,881977000.0,0.0,60798000.0,347383000.0,19.759,10019000.0
8,MDP,MRY,2013-12-31,2013-06-30,2013-06-30,2021-09-10,-16341000.0,2140059000.0,2076617500.0,407692000.0,1732367000.0,0.709,19.217,-25969000.0,27674000.0,27674000.0,561058000.0,123650000.0,0.893,1.505,350000000.0,50000000.0,300000000.0,350000000.0,355257000.0,55010000.0,0.0,0.033,1.575,210834000.0,265844000.0,0.181,265844000.0,210834000.0,197404000.0,2.78,2.74,2.78,854296000.0,826010750.0,854296000.0,2452398613.0,12.0,9.225,163118000.0,3.669,1.0,910282000.0,0.619,1379600000.0,13430000.0,626114000.0,649244250.0,28386000.0,0.0,0.0,0.0,1285763000.0,456671000.0,829092000.0,2121888613.0,1854000.0,-50190000.0,-15215000.0,-30000000.0,-70527000.0,-111074000.0,-76159000.0,0.0,189087000.0,0.0,123650000.0,123650000.0,123650000.0,0.0,0.0,0.084,699448000.0,210834000.0,78458000.0,0.567,2.484,17.16,17.158,186317000.0,0.0,47.7,1.442,1.441,232305000.0,775901000.0,1471340000.0,1471340000.0,0.0,0.06,0.15,0.325,0.143,6080000.0,654098000.0,1.0,44484038.0,44455000.0,45085000.0,33.097,760459000.0,0.0,73754000.0,311628000.0,17.106,-48979000.0
9,MDP,MRY,2012-12-31,2012-06-30,2012-06-30,2021-09-10,-23115000.0,2016299000.0,1895844750.0,359436000.0,1656863000.0,0.726,17.79,-35718000.0,25820000.0,25820000.0,547564000.0,104372000.0,0.745,1.528,380000000.0,105000000.0,275000000.0,380000000.0,322260000.0,56195000.0,0.0,0.044,1.397,185779000.0,241974000.0,0.176,241974000.0,185779000.0,172875000.0,2.33,2.31,2.33,797445000.0,792718250.0,797445000.0,1827244621.0,10.0,7.551,146212000.0,3.262,1.0,829123000.0,0.602,1323741000.0,12904000.0,564152000.0,563681000.0,22559000.0,0.0,0.0,0.0,1218854000.0,482586000.0,736268000.0,1431918621.0,-1901000.0,-248964000.0,-20973000.0,185000000.0,-62994000.0,100851000.0,-284682000.0,0.0,181930000.0,0.0,104372000.0,104372000.0,104372000.0,0.0,0.0,0.076,643352000.0,185771000.0,72911000.0,0.6,1.796,13.719,13.708,194304000.0,0.0,31.94,1.04,1.04,215526000.0,722778000.0,1376687000.0,1376687000.0,0.0,0.055,0.132,0.33,0.135,9964000.0,599026000.0,1.0,44831516.0,44825000.0,45100000.0,30.712,692558000.0,0.0,68503000.0,256694000.0,15.45,-123150000.0
10,MDP,MRY,2011-12-31,2011-06-30,2011-06-30,2021-09-10,-16163000.0,1712829000.0,1713330250.0,333738000.0,1379091000.0,0.817,17.034,-29906000.0,27721000.0,27721000.0,554101000.0,127432000.0,0.816,1.21,195000000.0,50000000.0,145000000.0,195000000.0,271855000.0,56653000.0,0.0,0.031,0.98,221144000.0,277797000.0,0.198,277797000.0,221144000.0,208175000.0,2.8,2.78,2.8,774985000.0,745119750.0,774985000.0,1621823709.0,7.0,5.838,184629000.0,4.058,1.0,846379000.0,0.604,1075401000.0,12969000.0,395715000.0,447074500.0,21529000.0,0.0,0.0,0.0,937844000.0,408992000.0,528852000.0,1417503709.0,-20853000.0,-40141000.0,-16219000.0,-105000000.0,-44240000.0,-165341000.0,-70047000.0,0.0,214535000.0,0.0,127432000.0,127432000.0,127432000.0,4178000.0,0.0,0.091,621088000.0,225291000.0,82878000.0,0.35,1.829,11.124,11.118,186438000.0,0.0,31.13,1.012,1.011,212365000.0,687816000.0,1400480000.0,1400480000.0,0.0,0.074,0.171,0.495,0.158,8431000.0,581543000.0,1.0,45534973.0,45497000.0,45832000.0,30.782,637428000.0,0.0,80743000.0,208914000.0,14.01,-75254000.0
11,MDP,MRY,2010-12-31,2010-06-30,2010-06-30,2021-09-10,-28005000.0,1727316000.0,1704847000.0,381427000.0,1345889000.0,0.811,15.199,-24721000.0,48574000.0,48574000.0,572292000.0,103963000.0,0.87,1.509,300000000.0,50000000.0,250000000.0,300000000.0,289991000.0,63459000.0,0.0,0.029,0.915,183502000.0,246961000.0,0.179,246961000.0,183502000.0,164918000.0,2.3,2.28,2.3,688345000.0,651294250.0,688345000.0,1703771644.0,9.0,6.899,166930000.0,3.686,1.0,810539000.0,0.586,1049944000.0,18584000.0,490492000.0,465363750.0,26807000.0,0.0,0.0,0.0,1038971000.0,438306000.0,600665000.0,1412437644.0,20664000.0,-27505000.0,3299000.0,-80000000.0,-41345000.0,-118761000.0,-52226000.0,0.0,191651000.0,0.0,103963000.0,103963000.0,103963000.0,1671000.0,0.0,0.075,625417000.0,185122000.0,109897000.0,0.398,2.052,13.586,13.535,187002000.0,0.0,31.13,1.021,1.02,223630000.0,604624000.0,1382831000.0,1382831000.0,0.0,0.061,0.16,0.394,0.133,10230000.0,584528000.0,1.0,45372234.0,45289000.0,45544000.0,30.533,677372000.0,0.0,60955000.0,155069000.0,14.957,-56879000.0
12,MDP,MRY,2009-12-31,2009-06-30,2009-06-30,2021-09-10,-31628000.0,1669303000.0,1953003250.0,340140000.0,1329163000.0,0.719,13.529,-23475000.0,27910000.0,27910000.0,644101000.0,-107084000.0,0.974,1.739,380000000.0,0.0,380000000.0,380000000.0,319124000.0,67710000.0,0.0,0.035,0.895,-137876000.0,-70166000.0,-0.05,-70166000.0,-137876000.0,-158653000.0,-2.38,-2.38,-2.38,609383000.0,744083250.0,609383000.0,1530341174.0,-11.0,-21.81,157445000.0,3.496,1.0,760733000.0,0.542,1036802000.0,20777000.0,635375000.0,632130250.0,28151000.0,0.0,0.0,0.0,1059920000.0,349216000.0,710704000.0,1149737174.0,-9734000.0,-5582000.0,-17523000.0,-105000000.0,-39730000.0,-161597000.0,-29057000.0,0.0,180920000.0,0.0,-107084000.0,-107084000.0,-107084000.0,6410000.0,0.0,-0.076,892855000.0,-132122000.0,86381000.0,-0.376,1.887,-10.737,-10.735,191307000.0,0.0,25.55,0.818,0.819,192367000.0,542006000.0,1404834000.0,1404834000.0,0.0,-0.055,-0.144,-0.218,-0.098,9314000.0,555753000.0,1.0,44999498.0,45042000.0,45042000.0,31.189,632501000.0,0.0,-51569000.0,90975000.0,14.042,-9076000.0
13,MDP,MRY,2008-12-31,2008-06-30,2008-06-30,2021-09-10,-11519000.0,2059620000.0,2093877750.0,403090000.0,1656530000.0,0.741,16.789,-29620000.0,37644000.0,37644000.0,673607000.0,134672000.0,0.91,1.614,485000000.0,75000000.0,410000000.0,485000000.0,333133000.0,76073000.0,0.0,0.029,0.81,242440000.0,318513000.0,0.205,318513000.0,242440000.0,220050000.0,2.87,2.83,2.87,787855000.0,809603250.0,787855000.0,1708430707.0,7.0,5.364,226344000.0,4.823,1.0,878836000.0,0.566,1332091000.0,22390000.0,731748000.0,675034750.0,44085000.0,0.0,0.0,0.0,1271765000.0,443137000.0,828628000.0,1308908707.0,-1576000.0,-65790000.0,-136112000.0,10000000.0,-37344000.0,-162130000.0,-95410000.0,0.0,255964000.0,0.0,134672000.0,134672000.0,134672000.0,-1698000.0,0.0,0.087,639184000.0,239652000.0,79028000.0,0.282,1.661,9.719,9.857,199788000.0,0.0,28.29,0.843,0.855,230978000.0,701205000.0,1552443000.0,1552443000.0,0.0,0.064,0.166,0.359,0.156,6410000.0,590031000.0,1.0,46267540.0,46928000.0,47585000.0,33.081,727529000.0,2118000.0,85378000.0,187521000.0,15.503,-40047000.0
14,MDP,MRY,2007-12-31,2007-06-30,2007-06-30,2021-09-10,2499000.0,2089951000.0,2085932000.0,452640000.0,1637311000.0,0.757,17.341,-42599000.0,39220000.0,39220000.0,647984000.0,162346000.0,0.929,1.508,475000000.0,100000000.0,375000000.0,475000000.0,359318000.0,73778000.0,0.0,0.011,0.7,281548000.0,355326000.0,0.225,355326000.0,281548000.0,254366000.0,3.38,3.31,3.38,833201000.0,763428000.0,833201000.0,3411824624.0,12.0,9.602,167923000.0,3.495,1.0,931739000.0,0.59,1275105000.0,27182000.0,763597000.0,756139750.0,48836000.0,0.0,0.0,0.0,1256750000.0,487029000.0,769721000.0,2962583624.0,8507000.0,-22645000.0,-17037000.0,-90000000.0,-33248000.0,-136771000.0,-65244000.0,0.0,210522000.0,0.0,162346000.0,162346000.0,162346000.0,3664000.0,0.0,0.103,648113000.0,283626000.0,78156000.0,0.207,3.556,18.249,18.225,206026000.0,0.0,61.6,1.875,1.874,267419000.0,727628000.0,1579723000.0,1579723000.0,0.0,0.078,0.213,0.372,0.178,7594000.0,603098000.0,1.0,48093890.0,48048000.0,49108000.0,32.878,814846000.0,0.0,92020000.0,216055000.0,16.959,-34389000.0
15,MDP,MRY,2006-12-31,2006-06-30,2006-06-30,2021-09-10,-2077000.0,2040675000.0,2032690500.0,431520000.0,1609155000.0,0.768,14.158,-29236000.0,30713000.0,30713000.0,656142000.0,144792000.0,0.93,1.923,565000000.0,50000000.0,515000000.0,565000000.0,369832000.0,73972000.0,0.0,0.012,0.6,267808000.0,341780000.0,0.219,341780000.0,267808000.0,237594000.0,2.94,2.86,2.94,698104000.0,700068000.0,698104000.0,2968526456.0,11.0,8.685,164753000.0,3.341,1.0,905323000.0,0.58,1271099000.0,30214000.0,839917000.0,854878500.0,52032000.0,0.0,0.0,0.0,1342571000.0,463946000.0,878625000.0,2464070456.0,925000.0,-365354000.0,-93129000.0,315000000.0,-29578000.0,201526000.0,-394590000.0,0.0,193989000.0,0.0,144792000.0,144792000.0,144792000.0,360000.0,0.0,0.093,638142000.0,267181000.0,79892000.0,0.204,3.53,17.018,16.85,194798000.0,0.0,49.54,1.578,1.564,239368000.0,599413000.0,1561465000.0,1561465000.0,0.0,0.071,0.207,0.313,0.172,5519000.0,593015000.0,1.0,49739008.0,49307000.0,50610000.0,31.668,769576000.0,0.0,92802000.0,180970000.0,15.608,-32426000.0
16,MDP,MRY,2005-12-31,2005-06-30,2005-06-30,2021-09-10,-1025000.0,1491308000.0,1492205500.0,304495000.0,1186813000.0,0.816,13.095,-23845000.0,29788000.0,29788000.0,523668000.0,129042000.0,0.693,1.288,250000000.0,125000000.0,125000000.0,250000000.0,239774000.0,65887000.0,0.0,0.011,0.52,229666000.0,295553000.0,0.243,295553000.0,229666000.0,209861000.0,2.59,2.52,2.59,651827000.0,619157250.0,651827000.0,2690713678.0,12.0,9.104,147059000.0,2.954,1.0,693632000.0,0.57,924085000.0,19805000.0,348355000.0,379865250.0,41562000.0,0.0,0.0,0.0,839481000.0,439080000.0,400401000.0,2423327678.0,-28935000.0,-33337000.0,-74020000.0,-50000000.0,-25828000.0,-146058000.0,-53781000.0,0.0,170904000.0,0.0,129042000.0,129042000.0,129042000.0,-133000.0,0.0,0.106,465795000.0,227837000.0,48462000.0,0.201,3.718,18.779,18.942,192956000.0,0.0,49.06,1.991,2.006,176669000.0,550115000.0,1217300000.0,1217300000.0,0.0,0.086,0.208,0.605,0.189,6860000.0,430804000.0,1.0,49395183.0,49777000.0,51220000.0,24.455,567223000.0,0.0,80819000.0,153747000.0,11.395,-134585000.0
17,MDP,MRY,2004-12-31,2004-06-30,2004-06-30,2021-09-10,-427000.0,1465927000.0,1453906750.0,314014000.0,1151913000.0,0.799,12.147,-24535000.0,58723000.0,58723000.0,502494000.0,103959000.0,0.847,1.403,300000000.0,75000000.0,225000000.0,300000000.0,253187000.0,66314000.0,0.0,0.008,0.43,192316000.0,258630000.0,0.223,258630000.0,192316000.0,169590000.0,2.07,2.0,2.07,609971000.0,551835500.0,609971000.0,3056304572.0,16.0,11.817,138490000.0,2.758,1.0,659158000.0,0.567,882207000.0,22726000.0,454247000.0,510881250.0,31262000.0,0.0,0.0,0.0,855956000.0,370750000.0,485206000.0,2761379572.0,36429000.0,0.0,-11101000.0,-75000000.0,-21608000.0,-99698000.0,-26898000.0,0.0,163025000.0,0.0,103959000.0,103959000.0,103959000.0,0.0,0.0,0.089,467067000.0,192091000.0,42684000.0,0.208,4.527,26.562,26.551,195799000.0,0.0,54.96,2.377,2.376,164876000.0,495808000.0,1161652000.0,1161652000.0,0.0,0.072,0.188,0.376,0.166,4182000.0,431824000.0,1.0,50243442.0,50214000.0,51926000.0,23.134,583720000.0,0.0,65631000.0,109691000.0,11.625,-56736000.0
18,MDP,MRY,2003-12-31,2003-06-30,2003-06-30,2021-09-10,-1550000.0,1431824000.0,1423038500.0,268429000.0,1163395000.0,0.759,10.014,-26645000.0,22294000.0,22294000.0,464764000.0,-4091000.0,0.903,1.877,375000000.0,0.0,375000000.0,375000000.0,260902000.0,73683000.0,0.0,0.008,0.37,75236000.0,148919000.0,0.138,148919000.0,75236000.0,47460000.0,-0.08,-0.08,-0.08,497763000.0,460981750.0,497763000.0,2591869008.0,34.0,17.405,133806000.0,2.692,1.0,615340000.0,0.57,894775000.0,27776000.0,592556000.0,599456250.0,27148000.0,0.0,0.0,0.0,934061000.0,297199000.0,636862000.0,2188392008.0,-5931000.0,-117281000.0,-9009000.0,-10000000.0,-18412000.0,-25517000.0,-140865000.0,0.0,160451000.0,0.0,-4091000.0,-4091000.0,-4091000.0,0.0,0.0,-0.004,453371000.0,161969000.0,38907000.0,-4.625,4.396,-534.928,-550.0,201484000.0,0.0,44.0,2.026,2.025,144717000.0,445962000.0,1080104000.0,1080104000.0,0.0,-0.003,-0.009,0.126,0.07,-577000.0,417031000.0,1.0,49736182.0,49706000.0,51276000.0,21.73,537049000.0,0.0,51551000.0,100532000.0,10.805,-28770000.0
19,MDP,MRY,2002-12-31,2002-06-30,2002-06-30,2021-09-10,-2310000.0,1460264000.0,1428563750.0,272211000.0,1188053000.0,0.691,10.251,-23365000.0,28225000.0,28225000.0,433645000.0,91381000.0,0.886,1.876,385000000.0,0.0,385000000.0,385000000.0,232918000.0,93770000.0,0.0,0.009,0.355,182282000.0,276052000.0,0.279,276052000.0,182282000.0,149072000.0,1.85,1.79,1.85,507717000.0,460504250.0,507717000.0,2301261282.0,13.0,8.336,113422000.0,2.29,1.0,554184000.0,0.561,926716000.0,33210000.0,582917000.0,607960000.0,32921000.0,0.0,0.0,0.0,952547000.0,307406000.0,645141000.0,1902367282.0,-8029000.0,0.0,-21617000.0,-85000000.0,-17343000.0,-124596000.0,-20220000.0,0.0,136787000.0,0.0,91381000.0,91381000.0,91381000.0,0.0,0.0,0.093,436335000.0,117849000.0,42749000.0,0.192,3.747,20.818,20.73,211250000.0,0.0,38.35,1.926,1.923,128204000.0,462057000.0,987829000.0,987829000.0,0.0,0.064,0.198,0.3,0.185,0.0,382695000.0,1.0,49605405.0,49528000.0,50921000.0,19.945,533548000.0,0.0,57691000.0,138712000.0,10.773,-35195000.0
20,MDP,MRY,2001-12-31,2001-06-30,2001-06-30,2021-09-10,-1967000.0,1437747000.0,1443941250.0,291082000.0,1146665000.0,0.723,8.962,-55967000.0,36254000.0,36254000.0,462159000.0,71272000.0,0.784,2.21,470000000.0,70000000.0,400000000.0,470000000.0,221302000.0,95699000.0,0.0,0.009,0.335,149129000.0,244828000.0,0.235,244828000.0,149129000.0,116200000.0,1.43,1.39,1.43,447908000.0,438881250.0,447908000.0,2275258561.0,15.0,9.293,81124000.0,1.623,1.0,581292000.0,0.557,891387000.0,32929000.0,608700000.0,670424250.0,32835000.0,0.0,0.0,0.0,989839000.0,371406000.0,618433000.0,1780661561.0,13393000.0,20150000.0,-34639000.0,-35000000.0,-16482000.0,-86121000.0,-37577000.0,0.0,137091000.0,0.0,71272000.0,71272000.0,71272000.0,0.0,0.0,0.068,454668000.0,126624000.0,45976000.0,0.234,3.976,24.984,25.042,203798000.0,0.0,35.81,1.707,1.715,137384000.0,402393000.0,1043451000.0,1043451000.0,0.0,0.049,0.162,0.222,0.143,0.0,377788000.0,1.0,49725260.0,49977000.0,51354000.0,20.879,546360000.0,0.0,44928000.0,99537000.0,10.932,-80324000.0
21,MDP,MRY,2000-12-31,2000-06-30,2000-06-30,2021-09-10,-776000.0,1439773000.0,1455892500.0,288799000.0,1150974000.0,0.748,7.402,-39403000.0,22861000.0,22861000.0,455647000.0,71030000.0,0.805,2.678,505000000.0,50000000.0,455000000.0,505000000.0,234785000.0,87614000.0,0.0,0.009,0.32,162532000.0,250146000.0,0.23,250146000.0,162532000.0,127586000.0,1.38,1.35,1.38,379844000.0,381531500.0,379844000.0,2225129070.0,14.0,8.895,108613000.0,2.117,1.0,633823000.0,0.582,922186000.0,34946000.0,641025000.0,661304500.0,35805000.0,0.0,0.0,0.0,1017264000.0,358701000.0,658563000.0,1709435070.0,11832000.0,0.0,-49923000.0,-25000000.0,-15892000.0,-89925000.0,-46259000.0,0.0,148016000.0,0.0,71030000.0,71030000.0,71030000.0,0.0,0.0,0.065,472486000.0,161337000.0,53892000.0,0.232,4.5,24.066,24.457,174157000.0,0.0,33.75,1.569,1.59,145845000.0,334448000.0,1089470000.0,1089470000.0,0.0,0.049,0.186,0.246,0.149,0.0,397041000.0,1.0,50649928.0,51313000.0,52774000.0,21.232,517587000.0,0.0,56556000.0,85749000.0,10.087,-69902000.0
22,MDP,MRY,1999-12-31,1999-06-30,1999-06-30,2021-09-10,-625000.0,1423396000.0,1262687500.0,256175000.0,1167221000.0,0.821,6.901,-25691000.0,11029000.0,11029000.0,429848000.0,89657000.0,0.744,2.805,530000000.0,45000000.0,485000000.0,530000000.0,226021000.0,82612000.0,0.0,0.009,0.3,174172000.0,256784000.0,0.248,256784000.0,174172000.0,152175000.0,1.72,1.67,1.72,360158000.0,333336250.0,360158000.0,2350217297.0,13.0,9.153,108985000.0,2.088,1.0,606274000.0,0.585,961679000.0,21997000.0,636573000.0,519425500.0,33511000.0,0.0,0.0,0.0,1010091000.0,344115000.0,665976000.0,1795922297.0,6076000.0,-362264000.0,-41292000.0,315000000.0,-15129000.0,257929000.0,-386529000.0,0.0,134676000.0,0.0,89657000.0,89657000.0,89657000.0,0.0,0.0,0.087,435187000.0,171087000.0,55018000.0,0.174,4.986,20.031,20.128,159756000.0,0.0,34.62,1.733,1.744,138723000.0,312553000.0,1036122000.0,1036122000.0,0.0,0.071,0.269,0.335,0.168,0.0,391104000.0,1.0,51875283.0,52188000.0,53761000.0,19.854,461717000.0,0.0,62518000.0,68782000.0,8.847,-87940000.0
23,MDP,MRY,1998-12-31,1998-06-30,1998-06-30,2021-09-10,-1177000.0,1065989000.0,1074810250.0,246801000.0,819188000.0,0.94,6.61,-46181000.0,4953000.0,4953000.0,408560000.0,79858000.0,0.712,1.966,215000000.0,40000000.0,175000000.0,215000000.0,237592000.0,64517000.0,0.0,0.006,0.28,153779000.0,218296000.0,0.216,218296000.0,153779000.0,139114000.0,1.51,1.46,1.51,349950000.0,348107000.0,349950000.0,2713824987.0,18.0,12.432,79398000.0,1.5,1.0,601367000.0,0.595,612167000.0,14665000.0,317000000.0,391962000.0,34765000.0,0.0,0.0,0.0,687976000.0,346869000.0,341107000.0,2478320987.0,-69545000.0,-375000000.0,-22808000.0,215000000.0,-14286000.0,177544000.0,-372668000.0,50371000.0,125579000.0,0.0,79858000.0,79858000.0,79858000.0,0.0,0.0,0.079,448866000.0,152501000.0,63171000.0,0.185,7.082,31.034,31.086,151081000.0,0.0,46.94,2.454,2.461,138036000.0,301201000.0,1009927000.0,1009927000.0,0.0,0.074,0.229,0.392,0.152,0.0,412026000.0,1.0,52797635.0,52945000.0,54603000.0,19.075,453822000.0,0.0,59256000.0,54350000.0,8.572,-100068000.0
24,MDP,MRY,1997-12-31,1997-06-30,1997-06-30,2021-09-10,0.0,760901000.0,747337000.0,337208000.0,423693000.0,1.144,6.103,-23299000.0,74498000.0,74498000.0,339895000.0,95285000.0,1.213,1.327,0.0,0.0,0.0,0.0,240985000.0,40385000.0,0.0,0.014,0.42,147374000.0,187759000.0,0.22,187759000.0,147374000.0,146120000.0,1.78,1.72,1.78,326930000.0,294247000.0,326930000.0,1498718871.0,10.0,7.982,75150000.0,1.403,1.0,515323000.0,0.603,273349000.0,1254000.0,135094000.0,171558000.0,30273000.0,50382000.0,50382000.0,0.0,433971000.0,277960000.0,156011000.0,1552140871.0,60697000.0,123275000.0,-23126000.0,-50000000.0,-12839000.0,-83493000.0,45741000.0,-50557000.0,98449000.0,0.0,95285000.0,95285000.0,95285000.0,0.0,0.0,0.111,400652000.0,114671000.0,48306000.0,0.236,4.748,16.289,16.292,90183000.0,0.0,29.0,1.815,1.816,93395000.0,276243000.0,855218000.0,855218000.0,0.0,0.127,0.324,0.859,0.172,0.0,377655000.0,1.0,53522099.0,53566000.0,55522000.0,15.966,487552000.0,0.0,50835000.0,47916000.0,9.102,59248000.0
25,MDP,MRY,1996-12-31,1996-06-30,1996-06-30,2021-09-10,0.0,733773000.0,,210676000.0,523097000.0,,4.771,-29873000.0,13801000.0,13801000.0,366408000.0,53940000.0,0.754,1.805,50000000.0,15000000.0,35000000.0,50000000.0,238212000.0,44080000.0,0.0,0.02,0.42,104869000.0,148949000.0,0.172,148949000.0,104869000.0,99339000.0,0.98,0.96,0.98,261564000.0,,261564000.0,,,,78332000.0,1.429,1.0,500729000.0,0.577,282443000.0,5530000.0,208022000.0,,31185000.0,0.0,0.0,0.0,472209000.0,279507000.0,192702000.0,,1976000.0,13394000.0,-25015000.0,-40000000.0,-11521000.0,-92264000.0,-13965000.0,0.0,108205000.0,0.0,53940000.0,53940000.0,53940000.0,717000.0,0.0,0.062,403224000.0,97505000.0,42085000.0,0.429,,,21.301,79999000.0,0.0,20.875,,1.32,89448000.0,236903000.0,867137000.0,867137000.0,0.0,,,,0.121,0.0,378094000.0,1.0,,54826000.0,56391000.0,15.816,451330000.0,0.0,45399000.0,54640000.0,8.232,-68831000.0
26,MDP,MRY,1995-12-31,1995-06-30,1995-06-30,2021-09-10,,,,,,,,-13284000.0,,,345025000.0,-6315000.0,,,,,,,,37150000.0,,0.052,0.66,33102000.0,70252000.0,0.085,70252000.0,33102000.0,29083000.0,,,,,,,,,,52201000.0,,1.0,484376000.0,0.584,,4019000.0,,,,,,,,,,,-19703000.0,-159000000.0,-1417000.0,90000000.0,-10388000.0,65519000.0,-150707000.0,16189000.0,65485000.0,0.0,-6315000.0,-6315000.0,-6315000.0,5454000.0,0.0,-0.008,411674000.0,72702000.0,,,,,,,0.0,12.69,,,,,829401000.0,829401000.0,0.0,,,,0.04,0.0,392657000.0,1.0,,,,,,,35398000.0,,,
0,MDP,MRQ,2021-06-30,2021-06-30,2021-06-30,2021-09-10,-78400000.0,5565800000.0,,1112100000.0,4453700000.0,,14.115,-9600000.0,240200000.0,240200000.0,264700000.0,36700000.0,1.294,7.535,3214300000.0,40300000.0,3174000000.0,3214300000.0,615200000.0,41100000.0,0.0,0.0,0.0,76400000.0,117500000.0,0.164,117500000.0,76400000.0,38500000.0,0.76,0.74,0.76,652100000.0,,652100000.0,4974296943.0,9.0,6.449,51200000.0,1.108,1.0,453200000.0,0.631,3276100000.0,37900000.0,4404300000.0,,29300000.0,0.0,0.0,0.0,4913700000.0,859500000.0,4054200000.0,1983396943.0,9500000.0,19700000.0,500000.0,-1100000.0,0.0,-67600000.0,16400000.0,0.0,60800000.0,-100000.0,35100000.0,35100000.0,35100000.0,0.0,1600000.0,0.049,378100000.0,75100000.0,185100000.0,0.0,3.042,6.806,6.884,731600000.0,0.0,43.44,0.666,0.674,501100000.0,506300000.0,717900000.0,717900000.0,0.0,,,,,2100000.0,331800000.0,1.0,45658309.0,46200000.0,47100000.0,15.539,2289700000.0,0.0,3400000.0,552700000.0,49.561,252600000.0
1,MDP,MRQ,2021-03-31,2021-03-31,2021-03-31,2021-09-10,-64300000.0,5519200000.0,,1012900000.0,4506300000.0,,14.987,-7700000.0,230700000.0,230700000.0,252200000.0,79100000.0,1.357,6.954,3221600000.0,40200000.0,3181400000.0,3221600000.0,599900000.0,48300000.0,0.0,0.0,0.0,157800000.0,206100000.0,0.31,206100000.0,157800000.0,103700000.0,1.62,1.61,1.62,693900000.0,,693900000.0,4454295708.0,14.0,7.997,68300000.0,1.475,1.0,412300000.0,0.62,3287500000.0,54100000.0,4476000000.0,,28900000.0,0.0,0.0,0.0,4825300000.0,746600000.0,4078700000.0,1358995708.0,-148400000.0,39400000.0,200000.0,-259700000.0,0.0,-259500000.0,35100000.0,0.0,76000000.0,0.0,75000000.0,75000000.0,75000000.0,0.0,4100000.0,0.113,252500000.0,159800000.0,141700000.0,0.0,1.958,17.009,17.518,747800000.0,0.0,29.78,0.473,0.48,486400000.0,469600000.0,664500000.0,664500000.0,0.0,,,,,2800000.0,302700000.0,1.0,45634510.0,46300000.0,46700000.0,14.352,2231700000.0,0.0,28700000.0,468600000.0,48.201,266300000.0
2,MDP,MRQ,2020-12-31,2020-12-31,2020-12-31,2021-09-10,-66200000.0,5766300000.0,,1240200000.0,4526100000.0,,13.201,-8600000.0,379100000.0,379100000.0,266500000.0,148500000.0,1.567,8.455,3474400000.0,39800000.0,3434600000.0,3474400000.0,656900000.0,62300000.0,0.0,0.031,0.0,240700000.0,303000000.0,0.336,303000000.0,240700000.0,197600000.0,3.04,3.04,3.04,609900000.0,,609900000.0,4155281408.0,-28.0,38.582,174300000.0,3.773,1.0,635000000.0,0.704,3305900000.0,43100000.0,4764000000.0,,33800000.0,0.0,0.0,0.0,5156400000.0,791700000.0,4364700000.0,874881408.0,178100000.0,5200000.0,0.0,-1100000.0,0.0,-2100000.0,-3000000.0,0.0,182900000.0,300000.0,140600000.0,140600000.0,140600000.0,0.0,7900000.0,0.156,386600000.0,248400000.0,124400000.0,0.0,1.434,-2.924,-2.922,765000000.0,0.0,19.2,0.301,0.305,542300000.0,390500000.0,901500000.0,901500000.0,0.0,,,,,3800000.0,332600000.0,1.0,45566740.0,46200000.0,46300000.0,19.513,2460400000.0,0.0,57000000.0,468700000.0,53.255,448500000.0
3,MDP,MRQ,2020-09-30,2020-09-30,2020-09-30,2021-09-10,-75300000.0,5601800000.0,,1017100000.0,4584700000.0,,9.75,-9300000.0,201000000.0,201000000.0,241100000.0,42300000.0,1.352,11.49,3481400000.0,39700000.0,3441700000.0,3481400000.0,693700000.0,62600000.0,0.0,0.089,0.0,81700000.0,144300000.0,0.208,144300000.0,81700000.0,38200000.0,0.88,0.88,0.88,448500000.0,,448500000.0,3951352791.0,-13.0,-102.367,69600000.0,1.513,1.0,452400000.0,0.652,3336300000.0,43500000.0,4793400000.0,,32900000.0,0.0,0.0,0.0,5153300000.0,752500000.0,4400800000.0,595952791.0,68600000.0,0.0,0.0,-1600000.0,0.0,-1600000.0,-9000000.0,0.0,78900000.0,300000.0,40300000.0,40300000.0,40300000.0,0.0,2000000.0,0.058,374300000.0,78100000.0,137600000.0,0.0,1.329,-1.416,-1.423,784000000.0,0.0,13.12,0.212,0.214,484700000.0,242000000.0,693500000.0,693500000.0,0.0,,,,,8800000.0,311200000.0,1.0,45423231.0,46000000.0,46000000.0,15.076,2265500000.0,0.0,-2100000.0,467900000.0,49.25,264600000.0
4,MDP,MRQ,2020-06-30,2020-06-30,2020-06-30,2021-09-10,-82400000.0,5510100000.0,,884800000.0,4625300000.0,,8.495,-9800000.0,132400000.0,132400000.0,236400000.0,6200000.0,1.209,13.194,3487800000.0,39300000.0,3448500000.0,3487800000.0,670700000.0,63000000.0,0.0,0.12,0.0,-159400000.0,-96400000.0,-0.158,-96400000.0,-159400000.0,-192800000.0,-3.84,-3.84,-3.84,388200000.0,,388200000.0,3406514417.0,-9.0,-39.983,113800000.0,2.49,1.0,374800000.0,0.613,3366800000.0,33400000.0,4767000000.0,,34200000.0,0.0,0.0,0.0,5121900000.0,731700000.0,4390200000.0,660414417.0,29000000.0,-900000.0,400000.0,648400000.0,-14000000.0,-87200000.0,-7400000.0,0.0,123600000.0,0.0,-176000000.0,-176000000.0,-176000000.0,0.0,182200000.0,-0.288,351700000.0,23100000.0,121100000.0,0.0,1.701,-1.387,-1.398,804500000.0,0.0,14.55,0.232,0.233,461900000.0,197600000.0,611200000.0,611200000.0,0.0,,,,,2000000.0,295700000.0,1.0,45389307.0,45700000.0,45700000.0,13.374,2143300000.0,0.0,-16800000.0,553900000.0,46.899,153100000.0
5,MDP,MRQ,2020-03-31,2020-03-31,2020-03-31,2021-09-10,-50100000.0,5664700000.0,,950700000.0,4714000000.0,,12.956,-11100000.0,103400000.0,103400000.0,257400000.0,-284400000.0,1.229,7.632,2849500000.0,35500000.0,2814000000.0,2849500000.0,682200000.0,67900000.0,0.0,0.19,0.595,-311100000.0,-243200000.0,-0.347,-243200000.0,-311100000.0,-347700000.0,-6.65,-6.65,-6.65,592100000.0,,592100000.0,3407859615.0,-17.0,45.257,99800000.0,2.184,1.0,444300000.0,0.633,3395900000.0,36600000.0,4241600000.0,,40700000.0,0.0,0.0,0.0,4518800000.0,773300000.0,3745500000.0,554059615.0,82200000.0,45300000.0,-100000.0,-20100000.0,-42300000.0,-62500000.0,34200000.0,0.0,110900000.0,-400000.0,-304100000.0,-304100000.0,-304100000.0,-5000000.0,19700000.0,-0.433,738300000.0,-294000000.0,131900000.0,-0.089,0.936,-1.668,-1.679,827800000.0,0.0,12.22,0.183,0.185,509900000.0,371600000.0,701700000.0,701700000.0,0.0,,,,,2200000.0,294200000.0,1.0,45340394.0,45700000.0,45700000.0,15.354,2268800000.0,0.0,-43600000.0,461600000.0,49.646,177400000.0
6,MDP,MRQ,2019-12-31,2019-12-31,2019-12-31,2021-09-10,-41100000.0,6233200000.0,,1062400000.0,5170800000.0,,20.357,-18600000.0,21200000.0,21200000.0,280100000.0,37800000.0,1.195,5.11,2875000000.0,34900000.0,2840100000.0,2875000000.0,727400000.0,73100000.0,0.0,0.071,0.575,83600000.0,156700000.0,0.193,156700000.0,83600000.0,46700000.0,0.39,0.4,0.39,930300000.0,,930300000.0,4370458410.0,26.0,9.913,67000000.0,1.466,1.0,530400000.0,0.654,3723900000.0,36900000.0,4474200000.0,,49500000.0,0.0,0.0,0.0,4753700000.0,888900000.0,3864800000.0,1470558410.0,-6200000.0,25000000.0,-1800000.0,-40000000.0,-41600000.0,-83400000.0,6400000.0,0.0,85600000.0,-400000.0,19000000.0,19000000.0,19000000.0,24300000.0,18800000.0,0.023,396500000.0,133900000.0,149400000.0,1.474,1.581,-63.114,-61.264,929800000.0,0.0,32.47,0.479,0.483,616600000.0,702900000.0,810500000.0,810500000.0,0.0,,,,,2200000.0,338400000.0,1.0,45289757.0,45700000.0,47300000.0,17.735,2509300000.0,0.0,27700000.0,520100000.0,54.908,173500000.0
7,MDP,MRQ,2019-09-30,2019-09-30,2019-09-30,2021-09-10,-50700000.0,6595300000.0,,1326400000.0,5268900000.0,,20.364,-15900000.0,27400000.0,27400000.0,273700000.0,6100000.0,1.133,5.516,2927300000.0,37400000.0,2889900000.0,2927300000.0,814100000.0,73200000.0,0.0,0.062,0.575,25500000.0,98700000.0,0.136,98700000.0,25500000.0,-13400000.0,-0.3,-0.3,-0.3,928600000.0,,928600000.0,3946420435.0,30.0,9.742,-29400000.0,-0.645,1.0,451500000.0,0.623,3765000000.0,38900000.0,4559300000.0,,66100000.0,0.0,0.0,0.0,5122000000.0,1170900000.0,3951100000.0,1658120435.0,-17600000.0,-14200000.0,-1300000.0,59300000.0,-41600000.0,16400000.0,-30100000.0,0.0,-13500000.0,300000.0,-13900000.0,-13900000.0,-13900000.0,6000000.0,20000000.0,-0.019,408600000.0,42900000.0,217300000.0,-1.917,1.786,-38.741,-38.589,946600000.0,0.0,36.66,0.528,0.533,589500000.0,711200000.0,725200000.0,725200000.0,0.0,,,,,7500000.0,330800000.0,1.0,45229690.0,45600000.0,45600000.0,15.904,2830300000.0,0.0,500000.0,519200000.0,62.068,155500000.0
8,MDP,MRQ,2019-06-30,2019-06-30,2019-06-30,2021-09-10,-46300000.0,6136900000.0,,1350100000.0,4786800000.0,,21.514,-17800000.0,45000000.0,45000000.0,279700000.0,-13000000.0,1.071,4.743,2333300000.0,0.0,2333300000.0,2333300000.0,777500000.0,62200000.0,0.0,0.041,0.575,900000.0,63100000.0,0.08,63100000.0,900000.0,-38600000.0,-0.72,-0.72,-0.72,974600000.0,,974600000.0,4893893412.0,33.0,11.716,75000000.0,1.656,1.0,505900000.0,0.644,3793000000.0,39500000.0,3371400000.0,,62700000.0,0.0,0.0,0.0,4622100000.0,1260800000.0,3361300000.0,2486993412.0,-7500000.0,90100000.0,-200000.0,-130100000.0,-41000000.0,-171300000.0,72300000.0,0.0,92800000.0,-600000.0,-33100000.0,-33100000.0,-33100000.0,9400000.0,20100000.0,-0.042,482400000.0,23500000.0,242600000.0,-0.799,2.552,-77.719,-77.549,450300000.0,0.0,55.06,0.78,0.782,609100000.0,759000000.0,785600000.0,785600000.0,0.0,,,,,4300000.0,344000000.0,1.0,45168787.0,45300000.0,44900000.0,17.342,2343900000.0,0.0,-5500000.0,656100000.0,51.742,89300000.0
9,MDP,MRQ,2019-03-31,2019-03-31,2019-03-31,2021-09-10,-37400000.0,6114300000.0,,1365800000.0,4748500000.0,,22.914,-11600000.0,52500000.0,52500000.0,286500000.0,23700000.0,1.216,4.374,2459400000.0,0.0,2459400000.0,2459400000.0,654000000.0,66400000.0,0.0,0.04,0.575,56000000.0,122400000.0,0.163,122400000.0,56000000.0,17400000.0,0.1,0.1,0.1,1038000000.0,,1038000000.0,4921285358.0,24.0,10.298,81500000.0,1.799,1.0,463600000.0,0.618,3870300000.0,38600000.0,3527800000.0,,70500000.0,0.0,0.0,0.0,4540600000.0,1123100000.0,3417500000.0,2490985358.0,-24600000.0,-15500000.0,-2700000.0,-50000000.0,-40800000.0,-93500000.0,-27100000.0,0.0,93100000.0,-200000.0,4700000.0,4700000.0,4700000.0,4700000.0,19000000.0,0.006,388000000.0,75600000.0,219700000.0,5.75,2.4,-2264.532,-1105.2,435800000.0,0.0,55.26,0.777,0.781,594000000.0,817600000.0,750100000.0,750100000.0,0.0,,,,,2700000.0,309700000.0,1.0,45077549.0,45300000.0,45600000.0,16.558,2244000000.0,0.0,12700000.0,518300000.0,49.536,242700000.0
10,MDP,MRQ,2018-12-31,2018-12-31,2018-12-31,2021-09-10,-41200000.0,6119900000.0,,1376700000.0,4743200000.0,,23.305,-9500000.0,77100000.0,77100000.0,305900000.0,18600000.0,1.248,4.294,2507400000.0,0.0,2507400000.0,2507400000.0,598300000.0,69900000.0,0.0,0.042,0.545,51000000.0,120900000.0,0.138,120900000.0,51000000.0,100000.0,-0.03,-0.01,-0.03,1055700000.0,,1055700000.0,5129918770.0,128.0,17.532,85900000.0,1.896,1.0,572500000.0,0.652,3905700000.0,50900000.0,3541400000.0,,59600000.0,0.0,0.0,0.0,4532900000.0,1103100000.0,3429800000.0,2336518770.0,-66900000.0,334500000.0,-400000.0,-446900000.0,-40300000.0,-487600000.0,325000000.0,0.0,95400000.0,1100000.0,-500000.0,-500000.0,-500000.0,69500000.0,19100000.0,-0.001,438800000.0,133700000.0,186200000.0,-18.167,2.213,-18.113,-17.972,449400000.0,0.0,51.94,0.752,0.757,628700000.0,839100000.0,878400000.0,878400000.0,0.0,,,,,5700000.0,346000000.0,1.0,44984959.0,45300000.0,47300000.0,19.391,2214200000.0,0.0,600000.0,511200000.0,48.879,273600000.0
11,MDP,MRQ,2018-09-30,2018-09-30,2018-09-30,2021-09-10,-38600000.0,6417100000.0,,1678600000.0,4738500000.0,,23.925,-7500000.0,144000000.0,144000000.0,289100000.0,17000000.0,1.569,4.459,2937400000.0,0.0,2937400000.0,2937400000.0,516100000.0,69100000.0,0.0,0.042,0.545,42700000.0,111800000.0,0.144,111800000.0,42700000.0,1100000.0,-0.06,-0.06,-0.06,1079000000.0,,1079000000.0,4989919870.0,189.0,22.06,-43500000.0,-0.965,1.0,485300000.0,0.627,3920400000.0,41600000.0,4220300000.0,,50300000.0,0.0,0.0,0.0,4811200000.0,1069800000.0,3741400000.0,2291919870.0,-293600000.0,11600000.0,-2100000.0,-200000000.0,-39800000.0,-261200000.0,4100000.0,0.0,-36000000.0,-1700000.0,-2600000.0,-2600000.0,-2600000.0,-800000.0,19600000.0,-0.003,431100000.0,54200000.0,161400000.0,-9.083,2.124,74.172,73.986,463700000.0,0.0,51.05,0.866,0.87,552900000.0,865100000.0,774400000.0,774400000.0,0.0,,,,,10200000.0,350300000.0,1.0,44895590.0,45100000.0,45100000.0,17.171,2496700000.0,0.0,3700000.0,433600000.0,55.359,608800000.0
12,MDP,MRQ,2018-06-30,2018-06-30,2018-06-30,2021-09-10,-36700000.0,6770900000.0,,2016700000.0,4754200000.0,,24.443,-11700000.0,437600000.0,437600000.0,301500000.0,16800000.0,1.645,4.693,3135600000.0,17700000.0,3117900000.0,3135600000.0,525800000.0,68800000.0,0.0,0.042,0.545,54000000.0,122800000.0,0.153,122800000.0,54000000.0,12700000.0,-0.06,-0.06,-0.06,1097500000.0,,1097500000.0,5054365155.0,126.0,26.856,43100000.0,0.96,1.0,501200000.0,0.624,3950700000.0,41300000.0,4292400000.0,,44400000.0,0.0,0.0,0.0,5150800000.0,1225800000.0,3925000000.0,2288365155.0,65400000.0,101400000.0,-2600000.0,-4500000.0,-39700000.0,-47900000.0,89700000.0,0.0,54800000.0,-4100000.0,-2700000.0,-2700000.0,-2700000.0,-100000.0,19500000.0,-0.003,434400000.0,66800000.0,195100000.0,-9.083,2.085,34.463,34.459,483700000.0,0.0,51.0,1.011,1.011,545200000.0,889800000.0,802700000.0,802700000.0,0.0,,,,,3500000.0,347800000.0,1.0,44869905.0,44900000.0,44300000.0,17.878,2820200000.0,0.0,15400000.0,715300000.0,62.811,790900000.0
13,MDP,MRQ,2018-03-31,2018-03-31,2018-03-31,2021-09-10,-23900000.0,6861300000.0,,2114400000.0,4746900000.0,,25.256,-12700000.0,372200000.0,372200000.0,250400000.0,-110200000.0,1.705,4.581,3138200000.0,17600000.0,3120600000.0,3138200000.0,530700000.0,44800000.0,0.0,0.039,0.545,-107700000.0,-62900000.0,-0.097,-62900000.0,-107700000.0,-153300000.0,-2.74,-2.74,-2.74,1136500000.0,,1136500000.0,3068955083.0,56.0,20.138,-17800000.0,-0.396,1.0,400600000.0,0.615,3943700000.0,45600000.0,4443500000.0,,43400000.0,0.0,0.0,0.0,5206500000.0,1240100000.0,3966400000.0,2406754083.0,337200000.0,-2667900000.0,-2400000.0,2429900000.0,-34500000.0,3024000000.0,-2677500000.0,0.0,-5100000.0,0.0,-123200000.0,-123200000.0,-123200000.0,14700000.0,13000000.0,-0.189,473400000.0,-72800000.0,209500000.0,-0.199,2.118,21.318,21.265,496700000.0,0.0,53.8,1.262,1.27,521300000.0,917000000.0,651000000.0,651000000.0,0.0,,,,,16800000.0,294600000.0,1.0,44735206.0,45000000.0,45000000.0,14.467,2917600000.0,0.0,-30100000.0,461600000.0,64.836,874300000.0
14,MDP,MRQ,2017-12-31,2017-12-31,2017-12-31,2021-09-10,-17436000.0,2747987000.0,,542913000.0,2205074000.0,,25.542,-8200000.0,34976000.0,34976000.0,159500000.0,159400000.0,1.146,1.396,697177000.0,65625000.0,631552000.0,697177000.0,310150000.0,17100000.0,0.0,0.031,0.52,37400000.0,54500000.0,0.13,54500000.0,37400000.0,32200000.0,3.55,3.49,3.55,1146838000.0,,1146838000.0,3628305066.0,16.0,11.994,41400000.0,0.922,1.0,258200000.0,0.618,1874217000.0,5200000.0,1062244000.0,,21410000.0,0.0,0.0,0.0,1601149000.0,473727000.0,1127422000.0,2950857066.0,7200000.0,-2000000.0,-1100000.0,-8100000.0,-23700000.0,-32900000.0,-9500000.0,0.0,49600000.0,0.0,159400000.0,159400000.0,159400000.0,0.0,0.0,0.382,221500000.0,36700000.0,83919000.0,0.146,2.573,10.695,10.722,200870000.0,0.0,66.05,1.755,1.764,297388000.0,1060614000.0,417700000.0,417700000.0,0.0,,,,,3400000.0,174400000.0,1.0,44676110.0,44900000.0,45600000.0,9.303,873770000.0,0.0,-127200000.0,263242000.0,19.46,69186000.0
15,MDP,MRQ,2017-09-30,2017-09-30,2017-09-30,2021-09-10,-18426000.0,2769363000.0,,535723000.0,2233640000.0,,22.495,-20600000.0,27811000.0,27811000.0,156600000.0,33400000.0,1.083,1.748,705259000.0,62500000.0,642759000.0,705259000.0,317535000.0,17500000.0,0.0,0.037,0.52,56800000.0,74300000.0,0.189,74300000.0,56800000.0,51700000.0,0.75,0.73,0.75,1007761000.0,,1007761000.0,3150975386.0,10.0,8.383,30000000.0,0.67,1.0,236200000.0,0.601,1900960000.0,5100000.0,1051087000.0,,23263000.0,0.0,0.0,0.0,1761602000.0,494764000.0,1266838000.0,2475025386.0,5500000.0,1200000.0,-5700000.0,6800000.0,-23600000.0,-25700000.0,-19400000.0,0.0,50600000.0,0.0,33400000.0,33400000.0,33400000.0,0.0,0.0,0.085,180000000.0,56200000.0,76726000.0,0.693,2.456,13.144,13.152,200595000.0,0.0,55.5,1.451,1.457,286723000.0,924880000.0,392800000.0,392800000.0,0.0,,,,,6700000.0,170700000.0,1.0,44595052.0,44800000.0,45600000.0,8.768,868403000.0,0.0,18300000.0,397386000.0,19.384,40959000.0
16,MDP,MRQ,2017-06-30,2017-06-30,2017-06-30,2021-09-10,-19000000.0,2729700000.0,,505400000.0,2224300000.0,,22.332,-18600000.0,22300000.0,22300000.0,159800000.0,43300000.0,1.099,1.741,698200000.0,62500000.0,635700000.0,698200000.0,325500000.0,18000000.0,0.0,0.034,0.52,68500000.0,86500000.0,0.194,86500000.0,68500000.0,63700000.0,0.97,0.96,0.97,996000000.0,,996000000.0,3254704677.0,11.0,8.554,22000000.0,0.493,1.0,285600000.0,0.641,1893000000.0,4800000.0,1052900000.0,,21900000.0,0.0,0.0,0.0,1733700000.0,459700000.0,1274000000.0,2650847677.0,-5000000.0,-69000000.0,-2100000.0,68400000.0,-23500000.0,42000000.0,-87600000.0,0.0,40600000.0,0.0,43300000.0,43300000.0,43300000.0,0.0,0.0,0.097,218000000.0,67600000.0,66600000.0,0.536,2.661,14.033,14.054,189800000.0,0.0,59.45,1.547,1.548,289100000.0,915700000.0,445400000.0,445400000.0,0.0,,,,,2000000.0,196400000.0,1.0,44589532.0,44600000.0,45400000.0,9.987,836700000.0,0.0,20400000.0,412800000.0,18.76,45700000.0
17,MDP,MRQ,2017-03-31,2017-03-31,2017-03-31,2021-09-10,-22561000.0,2621636000.0,,494909000.0,2126727000.0,,21.761,-5251000.0,27357000.0,27357000.0,149900000.0,39800000.0,1.065,1.695,631214000.0,62500000.0,568714000.0,631214000.0,310203000.0,17215000.0,0.0,0.031,0.52,70000000.0,87215000.0,0.205,87215000.0,70000000.0,65400000.0,0.89,0.87,0.89,972698000.0,,972698000.0,3504063075.0,23.0,15.508,55468000.0,1.241,1.0,275500000.0,0.648,1815402000.0,4600000.0,945277000.0,,25702000.0,0.0,0.0,0.0,1648938000.0,464814000.0,1184124000.0,2874360075.0,-17218000.0,-2081000.0,-3735000.0,-44675000.0,-23577000.0,-70605000.0,-7332000.0,0.0,60719000.0,0.0,39800000.0,39800000.0,39800000.0,0.0,0.0,0.094,205500000.0,70000000.0,75732000.0,0.584,2.955,52.236,52.52,180499000.0,0.0,64.6,1.687,1.695,275546000.0,895879000.0,425400000.0,425400000.0,0.0,,,,,-2525000.0,192200000.0,1.0,44494738.0,44700000.0,45600000.0,9.517,806234000.0,0.0,25600000.0,372544000.0,18.037,30095000.0
18,MDP,MRQ,2016-12-31,2016-12-31,2016-12-31,2021-09-10,-23604000.0,2684046000.0,,531482000.0,2152564000.0,,21.475,-8717000.0,44488000.0,44488000.0,148625000.0,71805000.0,1.082,1.808,674191000.0,62500000.0,611691000.0,674191000.0,344650000.0,18040000.0,0.0,0.033,0.495,109825000.0,127865000.0,0.289,127865000.0,109825000.0,105146000.0,1.61,1.58,1.61,955885000.0,,955885000.0,3299445076.0,16.0,11.556,73204000.0,1.645,1.0,294017000.0,0.664,1824249000.0,4679000.0,998104000.0,,20009000.0,0.0,0.0,0.0,1728161000.0,491396000.0,1236765000.0,2634171076.0,12360000.0,-11819000.0,-4106000.0,-21875000.0,-22391000.0,-49025000.0,-20536000.0,0.0,81921000.0,0.0,71805000.0,71805000.0,71805000.0,0.0,0.0,0.162,184192000.0,109825000.0,75694000.0,0.307,2.756,27.402,27.512,183758000.0,0.0,59.15,1.549,1.548,284840000.0,879661000.0,442642000.0,442642000.0,0.0,,,,,2238000.0,170643000.0,1.0,44533746.0,44511000.0,45378000.0,9.945,859797000.0,0.0,33341000.0,361278000.0,19.317,40086000.0
19,MDP,MRQ,2016-09-30,2016-09-30,2016-09-30,2021-09-10,-26495000.0,2636680000.0,,501715000.0,2134965000.0,,20.298,-2232000.0,32128000.0,32128000.0,150228000.0,33973000.0,1.056,1.915,697402000.0,75000000.0,622402000.0,697402000.0,328942000.0,18145000.0,0.0,0.037,0.495,60762000.0,78907000.0,0.197,78907000.0,60762000.0,56013000.0,0.76,0.75,0.76,904441000.0,,904441000.0,2987214994.0,18.0,12.604,33128000.0,0.743,1.0,249651000.0,0.624,1811949000.0,4749000.0,1014840000.0,,21931000.0,0.0,0.0,0.0,1732239000.0,475165000.0,1257074000.0,2317184994.0,7158000.0,0.0,-5359000.0,3750000.0,-22432000.0,-25970000.0,-2232000.0,0.0,35360000.0,0.0,33973000.0,33973000.0,33973000.0,0.0,0.0,0.085,188889000.0,60762000.0,74496000.0,0.651,2.562,40.764,40.937,183891000.0,0.0,51.99,1.392,1.391,273387000.0,830247000.0,399879000.0,399879000.0,0.0,,,,,4287000.0,174993000.0,1.0,44569821.0,44558000.0,45484000.0,8.974,824731000.0,0.0,22040000.0,346297000.0,18.509,26550000.0
20,MDP,MRQ,2016-06-30,2016-06-30,2016-06-30,2021-09-10,-28501000.0,2626791000.0,,481156000.0,2145635000.0,,19.965,-11615000.0,24970000.0,24970000.0,150318000.0,-90552000.0,1.007,1.955,693506000.0,75000000.0,618506000.0,693506000.0,327893000.0,18525000.0,0.0,0.037,0.495,-86563000.0,-68038000.0,-0.156,-68038000.0,-86563000.0,-91281000.0,-2.03,-1.99,-2.03,889043000.0,,889043000.0,2998694437.0,23.0,14.529,41365000.0,0.929,1.0,285432000.0,0.655,1805791000.0,4718000.0,1011644000.0,,20678000.0,0.0,0.0,0.0,1737748000.0,477892000.0,1259856000.0,2312818437.0,7784000.0,1786000.0,-5063000.0,-8125000.0,-22365000.0,-33600000.0,-11596000.0,0.0,52980000.0,0.0,-90552000.0,-90552000.0,-90552000.0,0.0,0.0,-0.208,371995000.0,-86563000.0,82107000.0,-0.244,2.601,68.225,68.303,190953000.0,0.0,51.91,1.402,1.403,273927000.0,818706000.0,435750000.0,435750000.0,0.0,,,,,100000.0,188933000.0,1.0,44554391.0,44531000.0,45568000.0,9.785,821000000.0,0.0,-729000.0,371209000.0,18.437,3264000.0
21,MDP,MRQ,2016-03-31,2016-03-31,2016-03-31,2021-09-10,-15250000.0,2823898000.0,,488598000.0,2335300000.0,,22.803,-5519000.0,17249000.0,17249000.0,156739000.0,80904000.0,0.959,1.776,703125000.0,71875000.0,631250000.0,703125000.0,344956000.0,18757000.0,0.0,0.039,0.495,128038000.0,146795000.0,0.347,146795000.0,128038000.0,122934000.0,1.81,1.79,1.81,1017390000.0,,1017390000.0,2892392478.0,10.0,7.859,120399000.0,2.699,1.0,266032000.0,0.629,1970651000.0,5104000.0,1029504000.0,,23954000.0,0.0,0.0,0.0,1806508000.0,509619000.0,1296889000.0,2121501478.0,-10610000.0,-8000000.0,-5054000.0,-95625000.0,-22373000.0,-123009000.0,-13519000.0,0.0,125918000.0,0.0,80904000.0,80904000.0,80904000.0,0.0,0.0,0.191,137994000.0,128038000.0,71202000.0,0.273,2.085,12.701,12.701,195313000.0,0.0,47.5,1.294,1.292,281317000.0,931576000.0,422771000.0,422771000.0,0.0,,,,,1402000.0,183045000.0,1.0,44663189.0,44617000.0,45298000.0,9.476,853247000.0,0.0,42030000.0,358741000.0,19.124,-21021000.0
22,MDP,MRQ,2015-12-31,2015-12-31,2015-12-31,2021-09-10,-12697000.0,2878433000.0,,531454000.0,2346979000.0,,21.595,-6026000.0,27859000.0,27859000.0,151065000.0,32519000.0,1.042,1.986,798750000.0,68750000.0,730000000.0,798750000.0,376775000.0,19229000.0,0.0,0.042,0.458,60113000.0,79342000.0,0.195,79342000.0,60113000.0,54848000.0,0.73,0.72,0.73,964000000.0,,964000000.0,2719740801.0,13.0,9.467,38847000.0,0.87,1.0,255348000.0,0.628,1979671000.0,5265000.0,1159560000.0,,23375000.0,0.0,0.0,0.0,1914433000.0,510093000.0,1404340000.0,1930305801.0,-2081000.0,-186000.0,629000.0,-20625000.0,-20694000.0,-40742000.0,-6212000.0,0.0,44873000.0,0.0,32519000.0,32519000.0,32519000.0,0.0,0.0,0.08,195235000.0,60113000.0,76864000.0,0.627,2.002,17.33,17.3,199554000.0,0.0,43.25,1.195,1.195,294611000.0,873045000.0,406413000.0,406413000.0,0.0,,,,,2604000.0,176792000.0,1.0,44631348.0,44640000.0,45358000.0,9.104,898762000.0,0.0,22329000.0,352254000.0,20.134,21361000.0
23,MDP,MRQ,2015-09-30,2015-09-30,2015-09-30,2021-09-10,-14857000.0,2878978000.0,,520052000.0,2358926000.0,,21.214,-1840000.0,29940000.0,29940000.0,153178000.0,11029000.0,0.969,2.042,819375000.0,65625000.0,753750000.0,819375000.0,373597000.0,19289000.0,0.0,0.042,0.458,29012000.0,48301000.0,0.126,48301000.0,29012000.0,23699000.0,0.25,0.24,0.25,946393000.0,,946393000.0,2672253854.0,12.0,9.095,989000.0,0.022,1.0,231488000.0,0.602,1986622000.0,5313000.0,1144890000.0,,24192000.0,0.0,0.0,0.0,1932585000.0,536901000.0,1395684000.0,1900086854.0,7107000.0,0.0,-712000.0,24375000.0,-20668000.0,4351000.0,-73000.0,0.0,2829000.0,0.0,11029000.0,11029000.0,11029000.0,0.0,0.0,0.029,202476000.0,29012000.0,96946000.0,1.832,2.008,16.041,16.008,203494000.0,0.0,42.58,1.182,1.182,278199000.0,861220000.0,384666000.0,384666000.0,0.0,,,,,4494000.0,174730000.0,1.0,44623928.0,44612000.0,45366000.0,8.622,892356000.0,0.0,12670000.0,313156000.0,20.003,-16849000.0
24,MDP,MRQ,2015-06-30,2015-06-30,2015-06-30,2021-09-10,-12648000.0,2843282000.0,,482531000.0,2360751000.0,,21.343,-13248000.0,22833000.0,22833000.0,162323000.0,42579000.0,0.909,1.987,795000000.0,62500000.0,732500000.0,795000000.0,357347000.0,20298000.0,0.0,0.034,0.458,73292000.0,93590000.0,0.22,93590000.0,73292000.0,68146000.0,0.95,0.94,0.95,951850000.0,,951850000.0,3131219310.0,13.0,9.933,55804000.0,1.251,1.0,263585000.0,0.619,1979939000.0,5146000.0,1104509000.0,,24681000.0,0.0,0.0,0.0,1891432000.0,531001000.0,1360431000.0,2325252310.0,3175000.0,-2065000.0,972000.0,-30625000.0,-20592000.0,-50564000.0,-15313000.0,0.0,69052000.0,0.0,42579000.0,42579000.0,42579000.0,0.0,0.0,0.1,190293000.0,73292000.0,93944000.0,0.482,2.443,16.999,16.987,213736000.0,0.0,52.15,1.459,1.456,284646000.0,870859000.0,425908000.0,425908000.0,0.0,,,,,1927000.0,174176000.0,1.0,44587772.0,44597000.0,45425000.0,9.55,863343000.0,0.0,25567000.0,391011000.0,19.359,-48470000.0
25,MDP,MRQ,2015-03-31,2015-03-31,2015-03-31,2021-09-10,-10884000.0,2828723000.0,,470327000.0,2358396000.0,,20.87,-8142000.0,19658000.0,19658000.0,154448000.0,25256000.0,0.928,2.042,825625000.0,62500000.0,763125000.0,825625000.0,367267000.0,18943000.0,0.0,0.031,0.458,47106000.0,66049000.0,0.166,66049000.0,47106000.0,41927000.0,0.57,0.56,0.57,929737000.0,,929737000.0,3324310544.0,14.0,11.141,40784000.0,0.915,1.0,243731000.0,0.612,1990329000.0,5179000.0,1137658000.0,,29506000.0,0.0,0.0,0.0,1898986000.0,506703000.0,1392283000.0,2483683544.0,1535000.0,-71021000.0,1303000.0,-33125000.0,-20573000.0,-51662000.0,4271000.0,0.0,48926000.0,0.0,25256000.0,25256000.0,25256000.0,0.0,0.0,0.063,196625000.0,47106000.0,83661000.0,0.804,2.671,18.445,18.467,210266000.0,0.0,55.77,1.593,1.594,269527000.0,848872000.0,398179000.0,398179000.0,0.0,,,,,1721000.0,182015000.0,1.0,44534401.0,44549000.0,45387000.0,8.938,838394000.0,0.0,16671000.0,297762000.0,18.82,-36376000.0
26,MDP,MRQ,2014-12-31,2014-12-31,2014-12-31,2021-09-10,-9173000.0,2802569000.0,,522677000.0,2279892000.0,,20.752,-9919000.0,18123000.0,18123000.0,140283000.0,39591000.0,1.079,2.036,858750000.0,62500000.0,796250000.0,858750000.0,350746000.0,17006000.0,0.0,0.032,0.433,68862000.0,85868000.0,0.215,85868000.0,68862000.0,64077000.0,0.89,0.87,0.89,923106000.0,,923106000.0,3106090898.0,15.0,11.21,53304000.0,1.198,1.0,258622000.0,0.648,1886219000.0,4785000.0,1272564000.0,,26213000.0,0.0,0.0,0.0,1879463000.0,484413000.0,1395050000.0,2414552898.0,-12214000.0,-183944000.0,-864000.0,136875000.0,-19424000.0,118426000.0,-193863000.0,0.0,63223000.0,0.0,39591000.0,39591000.0,39591000.0,0.0,0.0,0.099,189760000.0,68862000.0,76308000.0,0.487,2.616,18.88,18.993,212529000.0,0.0,54.32,1.58,1.581,289658000.0,844189000.0,398905000.0,398905000.0,0.0,,,,,1732000.0,175452000.0,1.0,44450532.0,44483000.0,45268000.0,8.968,916350000.0,0.0,24486000.0,287509000.0,20.6,38264000.0
27,MDP,MRQ,2014-09-30,2014-09-30,2014-09-30,2021-09-10,-7939000.0,2542590000.0,,476024000.0,2066566000.0,,20.27,-1936000.0,30337000.0,30337000.0,141887000.0,29365000.0,1.091,1.821,721875000.0,62500000.0,659375000.0,721875000.0,317132000.0,16875000.0,0.0,0.04,0.432,52852000.0,69727000.0,0.188,69727000.0,52852000.0,48610000.0,0.66,0.65,0.66,901199000.0,,901199000.0,2582077777.0,13.0,10.051,9210000.0,0.207,1.0,229297000.0,0.618,1691013000.0,4242000.0,1106866000.0,,22220000.0,0.0,0.0,0.0,1641391000.0,436249000.0,1205142000.0,1903664777.0,-6250000.0,0.0,-6924000.0,6875000.0,-19393000.0,-15460000.0,-1936000.0,0.0,11146000.0,0.0,29365000.0,29365000.0,29365000.0,0.0,0.0,0.079,176445000.0,52852000.0,77285000.0,0.655,2.112,16.015,16.151,197739000.0,0.0,42.8,1.283,1.283,263624000.0,824022000.0,371184000.0,371184000.0,0.0,,,,,664000.0,163676000.0,1.0,44478149.0,44459000.0,45157000.0,8.349,851577000.0,0.0,19245000.0,284159000.0,19.154,39775000.0
28,MDP,MRQ,2014-06-30,2014-06-30,2014-06-30,2021-09-10,-8758000.0,2543800000.0,,493122000.0,2050678000.0,,20.015,-8339000.0,36587000.0,36587000.0,149265000.0,40445000.0,1.021,1.853,715000000.0,87500000.0,627500000.0,715000000.0,325176000.0,16177000.0,0.0,0.035,0.432,60577000.0,76754000.0,0.196,76754000.0,60577000.0,57077000.0,0.9,0.89,0.9,891652000.0,,891652000.0,2659076627.0,14.0,10.897,78394000.0,1.76,1.0,241529000.0,0.618,1661823000.0,3500000.0,1077287000.0,,24008000.0,0.0,0.0,0.0,1652148000.0,483103000.0,1169045000.0,2156197627.0,14466000.0,-228807000.0,-6424000.0,190000000.0,-19358000.0,164879000.0,-237146000.0,0.0,86733000.0,0.0,40445000.0,40445000.0,40445000.0,0.0,0.0,0.103,180952000.0,60577000.0,81402000.0,0.48,2.418,18.99,19.039,204938000.0,0.0,48.36,1.468,1.47,257644000.0,814050000.0,390794000.0,390794000.0,0.0,,,,,1059000.0,167442000.0,1.0,44586386.0,44549000.0,45254000.0,8.772,881977000.0,0.0,16632000.0,347383000.0,19.798,10019000.0
29,MDP,MRQ,2014-03-31,2014-03-31,2014-03-31,2021-09-10,-15414000.0,2303206000.0,,418250000.0,1884956000.0,,19.442,-5211000.0,22121000.0,22121000.0,144766000.0,18486000.0,0.911,1.653,525000000.0,75000000.0,450000000.0,525000000.0,344904000.0,13512000.0,0.0,0.036,0.43,31229000.0,44741000.0,0.122,44741000.0,31229000.0,27821000.0,0.41,0.41,0.41,868055000.0,,868055000.0,2388996208.0,13.0,10.01,25459000.0,0.57,1.0,222648000.0,0.606,1525661000.0,3408000.0,821408000.0,,26478000.0,0.0,0.0,0.0,1435151000.0,459016000.0,976135000.0,2074879208.0,-3762000.0,-187775000.0,-5352000.0,185000000.0,-19406000.0,158554000.0,-192986000.0,0.0,30670000.0,0.0,18486000.0,18486000.0,18486000.0,0.0,0.0,0.05,191419000.0,31229000.0,60531000.0,1.049,2.39,19.41,19.427,188812000.0,0.0,46.43,1.416,1.415,240846000.0,792963000.0,367414000.0,367414000.0,0.0,,,,,2250000.0,168386000.0,1.0,44688331.0,44649000.0,45376000.0,8.229,777545000.0,0.0,9335000.0,258660000.0,17.415,-40766000.0
30,MDP,MRQ,2013-12-31,2013-12-31,2013-12-31,2021-09-10,-15683000.0,2139547000.0,,417814000.0,1721733000.0,,19.503,-7486000.0,25883000.0,25883000.0,132216000.0,30569000.0,1.006,1.454,340000000.0,25000000.0,315000000.0,340000000.0,356964000.0,13782000.0,0.0,0.032,0.41,51901000.0,65683000.0,0.186,65683000.0,51901000.0,49346000.0,0.68,0.67,0.68,871697000.0,,871697000.0,2669254030.0,13.0,10.358,59629000.0,1.334,1.0,221832000.0,0.627,1376063000.0,2555000.0,662115000.0,,25695000.0,0.0,0.0,0.0,1267850000.0,415486000.0,852364000.0,2315622030.0,9515000.0,-129000.0,-2474000.0,-30000000.0,-18314000.0,-49985000.0,-7615000.0,0.0,67115000.0,0.0,30569000.0,30569000.0,30569000.0,0.0,0.0,0.086,169931000.0,51901000.0,57950000.0,0.603,2.656,19.652,19.621,180808000.0,0.0,51.8,1.578,1.578,238573000.0,793883000.0,354048000.0,354048000.0,0.0,,,,,2879000.0,158341000.0,1.0,44703128.0,44696000.0,45619000.0,7.921,763484000.0,0.0,18777000.0,259031000.0,17.082,2328000.0
31,MDP,MRQ,2013-09-30,2013-09-30,2013-09-30,2021-09-10,-15951000.0,2131096000.0,,408381000.0,1722715000.0,,19.212,-3786000.0,16368000.0,16368000.0,140777000.0,24041000.0,1.03,1.484,370000000.0,25000000.0,345000000.0,370000000.0,347268000.0,14040000.0,0.0,0.034,0.41,42808000.0,56848000.0,0.159,56848000.0,42808000.0,40095000.0,0.54,0.53,0.54,857778000.0,,857778000.0,2445296792.0,12.0,9.304,-10214000.0,-0.229,1.0,215675000.0,0.605,1382379000.0,2713000.0,705799000.0,,28974000.0,0.0,0.0,0.0,1273318000.0,396550000.0,876768000.0,2122970792.0,-11306000.0,-750000.0,-5091000.0,20000000.0,-18314000.0,-342000.0,-4536000.0,0.0,-6428000.0,0.0,24041000.0,24041000.0,24041000.0,0.0,0.0,0.067,172867000.0,42808000.0,62047000.0,0.759,2.475,17.283,17.254,181680000.0,0.0,47.62,1.441,1.443,237025000.0,781628000.0,356452000.0,356452000.0,0.0,,,,,1181000.0,161072000.0,1.0,44581495.0,44648000.0,45432000.0,7.984,748717000.0,0.0,16054000.0,255977000.0,16.769,11831000.0
32,MDP,MRQ,2013-06-30,2013-06-30,2013-06-30,2021-09-10,-16341000.0,2140059000.0,,407692000.0,1732367000.0,,19.192,-7115000.0,27674000.0,27674000.0,144725000.0,33803000.0,0.893,1.505,350000000.0,50000000.0,300000000.0,350000000.0,355257000.0,13357000.0,0.0,0.033,0.407,58030000.0,71387000.0,0.184,71387000.0,58030000.0,54830000.0,0.76,0.74,0.76,854296000.0,,854296000.0,2452398613.0,12.0,9.225,68670000.0,1.543,1.0,242248000.0,0.626,1379600000.0,3200000.0,626114000.0,,28386000.0,0.0,0.0,0.0,1285763000.0,456671000.0,829092000.0,2121888613.0,3184000.0,-42780000.0,-1664000.0,-5000000.0,-18222000.0,-22706000.0,-49895000.0,0.0,75785000.0,0.0,33803000.0,33803000.0,33803000.0,0.0,0.0,0.087,184218000.0,58030000.0,78458000.0,0.536,2.484,17.16,17.158,186317000.0,0.0,47.7,1.442,1.441,232305000.0,775901000.0,386973000.0,386973000.0,0.0,,,,,-290000.0,172853000.0,1.0,44484038.0,44512000.0,45277000.0,8.694,760459000.0,0.0,21027000.0,311628000.0,17.084,-48979000.0
33,MDP,MRQ,2013-03-31,2013-03-31,2013-03-31,2021-09-10,-21898000.0,2064774000.0,,399354000.0,1665420000.0,,18.73,-5195000.0,24490000.0,24490000.0,141605000.0,29421000.0,0.932,1.483,355000000.0,50000000.0,305000000.0,355000000.0,344625000.0,13745000.0,0.0,0.04,0.407,50046000.0,63791000.0,0.173,63791000.0,50046000.0,46818000.0,0.66,0.65,0.66,831675000.0,,831675000.0,2037757855.0,10.0,7.715,27724000.0,0.624,1.0,228010000.0,0.617,1320653000.0,3228000.0,646154000.0,,26094000.0,0.0,0.0,0.0,1233099000.0,428477000.0,804622000.0,1697471855.0,-224000.0,-1363000.0,-147000.0,-10000000.0,-18176000.0,-26585000.0,-6558000.0,0.0,32919000.0,0.0,29421000.0,29421000.0,29421000.0,0.0,0.0,0.08,177964000.0,50046000.0,58660000.0,0.617,2.041,14.166,14.223,187722000.0,0.0,38.26,1.164,1.164,226522000.0,760320000.0,369615000.0,369615000.0,0.0,,,,,309000.0,166873000.0,1.0,44366750.0,44404000.0,45079000.0,8.324,744121000.0,0.0,17397000.0,231873000.0,16.758,-29123000.0
34,MDP,MRQ,2012-12-31,2012-12-31,2012-12-31,2021-09-10,-22387000.0,2055931000.0,,389696000.0,1666235000.0,,18.405,-7981000.0,24714000.0,24714000.0,134117000.0,35571000.0,0.905,1.515,365000000.0,50000000.0,315000000.0,365000000.0,346637000.0,13355000.0,0.0,0.044,0.38,57453000.0,70808000.0,0.196,70808000.0,57453000.0,54137000.0,0.8,0.79,0.8,817352000.0,,817352000.0,1910800532.0,10.0,7.552,61829000.0,1.392,1.0,226478000.0,0.628,1324594000.0,3316000.0,641095000.0,,24937000.0,0.0,0.0,0.0,1238579000.0,430528000.0,808051000.0,1533372532.0,-2858000.0,-2756000.0,-5185000.0,-40000000.0,-17043000.0,-61931000.0,-10737000.0,0.0,69810000.0,0.0,35571000.0,35571000.0,35571000.0,0.0,0.0,0.099,169025000.0,57453000.0,48048000.0,0.475,1.876,13.743,13.78,190592000.0,0.0,34.45,1.069,1.066,222772000.0,748197000.0,360595000.0,360595000.0,0.0,,,,,2720000.0,158058000.0,1.0,44510088.0,44409000.0,44936000.0,8.12,731337000.0,0.0,18566000.0,223534000.0,16.468,-40832000.0
35,MDP,MRQ,2012-09-30,2012-09-30,2012-09-30,2021-09-10,-22751000.0,2045706000.0,,383783000.0,1661923000.0,,17.996,-5678000.0,27572000.0,27572000.0,140611000.0,24855000.0,0.933,1.555,405000000.0,50000000.0,355000000.0,405000000.0,333900000.0,14553000.0,0.0,0.044,0.38,45305000.0,59858000.0,0.169,59858000.0,45305000.0,41619000.0,0.56,0.55,0.56,800720000.0,,800720000.0,1911225840.0,10.0,7.634,4895000.0,0.11,1.0,213546000.0,0.603,1328108000.0,3686000.0,683614000.0,,25067000.0,0.0,0.0,0.0,1244986000.0,411412000.0,833574000.0,1557045840.0,1752000.0,-3291000.0,-8219000.0,25000000.0,-17086000.0,148000.0,-8969000.0,0.0,10573000.0,0.0,24855000.0,24855000.0,24855000.0,0.0,0.0,0.07,168241000.0,45305000.0,50943000.0,0.679,1.945,14.471,14.583,190885000.0,0.0,35.0,1.11,1.11,222824000.0,730547000.0,354157000.0,354157000.0,0.0,,,,,3341000.0,156314000.0,1.0,44487024.0,44494000.0,45043000.0,7.96,717598000.0,0.0,16764000.0,213762000.0,16.128,-27629000.0
36,MDP,MRQ,2012-06-30,2012-06-30,2012-06-30,2021-09-10,-23115000.0,2016299000.0,,359436000.0,1656863000.0,,17.858,-4979000.0,25820000.0,25820000.0,145807000.0,29982000.0,0.745,1.528,380000000.0,105000000.0,275000000.0,380000000.0,322260000.0,15277000.0,0.0,0.044,0.38,54398000.0,69675000.0,0.186,69675000.0,54398000.0,50393000.0,0.67,0.66,0.67,797445000.0,,797445000.0,1827244621.0,10.0,7.551,71313000.0,1.597,1.0,228741000.0,0.611,1323741000.0,4005000.0,564152000.0,,22559000.0,0.0,0.0,0.0,1218854000.0,482586000.0,736268000.0,1431918621.0,1146000.0,-5067000.0,-8891000.0,-40000000.0,-17102000.0,-65881000.0,-9265000.0,0.0,76292000.0,0.0,29982000.0,29982000.0,29982000.0,0.0,0.0,0.08,174351000.0,54390000.0,72911000.0,0.567,1.796,13.719,13.708,194304000.0,0.0,31.94,1.04,1.04,215526000.0,722778000.0,374548000.0,374548000.0,0.0,,,,,722000.0,161769000.0,1.0,44831516.0,44654000.0,44977000.0,8.388,692558000.0,0.0,20411000.0,256694000.0,15.509,-123150000.0
37,MDP,MRQ,2012-03-31,2012-03-31,2012-03-31,2021-09-10,-15478000.0,2015854000.0,,363600000.0,1652254000.0,,17.863,-4118000.0,24674000.0,24674000.0,136454000.0,21169000.0,0.884,1.519,420000000.0,50000000.0,370000000.0,420000000.0,325531000.0,14368000.0,0.0,0.039,0.38,38300000.0,52668000.0,0.152,52668000.0,38300000.0,35017000.0,0.47,0.47,0.47,800276000.0,,800276000.0,1677743782.0,9.0,7.05,32773000.0,0.732,1.0,209059000.0,0.605,1318282000.0,3283000.0,681398000.0,,28227000.0,0.0,0.0,0.0,1215578000.0,411500000.0,804078000.0,1453861782.0,-1444000.0,-188349000.0,897000.0,170000000.0,-17170000.0,153350000.0,-191685000.0,0.0,36891000.0,0.0,21169000.0,21169000.0,21169000.0,0.0,0.0,0.061,170759000.0,38300000.0,56023000.0,0.809,1.817,13.883,13.991,197463000.0,0.0,32.46,1.073,1.073,219156000.0,716314000.0,345513000.0,345513000.0,0.0,,,,,1693000.0,159352000.0,1.0,44789334.0,44800000.0,45296000.0,7.712,697572000.0,0.0,13848000.0,185775000.0,15.571,-47900000.0
38,MDP,MRQ,2011-12-31,2011-12-31,2011-12-31,2021-09-10,-15707000.0,1805942000.0,,343618000.0,1462324000.0,,17.687,-12487000.0,26118000.0,26118000.0,128412000.0,31594000.0,0.888,1.277,250000000.0,50000000.0,200000000.0,250000000.0,310171000.0,13289000.0,0.0,0.035,0.383,54860000.0,68149000.0,0.207,68149000.0,54860000.0,51963000.0,0.7,0.7,0.7,793063000.0,,793063000.0,1699228566.0,9.0,6.754,52634000.0,1.174,1.0,200305000.0,0.609,1131285000.0,2897000.0,511454000.0,,21107000.0,0.0,0.0,0.0,1012879000.0,387085000.0,625794000.0,1468176566.0,7170000.0,-25124000.0,-5195000.0,0.0,-17208000.0,-22320000.0,-35631000.0,0.0,65121000.0,0.0,31594000.0,31594000.0,31594000.0,0.0,0.0,0.096,145445000.0,54860000.0,52882000.0,0.547,1.851,12.835,12.905,197923000.0,0.0,32.65,1.089,1.086,210126000.0,712315000.0,328717000.0,328717000.0,0.0,,,,,3526000.0,134940000.0,1.0,44967123.0,44838000.0,45044000.0,7.331,674657000.0,0.0,20369000.0,176853000.0,15.047,-43467000.0
39,MDP,MRQ,2011-09-30,2011-09-30,2011-09-30,2021-09-10,-15935000.0,1745284000.0,,340311000.0,1404973000.0,,17.332,-14134000.0,18948000.0,18948000.0,136885000.0,21627000.0,0.916,1.237,250000000.0,50000000.0,200000000.0,250000000.0,268704000.0,13261000.0,0.0,0.044,0.255,38221000.0,51482000.0,0.157,51482000.0,38221000.0,35502000.0,0.48,0.48,0.48,780089000.0,,780089000.0,1186091860.0,6.0,4.438,-10508000.0,-0.233,1.0,191024000.0,0.583,1106954000.0,2719000.0,497720000.0,,23559000.0,0.0,0.0,0.0,965195000.0,371662000.0,593533000.0,1018812860.0,-8773000.0,-30424000.0,-7784000.0,55000000.0,-11514000.0,35702000.0,-48101000.0,0.0,3626000.0,0.0,21627000.0,21627000.0,21627000.0,0.0,0.0,0.066,152803000.0,38221000.0,67162000.0,0.531,1.306,8.259,8.324,193301000.0,0.0,22.64,0.735,0.735,213444000.0,697929000.0,327909000.0,327909000.0,0.0,,,,,4023000.0,142971000.0,1.0,45000568.0,45009000.0,45187000.0,7.285,638330000.0,0.0,13875000.0,167473000.0,14.182,-31351000.0
40,MDP,MRQ,2011-06-30,2011-06-30,2011-06-30,2021-09-10,-16163000.0,1712829000.0,,333738000.0,1379091000.0,,17.093,-10281000.0,27721000.0,27721000.0,139572000.0,30331000.0,0.816,1.21,195000000.0,50000000.0,145000000.0,195000000.0,271855000.0,14339000.0,0.0,0.031,0.26,51334000.0,65673000.0,0.186,65673000.0,51334000.0,48374000.0,0.67,0.66,0.67,774985000.0,,774985000.0,1621823709.0,7.0,5.838,63879000.0,1.409,1.0,213354000.0,0.605,1075401000.0,2960000.0,395715000.0,,21529000.0,0.0,0.0,0.0,937844000.0,408992000.0,528852000.0,1417503709.0,7041000.0,-1000000.0,-14021000.0,-30000000.0,-11559000.0,-55838000.0,-11281000.0,0.0,74160000.0,0.0,30331000.0,30331000.0,30331000.0,2944000.0,0.0,0.086,159107000.0,54247000.0,82878000.0,0.388,1.829,11.124,11.118,186438000.0,0.0,31.13,1.012,1.011,212365000.0,687816000.0,352926000.0,352926000.0,0.0,,,,,866000.0,148975000.0,1.0,45534973.0,45338000.0,45664000.0,7.784,637428000.0,0.0,18043000.0,208914000.0,14.059,-75254000.0
41,MDP,MRQ,2011-03-31,2011-03-31,2011-03-31,2021-09-10,-26036000.0,1705128000.0,,348739000.0,1356389000.0,,16.658,-8457000.0,20680000.0,20680000.0,134437000.0,30837000.0,0.897,1.245,225000000.0,50000000.0,175000000.0,225000000.0,280347000.0,14257000.0,0.0,0.028,0.26,52010000.0,66267000.0,0.196,66267000.0,52010000.0,48863000.0,0.68,0.67,0.68,759489000.0,,759489000.0,1773619833.0,8.0,6.203,47394000.0,1.039,1.0,204444000.0,0.603,1072393000.0,3147000.0,448189000.0,,28315000.0,0.0,0.0,0.0,945639000.0,388866000.0,556773000.0,1546834833.0,2465000.0,-10585000.0,-2790000.0,-20000000.0,-11664000.0,-34344000.0,-19042000.0,0.0,55851000.0,0.0,30837000.0,30837000.0,30837000.0,339000.0,0.0,0.091,152095000.0,52349000.0,56014000.0,0.382,2.037,11.856,11.778,184683000.0,0.0,33.92,1.099,1.099,221089000.0,669044000.0,338881000.0,338881000.0,0.0,,,,,1991000.0,142130000.0,1.0,45602442.0,45594000.0,45998000.0,7.433,632735000.0,0.0,18026000.0,149076000.0,13.878,-40127000.0
42,MDP,MRQ,2010-12-31,2010-12-31,2010-12-31,2021-09-10,-26693000.0,1720788000.0,,365192000.0,1355596000.0,,16.245,-8258000.0,18215000.0,18215000.0,137251000.0,40557000.0,0.872,1.324,245000000.0,50000000.0,195000000.0,245000000.0,286808000.0,13857000.0,0.0,0.027,0.23,69973000.0,83830000.0,0.229,83830000.0,69973000.0,66622000.0,0.89,0.88,0.89,740309000.0,,740309000.0,1841866433.0,8.0,6.289,49144000.0,1.078,1.0,228682000.0,0.625,1078159000.0,3351000.0,450681000.0,,22887000.0,0.0,0.0,0.0,980479000.0,418733000.0,561746000.0,1578529433.0,-3448000.0,-3536000.0,1369000.0,-40000000.0,-10514000.0,-49056000.0,-11794000.0,0.0,57402000.0,0.0,40557000.0,40557000.0,40557000.0,540000.0,0.0,0.111,158169000.0,70513000.0,65513000.0,0.258,2.132,11.875,11.826,183801000.0,0.0,34.65,1.11,1.11,238766000.0,649871000.0,365933000.0,365933000.0,0.0,,,,,2635000.0,148506000.0,1.0,45556405.0,45571000.0,45912000.0,8.03,642629000.0,0.0,26065000.0,127822000.0,14.102,-53541000.0
43,MDP,MRQ,2010-09-30,2010-09-30,2010-09-30,2021-09-10,-27348000.0,1714576000.0,,368061000.0,1346515000.0,,15.516,-2910000.0,21663000.0,21663000.0,142841000.0,25707000.0,0.893,1.43,285000000.0,50000000.0,235000000.0,285000000.0,287650000.0,14200000.0,0.0,0.028,0.23,47827000.0,62027000.0,0.181,62027000.0,47827000.0,44316000.0,0.57,0.56,0.57,705696000.0,,705696000.0,1764517527.0,9.0,6.757,24212000.0,0.532,1.0,199899000.0,0.583,1071849000.0,3511000.0,493713000.0,,25100000.0,0.0,0.0,0.0,1008880000.0,412351000.0,596529000.0,1513091527.0,-26911000.0,-25020000.0,-777000.0,-15000000.0,-10503000.0,-26103000.0,-27930000.0,0.0,27122000.0,0.0,25707000.0,25707000.0,25707000.0,355000.0,0.0,0.075,151717000.0,48182000.0,68645000.0,0.404,2.144,13.591,13.541,182828000.0,0.0,33.31,1.086,1.087,231960000.0,619828000.0,342740000.0,342740000.0,0.0,,,,,2939000.0,141932000.0,1.0,45424543.0,45483000.0,45748000.0,7.536,642727000.0,0.0,18609000.0,122008000.0,14.131,-44290000.0
44,MDP,MRQ,2010-06-30,2010-06-30,2010-06-30,2021-09-10,-28005000.0,1727316000.0,,381427000.0,1345889000.0,,15.169,-6472000.0,48574000.0,48574000.0,133771000.0,33369000.0,0.87,1.509,300000000.0,50000000.0,250000000.0,300000000.0,289991000.0,15569000.0,0.0,0.029,0.23,58216000.0,73785000.0,0.205,73785000.0,58216000.0,54369000.0,0.74,0.73,0.74,688345000.0,,688345000.0,1703771644.0,9.0,6.899,45276000.0,0.998,1.0,226447000.0,0.629,1049944000.0,3847000.0,490492000.0,,26807000.0,0.0,0.0,0.0,1038971000.0,438306000.0,600665000.0,1412437644.0,24908000.0,5037000.0,1068000.0,-15000000.0,-10464000.0,-25405000.0,-1435000.0,0.0,51748000.0,0.0,33369000.0,33369000.0,33369000.0,1671000.0,0.0,0.093,166586000.0,59861000.0,109897000.0,0.311,2.052,13.586,13.535,187002000.0,0.0,31.13,1.021,1.02,223630000.0,604624000.0,360218000.0,360218000.0,0.0,,,,,2089000.0,156230000.0,1.0,45372234.0,45379000.0,45661000.0,7.938,677372000.0,0.0,21000000.0,155069000.0,14.927,-56879000.0
45,MDP,MRQ,2010-03-31,2010-03-31,2010-03-31,2021-09-10,-30375000.0,1705872000.0,,363053000.0,1342819000.0,,14.558,-3311000.0,23666000.0,23666000.0,144517000.0,33299000.0,0.687,1.585,315000000.0,140000000.0,175000000.0,315000000.0,306254000.0,16736000.0,0.0,0.027,0.23,56475000.0,73211000.0,0.207,73211000.0,56475000.0,52523000.0,0.73,0.73,0.73,659909000.0,,659909000.0,1885687970.0,-15.0,-30.643,60560000.0,1.336,1.0,208826000.0,0.591,1052677000.0,3952000.0,416405000.0,,24874000.0,0.0,0.0,0.0,1045963000.0,528124000.0,517839000.0,1559569970.0,-216000.0,-16238000.0,708000.0,-35000000.0,-10454000.0,-44538000.0,-19549000.0,0.0,63871000.0,0.0,33299000.0,33299000.0,33299000.0,0.0,0.0,0.094,152357000.0,56469000.0,83927000.0,0.315,2.363,-16.752,-16.623,188600000.0,0.0,34.41,1.143,1.143,229209000.0,581719000.0,353343000.0,353343000.0,0.0,,,,,1736000.0,142044000.0,1.0,45323161.0,45331000.0,45651000.0,7.795,653195000.0,0.0,19224000.0,89027000.0,14.409,-165071000.0
46,MDP,MRQ,2009-12-31,2009-12-31,2009-12-31,2021-09-10,-30375000.0,1709575000.0,,356885000.0,1352690000.0,,14.016,-6837000.0,23882000.0,23882000.0,142911000.0,18954000.0,0.632,1.693,350000000.0,175000000.0,175000000.0,350000000.0,310809000.0,14887000.0,0.0,0.03,0.23,37219000.0,52106000.0,0.155,52106000.0,37219000.0,31475000.0,0.42,0.42,0.42,634760000.0,,634760000.0,1742421503.0,-13.0,-23.575,40152000.0,0.887,1.0,193944000.0,0.576,1062604000.0,5744000.0,408396000.0,,25028000.0,0.0,0.0,0.0,1074815000.0,564693000.0,510122000.0,1396680503.0,9623000.0,-11180000.0,828000.0,-10000000.0,-10218000.0,-19349000.0,-18017000.0,0.0,46989000.0,0.0,18954000.0,18954000.0,18954000.0,0.0,0.0,0.056,156734000.0,37210000.0,101154000.0,0.548,2.2,-13.833,-13.772,192659000.0,0.0,30.85,1.036,1.036,216234000.0,558874000.0,336855000.0,336855000.0,0.0,,,,,2360000.0,146617000.0,1.0,45273274.0,45288000.0,45547000.0,7.438,646971000.0,0.0,12521000.0,76547000.0,14.286,-207808000.0
47,MDP,MRQ,2009-09-30,2009-09-30,2009-09-30,2021-09-10,-31061000.0,1676625000.0,,346426000.0,1330199000.0,,13.777,-8101000.0,14259000.0,14259000.0,151093000.0,18341000.0,0.802,1.695,360000000.0,75000000.0,285000000.0,360000000.0,308732000.0,16267000.0,0.0,0.03,0.225,31592000.0,47859000.0,0.144,47859000.0,31592000.0,26551000.0,0.41,0.4,0.41,622163000.0,,622163000.0,1698064616.0,-12.0,-21.767,20942000.0,0.464,1.0,181322000.0,0.545,1044055000.0,5041000.0,546162000.0,,29592000.0,0.0,0.0,0.0,1054462000.0,432149000.0,622313000.0,1345974616.0,-13651000.0,-5124000.0,695000.0,-20000000.0,-10209000.0,-29469000.0,-13225000.0,0.0,29043000.0,0.0,18341000.0,18341000.0,18341000.0,0.0,0.0,0.055,149740000.0,31582000.0,84455000.0,0.549,2.163,-12.535,-12.58,192615000.0,0.0,29.94,0.98,0.985,211802000.0,550138000.0,332415000.0,332415000.0,0.0,,,,,4045000.0,139637000.0,1.0,44955732.0,45158000.0,45317000.0,7.361,632570000.0,0.0,8210000.0,69273000.0,14.008,-85723000.0
48,MDP,MRQ,2009-06-30,2009-06-30,2009-06-30,2021-09-10,-31628000.0,1669303000.0,,340140000.0,1329163000.0,,13.537,-4833000.0,27910000.0,27910000.0,152483000.0,-163692000.0,0.974,1.739,380000000.0,0.0,380000000.0,380000000.0,319124000.0,16234000.0,0.0,0.035,0.23,-250948000.0,-234714000.0,-0.687,-234714000.0,-250948000.0,-256027000.0,-3.63,-3.63,-3.63,609383000.0,,609383000.0,1530341174.0,-11.0,-21.81,37476000.0,0.833,1.0,189403000.0,0.554,1036802000.0,5079000.0,635375000.0,,28151000.0,0.0,0.0,0.0,1059920000.0,349216000.0,710704000.0,1149737174.0,-46486000.0,-100000.0,1062000.0,-75000000.0,-10157000.0,-83862000.0,-4933000.0,0.0,42309000.0,0.0,-163692000.0,-163692000.0,-163692000.0,1673000.0,0.0,-0.479,438986000.0,-249583000.0,86381000.0,-0.063,1.887,-10.737,-10.735,191307000.0,0.0,25.55,0.818,0.819,192367000.0,542006000.0,341886000.0,341886000.0,0.0,,,,,1387000.0,134230000.0,1.0,44999498.0,45015000.0,44637000.0,7.595,632501000.0,0.0,-92335000.0,90975000.0,14.051,-9076000.0
49,MDP,MRQ,2009-03-31,2009-03-31,2009-03-31,2021-09-10,-11877000.0,2045443000.0,,407147000.0,1638296000.0,,17.82,-3457000.0,74396000.0,74396000.0,159197000.0,25428000.0,0.859,1.553,455000000.0,130000000.0,325000000.0,455000000.0,326906000.0,16805000.0,0.0,0.053,0.23,44035000.0,60840000.0,0.18,60840000.0,44035000.0,39124000.0,0.56,0.56,0.56,801190000.0,,801190000.0,1169704380.0,8.0,5.279,52126000.0,1.159,1.0,178397000.0,0.528,1324410000.0,4911000.0,627572000.0,,31629000.0,0.0,0.0,0.0,1244253000.0,474065000.0,770188000.0,748063380.0,41037000.0,-923000.0,520000.0,0.0,-10143000.0,-10166000.0,-4380000.0,0.0,55583000.0,0.0,25428000.0,25428000.0,25428000.0,-554000.0,0.0,0.075,135037000.0,43360000.0,63940000.0,0.411,0.934,9.873,9.905,194264000.0,0.0,16.64,0.52,0.52,210539000.0,715546000.0,337594000.0,337594000.0,0.0,,,,,2814000.0,124323000.0,1.0,44955732.0,44961000.0,45092000.0,7.509,721033000.0,0.0,13696000.0,174469000.0,16.037,-66918000.0
50,MDP,MRQ,2008-12-31,2008-12-31,2008-12-31,2021-09-10,-12364000.0,2038787000.0,,389988000.0,1648799000.0,,17.417,-5577000.0,33359000.0,33359000.0,162310000.0,12543000.0,0.788,1.604,455000000.0,130000000.0,325000000.0,455000000.0,337387000.0,16807000.0,0.0,0.051,0.215,31197000.0,48004000.0,0.133,48004000.0,31197000.0,25844000.0,0.28,0.28,0.28,782905000.0,,782905000.0,1208733776.0,7.0,4.697,32902000.0,0.732,1.0,198974000.0,0.551,1332772000.0,5353000.0,632928000.0,,40659000.0,0.0,0.0,0.0,1255882000.0,494728000.0,761154000.0,772403776.0,4689000.0,-4469000.0,-4174000.0,-10000000.0,-9683000.0,-23744000.0,-10046000.0,0.0,38479000.0,0.0,12543000.0,12543000.0,12543000.0,4860000.0,0.0,0.035,163024000.0,35950000.0,67174000.0,0.768,0.987,8.011,8.114,199177000.0,0.0,17.12,0.517,0.515,217091000.0,699948000.0,361284000.0,361284000.0,0.0,,,,,2839000.0,152248000.0,1.0,45117043.0,44951000.0,45072000.0,8.037,706015000.0,0.0,13301000.0,153303000.0,15.706,-104740000.0
51,MDP,MRQ,2008-09-30,2008-09-30,2008-09-30,2021-09-10,-11316000.0,2058480000.0,,404317000.0,1654163000.0,,17.304,-9608000.0,28670000.0,28670000.0,170111000.0,18637000.0,0.775,1.629,465000000.0,140000000.0,325000000.0,465000000.0,327902000.0,17864000.0,0.0,0.03,0.22,37840000.0,55704000.0,0.153,55704000.0,37840000.0,32406000.0,0.41,0.41,0.41,782855000.0,,782855000.0,1714863710.0,8.0,5.829,34941000.0,0.772,1.0,193959000.0,0.533,1340565000.0,5434000.0,632646000.0,,50111000.0,0.0,0.0,0.0,1275625000.0,521599000.0,754026000.0,1267507710.0,-8974000.0,-90000.0,-14931000.0,-20000000.0,-9747000.0,-43825000.0,-9698000.0,0.0,44549000.0,0.0,18637000.0,18637000.0,18637000.0,431000.0,0.0,0.051,155808000.0,38151000.0,83842000.0,0.537,1.619,10.568,10.826,201669000.0,0.0,28.04,0.829,0.83,225647000.0,699343000.0,364070000.0,364070000.0,0.0,,,,,2274000.0,144952000.0,1.0,45203556.0,45241000.0,45368000.0,8.047,717915000.0,0.0,13769000.0,146509000.0,15.869,-117282000.0
52,MDP,MRQ,2008-06-30,2008-06-30,2008-06-30,2021-09-10,-11519000.0,2059620000.0,,403090000.0,1656530000.0,,17.143,-14208000.0,37644000.0,37644000.0,172336000.0,19159000.0,0.91,1.614,485000000.0,75000000.0,410000000.0,485000000.0,333133000.0,19556000.0,0.0,0.029,0.215,37486000.0,57042000.0,0.152,57042000.0,37486000.0,32380000.0,0.43,0.43,0.43,787855000.0,,787855000.0,1708430707.0,7.0,5.364,35385000.0,0.77,1.0,203934000.0,0.542,1332091000.0,5106000.0,731748000.0,,44085000.0,0.0,0.0,0.0,1271765000.0,443137000.0,828628000.0,1308908707.0,-7834000.0,-49265000.0,-25503000.0,40000000.0,-9685000.0,6046000.0,-63473000.0,0.0,49593000.0,0.0,19159000.0,19159000.0,19159000.0,-596000.0,0.0,0.051,167236000.0,36698000.0,79028000.0,0.5,1.661,9.719,9.857,199788000.0,0.0,28.29,0.843,0.855,230978000.0,701205000.0,376270000.0,376270000.0,0.0,,,,,-2297000.0,154069000.0,1.0,46267540.0,45959000.0,45815000.0,8.187,727529000.0,2118000.0,13221000.0,187521000.0,15.83,-40047000.0
53,MDP,MRQ,2008-03-31,2008-03-31,2008-03-31,2021-09-10,-822000.0,2123882000.0,,467822000.0,1656060000.0,,17.489,-5202000.0,45478000.0,45478000.0,166822000.0,46084000.0,0.838,1.602,445000000.0,125000000.0,320000000.0,445000000.0,350107000.0,18465000.0,0.0,0.021,0.215,78118000.0,96583000.0,0.246,96583000.0,78118000.0,72731000.0,0.99,0.97,0.99,816242000.0,,816242000.0,2193370684.0,7.0,5.96,58250000.0,1.248,1.0,225456000.0,0.575,1319057000.0,5387000.0,646244000.0,,62968000.0,0.0,0.0,0.0,1307640000.0,558103000.0,749537000.0,1803092684.0,15756000.0,-14605000.0,-42569000.0,25000000.0,-10052000.0,-27889000.0,-19807000.0,0.0,63452000.0,0.0,46084000.0,46084000.0,46084000.0,98000.0,0.0,0.117,147490000.0,77966000.0,101071000.0,0.217,2.209,10.795,10.866,194127000.0,0.0,38.25,1.138,1.126,255578000.0,715347000.0,392278000.0,392278000.0,0.0,,,,,2663000.0,135638000.0,1.0,47139678.0,46672000.0,47420000.0,8.405,804825000.0,0.0,26647000.0,148496000.0,17.244,-90281000.0
54,MDP,MRQ,2007-12-31,2007-12-31,2007-12-31,2021-09-10,567000.0,2105880000.0,,453385000.0,1652495000.0,,17.379,-5937000.0,29722000.0,29722000.0,166122000.0,36059000.0,0.803,1.562,420000000.0,125000000.0,295000000.0,420000000.0,355102000.0,18684000.0,0.0,0.014,0.19,66194000.0,84878000.0,0.214,84878000.0,66194000.0,60460000.0,0.76,0.75,0.76,821815000.0,,821815000.0,3043071085.0,11.0,8.442,75176000.0,1.59,1.0,230123000.0,0.581,1316045000.0,5734000.0,615586000.0,,56939000.0,0.0,0.0,0.0,1284065000.0,564527000.0,719538000.0,2608554085.0,4239000.0,-1920000.0,-20561000.0,-40000000.0,-8777000.0,-69017000.0,-7857000.0,0.0,81113000.0,0.0,36059000.0,36059000.0,36059000.0,-846000.0,0.0,0.091,165071000.0,65052000.0,109176000.0,0.25,3.174,15.69,15.844,197386000.0,0.0,54.98,1.636,1.631,251019000.0,719414000.0,396245000.0,396245000.0,0.0,,,,,2877000.0,153046000.0,1.0,47445509.0,47287000.0,48325000.0,8.38,789835000.0,0.0,24401000.0,142039000.0,16.703,-111142000.0
55,MDP,MRQ,2007-09-30,2007-09-30,2007-09-30,2021-09-10,1493000.0,2086129000.0,,466869000.0,1619260000.0,,17.0,-4273000.0,25483000.0,25483000.0,175708000.0,33370000.0,0.881,1.568,460000000.0,135000000.0,325000000.0,460000000.0,345458000.0,19368000.0,0.0,0.013,0.19,60931000.0,80299000.0,0.199,80299000.0,60931000.0,54768000.0,0.7,0.68,0.7,812501000.0,,812501000.0,3191841870.0,11.0,8.874,57533000.0,1.204,1.0,228365000.0,0.565,1284328000.0,6163000.0,706561000.0,,54981000.0,0.0,0.0,0.0,1273628000.0,529757000.0,743871000.0,2756061870.0,-13737000.0,0.0,-47479000.0,-15000000.0,-8830000.0,-71270000.0,-4273000.0,0.0,61806000.0,0.0,33370000.0,33370000.0,33370000.0,98000.0,0.0,0.083,167688000.0,60677000.0,81551000.0,0.271,3.392,16.681,16.657,200252000.0,0.0,57.3,1.725,1.714,273117000.0,709492000.0,404073000.0,404073000.0,0.0,,,,,3167000.0,155570000.0,1.0,48098811.0,47795000.0,48828000.0,8.454,801801000.0,0.0,21398000.0,136923000.0,16.776,-62888000.0
56,MDP,MRQ,2007-06-30,2007-06-30,2007-06-30,2021-09-10,2499000.0,2089951000.0,,452640000.0,1637311000.0,,17.315,-13585000.0,39220000.0,39220000.0,155194000.0,51514000.0,0.929,1.508,475000000.0,100000000.0,375000000.0,475000000.0,359318000.0,18555000.0,0.0,0.011,0.19,87708000.0,106263000.0,0.271,106263000.0,87708000.0,81859000.0,1.07,1.05,1.07,833201000.0,,833201000.0,3411824624.0,12.0,9.602,26487000.0,0.55,1.0,237014000.0,0.604,1275105000.0,5849000.0,763597000.0,,48836000.0,0.0,0.0,0.0,1256750000.0,487029000.0,769721000.0,2962583624.0,-11539000.0,-7189000.0,1849000.0,-25000000.0,-8936000.0,-30837000.0,-20774000.0,0.0,40072000.0,0.0,51514000.0,51514000.0,51514000.0,-4684000.0,0.0,0.131,154404000.0,82610000.0,78156000.0,0.178,3.556,18.249,18.225,206026000.0,0.0,61.6,1.875,1.874,267419000.0,727628000.0,392208000.0,392208000.0,0.0,,,,,1119000.0,142738000.0,1.0,48093890.0,48120000.0,49267000.0,8.151,814846000.0,0.0,30345000.0,216055000.0,16.934,-34389000.0
57,MDP,MRQ,2007-03-31,2007-03-31,2007-03-31,2021-09-10,-1818000.0,2107530000.0,,490234000.0,1617296000.0,,16.129,-9745000.0,50759000.0,50759000.0,163872000.0,45309000.0,0.899,1.713,500000000.0,100000000.0,400000000.0,500000000.0,373460000.0,18234000.0,0.0,0.012,0.19,70814000.0,89048000.0,0.222,89048000.0,70814000.0,64253000.0,0.94,0.92,0.94,776917000.0,,776917000.0,3249451179.0,12.0,9.186,67406000.0,1.399,1.0,237946000.0,0.592,1283311000.0,6561000.0,728162000.0,,58951000.0,0.0,0.0,0.0,1330613000.0,545298000.0,785315000.0,2758019179.0,32191000.0,-13310000.0,-4007000.0,-10000000.0,-8945000.0,-21905000.0,-23055000.0,0.0,77151000.0,0.0,45309000.0,45309000.0,45309000.0,7868000.0,0.0,0.113,159766000.0,78180000.0,76621000.0,0.202,3.55,17.303,17.391,200995000.0,0.0,57.39,1.748,1.752,270841000.0,678332000.0,401818000.0,401818000.0,0.0,,,,,1943000.0,148481000.0,1.0,48057487.0,48170000.0,49300000.0,8.342,824219000.0,0.0,18944000.0,147639000.0,17.111,-55064000.0
58,MDP,MRQ,2006-12-31,2006-12-31,2006-12-31,2021-09-10,-1557000.0,2080062000.0,,462902000.0,1617160000.0,,15.465,-13599000.0,18568000.0,18568000.0,161353000.0,35027000.0,0.85,1.808,510000000.0,100000000.0,410000000.0,510000000.0,378214000.0,18394000.0,0.0,0.011,0.16,65667000.0,84061000.0,0.21,84061000.0,65667000.0,58215000.0,0.73,0.72,0.73,740867000.0,,740867000.0,3232239758.0,11.0,9.064,48363000.0,1.01,1.0,237993000.0,0.596,1280921000.0,7452000.0,745708000.0,,54900000.0,0.0,0.0,0.0,1339195000.0,544865000.0,794330000.0,2694710758.0,-3903000.0,-2131000.0,6792000.0,-50000000.0,-7681000.0,-50135000.0,-15730000.0,0.0,61962000.0,0.0,35027000.0,35027000.0,35027000.0,790000.0,0.0,0.088,171973000.0,66020000.0,71950000.0,0.219,3.637,17.416,17.72,198250000.0,0.0,56.35,1.715,1.718,268791000.0,641244000.0,399346000.0,399346000.0,0.0,,,,,1974000.0,160939000.0,1.0,47820954.0,47905000.0,48961000.0,8.336,799141000.0,0.0,23188000.0,139843000.0,16.682,-81963000.0
59,MDP,MRQ,2006-09-30,2006-09-30,2006-09-30,2021-09-10,-2077000.0,2066185000.0,,462468000.0,1603717000.0,,14.641,-5670000.0,22471000.0,22471000.0,167565000.0,30496000.0,0.867,1.94,560000000.0,100000000.0,460000000.0,560000000.0,361714000.0,18595000.0,0.0,0.013,0.16,57359000.0,75954000.0,0.197,75954000.0,57359000.0,50039000.0,0.64,0.62,0.64,702727000.0,,702727000.0,2905723157.0,11.0,8.388,25667000.0,0.535,1.0,218786000.0,0.566,1283033000.0,7320000.0,787092000.0,,60857000.0,0.0,0.0,0.0,1363458000.0,533589000.0,829869000.0,2371436157.0,-8242000.0,-15000.0,-21671000.0,-5000000.0,-7686000.0,-33894000.0,-5685000.0,0.0,31337000.0,0.0,30496000.0,30496000.0,30496000.0,-310000.0,0.0,0.079,161970000.0,56816000.0,77684000.0,0.25,3.375,15.932,16.227,192493000.0,0.0,49.33,1.523,1.52,255423000.0,602669000.0,386351000.0,386351000.0,0.0,,,,,2558000.0,150940000.0,1.0,48072900.0,47996000.0,48854000.0,8.05,783152000.0,0.0,19543000.0,129928000.0,16.317,-71121000.0
60,MDP,MRQ,2006-06-30,2006-06-30,2006-06-30,2021-09-10,-2077000.0,2040675000.0,,431520000.0,1609155000.0,,14.205,-8407000.0,30713000.0,30713000.0,157080000.0,48561000.0,0.93,1.923,565000000.0,50000000.0,515000000.0,565000000.0,369832000.0,17983000.0,0.0,0.012,0.16,86692000.0,104675000.0,0.268,104675000.0,86692000.0,79839000.0,0.99,0.96,0.99,698104000.0,,698104000.0,2968526456.0,11.0,8.685,69037000.0,1.405,1.0,233213000.0,0.598,1271099000.0,6853000.0,839917000.0,,52032000.0,0.0,0.0,0.0,1342571000.0,463946000.0,878625000.0,2464070456.0,15169000.0,-8389000.0,-73791000.0,45000000.0,-7820000.0,-45479000.0,-16796000.0,0.0,77444000.0,0.0,48561000.0,48561000.0,48561000.0,360000.0,0.0,0.124,146369000.0,86844000.0,79892000.0,0.162,3.53,17.018,16.85,194798000.0,0.0,49.54,1.578,1.564,239368000.0,599413000.0,390293000.0,390293000.0,0.0,,,,,12085000.0,135444000.0,1.0,49739008.0,49145000.0,50199000.0,7.942,769576000.0,0.0,31278000.0,180970000.0,15.659,-32426000.0
61,MDP,MRQ,2006-03-31,2006-03-31,2006-03-31,2021-09-10,-1025000.0,2007115000.0,,421229000.0,1585886000.0,,14.899,-5824000.0,15544000.0,15544000.0,157908000.0,40641000.0,1.052,1.72,520000000.0,0.0,520000000.0,520000000.0,378612000.0,17855000.0,0.0,0.01,0.16,74057000.0,91912000.0,0.233,91912000.0,74057000.0,66620000.0,0.82,0.8,0.82,737855000.0,,737855000.0,3327949897.0,13.0,10.18,70678000.0,1.427,1.0,237016000.0,0.6,1264304000.0,7437000.0,846923000.0,,59342000.0,0.0,0.0,0.0,1269260000.0,400344000.0,868916000.0,2748042897.0,451000.0,2494000.0,-2309000.0,-75000000.0,-7947000.0,-72721000.0,-3330000.0,0.0,76502000.0,0.0,40641000.0,40641000.0,40641000.0,0.0,0.0,0.103,163371000.0,73645000.0,65388000.0,0.195,3.724,19.854,19.925,194488000.0,0.0,55.79,1.833,1.843,233371000.0,624588000.0,394924000.0,394924000.0,0.0,,,,,-8837000.0,152081000.0,1.0,49256908.0,49524000.0,50852000.0,7.974,742811000.0,0.0,25979000.0,115533000.0,14.999,20885000.0
62,MDP,MRQ,2005-12-31,2005-12-31,2005-12-31,2021-09-10,-1025000.0,2040672000.0,,447232000.0,1593440000.0,,14.038,-4419000.0,15093000.0,15093000.0,164393000.0,29153000.0,0.928,1.952,595000000.0,75000000.0,520000000.0,595000000.0,381774000.0,18171000.0,0.0,0.011,0.14,55699000.0,73870000.0,0.191,73870000.0,55699000.0,47795000.0,0.59,0.58,0.59,691269000.0,,691269000.0,3174518205.0,13.0,10.113,28535000.0,0.579,1.0,221590000.0,0.574,1272384000.0,7904000.0,866496000.0,,56106000.0,0.0,0.0,0.0,1349403000.0,481699000.0,867704000.0,2580854205.0,3757000.0,-238000.0,-10750000.0,-10000000.0,-6898000.0,-24540000.0,-4657000.0,0.0,32954000.0,0.0,29153000.0,29153000.0,29153000.0,0.0,0.0,0.076,166081000.0,55509000.0,70179000.0,0.237,3.734,19.405,19.457,196544000.0,0.0,52.34,1.83,1.828,249590000.0,585480000.0,385983000.0,385983000.0,0.0,,,,,88000.0,154548000.0,1.0,49309404.0,49243000.0,50663000.0,7.838,768288000.0,0.0,18642000.0,108004000.0,15.602,-34467000.0
63,MDP,MRQ,2005-09-30,2005-09-30,2005-09-30,2021-09-10,-1025000.0,2042300000.0,,444824000.0,1597476000.0,,13.647,-10586000.0,11336000.0,11336000.0,176761000.0,26437000.0,0.908,2.034,605000000.0,75000000.0,530000000.0,605000000.0,373648000.0,19963000.0,0.0,0.011,0.14,51360000.0,71323000.0,0.183,71323000.0,51360000.0,43340000.0,0.54,0.52,0.54,673044000.0,,673044000.0,2680770436.0,11.0,8.751,-3497000.0,-0.071,1.0,213504000.0,0.547,1279877000.0,8020000.0,866178000.0,,59696000.0,0.0,0.0,0.0,1369256000.0,489909000.0,879347000.0,2460558436.0,-18452000.0,-359221000.0,-6279000.0,355000000.0,-6913000.0,344266000.0,-369807000.0,0.0,7089000.0,0.0,26437000.0,26437000.0,26437000.0,0.0,0.0,0.068,162321000.0,51183000.0,88740000.0,0.259,3.656,18.703,18.756,200231000.0,0.0,49.89,1.866,1.866,247449000.0,569639000.0,390265000.0,390265000.0,0.0,,,,,2183000.0,150942000.0,1.0,49319672.0,49318000.0,50725000.0,7.913,762423000.0,0.0,16903000.0,101068000.0,15.459,-45085000.0
64,MDP,MRQ,2005-06-30,2005-06-30,2005-06-30,2021-09-10,-1025000.0,1491308000.0,,304495000.0,1186813000.0,,13.227,-6437000.0,29788000.0,29788000.0,134393000.0,42182000.0,0.693,1.288,250000000.0,125000000.0,125000000.0,250000000.0,239774000.0,16701000.0,0.0,0.011,0.14,73098000.0,89799000.0,0.273,89799000.0,73098000.0,68729000.0,0.85,0.83,0.85,651827000.0,,651827000.0,2690713678.0,12.0,9.104,60220000.0,1.222,1.0,193974000.0,0.591,924085000.0,4369000.0,348355000.0,,41562000.0,0.0,0.0,0.0,839481000.0,439080000.0,400401000.0,2423327678.0,27174000.0,-125000.0,-7775000.0,-20000000.0,-6897000.0,-33117000.0,-6366000.0,0.0,66657000.0,0.0,42182000.0,42182000.0,42182000.0,-133000.0,0.0,0.128,121113000.0,72861000.0,48462000.0,0.165,3.718,18.779,18.942,192956000.0,0.0,49.06,1.991,2.006,176669000.0,550115000.0,328367000.0,328367000.0,0.0,,,,,2164000.0,112130000.0,1.0,49395183.0,49279000.0,50557000.0,6.663,567223000.0,0.0,26547000.0,153747000.0,11.51,-134585000.0
65,MDP,MRQ,2005-03-31,2005-03-31,2005-03-31,2021-09-10,-284000.0,1479698000.0,,287316000.0,1192382000.0,,12.514,-9652000.0,2614000.0,2614000.0,136699000.0,35228000.0,0.655,1.382,270000000.0,125000000.0,145000000.0,270000000.0,250582000.0,16341000.0,0.0,0.011,0.14,62561000.0,78902000.0,0.258,78902000.0,62561000.0,57467000.0,0.71,0.69,0.71,621300000.0,,621300000.0,2610884129.0,12.0,9.032,39697000.0,0.8,1.0,168818000.0,0.553,931235000.0,5094000.0,377243000.0,,39244000.0,0.0,0.0,0.0,858398000.0,438606000.0,419792000.0,2336540129.0,-23042000.0,2050000.0,-31974000.0,-30000000.0,-6931000.0,-68244000.0,-4147000.0,0.0,49349000.0,0.0,35228000.0,35228000.0,35228000.0,0.0,0.0,0.115,106516000.0,62302000.0,31743000.0,0.197,3.761,18.762,18.7,194906000.0,0.0,46.75,1.95,1.937,187568000.0,520531000.0,305517000.0,305517000.0,0.0,,,,,2325000.0,97685000.0,1.0,49979468.0,49649000.0,50990000.0,6.154,548463000.0,0.0,22239000.0,211540000.0,11.047,-151290000.0
66,MDP,MRQ,2004-12-31,2004-12-31,2004-12-31,2021-09-10,-284000.0,1507255000.0,,310481000.0,1196774000.0,,12.448,-3566000.0,25656000.0,25656000.0,123403000.0,27715000.0,0.714,1.426,300000000.0,125000000.0,175000000.0,300000000.0,250347000.0,16501000.0,0.0,0.009,0.12,49817000.0,66318000.0,0.225,66318000.0,49817000.0,44647000.0,0.56,0.54,0.56,621310000.0,,621310000.0,2956210691.0,14.0,10.441,10891000.0,0.218,1.0,171150000.0,0.581,940046000.0,5170000.0,406474000.0,,37638000.0,0.0,0.0,0.0,885945000.0,435079000.0,450866000.0,2709965691.0,-28099000.0,-27104000.0,-6768000.0,0.0,-5986000.0,-11886000.0,-30670000.0,0.0,14457000.0,0.0,27715000.0,27715000.0,27715000.0,0.0,0.0,0.094,122449000.0,48701000.0,40972000.0,0.214,4.362,22.481,22.49,194788000.0,0.0,54.2,2.273,2.269,178306000.0,521200000.0,294553000.0,294553000.0,0.0,,,,,5000.0,113703000.0,1.0,49999367.0,49912000.0,51469000.0,5.901,567209000.0,0.0,16932000.0,190444000.0,11.364,-124598000.0
67,MDP,MRQ,2004-09-30,2004-09-30,2004-09-30,2021-09-10,-390000.0,1490561000.0,,329690000.0,1160871000.0,,11.582,-4190000.0,53755000.0,53755000.0,129176000.0,23917000.0,0.749,1.56,300000000.0,125000000.0,175000000.0,300000000.0,247734000.0,16344000.0,0.0,0.009,0.12,44190000.0,60534000.0,0.21,60534000.0,44190000.0,39018000.0,0.48,0.46,0.48,582192000.0,,582192000.0,2833105853.0,14.0,10.594,36251000.0,0.721,1.0,159687000.0,0.553,908991000.0,5172000.0,387389000.0,,36416000.0,0.0,0.0,0.0,908369000.0,440426000.0,467943000.0,2591828853.0,-4968000.0,-8158000.0,-27503000.0,0.0,-6014000.0,-32811000.0,-12598000.0,0.0,40441000.0,0.0,23917000.0,23917000.0,23917000.0,0.0,0.0,0.083,115714000.0,43973000.0,46581000.0,0.25,4.452,23.48,23.355,193822000.0,0.0,51.38,2.2,2.193,168048000.0,534557000.0,288863000.0,288863000.0,0.0,,,,,2366000.0,107283000.0,1.0,50444314.0,50267000.0,51859000.0,5.747,581570000.0,0.0,15101000.0,206762000.0,11.57,-110736000.0
68,MDP,MRQ,2004-06-30,2004-06-30,2004-06-30,2021-09-10,-427000.0,1465927000.0,,314014000.0,1151913000.0,,12.118,-7866000.0,58723000.0,58723000.0,125024000.0,37678000.0,0.847,1.403,300000000.0,75000000.0,225000000.0,300000000.0,253187000.0,16344000.0,0.0,0.008,0.12,66976000.0,83320000.0,0.27,83320000.0,66976000.0,61458000.0,0.75,0.72,0.75,609971000.0,,609971000.0,3056304572.0,16.0,11.817,58412000.0,1.16,1.0,184026000.0,0.595,882207000.0,5518000.0,454247000.0,,31262000.0,0.0,0.0,0.0,855956000.0,370750000.0,485206000.0,2761379572.0,48648000.0,0.0,-616000.0,-5000000.0,-6047000.0,-8132000.0,-9498000.0,0.0,66278000.0,0.0,37678000.0,37678000.0,37678000.0,0.0,0.0,0.122,117151000.0,66875000.0,42684000.0,0.16,4.527,26.562,26.551,195799000.0,0.0,54.96,2.377,2.376,164876000.0,495808000.0,309050000.0,309050000.0,0.0,,,,,-548000.0,108190000.0,1.0,50243442.0,50337000.0,52091000.0,6.14,583720000.0,0.0,23780000.0,109691000.0,11.596,-56736000.0
69,MDP,MRQ,2004-03-31,2004-03-31,2004-03-31,2021-09-10,-441000.0,1449761000.0,,286443000.0,1163318000.0,,11.072,-5267000.0,10075000.0,10075000.0,132700000.0,31234000.0,0.743,1.608,305000000.0,75000000.0,230000000.0,305000000.0,268033000.0,16362000.0,0.0,0.008,0.12,56601000.0,72963000.0,0.244,72963000.0,56601000.0,50954000.0,0.62,0.6,0.62,555830000.0,,555830000.0,2856698595.0,17.0,11.94,30609000.0,0.61,1.0,166853000.0,0.557,898351000.0,5647000.0,460872000.0,,29324000.0,0.0,0.0,0.0,893931000.0,385463000.0,508468000.0,2536391595.0,382000.0,0.0,-2000000.0,-25000000.0,-6034000.0,-29872000.0,-5622000.0,0.0,35876000.0,0.0,31234000.0,31234000.0,31234000.0,0.0,0.0,0.104,110292000.0,56561000.0,34219000.0,0.194,4.563,28.747,28.727,195482000.0,0.0,50.56,2.2,2.202,175897000.0,507024000.0,299553000.0,299553000.0,0.0,,,,,-176000.0,101562000.0,1.0,50165973.0,50203000.0,51953000.0,5.967,551410000.0,0.0,19720000.0,88127000.0,10.984,-99020000.0
70,MDP,MRQ,2003-12-31,2003-12-31,2003-12-31,2021-09-10,-834000.0,1443118000.0,,275199000.0,1167919000.0,,10.487,-5113000.0,9693000.0,9693000.0,121719000.0,17557000.0,0.897,1.745,330000000.0,0.0,330000000.0,330000000.0,269609000.0,16242000.0,0.0,0.008,0.095,34358000.0,50600000.0,0.18,50600000.0,34358000.0,28645000.0,0.35,0.34,0.35,525798000.0,,525798000.0,2794264573.0,18.0,11.995,35806000.0,0.714,1.0,158660000.0,0.566,906033000.0,5713000.0,550593000.0,,32411000.0,0.0,0.0,0.0,917320000.0,306799000.0,610521000.0,2448667573.0,290000.0,0.0,-6898000.0,-25000000.0,-4760000.0,-35340000.0,-5289000.0,0.0,40919000.0,0.0,17557000.0,17557000.0,17557000.0,0.0,0.0,0.063,124337000.0,34323000.0,37621000.0,0.271,4.657,29.687,29.582,198052000.0,0.0,48.81,2.164,2.163,155096000.0,478616000.0,280379000.0,280379000.0,0.0,,,,,4906000.0,115489000.0,1.0,50167334.0,50137000.0,51850000.0,5.592,537085000.0,0.0,11088000.0,85856000.0,10.712,-31600000.0
71,MDP,MRQ,2003-09-30,2003-09-30,2003-09-30,2021-09-10,-1230000.0,1456821000.0,,290208000.0,1166613000.0,,10.278,-6289000.0,9403000.0,9403000.0,123051000.0,19050000.0,0.931,1.825,355000000.0,0.0,355000000.0,355000000.0,262415000.0,17366000.0,0.0,0.008,0.095,36926000.0,54292000.0,0.199,54292000.0,36926000.0,31078000.0,0.38,0.37,0.38,515743000.0,,515743000.0,2669642921.0,16.0,11.233,13663000.0,0.272,1.0,149619000.0,0.549,912831000.0,5848000.0,577813000.0,,35055000.0,0.0,0.0,0.0,941078000.0,311774000.0,629304000.0,2316936921.0,-12891000.0,0.0,-1587000.0,-20000000.0,-4767000.0,-26354000.0,-6489000.0,0.0,19952000.0,0.0,19050000.0,19050000.0,19050000.0,0.0,0.0,0.07,112742000.0,36877000.0,47429000.0,0.25,4.492,27.501,27.32,200404000.0,0.0,46.17,2.101,2.101,160036000.0,463998000.0,272670000.0,272670000.0,0.0,,,,,0.0,104038000.0,1.0,50182736.0,50179000.0,51557000.0,5.434,543990000.0,0.0,12028000.0,165501000.0,10.841,-21566000.0
72,MDP,MRQ,2003-06-30,2003-06-30,2003-06-30,2021-09-10,-1550000.0,1431824000.0,,268429000.0,1163395000.0,,9.971,-5450000.0,22294000.0,22294000.0,128075000.0,20389000.0,0.903,1.877,375000000.0,0.0,375000000.0,375000000.0,260902000.0,22034000.0,0.0,0.008,0.095,39371000.0,61405000.0,0.205,61405000.0,39371000.0,33259000.0,0.41,0.4,0.41,497763000.0,,497763000.0,2591869008.0,34.0,17.405,44759000.0,0.897,1.0,172080000.0,0.573,894775000.0,6112000.0,592556000.0,,27148000.0,0.0,0.0,0.0,934061000.0,297199000.0,636862000.0,2188392008.0,10771000.0,313000.0,1221000.0,-40000000.0,-4756000.0,-31631000.0,-7807000.0,0.0,50209000.0,0.0,20389000.0,20389000.0,20389000.0,0.0,0.0,0.068,131512000.0,40568000.0,38907000.0,0.232,4.396,-534.928,-550.0,201484000.0,0.0,44.0,2.026,2.025,144717000.0,445962000.0,300155000.0,300155000.0,0.0,,,,,-577000.0,118862000.0,1.0,49736182.0,49919000.0,51924000.0,6.013,537049000.0,0.0,12870000.0,100532000.0,10.758,-28770000.0
73,MDP,MRQ,2003-03-31,2003-03-31,2003-03-31,2021-09-10,-2223000.0,1478595000.0,,302216000.0,1176379000.0,,9.387,-4240000.0,11523000.0,11523000.0,122208000.0,25488000.0,0.897,2.166,415000000.0,0.0,415000000.0,415000000.0,273807000.0,18509000.0,0.0,0.01,0.095,48139000.0,66648000.0,0.24,66648000.0,48139000.0,41571000.0,0.51,0.5,0.51,467096000.0,,467096000.0,2316537686.0,17.0,10.734,18612000.0,0.374,1.0,155968000.0,0.561,913169000.0,6568000.0,631921000.0,,35687000.0,0.0,0.0,0.0,1011499000.0,336982000.0,674517000.0,1900175686.0,3885000.0,-2597000.0,-6132000.0,-9000000.0,-4729000.0,-19861000.0,894000.0,0.0,22852000.0,0.0,25488000.0,25488000.0,25488000.0,0.0,0.0,0.092,108018000.0,47950000.0,40516000.0,0.186,4.068,60.037,59.656,203691000.0,0.0,38.18,1.815,1.814,156605000.0,421120000.0,278176000.0,278176000.0,0.0,,,,,0.0,98557000.0,1.0,49768876.0,49761000.0,51041000.0,5.59,565426000.0,0.0,16083000.0,56334000.0,11.363,-34766000.0
74,MDP,MRQ,2002-12-31,2002-12-31,2002-12-31,2021-09-10,-2546000.0,1438158000.0,,263997000.0,1174161000.0,,9.059,-8374000.0,7638000.0,7638000.0,104246000.0,19321000.0,0.808,2.197,424000000.0,0.0,424000000.0,424000000.0,249040000.0,17199000.0,0.0,0.009,0.09,38119000.0,55318000.0,0.22,55318000.0,38119000.0,31527000.0,0.39,0.38,0.39,449814000.0,,449814000.0,2387116378.0,19.0,11.425,49772000.0,1.002,1.0,147465000.0,0.586,921992000.0,6592000.0,605781000.0,,33661000.0,0.0,0.0,0.0,988344000.0,326747000.0,661597000.0,2038880378.0,-9126000.0,-114997000.0,1576000.0,59000000.0,-4477000.0,56099000.0,-123371000.0,0.0,58146000.0,0.0,19321000.0,19321000.0,19321000.0,0.0,0.0,0.077,109172000.0,38293000.0,40931000.0,0.231,4.533,84.791,83.898,214073000.0,0.0,41.11,1.989,1.991,125596000.0,403162000.0,251711000.0,251711000.0,0.0,,,,,0.0,102098000.0,1.0,49595728.0,49652000.0,51247000.0,5.07,516166000.0,0.0,12206000.0,50017000.0,10.396,-62750000.0
75,MDP,MRQ,2002-09-30,2002-09-30,2002-09-30,2021-09-10,-2678000.0,1343577000.0,,284800000.0,1058777000.0,,8.673,-8581000.0,16764000.0,16764000.0,110235000.0,-69289000.0,0.922,2.13,365000000.0,0.0,365000000.0,365000000.0,232588000.0,15941000.0,0.0,0.008,0.09,-50393000.0,-34452000.0,-0.138,-34452000.0,-50393000.0,-58897000.0,-1.4,-1.36,-1.4,429254000.0,,429254000.0,2485735260.0,23.0,12.522,20663000.0,0.417,1.0,139827000.0,0.559,815407000.0,8504000.0,567567000.0,,31696000.0,0.0,0.0,0.0,914323000.0,308839000.0,605484000.0,2128960260.0,-11461000.0,0.0,-5674000.0,-20000000.0,-4450000.0,-30124000.0,-10581000.0,0.0,29244000.0,0.0,-69289000.0,-69289000.0,-69289000.0,0.0,0.0,-0.277,104669000.0,35158000.0,39502000.0,-0.064,4.96,158.535,153.75,212732000.0,0.0,43.05,2.126,2.128,134244000.0,384005000.0,250062000.0,250062000.0,0.0,,,,,0.0,97514000.0,1.0,49453200.0,49494000.0,50891000.0,5.052,528170000.0,11207000.0,10392000.0,145074000.0,10.671,-24039000.0
76,MDP,MRQ,2002-06-30,2002-06-30,2002-06-30,2021-09-10,-2310000.0,1460264000.0,,272211000.0,1188053000.0,,10.235,-6848000.0,28225000.0,28225000.0,112799000.0,56130000.0,0.886,1.876,385000000.0,0.0,385000000.0,385000000.0,232918000.0,24903000.0,0.0,0.009,0.09,103401000.0,128304000.0,0.48,128304000.0,103401000.0,91567000.0,1.14,1.1,1.14,507717000.0,,507717000.0,2301261282.0,13.0,8.336,47825000.0,0.964,1.0,154361000.0,0.578,926716000.0,11834000.0,582917000.0,,32921000.0,0.0,0.0,0.0,952547000.0,307406000.0,645141000.0,1902367282.0,17119000.0,0.0,-3426000.0,-25000000.0,-4466000.0,-33528000.0,-4026000.0,0.0,54673000.0,0.0,56130000.0,56130000.0,56130000.0,0.0,0.0,0.21,112988000.0,41373000.0,42749000.0,0.079,3.747,20.818,20.73,211250000.0,0.0,38.35,1.926,1.923,128204000.0,462057000.0,267160000.0,267160000.0,0.0,,,,,0.0,99892000.0,1.0,49605405.0,49606000.0,51182000.0,5.386,533548000.0,0.0,35437000.0,138712000.0,10.756,-35195000.0
77,MDP,MRQ,2002-03-31,2002-03-31,2002-03-31,2021-09-10,-3553000.0,1405768000.0,,281159000.0,1124609000.0,,9.249,-5683000.0,11106000.0,11106000.0,114331000.0,17884000.0,0.946,2.075,410000000.0,10000000.0,400000000.0,410000000.0,240910000.0,23996000.0,0.0,0.008,0.09,35780000.0,59776000.0,0.233,59776000.0,35780000.0,29174000.0,0.36,0.35,0.36,457157000.0,,457157000.0,2511789771.0,24.0,12.173,22492000.0,0.455,1.0,141864000.0,0.554,886794000.0,6606000.0,620611000.0,,31466000.0,0.0,0.0,0.0,948611000.0,297257000.0,651354000.0,2097978771.0,-83000.0,0.0,-1418000.0,-15000000.0,-4454000.0,-21663000.0,-6595000.0,0.0,28175000.0,0.0,17884000.0,17884000.0,17884000.0,0.0,0.0,0.07,106186000.0,35678000.0,29584000.0,0.25,4.589,44.516,44.747,199025000.0,0.0,42.51,2.139,2.142,139510000.0,412630000.0,256195000.0,256195000.0,0.0,,,,,0.0,92692000.0,1.0,49352594.0,49428000.0,50885000.0,5.183,518974000.0,19465000.0,11290000.0,161759000.0,10.5,-16098000.0
78,MDP,MRQ,2001-12-31,2001-12-31,2001-12-31,2021-09-10,-4793000.0,1415712000.0,,278467000.0,1137245000.0,,8.901,-5476000.0,11189000.0,11189000.0,98267000.0,8704000.0,0.861,2.223,425000000.0,25000000.0,400000000.0,425000000.0,233725000.0,23230000.0,0.0,0.01,0.085,21655000.0,44885000.0,0.197,44885000.0,21655000.0,14198000.0,0.18,0.17,0.18,439304000.0,,439304000.0,2208806534.0,20.0,10.673,45244000.0,0.917,1.0,129698000.0,0.569,901504000.0,7457000.0,604473000.0,,39243000.0,0.0,0.0,0.0,976408000.0,323546000.0,652862000.0,1758120534.0,6875000.0,0.0,-5220000.0,-30000000.0,-4194000.0,-38895000.0,-4950000.0,0.0,50720000.0,0.0,8704000.0,8704000.0,8704000.0,0.0,0.0,0.038,110186000.0,19512000.0,38651000.0,0.472,4.002,36.529,36.753,200454000.0,0.0,35.65,1.763,1.765,119087000.0,396442000.0,227965000.0,227965000.0,0.0,,,,,0.0,96713000.0,1.0,49316144.0,49353000.0,50612000.0,4.619,514208000.0,19379000.0,5494000.0,163884000.0,10.419,-45079000.0
79,MDP,MRQ,2001-09-30,2001-09-30,2001-09-30,2021-09-10,-5662000.0,1432511000.0,,286107000.0,1146404000.0,,8.806,-5358000.0,4314000.0,4314000.0,108248000.0,8663000.0,0.837,2.272,455000000.0,55000000.0,400000000.0,455000000.0,224024000.0,21641000.0,0.0,0.011,0.09,21446000.0,43087000.0,0.182,43087000.0,21446000.0,14133000.0,0.17,0.17,0.17,437839000.0,,437839000.0,2033642964.0,15.0,8.794,-2139000.0,-0.043,1.0,128261000.0,0.542,917529000.0,7313000.0,623839000.0,,37676000.0,0.0,0.0,0.0,994672000.0,341829000.0,652843000.0,1599896964.0,-31940000.0,0.0,-11553000.0,-15000000.0,-4229000.0,-30510000.0,-4649000.0,0.0,3219000.0,0.0,8663000.0,8663000.0,8663000.0,0.0,0.0,0.037,106975000.0,21286000.0,42797000.0,0.529,3.654,25.209,25.299,201942000.0,0.0,32.13,1.553,1.551,135219000.0,396064000.0,236509000.0,236509000.0,0.0,,,,,0.0,93398000.0,1.0,49794490.0,49723000.0,51004000.0,4.757,514982000.0,19291000.0,5470000.0,147620000.0,10.357,-55722000.0
80,MDP,MRQ,2001-06-30,2001-06-30,2001-06-30,2021-09-10,-1967000.0,1437747000.0,,291082000.0,1146665000.0,,9.006,-11393000.0,36254000.0,36254000.0,121195000.0,11878000.0,0.784,2.21,470000000.0,70000000.0,400000000.0,470000000.0,221302000.0,31448000.0,0.0,0.009,0.09,27144000.0,58592000.0,0.225,58592000.0,27144000.0,19307000.0,0.24,0.23,0.24,447908000.0,,447908000.0,2275258561.0,15.0,9.293,48862000.0,0.982,1.0,139039000.0,0.534,891387000.0,7837000.0,608700000.0,,32835000.0,0.0,0.0,0.0,989839000.0,371406000.0,618433000.0,1780661561.0,25851000.0,20150000.0,-5458000.0,-35000000.0,-4228000.0,-45614000.0,11210000.0,0.0,60255000.0,0.0,11878000.0,11878000.0,11878000.0,0.0,0.0,0.046,133723000.0,5316000.0,45976000.0,0.375,3.976,24.984,25.042,203798000.0,0.0,35.81,1.707,1.715,137384000.0,402393000.0,260234000.0,260234000.0,0.0,,,,,0.0,95314000.0,1.0,49725260.0,49734000.0,51249000.0,5.233,546360000.0,0.0,7429000.0,99537000.0,10.986,-80324000.0
81,MDP,MRQ,2001-03-31,2001-03-31,2001-03-31,2021-09-10,-1727000.0,1440241000.0,,282240000.0,1158001000.0,,8.886,-13506000.0,10403000.0,10403000.0,122843000.0,18884000.0,0.949,2.249,505000000.0,20000000.0,485000000.0,505000000.0,233618000.0,21478000.0,0.0,0.009,0.085,38911000.0,60389000.0,0.222,60389000.0,38911000.0,30808000.0,0.38,0.37,0.38,443232000.0,,443232000.0,2234881509.0,16.0,9.677,13501000.0,0.271,1.0,149464000.0,0.549,904318000.0,8103000.0,733249000.0,,36298000.0,0.0,0.0,0.0,997009000.0,297271000.0,699738000.0,1742360509.0,554000.0,0.0,-11603000.0,2630000.0,-4241000.0,-12874000.0,-13579000.0,0.0,27007000.0,0.0,18884000.0,18884000.0,18884000.0,0.0,0.0,0.069,110752000.0,38712000.0,37626000.0,0.224,3.931,28.046,27.928,199788000.0,0.0,34.91,1.645,1.644,145742000.0,397582000.0,272307000.0,272307000.0,0.0,,,,,0.0,97905000.0,1.0,49910069.0,49881000.0,51369000.0,5.459,535923000.0,12772000.0,11924000.0,139384000.0,10.744,-15031000.0
82,MDP,MRQ,2000-12-31,2000-12-31,2000-12-31,2021-09-10,-198000.0,1444499000.0,,282668000.0,1161831000.0,,8.786,-10360000.0,9849000.0,9849000.0,107576000.0,24041000.0,0.815,2.287,502370000.0,57370000.0,445000000.0,502370000.0,233516000.0,21507000.0,0.0,0.01,0.08,47687000.0,69194000.0,0.265,69194000.0,47687000.0,39218000.0,0.48,0.47,0.48,439470000.0,,439470000.0,2110105631.0,14.0,8.677,17574000.0,0.351,1.0,153312000.0,0.588,918391000.0,8469000.0,671957000.0,,42184000.0,0.0,0.0,0.0,1005029000.0,346672000.0,658357000.0,1610452631.0,-5498000.0,0.0,-5419000.0,-12630000.0,-4002000.0,-21758000.0,-11674000.0,0.0,27934000.0,0.0,24041000.0,24041000.0,24041000.0,0.0,0.0,0.092,105894000.0,47418000.0,33661000.0,0.167,3.665,23.663,23.844,192625000.0,0.0,32.19,1.5,1.499,136270000.0,392538000.0,260888000.0,260888000.0,0.0,,,,,0.0,93109000.0,1.0,50029594.0,50019000.0,51275000.0,5.216,526108000.0,12483000.0,15177000.0,145746000.0,10.518,-64004000.0
83,MDP,MRQ,2000-09-30,2000-09-30,2000-09-30,2021-09-10,657000.0,1453278000.0,,289101000.0,1164177000.0,,8.452,-20708000.0,15347000.0,15347000.0,110545000.0,16469000.0,0.818,2.42,515000000.0,50000000.0,465000000.0,515000000.0,232909000.0,21266000.0,0.0,0.011,0.08,35387000.0,56653000.0,0.227,56653000.0,35387000.0,26867000.0,0.33,0.32,0.33,424915000.0,,424915000.0,1968479626.0,12.0,7.962,1187000.0,0.024,1.0,139477000.0,0.558,931599000.0,8520000.0,667791000.0,,38184000.0,0.0,0.0,0.0,1028363000.0,353541000.0,674822000.0,1486340626.0,-7514000.0,0.0,-12159000.0,10000000.0,-4011000.0,-5875000.0,-23534000.0,0.0,21895000.0,0.0,16469000.0,16469000.0,16469000.0,0.0,0.0,0.066,104299000.0,35178000.0,42853000.0,0.242,3.498,21.394,21.691,188529000.0,0.0,29.5,1.377,1.374,134210000.0,376725000.0,250022000.0,250022000.0,0.0,,,,,0.0,91460000.0,1.0,50384428.0,50272000.0,51522000.0,4.973,521679000.0,11407000.0,10398000.0,138560000.0,10.377,-64440000.0
84,MDP,MRQ,2000-06-30,2000-06-30,2000-06-30,2021-09-10,-776000.0,1439773000.0,,288799000.0,1150974000.0,,7.506,-9762000.0,22861000.0,22861000.0,116027000.0,2732000.0,0.805,2.678,505000000.0,50000000.0,455000000.0,505000000.0,234785000.0,23106000.0,0.0,0.009,0.08,21616000.0,44722000.0,0.162,44722000.0,21616000.0,13376000.0,0.06,0.06,0.06,379844000.0,,379844000.0,2225129070.0,14.0,8.895,52797000.0,1.043,1.0,159967000.0,0.58,922186000.0,8240000.0,641025000.0,,35805000.0,0.0,0.0,0.0,1017264000.0,358701000.0,658563000.0,1709435070.0,8555000.0,0.0,-10687000.0,-25000000.0,-4039000.0,-39424000.0,-14580000.0,0.0,62559000.0,0.0,2732000.0,2732000.0,2732000.0,0.0,0.0,0.01,138710000.0,21257000.0,53892000.0,1.333,4.5,24.066,24.457,174157000.0,0.0,33.75,1.569,1.59,145845000.0,334448000.0,275994000.0,275994000.0,0.0,,,,,0.0,102286000.0,1.0,50649928.0,50608000.0,51799000.0,5.454,517587000.0,0.0,10644000.0,85749000.0,10.227,-69902000.0
85,MDP,MRQ,2000-03-31,2000-03-31,2000-03-31,2021-09-10,-807000.0,1472986000.0,,303001000.0,1169985000.0,,7.771,-14760000.0,14306000.0,14306000.0,121830000.0,24816000.0,0.882,2.609,530000000.0,45000000.0,485000000.0,530000000.0,247064000.0,22467000.0,0.0,0.012,0.08,50155000.0,72622000.0,0.253,72622000.0,50155000.0,41498000.0,0.48,0.47,0.48,398466000.0,,398466000.0,1936180871.0,10.0,6.942,26453000.0,0.516,1.0,165113000.0,0.575,952220000.0,8657000.0,693076000.0,,37721000.0,0.0,0.0,0.0,1039519000.0,343384000.0,696135000.0,1424261871.0,-3775000.0,0.0,-26040000.0,0.0,-4102000.0,-29947000.0,-15041000.0,0.0,41213000.0,0.0,24816000.0,24816000.0,24816000.0,0.0,0.0,0.086,115357000.0,49756000.0,39848000.0,0.167,3.574,15.543,15.644,171332000.0,0.0,27.69,1.314,1.31,161813000.0,353114000.0,286943000.0,286943000.0,0.0,,,,,0.0,102357000.0,1.0,51435965.0,51275000.0,52621000.0,5.596,520766000.0,11169000.0,16682000.0,131731000.0,10.156,-40383000.0
86,MDP,MRQ,1999-12-31,1999-12-31,1999-12-31,2021-09-10,-751000.0,1454520000.0,,290596000.0,1163924000.0,,7.352,-6116000.0,18081000.0,18081000.0,108361000.0,25459000.0,0.878,2.682,530000000.0,45000000.0,485000000.0,530000000.0,231354000.0,21493000.0,0.0,0.008,0.08,51754000.0,73247000.0,0.275,73247000.0,51754000.0,42573000.0,0.49,0.48,0.49,379349000.0,,379349000.0,2670776967.0,15.0,9.906,20165000.0,0.391,1.0,157768000.0,0.593,965274000.0,9181000.0,670183000.0,,33940000.0,0.0,0.0,0.0,1017261000.0,330982000.0,686279000.0,2152037967.0,6820000.0,0.0,-7782000.0,0.0,-3867000.0,-11418000.0,-8043000.0,0.0,26281000.0,0.0,25459000.0,25459000.0,25459000.0,0.0,0.0,0.096,106161000.0,51607000.0,30630000.0,0.163,5.673,24.206,24.238,162668000.0,0.0,41.69,2.027,2.026,153664000.0,333114000.0,266129000.0,266129000.0,0.0,,,,,0.0,93083000.0,1.0,51620004.0,51596000.0,53303000.0,5.158,489246000.0,0.0,17114000.0,127665000.0,9.482,-40386000.0
87,MDP,MRQ,1999-09-30,1999-09-30,1999-09-30,2021-09-10,-757000.0,1456291000.0,,284641000.0,1171650000.0,,7.117,-8765000.0,11261000.0,11261000.0,107997000.0,18023000.0,0.805,2.806,530000000.0,45000000.0,485000000.0,530000000.0,224490000.0,20548000.0,0.0,0.009,0.08,39007000.0,59555000.0,0.229,59555000.0,39007000.0,30139000.0,0.35,0.34,0.35,368467000.0,,368467000.0,2399847809.0,14.0,9.127,9198000.0,0.178,1.0,152407000.0,0.585,980684000.0,8868000.0,640934000.0,,35516000.0,0.0,0.0,0.0,1033750000.0,353412000.0,680338000.0,1880876809.0,232000.0,0.0,-5414000.0,0.0,-3884000.0,-9136000.0,-8595000.0,0.0,17963000.0,0.0,18023000.0,18023000.0,18023000.0,0.0,0.0,0.069,113690000.0,38717000.0,47220000.0,0.229,5.105,21.165,21.234,162523000.0,0.0,36.31,1.79,1.789,151140000.0,320889000.0,260404000.0,260404000.0,0.0,,,,,0.0,100747000.0,1.0,51800518.0,51773000.0,53373000.0,5.03,475607000.0,0.0,12116000.0,126188000.0,9.186,-68771000.0
88,MDP,MRQ,1999-06-30,1999-06-30,1999-06-30,2021-09-10,-625000.0,1423396000.0,,256175000.0,1167221000.0,,6.943,-8801000.0,11029000.0,11029000.0,113811000.0,23336000.0,0.744,2.805,530000000.0,45000000.0,485000000.0,530000000.0,226021000.0,27182000.0,0.0,0.009,0.08,46312000.0,73494000.0,0.272,73494000.0,46312000.0,37329000.0,0.45,0.44,0.45,360158000.0,,360158000.0,2350217297.0,13.0,9.153,40408000.0,0.779,1.0,156429000.0,0.579,961679000.0,8983000.0,636573000.0,,33511000.0,0.0,0.0,0.0,1010091000.0,344115000.0,665976000.0,1795922297.0,-19676000.0,0.0,-2599000.0,-55000000.0,-3890000.0,-61222000.0,-7663000.0,0.0,49209000.0,0.0,23336000.0,23336000.0,23336000.0,0.0,0.0,0.086,110280000.0,46149000.0,55018000.0,0.178,4.986,20.031,20.128,159756000.0,0.0,34.62,1.733,1.744,138723000.0,312553000.0,270240000.0,270240000.0,0.0,,,,,0.0,97122000.0,1.0,51875283.0,51870000.0,53404000.0,5.21,461717000.0,0.0,13993000.0,68782000.0,8.901,-87940000.0
89,MDP,MRQ,1999-03-31,1999-03-31,1999-03-31,2021-09-10,-882000.0,1470131000.0,,290832000.0,1179299000.0,,6.676,-8579000.0,30705000.0,30705000.0,106867000.0,22087000.0,0.848,3.091,585000000.0,40000000.0,545000000.0,585000000.0,237988000.0,19719000.0,0.0,0.009,0.08,43607000.0,63326000.0,0.239,63326000.0,43607000.0,38279000.0,0.43,0.41,0.43,347574000.0,,347574000.0,1849323712.0,11.0,7.58,40737000.0,0.782,1.0,158254000.0,0.597,944318000.0,5328000.0,737033000.0,,35111000.0,0.0,0.0,0.0,1074296000.0,343075000.0,731221000.0,1638017712.0,30011000.0,-372186000.0,-9267000.0,373000000.0,-3904000.0,359097000.0,-378402000.0,0.0,49316000.0,0.0,22087000.0,22087000.0,22087000.0,0.0,0.0,0.083,115024000.0,43230000.0,41411000.0,0.186,4.713,18.479,18.604,157287000.0,0.0,31.44,1.581,1.58,146054000.0,300413000.0,265121000.0,265121000.0,0.0,,,,,0.0,104159000.0,1.0,52099800.0,52061000.0,53598000.0,5.093,525813000.0,0.0,16192000.0,116760000.0,10.1,-52243000.0
90,MDP,MRQ,1998-12-31,1998-12-31,1998-12-31,2021-09-10,-878000.0,1082269000.0,,263004000.0,819265000.0,,6.019,-6808000.0,694000.0,694000.0,102267000.0,25423000.0,0.777,2.208,212000000.0,45000000.0,167000000.0,212000000.0,236714000.0,18621000.0,0.0,0.007,0.07,47935000.0,66556000.0,0.261,66556000.0,47935000.0,44060000.0,0.48,0.47,0.48,314825000.0,,314825000.0,2186094071.0,13.0,9.261,6247000.0,0.119,1.0,152657000.0,0.599,587507000.0,3875000.0,367694000.0,,45097000.0,0.0,0.0,0.0,694988000.0,338374000.0,356614000.0,1981926071.0,-5138000.0,0.0,-7962000.0,2000000.0,-3662000.0,-9763000.0,-8430000.0,0.0,13055000.0,0.0,25423000.0,25423000.0,25423000.0,0.0,0.0,0.1,104854000.0,47803000.0,33554000.0,0.146,6.295,22.868,23.098,148432000.0,0.0,37.88,1.923,1.922,133414000.0,267484000.0,254924000.0,254924000.0,0.0,,,,,0.0,94836000.0,1.0,52321174.0,52304000.0,53849000.0,4.874,494762000.0,0.0,18637000.0,110204000.0,9.459,-75370000.0
91,MDP,MRQ,1998-09-30,1998-09-30,1998-09-30,2021-09-10,-971000.0,1074954000.0,,256464000.0,818490000.0,,5.918,-1503000.0,5832000.0,5832000.0,106903000.0,18811000.0,0.732,2.259,210000000.0,43000000.0,167000000.0,210000000.0,234898000.0,17090000.0,0.0,0.009,0.07,36318000.0,53408000.0,0.217,53408000.0,36318000.0,32507000.0,0.36,0.35,0.36,310788000.0,,310788000.0,1888868920.0,12.0,8.252,21593000.0,0.411,1.0,138934000.0,0.565,592429000.0,3811000.0,336402000.0,,32501000.0,0.0,0.0,0.0,702086000.0,350291000.0,351795000.0,1678821920.0,879000.0,9922000.0,-21464000.0,-5000000.0,-3673000.0,-30183000.0,7966000.0,0.0,23096000.0,0.0,18811000.0,18811000.0,18811000.0,0.0,0.0,0.077,105029000.0,33905000.0,47623000.0,0.194,5.402,20.087,20.253,146690000.0,0.0,32.0,1.638,1.64,138082000.0,263445000.0,245837000.0,245837000.0,0.0,,,,,0.0,94987000.0,1.0,52463185.0,52518000.0,54192000.0,4.681,482525000.0,0.0,13696000.0,106031000.0,9.188,-93827000.0
92,MDP,MRQ,1998-06-30,1998-06-30,1998-06-30,2021-09-10,-1177000.0,1065989000.0,,246801000.0,819188000.0,,6.625,-9857000.0,4953000.0,4953000.0,106786000.0,22320000.0,0.712,1.966,215000000.0,40000000.0,175000000.0,215000000.0,237592000.0,17887000.0,0.0,0.006,0.07,42807000.0,60694000.0,0.225,60694000.0,42807000.0,38879000.0,0.42,0.42,0.42,349950000.0,,349950000.0,2713824987.0,18.0,12.432,10370000.0,0.196,1.0,163172000.0,0.604,612167000.0,3928000.0,317000000.0,,34765000.0,0.0,0.0,0.0,687976000.0,346869000.0,341107000.0,2478320987.0,-4543000.0,0.0,-4561000.0,-30000000.0,-3696000.0,-18706000.0,-6064000.0,0.0,20227000.0,0.0,22320000.0,22320000.0,22320000.0,0.0,0.0,0.083,120600000.0,42572000.0,63171000.0,0.167,7.082,31.034,31.086,151081000.0,0.0,46.94,2.454,2.461,138036000.0,301201000.0,269958000.0,269958000.0,0.0,,,,,0.0,110340000.0,1.0,52797635.0,52819000.0,53025000.0,5.111,453822000.0,0.0,16559000.0,54350000.0,8.592,-100068000.0
93,MDP,MRQ,1998-03-31,1998-03-31,1998-03-31,2021-09-10,0.0,1079002000.0,,261002000.0,818000000.0,,6.845,-12961000.0,9496000.0,9496000.0,106744000.0,20115000.0,0.883,1.982,245000000.0,0.0,245000000.0,245000000.0,250246000.0,16495000.0,0.0,0.007,0.07,38912000.0,55407000.0,0.213,55407000.0,38912000.0,34892000.0,0.38,0.37,0.38,361870000.0,,361870000.0,2495279091.0,17.0,11.623,50220000.0,0.95,1.0,153442000.0,0.59,602846000.0,4020000.0,415955000.0,,30293000.0,0.0,0.0,0.0,717132000.0,295705000.0,421427000.0,2225791091.0,8984000.0,0.0,-3184000.0,-25000000.0,-3703000.0,-39274000.0,-14923000.0,0.0,63181000.0,0.0,20115000.0,20115000.0,20115000.0,0.0,0.0,0.077,114807000.0,38635000.0,44737000.0,0.184,6.151,28.845,28.849,147278000.0,0.0,42.12,2.311,2.312,136091000.0,311621000.0,260186000.0,260186000.0,0.0,,,,,0.0,105613000.0,1.0,52844043.0,52865000.0,54366000.0,4.922,476156000.0,5688000.0,14777000.0,111800000.0,9.007,-34703000.0
94,MDP,MRQ,1997-12-31,1997-12-31,1997-12-31,2021-09-10,0.0,1085586000.0,,268481000.0,817105000.0,,6.561,-14968000.0,512000.0,512000.0,98638000.0,22332000.0,0.838,2.123,270000000.0,25000000.0,245000000.0,270000000.0,239695000.0,16215000.0,0.0,0.01,0.07,43163000.0,59378000.0,0.239,59378000.0,43163000.0,38913000.0,0.42,0.4,0.42,347593000.0,,347593000.0,2157617300.0,16.0,10.904,12200000.0,0.23,1.0,150246000.0,0.604,607553000.0,4250000.0,427142000.0,,30125000.0,0.0,0.0,0.0,737993000.0,320379000.0,417614000.0,1895118300.0,-6989000.0,0.0,-7362000.0,0.0,-3435000.0,-17562000.0,-16595000.0,0.0,27168000.0,0.0,22332000.0,22332000.0,22332000.0,0.0,0.0,0.09,107381000.0,42865000.0,49166000.0,0.167,5.452,25.108,25.134,138407000.0,0.0,35.69,2.046,2.042,135910000.0,297014000.0,248884000.0,248884000.0,0.0,,,,,0.0,98087000.0,1.0,53099420.0,52980000.0,55639000.0,4.698,478033000.0,11921000.0,16581000.0,106126000.0,9.023,-51898000.0
95,MDP,MRQ,1997-09-30,1997-09-30,1997-09-30,2021-09-10,0.0,1068664000.0,,257283000.0,811381000.0,,6.27,-8395000.0,7501000.0,7501000.0,96392000.0,15091000.0,0.827,2.209,270000000.0,25000000.0,245000000.0,270000000.0,235027000.0,13920000.0,0.0,0.011,0.07,28897000.0,42817000.0,0.185,42817000.0,28897000.0,26430000.0,0.29,0.27,0.29,333015000.0,,333015000.0,1683159402.0,11.0,8.501,6608000.0,0.124,1.0,134507000.0,0.583,612379000.0,2467000.0,407751000.0,,24659000.0,0.0,0.0,0.0,735649000.0,311033000.0,424616000.0,1757657402.0,-66997000.0,-375000000.0,-7701000.0,270000000.0,-3452000.0,253086000.0,-335086000.0,50371000.0,15003000.0,0.0,15091000.0,15091000.0,15091000.0,0.0,0.0,0.065,106078000.0,28429000.0,47445000.0,0.241,5.278,17.951,18.0,128257000.0,0.0,33.12,1.982,1.983,117213000.0,282521000.0,230899000.0,230899000.0,0.0,,,,,0.0,97986000.0,1.0,53069366.0,53115000.0,55383000.0,4.347,456285000.0,0.0,11339000.0,96769000.0,8.591,-53750000.0
96,MDP,MRQ,1997-06-30,1997-06-30,1997-06-30,2021-09-10,0.0,760901000.0,,337208000.0,423693000.0,,6.123,-10279000.0,74498000.0,74498000.0,81674000.0,19627000.0,1.213,1.327,0.0,0.0,0.0,0.0,240985000.0,23126000.0,0.0,0.014,0.07,33953000.0,57079000.0,0.256,57079000.0,33953000.0,33833000.0,0.37,0.36,0.37,326930000.0,,326930000.0,1498718871.0,10.0,7.982,19560000.0,0.366,1.0,141557000.0,0.634,273349000.0,120000.0,135094000.0,,30273000.0,50382000.0,50382000.0,0.0,433971000.0,277960000.0,156011000.0,1552140871.0,21076000.0,0.0,-8187000.0,0.0,-3459000.0,2954000.0,-11717000.0,-85000.0,29839000.0,0.0,19627000.0,19627000.0,19627000.0,0.0,0.0,0.088,109494000.0,32063000.0,48306000.0,0.189,4.748,16.289,16.292,90183000.0,0.0,29.0,1.815,1.816,93395000.0,276243000.0,223231000.0,223231000.0,0.0,,,,,0.0,103756000.0,1.0,53522099.0,53392000.0,55279000.0,4.181,487552000.0,0.0,14206000.0,47916000.0,9.132,59248000.0
97,MDP,MRQ,1997-03-31,1997-03-31,1997-03-31,2021-09-10,0.0,744944000.0,,317758000.0,427186000.0,,5.941,-5327000.0,53422000.0,53422000.0,89323000.0,18428000.0,1.155,1.342,0.0,0.0,0.0,0.0,247953000.0,6032000.0,0.0,0.02,0.13,32564000.0,38596000.0,0.173,38596000.0,32564000.0,32501000.0,0.34,0.33,0.34,318073000.0,,318073000.0,1161391021.0,8.0,6.318,21647000.0,0.404,1.0,133712000.0,0.6,274462000.0,63000.0,142038000.0,,25970000.0,50472000.0,50472000.0,0.0,426871000.0,275022000.0,151849000.0,1237526021.0,-22713000.0,0.0,-4671000.0,0.0,-3482000.0,-12119000.0,-37568000.0,-30412000.0,26974000.0,0.0,18428000.0,18428000.0,18428000.0,0.0,0.0,0.083,102714000.0,30998000.0,29760000.0,0.382,3.891,13.608,13.6,83708000.0,0.0,23.12,1.444,1.444,96432000.0,267379000.0,223035000.0,223035000.0,0.0,,,,,0.0,96682000.0,1.0,53526212.0,53540000.0,55548000.0,4.166,470482000.0,14790000.0,14073000.0,104131000.0,8.787,42736000.0
98,MDP,MRQ,1996-12-31,1996-12-31,1996-12-31,2021-09-10,0.0,731260000.0,,304035000.0,427225000.0,,5.689,-4246000.0,76135000.0,76135000.0,83567000.0,44769000.0,1.135,1.397,0.0,0.0,0.0,0.0,237138000.0,1351000.0,0.0,0.017,0.11,58148000.0,59499000.0,0.284,59499000.0,58148000.0,57813000.0,0.84,0.81,0.84,305024000.0,,305024000.0,,,,18432000.0,0.344,1.0,126205000.0,0.602,277277000.0,335000.0,109873000.0,,24400000.0,20060000.0,20060000.0,0.0,426236000.0,267975000.0,158261000.0,1411753842.0,59804000.0,123275000.0,-4433000.0,-50000000.0,-2944000.0,-61336000.0,98462000.0,-20060000.0,22678000.0,0.0,44769000.0,44769000.0,44769000.0,0.0,0.0,0.213,96925000.0,29280000.0,33445000.0,0.131,4.628,16.359,16.484,81594000.0,0.0,26.375,1.654,1.657,97530000.0,281420000.0,209772000.0,209772000.0,0.0,,,,,0.0,91338000.0,1.0,53526212.0,53615000.0,55797000.0,3.913,453983000.0,12413000.0,13044000.0,101597000.0,8.467,36060000.0
99,MDP,MRQ,1996-09-30,1996-09-30,1996-09-30,2021-09-10,,,,,,,,-3447000.0,,,85331000.0,12461000.0,,,,,,,,9876000.0,,0.017,0.11,22709000.0,32585000.0,0.164,32585000.0,22709000.0,21973000.0,0.22,,0.22,,,,,,,15511000.0,0.28,1.0,113849000.0,0.572,,736000.0,,,,,,,,,,,2530000.0,0.0,-5835000.0,0.0,-2954000.0,-12992000.0,-3436000.0,0.0,18958000.0,0.0,12461000.0,12461000.0,12461000.0,0.0,0.0,0.063,91519000.0,22330000.0,,0.5,,,23.627,,0.0,24.69,,1.593,,,199180000.0,199180000.0,0.0,,,,,0.0,85879000.0,1.0,,55481000.0,,3.59,,,9512000.0,,,
100,MDP,MRQ,1996-06-30,1996-06-30,1996-06-30,2021-09-10,0.0,733773000.0,,210676000.0,523097000.0,,5.24,-4482000.0,13801000.0,13801000.0,90995000.0,15281000.0,0.754,1.805,50000000.0,15000000.0,35000000.0,50000000.0,238212000.0,24724000.0,0.0,0.02,0.11,28420000.0,53144000.0,0.236,53144000.0,28420000.0,27533000.0,0.3,,0.3,261564000.0,,261564000.0,,,,35813000.0,0.717,1.0,134043000.0,0.596,282443000.0,887000.0,208022000.0,,31185000.0,0.0,0.0,0.0,472209000.0,279507000.0,192702000.0,,4518000.0,0.0,-10909000.0,-15000000.0,-2972000.0,-32644000.0,-3133000.0,0.0,40295000.0,0.0,15281000.0,15281000.0,15281000.0,717000.0,0.0,0.068,112129000.0,21914000.0,42085000.0,0.367,,,21.301,79999000.0,0.0,20.875,,1.32,89448000.0,236903000.0,225038000.0,225038000.0,0.0,,,,,0.0,100457000.0,1.0,,49921000.0,,4.508,451330000.0,0.0,12252000.0,54640000.0,9.041,-68831000.0
101,MDP,MRQ,1996-03-31,1996-03-31,1996-03-31,2021-09-10,,,,,,,,-6154000.0,,,93943000.0,13789000.0,,,,,,,,8110000.0,,0.02,0.11,27742000.0,35852000.0,0.163,35852000.0,27742000.0,26569000.0,0.24,,0.24,,,,,,,29373000.0,0.518,1.0,125475000.0,0.572,,1173000.0,,,,,,,,,,,-22922000.0,-14500000.0,-17075000.0,-15000000.0,-3038000.0,-39172000.0,-19277000.0,0.0,35527000.0,0.0,13789000.0,13789000.0,13789000.0,0.0,0.0,0.063,98187000.0,27288000.0,,0.458,,,,,0.0,20.625,,,,,219418000.0,219418000.0,0.0,,,,,0.0,90077000.0,1.0,,56660000.0,,3.873,,,12780000.0,,,
102,MDP,MRQ,1995-12-31,1995-12-31,1995-12-31,2021-09-10,,,,,,,,,,,92776000.0,16078000.0,,,,,,,,,,0.024,0.1,30544000.0,,,,30544000.0,28833000.0,0.285,,0.285,,,,,,,,,1.0,123332000.0,0.571,,1711000.0,,,,,,,,,,,,,,,,,,,,,16078000.0,16078000.0,16078000.0,0.0,0.0,0.074,93247000.0,30085000.0,,0.351,,,,,0.0,20.94,,,,,216108000.0,216108000.0,0.0,,,,,,93525000.0,1.0,,56582000.0,,3.819,,,12755000.0,,,
0,MDP,MRT,2021-06-30,2021-06-30,2021-06-30,2021-09-10,-78400000.0,5565800000.0,5613275000.0,1112100000.0,4453700000.0,0.53,14.115,-35200000.0,240200000.0,240200000.0,1024500000.0,306600000.0,1.294,7.535,3214300000.0,40300000.0,3174000000.0,3214300000.0,615200000.0,214300000.0,0.0,0.0,0.0,557000000.0,771300000.0,0.259,771300000.0,557000000.0,378400000.0,6.31,6.27,6.31,652100000.0,601100000.0,652100000.0,4974296943.0,9.0,6.449,363400000.0,7.866,1.0,1952900000.0,0.656,3276100000.0,178600000.0,4404300000.0,4609425000.0,29300000.0,0.0,0.0,0.0,4913700000.0,859500000.0,4054200000.0,1983396943.0,107800000.0,64300000.0,700000.0,-263500000.0,0.0,-330800000.0,39500000.0,0.0,398600000.0,500000.0,291400000.0,291400000.0,291400000.0,0.0,15200000.0,0.098,1391500000.0,561400000.0,185100000.0,0.0,3.042,6.806,6.884,731600000.0,0.0,43.44,0.666,0.674,501100000.0,506300000.0,2977400000.0,2977400000.0,0.0,0.052,0.485,0.121,0.187,17500000.0,1278300000.0,1.0,45658309.0,46200000.0,46500000.0,64.446,2289700000.0,0.0,87000000.0,552700000.0,49.561,252600000.0
1,MDP,MRT,2021-03-31,2021-03-31,2021-03-31,2021-09-10,-64300000.0,5519200000.0,5599350000.0,1012900000.0,4506300000.0,0.513,14.987,-35400000.0,230700000.0,230700000.0,996200000.0,276100000.0,1.357,6.954,3221600000.0,40200000.0,3181400000.0,3221600000.0,599900000.0,236200000.0,0.0,0.0,0.0,320800000.0,557000000.0,0.194,557000000.0,320800000.0,146700000.0,1.7,1.69,1.7,693900000.0,535125000.0,693900000.0,4454295708.0,14.0,7.997,426000000.0,9.201,1.0,1874500000.0,0.653,3287500000.0,174100000.0,4476000000.0,4700100000.0,28900000.0,0.0,0.0,0.0,4825300000.0,746600000.0,4078700000.0,1358995708.0,127300000.0,43700000.0,600000.0,386000000.0,-14000000.0,-350400000.0,15700000.0,0.0,461400000.0,600000.0,79900000.0,79900000.0,79900000.0,0.0,196200000.0,0.028,1365100000.0,509400000.0,141700000.0,0.0,1.958,17.009,17.518,747800000.0,0.0,29.78,0.473,0.48,486400000.0,469600000.0,2870700000.0,2870700000.0,0.0,0.014,0.149,0.068,0.112,17400000.0,1242200000.0,1.0,45634510.0,46300000.0,46700000.0,62.002,2231700000.0,0.0,66800000.0,468600000.0,48.201,266300000.0
2,MDP,MRT,2020-12-31,2020-12-31,2020-12-31,2021-09-10,-66200000.0,5766300000.0,5635725000.0,1240200000.0,4526100000.0,0.516,13.201,-38800000.0,379100000.0,379100000.0,1001400000.0,-87400000.0,1.567,8.455,3474400000.0,39800000.0,3434600000.0,3474400000.0,656900000.0,255800000.0,0.0,0.031,0.595,-148100000.0,107700000.0,0.037,107700000.0,-148100000.0,-304700000.0,-6.57,-6.57,-6.57,609900000.0,509675000.0,609900000.0,4155281408.0,-28.0,38.582,457500000.0,9.903,1.0,1906500000.0,0.656,3305900000.0,156600000.0,4764000000.0,4641500000.0,33800000.0,0.0,0.0,0.0,5156400000.0,791700000.0,4364700000.0,874881408.0,357900000.0,49600000.0,300000.0,625600000.0,-56300000.0,-153400000.0,14800000.0,0.0,496300000.0,200000.0,-299200000.0,-299200000.0,-299200000.0,-5000000.0,211800000.0,-0.103,1850900000.0,55600000.0,124400000.0,-0.091,1.434,-2.924,-2.922,765000000.0,0.0,19.2,0.301,0.305,542300000.0,390500000.0,2907900000.0,2907900000.0,0.0,-0.053,-0.587,-0.032,-0.051,16800000.0,1233700000.0,1.0,45566740.0,46200000.0,46300000.0,62.942,2460400000.0,0.0,-5500000.0,468700000.0,53.255,448500000.0
3,MDP,MRT,2020-09-30,2020-09-30,2020-09-30,2021-09-10,-75300000.0,5601800000.0,5752450000.0,1017100000.0,4584700000.0,0.49,9.75,-48800000.0,201000000.0,201000000.0,1015000000.0,-198100000.0,1.352,11.49,3481400000.0,39700000.0,3441700000.0,3481400000.0,693700000.0,266600000.0,0.0,0.089,1.17,-305200000.0,-38600000.0,-0.014,-38600000.0,-305200000.0,-455600000.0,-9.22,-9.21,-9.22,448500000.0,589775000.0,448500000.0,3951352791.0,-13.0,-102.367,350200000.0,7.613,1.0,1801900000.0,0.64,3336300000.0,150400000.0,4793400000.0,4569050000.0,32900000.0,0.0,0.0,0.0,5153300000.0,752500000.0,4400800000.0,595952791.0,173600000.0,69400000.0,-1500000.0,586700000.0,-97900000.0,-234700000.0,24200000.0,0.0,399000000.0,-500000.0,-420800000.0,-420800000.0,-420800000.0,19300000.0,222700000.0,-0.149,1860800000.0,-58900000.0,137600000.0,-0.127,1.329,-1.416,-1.423,784000000.0,0.0,13.12,0.212,0.214,484700000.0,242000000.0,2816900000.0,2816900000.0,0.0,-0.073,-0.713,-0.067,-0.108,15200000.0,1239500000.0,1.0,45423231.0,46000000.0,46000000.0,61.237,2265500000.0,0.0,-34800000.0,467900000.0,49.25,264600000.0
4,MDP,MRT,2020-06-30,2020-06-30,2020-06-30,2021-09-10,-82400000.0,5510100000.0,6000825000.0,884800000.0,4625300000.0,0.475,8.495,-55400000.0,132400000.0,132400000.0,1047600000.0,-234300000.0,1.209,13.194,3487800000.0,39300000.0,3448500000.0,3487800000.0,670700000.0,277200000.0,0.0,0.12,1.745,-362400000.0,-85200000.0,-0.03,-85200000.0,-362400000.0,-508200000.0,-10.41,-10.41,-10.41,388200000.0,709800000.0,388200000.0,3406514417.0,-9.0,-39.983,251200000.0,5.497,1.0,1801000000.0,0.632,3366800000.0,145800000.0,4767000000.0,4510525000.0,34200000.0,0.0,0.0,0.0,5121900000.0,731700000.0,4390200000.0,660414417.0,87400000.0,55200000.0,-2800000.0,647600000.0,-139500000.0,-216700000.0,3100000.0,0.0,306600000.0,-500000.0,-476000000.0,-476000000.0,-476000000.0,25300000.0,241700000.0,-0.167,1895100000.0,-94100000.0,121100000.0,-0.168,1.701,-1.387,-1.398,804500000.0,0.0,14.55,0.232,0.233,461900000.0,197600000.0,2848600000.0,2848600000.0,0.0,-0.079,-0.671,-0.08,-0.127,13900000.0,1259100000.0,1.0,45389307.0,45700000.0,45700000.0,62.333,2143300000.0,0.0,-32200000.0,553900000.0,46.899,153100000.0
5,MDP,MRT,2020-03-31,2020-03-31,2020-03-31,2021-09-10,-50100000.0,5664700000.0,6157525000.0,950700000.0,4714000000.0,0.491,12.956,-63400000.0,103400000.0,103400000.0,1090900000.0,-253500000.0,1.229,7.632,2849500000.0,35500000.0,2814000000.0,2849500000.0,682200000.0,276400000.0,0.0,0.19,2.32,-201100000.0,75300000.0,0.025,75300000.0,-201100000.0,-353000000.0,-7.28,-7.27,-7.28,592100000.0,856400000.0,592100000.0,3407859615.0,-17.0,45.257,212400000.0,4.648,1.0,1932100000.0,0.639,3395900000.0,151900000.0,4241600000.0,4161625000.0,40700000.0,0.0,0.0,0.0,4518800000.0,773300000.0,3745500000.0,554059615.0,50900000.0,146200000.0,-3400000.0,-130900000.0,-166500000.0,-300800000.0,82800000.0,0.0,275800000.0,-1100000.0,-332100000.0,-332100000.0,-332100000.0,34700000.0,78600000.0,-0.11,2025800000.0,-93700000.0,131900000.0,-0.319,0.936,-1.668,-1.679,827800000.0,0.0,12.22,0.183,0.185,509900000.0,371600000.0,3023000000.0,3023000000.0,0.0,-0.054,-0.388,-0.048,-0.067,16200000.0,1307400000.0,1.0,45340394.0,45700000.0,45700000.0,66.149,2268800000.0,0.0,-20900000.0,461600000.0,49.646,177400000.0
6,MDP,MRT,2019-12-31,2019-12-31,2019-12-31,2021-09-10,-41100000.0,6233200000.0,6269925000.0,1062400000.0,5170800000.0,0.49,20.357,-63900000.0,21200000.0,21200000.0,1120000000.0,54600000.0,1.195,5.11,2875000000.0,34900000.0,2840100000.0,2875000000.0,727400000.0,274900000.0,0.0,0.071,2.3,166000000.0,440900000.0,0.144,440900000.0,166000000.0,12100000.0,-0.53,-0.52,-0.53,930300000.0,967875000.0,930300000.0,4370458410.0,26.0,9.913,194100000.0,4.247,1.0,1951400000.0,0.635,3723900000.0,153900000.0,4474200000.0,3983175000.0,49500000.0,0.0,0.0,0.0,4753700000.0,888900000.0,3864800000.0,1470558410.0,-55900000.0,85400000.0,-6000000.0,-160800000.0,-165000000.0,-331800000.0,21500000.0,0.0,258000000.0,-900000.0,-23300000.0,-23300000.0,-23300000.0,44400000.0,77900000.0,-0.008,1675500000.0,275900000.0,149400000.0,-4.34,1.581,-63.114,-61.264,929800000.0,0.0,32.47,0.479,0.483,616600000.0,702900000.0,3071400000.0,3071400000.0,0.0,-0.004,-0.024,0.042,0.054,16700000.0,1322900000.0,1.0,45289757.0,45700000.0,47300000.0,67.208,2509300000.0,0.0,35400000.0,520100000.0,54.908,173500000.0
7,MDP,MRT,2019-09-30,2019-09-30,2019-09-30,2021-09-10,-50700000.0,6595300000.0,6241600000.0,1326400000.0,5268900000.0,0.503,20.364,-54800000.0,27400000.0,27400000.0,1145800000.0,35400000.0,1.133,5.516,2927300000.0,37400000.0,2889900000.0,2927300000.0,814100000.0,271700000.0,0.0,0.062,2.27,133400000.0,405100000.0,0.129,405100000.0,133400000.0,-34500000.0,-0.95,-0.93,-0.95,928600000.0,999225000.0,928600000.0,3946420435.0,30.0,9.742,213000000.0,4.671,1.0,1993500000.0,0.635,3765000000.0,167900000.0,4559300000.0,3749975000.0,66100000.0,0.0,0.0,0.0,5122000000.0,1170900000.0,3951100000.0,1658120435.0,-116600000.0,394900000.0,-4600000.0,-567700000.0,-163700000.0,-736000000.0,340100000.0,0.0,267800000.0,600000.0,-42800000.0,-42800000.0,-42800000.0,89600000.0,78200000.0,-0.014,1717800000.0,275700000.0,217300000.0,-2.389,1.786,-38.741,-38.589,946600000.0,0.0,36.66,0.528,0.533,589500000.0,711200000.0,3139300000.0,3139300000.0,0.0,-0.007,-0.043,0.036,0.042,20200000.0,1330500000.0,1.0,45229690.0,45600000.0,45600000.0,68.844,2830300000.0,0.0,8300000.0,519200000.0,62.068,155500000.0
8,MDP,MRT,2019-06-30,2019-06-30,2019-06-30,2021-09-10,-46300000.0,6136900000.0,6197050000.0,1350100000.0,4786800000.0,0.515,21.514,-46400000.0,45000000.0,45000000.0,1161200000.0,46300000.0,1.071,4.743,2333300000.0,0.0,2333300000.0,2333300000.0,777500000.0,267600000.0,0.0,0.041,2.24,150100000.0,417700000.0,0.131,417700000.0,150100000.0,-20500000.0,-0.71,-0.7,-0.71,974600000.0,1036825000.0,974600000.0,4893893412.0,33.0,11.716,198900000.0,4.391,1.0,2027300000.0,0.636,3793000000.0,170600000.0,3371400000.0,3665225000.0,62700000.0,0.0,0.0,0.0,4622100000.0,1260800000.0,3361300000.0,2486993412.0,-392600000.0,420700000.0,-5400000.0,-827000000.0,-161900000.0,-1013600000.0,374300000.0,0.0,245300000.0,-1400000.0,-32000000.0,-32000000.0,-32000000.0,82800000.0,78300000.0,-0.01,1740300000.0,287000000.0,242600000.0,-3.155,2.552,-77.719,-77.549,450300000.0,0.0,55.06,0.78,0.782,609100000.0,759000000.0,3188500000.0,3188500000.0,0.0,-0.005,-0.031,0.041,0.047,22900000.0,1350000000.0,1.0,45168787.0,45300000.0,45500000.0,70.386,2343900000.0,0.0,11500000.0,656100000.0,51.742,89300000.0
9,MDP,MRT,2019-03-31,2019-03-31,2019-03-31,2021-09-10,-37400000.0,6114300000.0,6355550000.0,1365800000.0,4748500000.0,0.504,22.914,-40300000.0,52500000.0,52500000.0,1183000000.0,76100000.0,1.216,4.374,2459400000.0,0.0,2459400000.0,2459400000.0,654000000.0,274200000.0,0.0,0.04,2.21,203700000.0,477900000.0,0.149,477900000.0,203700000.0,31300000.0,-0.05,-0.03,-0.05,1038000000.0,1067550000.0,1038000000.0,4921285358.0,24.0,10.298,167000000.0,3.687,1.0,2022600000.0,0.631,3870300000.0,172400000.0,3527800000.0,3895475000.0,70500000.0,0.0,0.0,0.0,4540600000.0,1123100000.0,3417500000.0,2490985358.0,-319700000.0,432000000.0,-7800000.0,-701400000.0,-160600000.0,-890200000.0,391700000.0,0.0,207300000.0,-4900000.0,-1100000.0,-1100000.0,-1100000.0,73300000.0,77200000.0,0.0,1692300000.0,330300000.0,219700000.0,-44.2,2.4,-2264.532,-1105.2,435800000.0,0.0,55.26,0.777,0.781,594000000.0,817600000.0,3205600000.0,3205600000.0,0.0,0.0,-0.001,0.052,0.064,22100000.0,1353800000.0,1.0,45077549.0,45300000.0,45600000.0,70.764,2244000000.0,0.0,32400000.0,518300000.0,49.536,242700000.0
10,MDP,MRT,2018-12-31,2018-12-31,2018-12-31,2021-09-10,-41200000.0,6119900000.0,6542300000.0,1376700000.0,4743200000.0,0.475,23.305,-41400000.0,77100000.0,77100000.0,1146900000.0,-57800000.0,1.248,4.294,2507400000.0,0.0,2507400000.0,2507400000.0,598300000.0,252600000.0,0.0,0.042,2.18,40000000.0,292600000.0,0.094,292600000.0,40000000.0,-139400000.0,-2.89,-2.87,-2.89,1055700000.0,1092175000.0,1055700000.0,5129918770.0,128.0,17.532,67700000.0,1.494,1.0,1959600000.0,0.631,3905700000.0,179400000.0,3541400000.0,4124400000.0,59600000.0,0.0,0.0,0.0,4532900000.0,1103100000.0,3429800000.0,2336518770.0,42100000.0,-2220400000.0,-7500000.0,1778500000.0,-154300000.0,2227300000.0,-2258700000.0,0.0,109100000.0,-4700000.0,-129000000.0,-129000000.0,-129000000.0,83300000.0,71200000.0,-0.042,1777700000.0,181900000.0,186200000.0,-0.754,2.213,-18.113,-17.972,449400000.0,0.0,51.94,0.752,0.757,628700000.0,839100000.0,3106500000.0,3106500000.0,0.0,-0.02,-0.118,0.01,0.013,36200000.0,1338700000.0,1.0,44984959.0,45300000.0,47300000.0,68.576,2214200000.0,0.0,-10400000.0,511200000.0,48.879,273600000.0
11,MDP,MRT,2018-09-30,2018-09-30,2018-09-30,2021-09-10,-38600000.0,6417100000.0,5699321750.0,1678600000.0,4738500000.0,0.464,23.925,-40100000.0,144000000.0,144000000.0,1000500000.0,83000000.0,1.569,4.459,2937400000.0,0.0,2937400000.0,2937400000.0,516100000.0,199800000.0,0.0,0.042,2.155,26400000.0,226200000.0,0.085,226200000.0,26400000.0,-107300000.0,0.69,0.63,0.69,1079000000.0,1114959500.0,1079000000.0,4989919870.0,189.0,22.06,23200000.0,0.514,1.0,1645300000.0,0.622,3920400000.0,133700000.0,4220300000.0,3504611000.0,50300000.0,0.0,0.0,0.0,4811200000.0,1069800000.0,3741400000.0,2291919870.0,116200000.0,-2556900000.0,-8200000.0,2217300000.0,-137700000.0,2682000000.0,-2593200000.0,0.0,63300000.0,-5800000.0,30900000.0,30900000.0,30900000.0,13800000.0,52100000.0,0.012,1560400000.0,84900000.0,161400000.0,3.123,2.124,74.172,73.986,463700000.0,0.0,51.05,0.866,0.87,552900000.0,865100000.0,2645800000.0,2645800000.0,0.0,0.005,0.028,0.008,0.01,33900000.0,1167100000.0,1.0,44895590.0,45100000.0,45100000.0,58.665,2496700000.0,0.0,-138200000.0,433600000.0,55.359,608800000.0
12,MDP,MRT,2018-06-30,2018-06-30,2018-06-30,2021-09-10,-36700000.0,6770900000.0,4787387500.0,2016700000.0,4754200000.0,0.473,24.443,-53200000.0,437600000.0,437600000.0,868000000.0,99400000.0,1.645,4.693,3135600000.0,17700000.0,3117900000.0,3135600000.0,525800000.0,148200000.0,0.0,0.042,2.13,40000000.0,188200000.0,0.083,188200000.0,40000000.0,-57200000.0,1.48,1.47,1.48,1097500000.0,1097149750.0,1097500000.0,5054365155.0,126.0,26.856,96700000.0,2.154,1.0,1396200000.0,0.617,3950700000.0,97200000.0,4292400000.0,2712307750.0,44400000.0,0.0,0.0,0.0,5150800000.0,1225800000.0,3925000000.0,2288365155.0,415300000.0,-2567300000.0,-11800000.0,2424100000.0,-121500000.0,2917500000.0,-2616700000.0,0.0,149900000.0,-4100000.0,66400000.0,66400000.0,66400000.0,14600000.0,33000000.0,0.029,1309300000.0,86900000.0,195100000.0,1.439,2.085,34.463,34.459,483700000.0,0.0,51.0,1.011,1.011,545200000.0,889800000.0,2264200000.0,2264200000.0,0.0,0.014,0.061,0.015,0.018,30400000.0,987500000.0,1.0,44869905.0,44900000.0,45200000.0,50.428,2820200000.0,0.0,-123600000.0,715300000.0,62.811,790900000.0
13,MDP,MRT,2018-03-31,2018-03-31,2018-03-31,2021-09-10,-23900000.0,6861300000.0,3777087500.0,2114400000.0,4746900000.0,0.505,25.256,-60100000.0,372200000.0,372200000.0,726300000.0,125900000.0,1.705,4.581,3138200000.0,17600000.0,3120600000.0,3138200000.0,530700000.0,97400000.0,0.0,0.039,2.105,55000000.0,152400000.0,0.08,152400000.0,55000000.0,-5700000.0,2.53,2.44,2.53,1136500000.0,1071774750.0,1136500000.0,3068955083.0,56.0,20.138,75600000.0,1.68,1.0,1180600000.0,0.619,3943700000.0,60700000.0,4443500000.0,1902432750.0,43400000.0,0.0,0.0,0.0,5206500000.0,1240100000.0,3966400000.0,2406754083.0,344900000.0,-2737700000.0,-11300000.0,2497000000.0,-105300000.0,3007400000.0,-2794000000.0,0.0,135700000.0,0.0,112900000.0,112900000.0,112900000.0,14700000.0,13000000.0,0.059,1092900000.0,87700000.0,209500000.0,0.832,2.118,21.318,21.265,496700000.0,0.0,53.8,1.262,1.27,521300000.0,917000000.0,1906900000.0,1906900000.0,0.0,0.03,0.105,0.029,0.029,28900000.0,836100000.0,1.0,44735206.0,45000000.0,45000000.0,42.376,2917600000.0,0.0,-118600000.0,461600000.0,64.836,874300000.0
14,MDP,MRT,2017-12-31,2017-12-31,2017-12-31,2021-09-10,-17436000.0,2747987000.0,2717171500.0,542913000.0,2205074000.0,0.619,25.542,-52651000.0,34976000.0,34976000.0,625800000.0,275900000.0,1.146,1.396,697177000.0,65625000.0,631552000.0,697177000.0,310150000.0,69815000.0,0.0,0.031,2.08,232700000.0,302515000.0,0.18,302515000.0,232700000.0,213000000.0,6.16,6.05,6.16,1146838000.0,1030824250.0,1146838000.0,3628305066.0,16.0,11.994,148868000.0,3.316,1.0,1055500000.0,0.628,1874217000.0,19700000.0,1062244000.0,1027877000.0,21410000.0,0.0,0.0,0.0,1601149000.0,473727000.0,1127422000.0,2950857066.0,-9518000.0,-71881000.0,-12635000.0,22425000.0,-94377000.0,-87205000.0,-123832000.0,0.0,201519000.0,0.0,275900000.0,275900000.0,275900000.0,0.0,0.0,0.164,825000000.0,230500000.0,83919000.0,0.338,2.573,10.695,10.722,200870000.0,0.0,66.05,1.755,1.764,297388000.0,1060614000.0,1681300000.0,1681300000.0,0.0,0.102,0.268,0.226,0.138,9575000.0,733700000.0,1.0,44676110.0,44900000.0,45600000.0,37.445,873770000.0,0.0,-62900000.0,263242000.0,19.46,69186000.0
15,MDP,MRT,2017-09-30,2017-09-30,2017-09-30,2021-09-10,-18426000.0,2769363000.0,2701186250.0,535723000.0,2233640000.0,0.632,22.495,-53168000.0,27811000.0,27811000.0,614925000.0,188305000.0,1.083,1.748,705259000.0,62500000.0,642759000.0,705259000.0,317535000.0,70755000.0,0.0,0.037,2.055,305125000.0,375880000.0,0.22,375880000.0,305125000.0,285946000.0,4.22,4.14,4.22,1007761000.0,983086000.0,1007761000.0,3150975386.0,10.0,8.383,180672000.0,4.033,1.0,1091317000.0,0.64,1900960000.0,19179000.0,1051087000.0,1011842000.0,23263000.0,0.0,0.0,0.0,1761602000.0,494764000.0,1266838000.0,2475025386.0,-4358000.0,-81700000.0,-15641000.0,8650000.0,-93068000.0,-103330000.0,-134868000.0,0.0,233840000.0,0.0,188305000.0,188305000.0,188305000.0,0.0,0.0,0.11,787692000.0,303625000.0,76726000.0,0.487,2.456,13.144,13.152,200595000.0,0.0,55.5,1.451,1.457,286723000.0,924880000.0,1706242000.0,1706242000.0,0.0,0.07,0.192,0.302,0.179,8413000.0,729943000.0,1.0,44595052.0,44800000.0,45600000.0,38.086,868403000.0,0.0,97641000.0,397386000.0,19.384,40959000.0
16,MDP,MRT,2017-06-30,2017-06-30,2017-06-30,2021-09-10,-19000000.0,2729700000.0,2668015500.0,505400000.0,2224300000.0,0.642,22.332,-34800000.0,22300000.0,22300000.0,608400000.0,188900000.0,1.099,1.741,698200000.0,62500000.0,635700000.0,698200000.0,325500000.0,71400000.0,0.0,0.034,2.03,309100000.0,380500000.0,0.222,380500000.0,309100000.0,290300000.0,4.23,4.16,4.23,996000000.0,957256000.0,996000000.0,3254704677.0,11.0,8.554,183800000.0,4.121,1.0,1104900000.0,0.645,1893000000.0,18800000.0,1052900000.0,1002780250.0,21900000.0,0.0,0.0,0.0,1733700000.0,459700000.0,1274000000.0,2650847677.0,-2700000.0,-82900000.0,-15300000.0,5600000.0,-91900000.0,-103600000.0,-117700000.0,0.0,218600000.0,0.0,188900000.0,188900000.0,188900000.0,0.0,0.0,0.11,796700000.0,308200000.0,66600000.0,0.48,2.661,14.033,14.054,189800000.0,0.0,59.45,1.547,1.548,289100000.0,915700000.0,1713300000.0,1713300000.0,0.0,0.071,0.197,0.308,0.18,6000000.0,726400000.0,1.0,44589532.0,44600000.0,45400000.0,38.415,836700000.0,0.0,101400000.0,412800000.0,18.76,45700000.0
17,MDP,MRT,2017-03-31,2017-03-31,2017-03-31,2021-09-10,-22561000.0,2621636000.0,2642288250.0,494909000.0,2126727000.0,0.645,21.761,-27815000.0,27357000.0,27357000.0,599071000.0,55026000.0,1.065,1.695,631214000.0,62500000.0,568714000.0,631214000.0,310203000.0,71925000.0,0.0,0.031,2.005,154024000.0,225949000.0,0.133,225949000.0,154024000.0,135278000.0,1.23,1.21,1.23,972698000.0,930516750.0,972698000.0,3504063075.0,23.0,15.508,203165000.0,4.545,1.0,1104600000.0,0.648,1815402000.0,18746000.0,945277000.0,992466250.0,25702000.0,0.0,0.0,0.0,1648938000.0,464814000.0,1184124000.0,2874360075.0,10084000.0,-12114000.0,-18263000.0,-70925000.0,-90765000.0,-179200000.0,-41696000.0,0.0,230980000.0,0.0,55026000.0,55026000.0,55026000.0,0.0,0.0,0.032,950576000.0,154024000.0,75732000.0,1.63,2.955,52.236,52.52,180499000.0,0.0,64.6,1.687,1.695,275546000.0,895879000.0,1703671000.0,1703671000.0,0.0,0.021,0.059,0.155,0.09,4100000.0,726769000.0,1.0,44494738.0,44700000.0,45600000.0,38.113,806234000.0,0.0,80252000.0,372544000.0,18.037,30095000.0
18,MDP,MRT,2016-12-31,2016-12-31,2016-12-31,2021-09-10,-23604000.0,2684046000.0,2692853750.0,531482000.0,2152564000.0,0.632,21.475,-28083000.0,44488000.0,44488000.0,605910000.0,96130000.0,1.082,1.808,674191000.0,62500000.0,611691000.0,674191000.0,344650000.0,73467000.0,0.0,0.033,1.98,212062000.0,285529000.0,0.168,285529000.0,212062000.0,192812000.0,2.15,2.13,2.15,955885000.0,941689750.0,955885000.0,3299445076.0,16.0,11.556,268096000.0,6.023,1.0,1095132000.0,0.644,1824249000.0,19250000.0,998104000.0,1013523000.0,20009000.0,0.0,0.0,0.0,1728161000.0,491396000.0,1236765000.0,2634171076.0,16692000.0,-18033000.0,-19582000.0,-121875000.0,-89561000.0,-231604000.0,-47883000.0,0.0,296179000.0,0.0,96130000.0,96130000.0,96130000.0,0.0,0.0,0.057,883070000.0,212062000.0,75694000.0,0.921,2.756,27.402,27.512,183758000.0,0.0,59.15,1.549,1.548,284840000.0,879661000.0,1701042000.0,1701042000.0,0.0,0.036,0.102,0.209,0.125,8027000.0,717614000.0,1.0,44533746.0,44511000.0,45378000.0,38.216,859797000.0,0.0,96682000.0,361278000.0,19.317,40086000.0
19,MDP,MRT,2016-09-30,2016-09-30,2016-09-30,2021-09-10,-26495000.0,2636680000.0,2741450500.0,501715000.0,2134965000.0,0.607,20.298,-25392000.0,32128000.0,32128000.0,608350000.0,56844000.0,1.056,1.915,697402000.0,75000000.0,622402000.0,697402000.0,328942000.0,74656000.0,0.0,0.037,1.942,162350000.0,237006000.0,0.142,237006000.0,162350000.0,142514000.0,1.27,1.27,1.27,904441000.0,943718500.0,904441000.0,2987214994.0,18.0,12.604,233739000.0,5.246,1.0,1056463000.0,0.635,1811949000.0,19836000.0,1014840000.0,1053887000.0,21931000.0,0.0,0.0,0.0,1732239000.0,475165000.0,1257074000.0,2317184994.0,2251000.0,-6400000.0,-14847000.0,-120625000.0,-87864000.0,-223321000.0,-33559000.0,0.0,259131000.0,0.0,56844000.0,56844000.0,56844000.0,0.0,0.0,0.034,894113000.0,162350000.0,74496000.0,1.529,2.562,40.764,40.937,183891000.0,0.0,51.99,1.392,1.391,273387000.0,830247000.0,1664813000.0,1664813000.0,0.0,0.021,0.06,0.154,0.098,8393000.0,723763000.0,1.0,44569821.0,44558000.0,45484000.0,37.363,824731000.0,0.0,85670000.0,346297000.0,18.509,26550000.0
20,MDP,MRT,2016-06-30,2016-06-30,2016-06-30,2021-09-10,-28501000.0,2626791000.0,2802025000.0,481156000.0,2145635000.0,0.589,19.934,-25000000.0,24970000.0,24970000.0,611300000.0,33900000.0,1.007,1.955,693506000.0,75000000.0,618506000.0,693506000.0,327893000.0,75800000.0,0.0,0.037,1.905,130600000.0,206400000.0,0.125,206400000.0,130600000.0,110200000.0,0.76,0.75,0.76,889043000.0,954206500.0,889043000.0,2998694437.0,23.0,14.529,201600000.0,4.52,1.0,1038300000.0,0.629,1805791000.0,20400000.0,1011644000.0,1086399500.0,20678000.0,0.0,0.0,0.0,1737748000.0,477892000.0,1259856000.0,2312818437.0,2200000.0,-6400000.0,-10200000.0,-100000000.0,-86100000.0,-193000000.0,-31400000.0,0.0,226600000.0,0.0,33900000.0,33900000.0,33900000.0,0.0,0.0,0.021,907700000.0,130600000.0,82107000.0,2.507,2.601,68.225,68.303,190953000.0,0.0,51.91,1.402,1.403,273927000.0,818706000.0,1649600000.0,1649600000.0,0.0,0.012,0.036,0.12,0.079,8600000.0,723500000.0,1.0,44554391.0,44600000.0,45400000.0,36.987,821000000.0,0.0,76300000.0,371209000.0,18.408,3264000.0
21,MDP,MRT,2016-03-31,2016-03-31,2016-03-31,2021-09-10,-15250000.0,2823898000.0,2856147750.0,488598000.0,2335300000.0,0.574,22.803,-26633000.0,17249000.0,17249000.0,623305000.0,167031000.0,0.959,1.776,703125000.0,71875000.0,631250000.0,703125000.0,344956000.0,77573000.0,0.0,0.039,1.868,290455000.0,368028000.0,0.224,368028000.0,290455000.0,269627000.0,3.74,3.69,3.74,1017390000.0,969908250.0,1017390000.0,2892392478.0,10.0,7.859,216039000.0,4.842,1.0,1016453000.0,0.62,1970651000.0,20828000.0,1029504000.0,1109615750.0,23954000.0,0.0,0.0,0.0,1806508000.0,509619000.0,1296889000.0,2121501478.0,-2409000.0,-10251000.0,-4165000.0,-122500000.0,-84327000.0,-209964000.0,-35117000.0,0.0,242672000.0,0.0,167031000.0,167031000.0,167031000.0,0.0,0.0,0.102,725998000.0,290455000.0,71202000.0,0.499,2.085,12.701,12.701,195313000.0,0.0,47.5,1.294,1.292,281317000.0,931576000.0,1639758000.0,1639758000.0,0.0,0.058,0.172,0.262,0.177,10427000.0,708743000.0,1.0,44663189.0,44617000.0,45298000.0,36.752,853247000.0,0.0,102596000.0,358741000.0,19.124,-21021000.0
22,MDP,MRT,2015-12-31,2015-12-31,2015-12-31,2021-09-10,-12697000.0,2878433000.0,2857354000.0,531454000.0,2346979000.0,0.565,21.595,-29256000.0,27859000.0,27859000.0,621014000.0,111383000.0,1.042,1.986,798750000.0,68750000.0,730000000.0,798750000.0,376775000.0,77759000.0,0.0,0.042,1.831,209523000.0,287282000.0,0.178,287282000.0,209523000.0,188620000.0,2.5,2.46,2.5,964000000.0,947995000.0,964000000.0,2719740801.0,13.0,9.467,136424000.0,3.056,1.0,994152000.0,0.616,1979671000.0,20903000.0,1159560000.0,1136654250.0,23375000.0,0.0,0.0,0.0,1914433000.0,510093000.0,1404340000.0,1930305801.0,9736000.0,-73272000.0,2192000.0,-60000000.0,-82527000.0,-138617000.0,-17327000.0,0.0,165680000.0,0.0,111383000.0,111383000.0,111383000.0,0.0,0.0,0.069,784629000.0,209523000.0,76864000.0,0.732,2.002,17.33,17.3,199554000.0,0.0,43.25,1.195,1.195,294611000.0,873045000.0,1615166000.0,1615166000.0,0.0,0.039,0.117,0.184,0.13,10746000.0,707713000.0,1.0,44631348.0,44640000.0,45358000.0,36.182,898762000.0,0.0,77237000.0,352254000.0,20.134,21361000.0
23,MDP,MRT,2015-09-30,2015-09-30,2015-09-30,2021-09-10,-14857000.0,2878978000.0,2838388000.0,520052000.0,2358926000.0,0.566,21.214,-33149000.0,29940000.0,29940000.0,610232000.0,118455000.0,0.969,2.042,819375000.0,65625000.0,753750000.0,819375000.0,373597000.0,75536000.0,0.0,0.042,1.806,218272000.0,293808000.0,0.183,293808000.0,218272000.0,197849000.0,2.66,2.61,2.66,946393000.0,937771500.0,946393000.0,2672253854.0,12.0,9.095,150881000.0,3.382,1.0,997426000.0,0.62,1986622000.0,20423000.0,1144890000.0,1164905250.0,24192000.0,0.0,0.0,0.0,1932585000.0,536901000.0,1395684000.0,1900086854.0,-397000.0,-257030000.0,699000.0,97500000.0,-81257000.0,20551000.0,-204978000.0,0.0,184030000.0,0.0,118455000.0,118455000.0,118455000.0,0.0,0.0,0.074,779154000.0,218272000.0,96946000.0,0.679,2.008,16.041,16.008,203494000.0,0.0,42.58,1.182,1.182,278199000.0,861220000.0,1607658000.0,1607658000.0,0.0,0.042,0.126,0.187,0.136,9874000.0,706373000.0,1.0,44623928.0,44612000.0,45366000.0,36.036,892356000.0,0.0,79394000.0,313156000.0,20.003,-16849000.0
24,MDP,MRT,2015-06-30,2015-06-30,2015-06-30,2021-09-10,-12648000.0,2843282000.0,2754291000.0,482531000.0,2360751000.0,0.579,21.379,-33245000.0,22833000.0,22833000.0,598941000.0,136791000.0,0.909,1.987,795000000.0,62500000.0,732500000.0,795000000.0,357347000.0,73122000.0,0.0,0.034,1.781,242112000.0,315234000.0,0.198,315234000.0,242112000.0,222760000.0,3.07,3.02,3.07,951850000.0,926473000.0,951850000.0,3131219310.0,13.0,9.933,159102000.0,3.574,1.0,995235000.0,0.624,1979939000.0,19352000.0,1104509000.0,1155399250.0,24681000.0,0.0,0.0,0.0,1891432000.0,531001000.0,1360431000.0,2325252310.0,-13754000.0,-257030000.0,-5513000.0,80000000.0,-79982000.0,740000.0,-206841000.0,0.0,192347000.0,0.0,136791000.0,136791000.0,136791000.0,0.0,0.0,0.086,753123000.0,242112000.0,93944000.0,0.58,2.443,16.999,16.987,213736000.0,0.0,52.15,1.459,1.456,284646000.0,870859000.0,1594176000.0,1594176000.0,0.0,0.05,0.148,0.21,0.152,6044000.0,695319000.0,1.0,44587772.0,44522000.0,45323000.0,35.806,863343000.0,0.0,85969000.0,391011000.0,19.391,-48470000.0
25,MDP,MRT,2015-03-31,2015-03-31,2015-03-31,2021-09-10,-10884000.0,2828723000.0,2679420500.0,470327000.0,2358396000.0,0.582,20.87,-28336000.0,19658000.0,19658000.0,585883000.0,134657000.0,0.928,2.042,825625000.0,62500000.0,763125000.0,825625000.0,367267000.0,69001000.0,0.0,0.031,1.756,229397000.0,298398000.0,0.191,298398000.0,229397000.0,211691000.0,3.02,2.97,3.02,929737000.0,911423500.0,929737000.0,3324310544.0,14.0,11.141,181692000.0,4.078,1.0,973179000.0,0.624,1990329000.0,17706000.0,1137658000.0,1148593750.0,29506000.0,0.0,0.0,0.0,1898986000.0,506703000.0,1392283000.0,2483683544.0,-2463000.0,-483772000.0,-12909000.0,300625000.0,-78748000.0,216183000.0,-428674000.0,0.0,210028000.0,0.0,134657000.0,134657000.0,134657000.0,0.0,0.0,0.086,743782000.0,229397000.0,83661000.0,0.581,2.671,18.445,18.467,210266000.0,0.0,55.77,1.593,1.594,269527000.0,848872000.0,1559062000.0,1559062000.0,0.0,0.05,0.148,0.2,0.147,5176000.0,688585000.0,1.0,44534401.0,44549000.0,45387000.0,34.997,838394000.0,0.0,77034000.0,297762000.0,18.82,-36376000.0
26,MDP,MRT,2014-12-31,2014-12-31,2014-12-31,2021-09-10,-9173000.0,2802569000.0,2548041250.0,522677000.0,2279892000.0,0.6,20.752,-25405000.0,18123000.0,18123000.0,576201000.0,127887000.0,1.079,2.036,858750000.0,62500000.0,796250000.0,858750000.0,350746000.0,63570000.0,0.0,0.032,1.728,213520000.0,277090000.0,0.181,277090000.0,213520000.0,197585000.0,2.86,2.82,2.86,923106000.0,896003000.0,923106000.0,3106090898.0,15.0,11.21,166367000.0,3.74,1.0,952096000.0,0.623,1886219000.0,15935000.0,1272564000.0,1069531250.0,26213000.0,0.0,0.0,0.0,1879463000.0,484413000.0,1395050000.0,2414552898.0,-7760000.0,-600526000.0,-19564000.0,518750000.0,-77581000.0,426399000.0,-625931000.0,0.0,191772000.0,0.0,127887000.0,127887000.0,127887000.0,0.0,0.0,0.084,738576000.0,213520000.0,76308000.0,0.604,2.616,18.88,18.993,212529000.0,0.0,54.32,1.58,1.581,289658000.0,844189000.0,1528297000.0,1528297000.0,0.0,0.05,0.143,0.2,0.14,5705000.0,674956000.0,1.0,44450532.0,44483000.0,45268000.0,34.357,916350000.0,0.0,69698000.0,287509000.0,20.6,38264000.0
27,MDP,MRT,2014-09-30,2014-09-30,2014-09-30,2021-09-10,-7939000.0,2542590000.0,2382285750.0,476024000.0,2066566000.0,0.623,20.27,-22972000.0,30337000.0,30337000.0,568134000.0,118865000.0,1.091,1.821,721875000.0,62500000.0,659375000.0,721875000.0,317132000.0,60346000.0,0.0,0.04,1.705,196559000.0,256905000.0,0.173,256905000.0,196559000.0,182854000.0,2.65,2.62,2.65,901199000.0,883150750.0,901199000.0,2582077777.0,13.0,10.051,172692000.0,3.884,1.0,915306000.0,0.617,1691013000.0,13705000.0,1106866000.0,916919000.0,22220000.0,0.0,0.0,0.0,1641391000.0,436249000.0,1205142000.0,1903664777.0,13969000.0,-416711000.0,-21174000.0,351875000.0,-76471000.0,257988000.0,-439683000.0,0.0,195664000.0,0.0,118865000.0,118865000.0,118865000.0,0.0,0.0,0.08,718747000.0,196559000.0,77285000.0,0.643,2.112,16.015,16.151,197739000.0,0.0,42.8,1.283,1.283,263624000.0,824022000.0,1483440000.0,1483440000.0,0.0,0.05,0.135,0.214,0.133,6852000.0,657845000.0,1.0,44478149.0,44459000.0,45157000.0,33.366,851577000.0,0.0,63989000.0,284159000.0,19.154,39775000.0
28,MDP,MRT,2014-06-30,2014-06-30,2014-06-30,2021-09-10,-8758000.0,2543800000.0,2279412250.0,493122000.0,2050678000.0,0.644,19.976,-24822000.0,36587000.0,36587000.0,567024000.0,113541000.0,1.021,1.853,715000000.0,87500000.0,627500000.0,715000000.0,325176000.0,57511000.0,0.0,0.035,1.682,186515000.0,244026000.0,0.166,244026000.0,186515000.0,174339000.0,2.54,2.5,2.54,891652000.0,872295500.0,891652000.0,2659076627.0,14.0,10.897,153268000.0,3.434,1.0,901684000.0,0.614,1661823000.0,12176000.0,1077287000.0,816652250.0,24008000.0,0.0,0.0,0.0,1652148000.0,483103000.0,1169045000.0,2156197627.0,8913000.0,-417461000.0,-19341000.0,365000000.0,-75392000.0,273106000.0,-442283000.0,0.0,178090000.0,0.0,113541000.0,113541000.0,113541000.0,0.0,0.0,0.077,715169000.0,186515000.0,81402000.0,0.662,2.418,18.99,19.039,204938000.0,0.0,48.36,1.468,1.47,257644000.0,814050000.0,1468708000.0,1468708000.0,0.0,0.05,0.13,0.228,0.127,7369000.0,655241000.0,1.0,44586386.0,44636000.0,45410000.0,32.904,881977000.0,0.0,60798000.0,347383000.0,19.759,10019000.0
29,MDP,MRT,2014-03-31,2014-03-31,2014-03-31,2021-09-10,-15414000.0,2303206000.0,2178477000.0,418250000.0,1884956000.0,0.672,19.442,-23598000.0,22121000.0,22121000.0,562484000.0,106899000.0,0.911,1.653,525000000.0,75000000.0,450000000.0,525000000.0,344904000.0,54691000.0,0.0,0.036,1.657,183968000.0,238659000.0,0.163,238659000.0,183968000.0,172092000.0,2.39,2.35,2.39,868055000.0,862956500.0,868055000.0,2388996208.0,13.0,10.01,143544000.0,3.215,1.0,902403000.0,0.616,1525661000.0,11876000.0,821408000.0,703859000.0,26478000.0,0.0,0.0,0.0,1435151000.0,459016000.0,976135000.0,2074879208.0,-2369000.0,-231434000.0,-14581000.0,170000000.0,-74256000.0,85521000.0,-255032000.0,0.0,167142000.0,0.0,106899000.0,106899000.0,106899000.0,0.0,0.0,0.073,718435000.0,183968000.0,60531000.0,0.693,2.39,19.41,19.427,188812000.0,0.0,46.43,1.416,1.415,240846000.0,792963000.0,1464887000.0,1464887000.0,0.0,0.049,0.124,0.261,0.126,6020000.0,660652000.0,1.0,44688331.0,44649000.0,45376000.0,32.809,777545000.0,0.0,65193000.0,258660000.0,17.415,-40766000.0
30,MDP,MRT,2013-12-31,2013-12-31,2013-12-31,2021-09-10,-15683000.0,2139547000.0,2118869000.0,417814000.0,1721733000.0,0.692,19.503,-23582000.0,25883000.0,25883000.0,559323000.0,117834000.0,1.006,1.454,340000000.0,25000000.0,315000000.0,340000000.0,356964000.0,54924000.0,0.0,0.032,1.635,202785000.0,257709000.0,0.176,257709000.0,202785000.0,191089000.0,2.64,2.59,2.64,871697000.0,853861500.0,871697000.0,2669254030.0,13.0,10.358,145809000.0,3.262,1.0,907765000.0,0.619,1376063000.0,11696000.0,662115000.0,660045500.0,25695000.0,0.0,0.0,0.0,1267850000.0,415486000.0,852364000.0,2315622030.0,1169000.0,-45022000.0,-9376000.0,-25000000.0,-73026000.0,-99618000.0,-68604000.0,0.0,169391000.0,0.0,117834000.0,117834000.0,117834000.0,0.0,0.0,0.08,704980000.0,202785000.0,57950000.0,0.619,2.656,19.652,19.621,180808000.0,0.0,51.8,1.578,1.578,238573000.0,793883000.0,1467088000.0,1467088000.0,0.0,0.056,0.138,0.307,0.138,4079000.0,659139000.0,1.0,44703128.0,44696000.0,45619000.0,32.824,763484000.0,0.0,73255000.0,259031000.0,17.082,2328000.0
31,MDP,MRT,2013-09-30,2013-09-30,2013-09-30,2021-09-10,-15951000.0,2131096000.0,2097965000.0,408381000.0,1722715000.0,0.702,19.212,-24077000.0,16368000.0,16368000.0,561224000.0,122836000.0,1.03,1.484,370000000.0,25000000.0,345000000.0,370000000.0,347268000.0,54497000.0,0.0,0.034,1.605,208337000.0,262834000.0,0.178,262834000.0,208337000.0,195880000.0,2.76,2.71,2.76,857778000.0,840275250.0,857778000.0,2445296792.0,12.0,9.304,148009000.0,3.315,1.0,912411000.0,0.619,1382379000.0,12457000.0,705799000.0,654790500.0,28974000.0,0.0,0.0,0.0,1273318000.0,396550000.0,876768000.0,2122970792.0,-11204000.0,-47649000.0,-12087000.0,-35000000.0,-71755000.0,-111564000.0,-71726000.0,0.0,172086000.0,0.0,122836000.0,122836000.0,122836000.0,0.0,0.0,0.083,704074000.0,208337000.0,62047000.0,0.582,2.475,17.283,17.254,181680000.0,0.0,47.62,1.441,1.443,237025000.0,781628000.0,1473635000.0,1473635000.0,0.0,0.059,0.146,0.318,0.141,3920000.0,658856000.0,1.0,44581495.0,44648000.0,45432000.0,33.006,748717000.0,0.0,73044000.0,255977000.0,16.769,11831000.0
32,MDP,MRT,2013-06-30,2013-06-30,2013-06-30,2021-09-10,-16341000.0,2140059000.0,2076617500.0,407692000.0,1732367000.0,0.709,19.217,-25969000.0,27674000.0,27674000.0,561058000.0,123650000.0,0.893,1.505,350000000.0,50000000.0,300000000.0,350000000.0,355257000.0,55010000.0,0.0,0.033,1.575,210834000.0,265844000.0,0.181,265844000.0,210834000.0,197404000.0,2.78,2.74,2.78,854296000.0,826010750.0,854296000.0,2452398613.0,12.0,9.225,163118000.0,3.669,1.0,910282000.0,0.619,1379600000.0,13430000.0,626114000.0,649244250.0,28386000.0,0.0,0.0,0.0,1285763000.0,456671000.0,829092000.0,2121888613.0,1854000.0,-50190000.0,-15215000.0,-30000000.0,-70527000.0,-111074000.0,-76159000.0,0.0,189087000.0,0.0,123650000.0,123650000.0,123650000.0,0.0,0.0,0.084,699448000.0,210834000.0,78458000.0,0.567,2.484,17.16,17.158,186317000.0,0.0,47.7,1.442,1.441,232305000.0,775901000.0,1471340000.0,1471340000.0,0.0,0.06,0.15,0.325,0.143,6080000.0,654098000.0,1.0,44484038.0,44455000.0,45085000.0,33.097,760459000.0,0.0,73754000.0,311628000.0,17.106,-48979000.0
33,MDP,MRT,2013-03-31,2013-03-31,2013-03-31,2021-09-10,-21898000.0,2064774000.0,2045677500.0,399354000.0,1665420000.0,0.713,18.73,-23833000.0,24490000.0,24490000.0,562140000.0,119829000.0,0.932,1.483,355000000.0,50000000.0,305000000.0,355000000.0,344625000.0,56930000.0,0.0,0.04,1.547,207202000.0,264132000.0,0.181,264132000.0,207202000.0,192967000.0,2.69,2.65,2.69,831675000.0,811798000.0,831675000.0,2037757855.0,10.0,7.715,165761000.0,3.733,1.0,896775000.0,0.615,1320653000.0,14235000.0,646154000.0,633753750.0,26094000.0,0.0,0.0,0.0,1233099000.0,428477000.0,804622000.0,1697471855.0,-184000.0,-12477000.0,-22442000.0,-65000000.0,-69407000.0,-154249000.0,-35529000.0,0.0,189594000.0,0.0,119829000.0,119829000.0,119829000.0,0.0,0.0,0.082,689581000.0,207194000.0,58660000.0,0.575,2.041,14.166,14.223,187722000.0,0.0,38.26,1.164,1.164,226522000.0,760320000.0,1458915000.0,1458915000.0,0.0,0.059,0.148,0.327,0.142,7092000.0,643014000.0,1.0,44366750.0,44404000.0,45079000.0,32.855,744121000.0,0.0,73138000.0,231873000.0,16.758,-29123000.0
34,MDP,MRT,2012-12-31,2012-12-31,2012-12-31,2021-09-10,-22387000.0,2055931000.0,2033447500.0,389696000.0,1666235000.0,0.706,18.405,-22756000.0,24714000.0,24714000.0,556989000.0,111577000.0,0.905,1.515,365000000.0,50000000.0,315000000.0,365000000.0,346637000.0,57553000.0,0.0,0.044,1.52,195456000.0,253009000.0,0.176,253009000.0,195456000.0,181166000.0,2.5,2.47,2.5,817352000.0,803948250.0,817352000.0,1910800532.0,10.0,7.552,170810000.0,3.846,1.0,877824000.0,0.612,1324594000.0,14290000.0,641095000.0,642564750.0,24937000.0,0.0,0.0,0.0,1238579000.0,430528000.0,808051000.0,1533372532.0,-1404000.0,-199463000.0,-21398000.0,115000000.0,-68401000.0,25686000.0,-220656000.0,0.0,193566000.0,0.0,111577000.0,111577000.0,111577000.0,0.0,0.0,0.078,682376000.0,195448000.0,48048000.0,0.608,1.876,13.743,13.78,190592000.0,0.0,34.45,1.069,1.066,222772000.0,748197000.0,1434813000.0,1434813000.0,0.0,0.055,0.139,0.304,0.136,8476000.0,635493000.0,1.0,44510088.0,44409000.0,44936000.0,32.309,731337000.0,0.0,69589000.0,223534000.0,16.468,-40832000.0
35,MDP,MRT,2012-09-30,2012-09-30,2012-09-30,2021-09-10,-22751000.0,2045706000.0,1970950250.0,383783000.0,1661923000.0,0.712,17.996,-27262000.0,27572000.0,27572000.0,551284000.0,107600000.0,0.933,1.555,405000000.0,50000000.0,355000000.0,405000000.0,333900000.0,57487000.0,0.0,0.044,1.523,192863000.0,250350000.0,0.178,250350000.0,192863000.0,178992000.0,2.4,2.38,2.4,800720000.0,797876000.0,800720000.0,1911225840.0,10.0,7.634,161615000.0,3.632,1.0,851651000.0,0.607,1328108000.0,13871000.0,683614000.0,610154500.0,25067000.0,0.0,0.0,0.0,1244986000.0,411412000.0,833574000.0,1557045840.0,8624000.0,-221831000.0,-21408000.0,155000000.0,-68566000.0,65297000.0,-245550000.0,0.0,188877000.0,0.0,107600000.0,107600000.0,107600000.0,0.0,0.0,0.077,658796000.0,192855000.0,50943000.0,0.635,1.945,14.471,14.583,190885000.0,0.0,35.0,1.11,1.11,222824000.0,730547000.0,1402935000.0,1402935000.0,0.0,0.055,0.135,0.316,0.137,9282000.0,612375000.0,1.0,44487024.0,44494000.0,45043000.0,31.531,717598000.0,0.0,71392000.0,213762000.0,16.128,-27629000.0
36,MDP,MRT,2012-06-30,2012-06-30,2012-06-30,2021-09-10,-23115000.0,2016299000.0,1895844750.0,359436000.0,1656863000.0,0.726,17.79,-35718000.0,25820000.0,25820000.0,547564000.0,104372000.0,0.745,1.528,380000000.0,105000000.0,275000000.0,380000000.0,322260000.0,56195000.0,0.0,0.044,1.397,185779000.0,241974000.0,0.176,241974000.0,185779000.0,172875000.0,2.33,2.31,2.33,797445000.0,792718250.0,797445000.0,1827244621.0,10.0,7.551,146212000.0,3.262,1.0,829123000.0,0.602,1323741000.0,12904000.0,564152000.0,563681000.0,22559000.0,0.0,0.0,0.0,1218854000.0,482586000.0,736268000.0,1431918621.0,-1901000.0,-248964000.0,-20973000.0,185000000.0,-62994000.0,100851000.0,-284682000.0,0.0,181930000.0,0.0,104372000.0,104372000.0,104372000.0,0.0,0.0,0.076,643352000.0,185771000.0,72911000.0,0.6,1.796,13.719,13.708,194304000.0,0.0,31.94,1.04,1.04,215526000.0,722778000.0,1376687000.0,1376687000.0,0.0,0.055,0.132,0.33,0.135,9964000.0,599026000.0,1.0,44831516.0,44825000.0,45100000.0,30.712,692558000.0,0.0,68503000.0,256694000.0,15.45,-123150000.0
37,MDP,MRT,2012-03-31,2012-03-31,2012-03-31,2021-09-10,-15478000.0,2015854000.0,1819977250.0,363600000.0,1652254000.0,0.745,17.863,-41020000.0,24674000.0,24674000.0,541323000.0,104721000.0,0.884,1.519,420000000.0,50000000.0,370000000.0,420000000.0,325531000.0,55257000.0,0.0,0.039,1.278,182715000.0,237972000.0,0.176,237972000.0,182715000.0,170856000.0,2.32,2.31,2.32,800276000.0,787103250.0,800276000.0,1677743782.0,9.0,7.05,138778000.0,3.098,1.0,813742000.0,0.601,1318282000.0,11859000.0,681398000.0,521571750.0,28227000.0,0.0,0.0,0.0,1215578000.0,411500000.0,804078000.0,1453861782.0,3994000.0,-244897000.0,-26103000.0,195000000.0,-57451000.0,110894000.0,-286698000.0,0.0,179798000.0,0.0,104721000.0,104721000.0,104721000.0,2944000.0,0.0,0.077,628114000.0,185628000.0,56023000.0,0.551,1.817,13.883,13.991,197463000.0,0.0,32.46,1.073,1.073,219156000.0,716314000.0,1355065000.0,1355065000.0,0.0,0.058,0.133,0.35,0.135,10108000.0,586238000.0,1.0,44789334.0,44800000.0,45296000.0,30.247,697572000.0,0.0,66135000.0,185775000.0,15.571,-47900000.0
38,MDP,MRT,2011-12-31,2011-12-31,2011-12-31,2021-09-10,-15707000.0,1805942000.0,1742295750.0,343618000.0,1462324000.0,0.774,17.687,-45359000.0,26118000.0,26118000.0,539306000.0,114389000.0,0.888,1.277,250000000.0,50000000.0,200000000.0,250000000.0,310171000.0,55146000.0,0.0,0.035,1.157,196425000.0,251571000.0,0.187,251571000.0,196425000.0,184702000.0,2.53,2.51,2.53,793063000.0,776906500.0,793063000.0,1699228566.0,9.0,6.754,153399000.0,3.421,1.0,809127000.0,0.6,1131285000.0,11723000.0,511454000.0,463269500.0,21107000.0,0.0,0.0,0.0,1012879000.0,387085000.0,625794000.0,1468176566.0,7903000.0,-67133000.0,-29790000.0,5000000.0,-51945000.0,-76800000.0,-114055000.0,0.0,198758000.0,0.0,114389000.0,114389000.0,114389000.0,3283000.0,0.0,0.085,609450000.0,199677000.0,52882000.0,0.457,1.851,12.835,12.905,197923000.0,0.0,32.65,1.089,1.086,210126000.0,712315000.0,1348433000.0,1348433000.0,0.0,0.066,0.147,0.424,0.146,10406000.0,569016000.0,1.0,44967123.0,44838000.0,45044000.0,30.073,674657000.0,0.0,70313000.0,176853000.0,15.047,-43467000.0
39,MDP,MRT,2011-09-30,2011-09-30,2011-09-30,2021-09-10,-15935000.0,1745284000.0,1721007250.0,340311000.0,1404973000.0,0.805,17.332,-41130000.0,18948000.0,18948000.0,548145000.0,123352000.0,0.916,1.237,250000000.0,50000000.0,200000000.0,250000000.0,268704000.0,55714000.0,0.0,0.044,1.005,211538000.0,267252000.0,0.193,267252000.0,211538000.0,199361000.0,2.72,2.69,2.72,780089000.0,763718000.0,780089000.0,1186091860.0,6.0,4.438,149909000.0,3.331,1.0,837504000.0,0.604,1106954000.0,12177000.0,497720000.0,448076250.0,23559000.0,0.0,0.0,0.0,965195000.0,371662000.0,593533000.0,1018812860.0,-2715000.0,-45545000.0,-23226000.0,-35000000.0,-45251000.0,-103536000.0,-90218000.0,0.0,191039000.0,0.0,123352000.0,123352000.0,123352000.0,3823000.0,0.0,0.089,622174000.0,215330000.0,67162000.0,0.369,1.306,8.259,8.324,193301000.0,0.0,22.64,0.735,0.735,213444000.0,697929000.0,1385649000.0,1385649000.0,0.0,0.072,0.162,0.472,0.153,9515000.0,582582000.0,1.0,45000568.0,45009000.0,45187000.0,30.786,638330000.0,0.0,76009000.0,167473000.0,14.182,-31351000.0
40,MDP,MRT,2011-06-30,2011-06-30,2011-06-30,2021-09-10,-16163000.0,1712829000.0,1713330250.0,333738000.0,1379091000.0,0.817,17.034,-29906000.0,27721000.0,27721000.0,554101000.0,127432000.0,0.816,1.21,195000000.0,50000000.0,145000000.0,195000000.0,271855000.0,56653000.0,0.0,0.031,0.98,221144000.0,277797000.0,0.198,277797000.0,221144000.0,208175000.0,2.8,2.78,2.8,774985000.0,745119750.0,774985000.0,1621823709.0,7.0,5.838,184629000.0,4.058,1.0,846379000.0,0.604,1075401000.0,12969000.0,395715000.0,447074500.0,21529000.0,0.0,0.0,0.0,937844000.0,408992000.0,528852000.0,1417503709.0,-20853000.0,-40141000.0,-16219000.0,-105000000.0,-44240000.0,-165341000.0,-70047000.0,0.0,214535000.0,0.0,127432000.0,127432000.0,127432000.0,4178000.0,0.0,0.091,621088000.0,225291000.0,82878000.0,0.35,1.829,11.124,11.118,186438000.0,0.0,31.13,1.012,1.011,212365000.0,687816000.0,1400480000.0,1400480000.0,0.0,0.074,0.171,0.495,0.158,8431000.0,581543000.0,1.0,45534973.0,45497000.0,45832000.0,30.782,637428000.0,0.0,80743000.0,208914000.0,14.01,-75254000.0
41,MDP,MRT,2011-03-31,2011-03-31,2011-03-31,2021-09-10,-26036000.0,1705128000.0,1716952000.0,348739000.0,1356389000.0,0.82,16.658,-26097000.0,20680000.0,20680000.0,548300000.0,130470000.0,0.897,1.245,225000000.0,50000000.0,175000000.0,225000000.0,280347000.0,57883000.0,0.0,0.028,0.95,228026000.0,285909000.0,0.203,285909000.0,228026000.0,214170000.0,2.88,2.84,2.88,759489000.0,723459750.0,759489000.0,1773619833.0,8.0,6.203,166026000.0,3.641,1.0,859472000.0,0.611,1072393000.0,13856000.0,448189000.0,470768750.0,28315000.0,0.0,0.0,0.0,945639000.0,388866000.0,556773000.0,1546834833.0,-2986000.0,-34104000.0,-1130000.0,-90000000.0,-43145000.0,-134908000.0,-60201000.0,0.0,192123000.0,0.0,130470000.0,130470000.0,130470000.0,2905000.0,0.0,0.093,628567000.0,230905000.0,56014000.0,0.33,2.037,11.856,11.778,184683000.0,0.0,33.92,1.099,1.099,221089000.0,669044000.0,1407772000.0,1407772000.0,0.0,0.076,0.18,0.484,0.162,9654000.0,588798000.0,1.0,45602442.0,45594000.0,45998000.0,30.876,632735000.0,0.0,83700000.0,149076000.0,13.878,-40127000.0
42,MDP,MRT,2010-12-31,2010-12-31,2010-12-31,2021-09-10,-26693000.0,1720788000.0,1717138000.0,365192000.0,1355596000.0,0.828,16.245,-20951000.0,18215000.0,18215000.0,558380000.0,132932000.0,0.872,1.324,245000000.0,50000000.0,195000000.0,245000000.0,286808000.0,60362000.0,0.0,0.027,0.92,232491000.0,292853000.0,0.206,292853000.0,232491000.0,217830000.0,2.93,2.9,2.93,740309000.0,698564750.0,740309000.0,1841866433.0,8.0,6.289,179192000.0,3.932,1.0,863854000.0,0.607,1078159000.0,14661000.0,450681000.0,462822750.0,22887000.0,0.0,0.0,0.0,980479000.0,418733000.0,561746000.0,1578529433.0,-5667000.0,-39757000.0,2368000.0,-105000000.0,-41935000.0,-145102000.0,-60708000.0,0.0,200143000.0,0.0,132932000.0,132932000.0,132932000.0,2566000.0,0.0,0.093,628829000.0,235025000.0,65513000.0,0.314,2.132,11.875,11.826,183801000.0,0.0,34.65,1.11,1.11,238766000.0,649871000.0,1422234000.0,1422234000.0,0.0,0.077,0.19,0.502,0.163,9399000.0,588712000.0,1.0,45556405.0,45571000.0,45912000.0,31.209,642629000.0,0.0,84898000.0,127822000.0,14.102,-53541000.0
43,MDP,MRT,2010-09-30,2010-09-30,2010-09-30,2021-09-10,-27348000.0,1714576000.0,1714334750.0,368061000.0,1346515000.0,0.813,15.516,-19530000.0,21663000.0,21663000.0,564040000.0,111329000.0,0.893,1.43,285000000.0,50000000.0,235000000.0,285000000.0,287650000.0,61392000.0,0.0,0.028,0.92,199737000.0,261129000.0,0.187,261129000.0,199737000.0,182683000.0,2.46,2.44,2.46,705696000.0,672177500.0,705696000.0,1764517527.0,9.0,6.757,170200000.0,3.742,1.0,829116000.0,0.595,1071849000.0,17054000.0,493713000.0,452251500.0,25100000.0,0.0,0.0,0.0,1008880000.0,412351000.0,596529000.0,1513091527.0,7404000.0,-47401000.0,1827000.0,-75000000.0,-41639000.0,-115395000.0,-66931000.0,0.0,189730000.0,0.0,111329000.0,111329000.0,111329000.0,2026000.0,0.0,0.08,627394000.0,201722000.0,68645000.0,0.374,2.144,13.591,13.541,182828000.0,0.0,33.31,1.086,1.087,231960000.0,619828000.0,1393156000.0,1393156000.0,0.0,0.065,0.166,0.442,0.143,9124000.0,586823000.0,1.0,45424543.0,45483000.0,45748000.0,30.63,642727000.0,0.0,71354000.0,122008000.0,14.131,-44290000.0
44,MDP,MRT,2010-06-30,2010-06-30,2010-06-30,2021-09-10,-28005000.0,1727316000.0,1704847000.0,381427000.0,1345889000.0,0.811,15.199,-24721000.0,48574000.0,48574000.0,572292000.0,103963000.0,0.87,1.509,300000000.0,50000000.0,250000000.0,300000000.0,289991000.0,63459000.0,0.0,0.029,0.915,183502000.0,246961000.0,0.179,246961000.0,183502000.0,164918000.0,2.3,2.28,2.3,688345000.0,651294250.0,688345000.0,1703771644.0,9.0,6.899,166930000.0,3.686,1.0,810539000.0,0.586,1049944000.0,18584000.0,490492000.0,465363750.0,26807000.0,0.0,0.0,0.0,1038971000.0,438306000.0,600665000.0,1412437644.0,20664000.0,-27505000.0,3299000.0,-80000000.0,-41345000.0,-118761000.0,-52226000.0,0.0,191651000.0,0.0,103963000.0,103963000.0,103963000.0,1671000.0,0.0,0.075,625417000.0,185122000.0,109897000.0,0.398,2.052,13.586,13.535,187002000.0,0.0,31.13,1.021,1.02,223630000.0,604624000.0,1382831000.0,1382831000.0,0.0,0.061,0.16,0.394,0.133,10230000.0,584528000.0,1.0,45372234.0,45289000.0,45544000.0,30.533,677372000.0,0.0,60955000.0,155069000.0,14.957,-56879000.0
45,MDP,MRT,2010-03-31,2010-03-31,2010-03-31,2021-09-10,-30375000.0,1705872000.0,1690343750.0,363053000.0,1342819000.0,0.807,14.558,-23082000.0,23666000.0,23666000.0,591004000.0,-93098000.0,0.687,1.585,315000000.0,140000000.0,175000000.0,315000000.0,306254000.0,64124000.0,0.0,0.027,0.915,-125662000.0,-61538000.0,-0.045,-61538000.0,-125662000.0,-145478000.0,-2.07,-2.08,-2.07,659909000.0,631553750.0,659909000.0,1885687970.0,-15.0,-30.643,159130000.0,3.51,1.0,773495000.0,0.567,1052677000.0,19816000.0,416405000.0,501584500.0,24874000.0,0.0,0.0,0.0,1045963000.0,528124000.0,517839000.0,1559569970.0,-50730000.0,-32642000.0,3293000.0,-140000000.0,-41038000.0,-177218000.0,-55724000.0,0.0,182212000.0,0.0,-93098000.0,-93098000.0,-93098000.0,1673000.0,0.0,-0.068,897817000.0,-124322000.0,83927000.0,-0.442,2.363,-16.752,-16.623,188600000.0,0.0,34.41,1.143,1.143,229209000.0,581719000.0,1364499000.0,1364499000.0,0.0,-0.055,-0.147,-0.251,-0.092,9528000.0,562528000.0,1.0,45323161.0,45331000.0,45651000.0,30.101,653195000.0,0.0,-52380000.0,89027000.0,14.409,-165071000.0
46,MDP,MRT,2009-12-31,2009-12-31,2009-12-31,2021-09-10,-30375000.0,1709575000.0,1775236500.0,356885000.0,1352690000.0,0.76,14.016,-23228000.0,23882000.0,23882000.0,605684000.0,-100969000.0,0.632,1.693,350000000.0,175000000.0,175000000.0,350000000.0,310809000.0,64193000.0,0.0,0.03,0.915,-138102000.0,-73909000.0,-0.055,-73909000.0,-138102000.0,-158877000.0,-2.24,-2.25,-2.24,634760000.0,666874000.0,634760000.0,1742421503.0,-13.0,-23.575,150696000.0,3.328,1.0,743066000.0,0.551,1062604000.0,20775000.0,408396000.0,554376250.0,25028000.0,0.0,0.0,0.0,1074815000.0,564693000.0,510122000.0,1396680503.0,-9477000.0,-17327000.0,3105000.0,-105000000.0,-40727000.0,-142846000.0,-40555000.0,0.0,173924000.0,0.0,-100969000.0,-100969000.0,-100969000.0,1119000.0,0.0,-0.075,880497000.0,-137431000.0,101154000.0,-0.408,2.2,-13.833,-13.772,192659000.0,0.0,30.85,1.036,1.036,216234000.0,558874000.0,1348750000.0,1348750000.0,0.0,-0.057,-0.151,-0.249,-0.102,10606000.0,544807000.0,1.0,45273274.0,45288000.0,45547000.0,29.782,646971000.0,0.0,-57908000.0,76547000.0,14.286,-207808000.0
47,MDP,MRT,2009-09-30,2009-09-30,2009-09-30,2021-09-10,-31061000.0,1676625000.0,1857539500.0,346426000.0,1330199000.0,0.739,13.777,-21968000.0,14259000.0,14259000.0,625083000.0,-107380000.0,0.802,1.695,360000000.0,75000000.0,285000000.0,360000000.0,308732000.0,66113000.0,0.0,0.03,0.9,-144124000.0,-78011000.0,-0.057,-78011000.0,-144124000.0,-164508000.0,-2.38,-2.39,-2.38,622163000.0,703910250.0,622163000.0,1698064616.0,-12.0,-21.767,143446000.0,3.177,1.0,748096000.0,0.545,1044055000.0,20384000.0,546162000.0,610509250.0,29592000.0,0.0,0.0,0.0,1054462000.0,432149000.0,622313000.0,1345974616.0,-14411000.0,-10616000.0,-1897000.0,-105000000.0,-40192000.0,-147241000.0,-32584000.0,0.0,165414000.0,0.0,-107380000.0,-107380000.0,-107380000.0,5979000.0,0.0,-0.078,886787000.0,-138691000.0,84455000.0,-0.378,2.163,-12.535,-12.58,192615000.0,0.0,29.94,0.98,0.985,211802000.0,550138000.0,1373179000.0,1373179000.0,0.0,-0.058,-0.153,-0.236,-0.105,11085000.0,550438000.0,1.0,44955732.0,45158000.0,45317000.0,30.408,632570000.0,0.0,-57128000.0,69273000.0,14.008,-85723000.0
48,MDP,MRT,2009-06-30,2009-06-30,2009-06-30,2021-09-10,-31628000.0,1669303000.0,1953003250.0,340140000.0,1329163000.0,0.719,13.529,-23475000.0,27910000.0,27910000.0,644101000.0,-107084000.0,0.974,1.739,380000000.0,0.0,380000000.0,380000000.0,319124000.0,67710000.0,0.0,0.035,0.895,-137876000.0,-70166000.0,-0.05,-70166000.0,-137876000.0,-158653000.0,-2.38,-2.38,-2.38,609383000.0,744083250.0,609383000.0,1530341174.0,-11.0,-21.81,157445000.0,3.496,1.0,760733000.0,0.542,1036802000.0,20777000.0,635375000.0,632130250.0,28151000.0,0.0,0.0,0.0,1059920000.0,349216000.0,710704000.0,1149737174.0,-9734000.0,-5582000.0,-17523000.0,-105000000.0,-39730000.0,-161597000.0,-29057000.0,0.0,180920000.0,0.0,-107084000.0,-107084000.0,-107084000.0,6410000.0,0.0,-0.076,892855000.0,-132122000.0,86381000.0,-0.376,1.887,-10.737,-10.735,191307000.0,0.0,25.55,0.818,0.819,192367000.0,542006000.0,1404834000.0,1404834000.0,0.0,-0.055,-0.144,-0.218,-0.098,9314000.0,555753000.0,1.0,44999498.0,45042000.0,45042000.0,31.189,632501000.0,0.0,-51569000.0,90975000.0,14.042,-9076000.0
49,MDP,MRT,2009-03-31,2009-03-31,2009-03-31,2021-09-10,-11877000.0,2045443000.0,2050582500.0,407147000.0,1638296000.0,0.702,17.82,-32850000.0,74396000.0,74396000.0,663954000.0,75767000.0,0.859,1.553,455000000.0,130000000.0,325000000.0,455000000.0,326906000.0,71032000.0,0.0,0.053,0.88,150558000.0,221590000.0,0.154,221590000.0,150558000.0,129754000.0,1.68,1.68,1.68,801190000.0,788701250.0,801190000.0,1169704380.0,8.0,5.279,155354000.0,3.455,1.0,775264000.0,0.539,1324410000.0,20804000.0,627572000.0,656223500.0,31629000.0,0.0,0.0,0.0,1244253000.0,474065000.0,770188000.0,748063380.0,28918000.0,-54747000.0,-44088000.0,10000000.0,-39258000.0,-71689000.0,-87597000.0,0.0,188204000.0,0.0,75767000.0,75767000.0,75767000.0,4141000.0,0.0,0.053,621105000.0,154159000.0,63940000.0,0.524,0.934,9.873,9.905,194264000.0,0.0,16.64,0.52,0.52,210539000.0,715546000.0,1439218000.0,1439218000.0,0.0,0.037,0.096,0.229,0.105,5630000.0,575592000.0,1.0,44955732.0,44961000.0,45092000.0,32.01,721033000.0,0.0,53987000.0,174469000.0,16.037,-66918000.0
50,MDP,MRT,2008-12-31,2008-12-31,2008-12-31,2021-09-10,-12364000.0,2038787000.0,2070192250.0,389988000.0,1648799000.0,0.722,17.417,-34595000.0,33359000.0,33359000.0,671579000.0,96423000.0,0.788,1.604,455000000.0,130000000.0,325000000.0,455000000.0,337387000.0,72692000.0,0.0,0.051,0.865,184641000.0,257333000.0,0.172,257333000.0,184641000.0,163361000.0,2.11,2.09,2.11,782905000.0,792464250.0,782905000.0,1208733776.0,7.0,4.697,161478000.0,3.592,1.0,822323000.0,0.55,1332772000.0,21280000.0,632928000.0,660891500.0,40659000.0,0.0,0.0,0.0,1255882000.0,494728000.0,761154000.0,772403776.0,3637000.0,-68429000.0,-87177000.0,35000000.0,-39167000.0,-89412000.0,-103024000.0,0.0,196073000.0,0.0,96423000.0,96423000.0,96423000.0,4793000.0,0.0,0.065,633558000.0,188765000.0,67174000.0,0.41,0.987,8.011,8.114,199177000.0,0.0,17.12,0.517,0.515,217091000.0,699948000.0,1493902000.0,1493902000.0,0.0,0.047,0.122,0.279,0.124,5479000.0,586907000.0,1.0,45117043.0,44951000.0,45072000.0,33.234,706015000.0,0.0,66938000.0,153303000.0,15.706,-104740000.0
51,MDP,MRT,2008-09-30,2008-09-30,2008-09-30,2021-09-10,-11316000.0,2058480000.0,2086965500.0,404317000.0,1654163000.0,0.733,17.304,-34955000.0,28670000.0,28670000.0,675391000.0,119939000.0,0.775,1.629,465000000.0,140000000.0,325000000.0,465000000.0,327902000.0,74569000.0,0.0,0.03,0.84,219638000.0,294207000.0,0.192,294207000.0,219638000.0,197977000.0,2.59,2.56,2.59,782855000.0,802191750.0,782855000.0,1714863710.0,8.0,5.829,203752000.0,4.504,1.0,853472000.0,0.558,1340565000.0,21661000.0,632646000.0,656556000.0,50111000.0,0.0,0.0,0.0,1275625000.0,521599000.0,754026000.0,1267507710.0,3187000.0,-65880000.0,-103564000.0,5000000.0,-38261000.0,-134685000.0,-100835000.0,0.0,238707000.0,0.0,119939000.0,119939000.0,119939000.0,-913000.0,0.0,0.078,635605000.0,217867000.0,83842000.0,0.324,1.619,10.568,10.826,201669000.0,0.0,28.04,0.829,0.83,225647000.0,699343000.0,1528863000.0,1528863000.0,0.0,0.057,0.15,0.335,0.144,5517000.0,587705000.0,1.0,45203556.0,45241000.0,45368000.0,33.794,717915000.0,0.0,78038000.0,146509000.0,15.869,-117282000.0
52,MDP,MRT,2008-06-30,2008-06-30,2008-06-30,2021-09-10,-11519000.0,2059620000.0,2093877750.0,403090000.0,1656530000.0,0.741,16.789,-29620000.0,37644000.0,37644000.0,673607000.0,134672000.0,0.91,1.614,485000000.0,75000000.0,410000000.0,485000000.0,333133000.0,76073000.0,0.0,0.029,0.81,242440000.0,318513000.0,0.205,318513000.0,242440000.0,220050000.0,2.87,2.83,2.87,787855000.0,809603250.0,787855000.0,1708430707.0,7.0,5.364,226344000.0,4.823,1.0,878836000.0,0.566,1332091000.0,22390000.0,731748000.0,675034750.0,44085000.0,0.0,0.0,0.0,1271765000.0,443137000.0,828628000.0,1308908707.0,-1576000.0,-65790000.0,-136112000.0,10000000.0,-37344000.0,-162130000.0,-95410000.0,0.0,255964000.0,0.0,134672000.0,134672000.0,134672000.0,-1698000.0,0.0,0.087,639184000.0,239652000.0,79028000.0,0.282,1.661,9.719,9.857,199788000.0,0.0,28.29,0.843,0.855,230978000.0,701205000.0,1552443000.0,1552443000.0,0.0,0.064,0.166,0.359,0.156,6410000.0,590031000.0,1.0,46267540.0,46928000.0,47585000.0,33.081,727529000.0,2118000.0,85378000.0,187521000.0,15.503,-40047000.0
53,MDP,MRT,2008-03-31,2008-03-31,2008-03-31,2021-09-10,-822000.0,2123882000.0,2101460500.0,467822000.0,1656060000.0,0.754,17.489,-28997000.0,45478000.0,45478000.0,663846000.0,167027000.0,0.838,1.602,445000000.0,125000000.0,320000000.0,445000000.0,350107000.0,75072000.0,0.0,0.021,0.785,292951000.0,368023000.0,0.232,368023000.0,292951000.0,269818000.0,3.52,3.45,3.52,816242000.0,820939750.0,816242000.0,2193370684.0,7.0,5.96,217446000.0,4.659,1.0,920958000.0,0.581,1319057000.0,23133000.0,646244000.0,682997000.0,62968000.0,0.0,0.0,0.0,1307640000.0,558103000.0,749537000.0,1803092684.0,-5281000.0,-23714000.0,-108760000.0,-55000000.0,-36595000.0,-199013000.0,-52711000.0,0.0,246443000.0,0.0,167027000.0,167027000.0,167027000.0,-5334000.0,0.0,0.105,634653000.0,286305000.0,101071000.0,0.223,2.209,10.795,10.866,194127000.0,0.0,38.25,1.138,1.126,255578000.0,715347000.0,1584804000.0,1584804000.0,0.0,0.079,0.203,0.429,0.185,9826000.0,586992000.0,1.0,47139678.0,46672000.0,47420000.0,33.956,804825000.0,0.0,102791000.0,148496000.0,17.244,-90281000.0
54,MDP,MRT,2007-12-31,2007-12-31,2007-12-31,2021-09-10,567000.0,2105880000.0,2097372500.0,453385000.0,1652495000.0,0.76,17.379,-33540000.0,29722000.0,29722000.0,660896000.0,166252000.0,0.803,1.562,420000000.0,125000000.0,295000000.0,420000000.0,355102000.0,74841000.0,0.0,0.014,0.76,285647000.0,360488000.0,0.226,360488000.0,285647000.0,261340000.0,3.47,3.4,3.47,821815000.0,811108500.0,821815000.0,3043071085.0,11.0,8.442,226602000.0,4.792,1.0,933448000.0,0.585,1316045000.0,24307000.0,615586000.0,703476500.0,56939000.0,0.0,0.0,0.0,1284065000.0,564527000.0,719538000.0,2608554085.0,11154000.0,-22419000.0,-70198000.0,-90000000.0,-35488000.0,-193029000.0,-55959000.0,0.0,260142000.0,0.0,166252000.0,166252000.0,166252000.0,2436000.0,0.0,0.104,646929000.0,286519000.0,109176000.0,0.219,3.174,15.69,15.844,197386000.0,0.0,54.98,1.636,1.631,251019000.0,719414000.0,1594344000.0,1594344000.0,0.0,0.079,0.205,0.406,0.179,9106000.0,599835000.0,1.0,47445509.0,47287000.0,48325000.0,33.716,789835000.0,0.0,95088000.0,142039000.0,16.703,-111142000.0
55,MDP,MRT,2007-09-30,2007-09-30,2007-09-30,2021-09-10,1493000.0,2086129000.0,2090918000.0,466869000.0,1619260000.0,0.764,17.0,-41202000.0,25483000.0,25483000.0,656127000.0,165220000.0,0.881,1.568,460000000.0,135000000.0,325000000.0,460000000.0,345458000.0,74551000.0,0.0,0.013,0.73,285120000.0,359671000.0,0.225,359671000.0,285120000.0,259095000.0,3.44,3.37,3.44,812501000.0,790871500.0,812501000.0,3191841870.0,11.0,8.874,199789000.0,4.18,1.0,941318000.0,0.589,1284328000.0,26025000.0,706561000.0,736007000.0,54981000.0,0.0,0.0,0.0,1273628000.0,529757000.0,743871000.0,2756061870.0,3012000.0,-22630000.0,-42845000.0,-100000000.0,-34392000.0,-174147000.0,-63832000.0,0.0,240991000.0,0.0,165220000.0,165220000.0,165220000.0,4072000.0,0.0,0.103,653831000.0,287487000.0,81551000.0,0.212,3.392,16.681,16.657,200252000.0,0.0,57.3,1.725,1.714,273117000.0,709492000.0,1597445000.0,1597445000.0,0.0,0.079,0.209,0.387,0.178,8203000.0,607728000.0,1.0,48098811.0,47795000.0,48828000.0,33.423,801801000.0,0.0,93875000.0,136923000.0,16.776,-62888000.0
56,MDP,MRT,2007-06-30,2007-06-30,2007-06-30,2021-09-10,2499000.0,2089951000.0,2085932000.0,452640000.0,1637311000.0,0.757,17.341,-42599000.0,39220000.0,39220000.0,647984000.0,162346000.0,0.929,1.508,475000000.0,100000000.0,375000000.0,475000000.0,359318000.0,73778000.0,0.0,0.011,0.7,281548000.0,355326000.0,0.225,355326000.0,281548000.0,254366000.0,3.38,3.31,3.38,833201000.0,763428000.0,833201000.0,3411824624.0,12.0,9.602,167923000.0,3.495,1.0,931739000.0,0.59,1275105000.0,27182000.0,763597000.0,756139750.0,48836000.0,0.0,0.0,0.0,1256750000.0,487029000.0,769721000.0,2962583624.0,8507000.0,-22645000.0,-17037000.0,-90000000.0,-33248000.0,-136771000.0,-65244000.0,0.0,210522000.0,0.0,162346000.0,162346000.0,162346000.0,3664000.0,0.0,0.103,648113000.0,283626000.0,78156000.0,0.207,3.556,18.249,18.225,206026000.0,0.0,61.6,1.875,1.874,267419000.0,727628000.0,1579723000.0,1579723000.0,0.0,0.078,0.213,0.372,0.178,7594000.0,603098000.0,1.0,48093890.0,48048000.0,49108000.0,32.878,814846000.0,0.0,92020000.0,216055000.0,16.959,-34389000.0
57,MDP,MRT,2007-03-31,2007-03-31,2007-03-31,2021-09-10,-1818000.0,2107530000.0,2073613000.0,490234000.0,1617296000.0,0.761,16.129,-37421000.0,50759000.0,50759000.0,649870000.0,159393000.0,0.899,1.713,500000000.0,100000000.0,400000000.0,500000000.0,373460000.0,73206000.0,0.0,0.012,0.67,280532000.0,353738000.0,0.224,353738000.0,280532000.0,252346000.0,3.3,3.22,3.3,776917000.0,729653750.0,776917000.0,3249451179.0,12.0,9.186,210473000.0,4.369,1.0,927938000.0,0.588,1283311000.0,28186000.0,728162000.0,775219750.0,58951000.0,0.0,0.0,0.0,1330613000.0,545298000.0,785315000.0,2758019179.0,35215000.0,-23845000.0,-92677000.0,-20000000.0,-32132000.0,-151413000.0,-61266000.0,0.0,247894000.0,0.0,159393000.0,159393000.0,159393000.0,8708000.0,0.0,0.101,640078000.0,287860000.0,76621000.0,0.203,3.55,17.303,17.391,200995000.0,0.0,57.39,1.748,1.752,270841000.0,678332000.0,1577808000.0,1577808000.0,0.0,0.077,0.218,0.362,0.178,18560000.0,595804000.0,1.0,48057487.0,48170000.0,49300000.0,32.755,824219000.0,0.0,92953000.0,147639000.0,17.111,-55064000.0
58,MDP,MRT,2006-12-31,2006-12-31,2006-12-31,2021-09-10,-1557000.0,2080062000.0,2048509250.0,462902000.0,1617160000.0,0.767,15.465,-33500000.0,18568000.0,18568000.0,643906000.0,154725000.0,0.85,1.808,510000000.0,100000000.0,410000000.0,510000000.0,378214000.0,72827000.0,0.0,0.011,0.64,283775000.0,356602000.0,0.227,356602000.0,283775000.0,254713000.0,3.18,3.1,3.18,740867000.0,719888250.0,740867000.0,3232239758.0,11.0,9.064,213745000.0,4.462,1.0,927008000.0,0.59,1280921000.0,29062000.0,745708000.0,804910000.0,54900000.0,0.0,0.0,0.0,1339195000.0,544865000.0,794330000.0,2694710758.0,3475000.0,-8041000.0,-90979000.0,-85000000.0,-31134000.0,-202229000.0,-41541000.0,0.0,247245000.0,0.0,154725000.0,154725000.0,154725000.0,840000.0,0.0,0.098,643683000.0,283325000.0,71950000.0,0.201,3.637,17.416,17.72,198250000.0,0.0,56.35,1.715,1.718,268791000.0,641244000.0,1570914000.0,1570914000.0,0.0,0.076,0.215,0.353,0.181,7780000.0,599404000.0,1.0,47820954.0,47905000.0,48961000.0,32.792,799141000.0,0.0,99988000.0,139843000.0,16.682,-81963000.0
59,MDP,MRT,2006-09-30,2006-09-30,2006-09-30,2021-09-10,-2077000.0,2066185000.0,2038661750.0,462468000.0,1603717000.0,0.764,14.641,-24320000.0,22471000.0,22471000.0,646946000.0,148851000.0,0.867,1.94,560000000.0,100000000.0,460000000.0,560000000.0,361714000.0,72604000.0,0.0,0.013,0.62,273807000.0,346411000.0,0.222,346411000.0,273807000.0,244293000.0,3.04,2.96,3.04,702727000.0,707488750.0,702727000.0,2905723157.0,11.0,8.388,193917000.0,4.04,1.0,910605000.0,0.585,1283033000.0,29514000.0,787092000.0,835107000.0,60857000.0,0.0,0.0,0.0,1363458000.0,533589000.0,829869000.0,2371436157.0,11135000.0,-6148000.0,-108521000.0,-45000000.0,-30351000.0,-176634000.0,-30468000.0,0.0,218237000.0,0.0,148851000.0,148851000.0,148851000.0,50000.0,0.0,0.096,637791000.0,272814000.0,77684000.0,0.204,3.375,15.932,16.227,192493000.0,0.0,49.33,1.523,1.52,255423000.0,602669000.0,1557551000.0,1557551000.0,0.0,0.073,0.21,0.328,0.176,5894000.0,593013000.0,1.0,48072900.0,47996000.0,48854000.0,32.452,783152000.0,0.0,95442000.0,129928000.0,16.317,-71121000.0
60,MDP,MRT,2006-06-30,2006-06-30,2006-06-30,2021-09-10,-2077000.0,2040675000.0,2032690500.0,431520000.0,1609155000.0,0.768,14.158,-29236000.0,30713000.0,30713000.0,656142000.0,144792000.0,0.93,1.923,565000000.0,50000000.0,515000000.0,565000000.0,369832000.0,73972000.0,0.0,0.012,0.6,267808000.0,341780000.0,0.219,341780000.0,267808000.0,237594000.0,2.94,2.86,2.94,698104000.0,700068000.0,698104000.0,2968526456.0,11.0,8.685,164753000.0,3.341,1.0,905323000.0,0.58,1271099000.0,30214000.0,839917000.0,854878500.0,52032000.0,0.0,0.0,0.0,1342571000.0,463946000.0,878625000.0,2464070456.0,925000.0,-365354000.0,-93129000.0,315000000.0,-29578000.0,201526000.0,-394590000.0,0.0,193989000.0,0.0,144792000.0,144792000.0,144792000.0,360000.0,0.0,0.093,638142000.0,267181000.0,79892000.0,0.204,3.53,17.018,16.85,194798000.0,0.0,49.54,1.578,1.564,239368000.0,599413000.0,1561465000.0,1561465000.0,0.0,0.071,0.207,0.313,0.172,5519000.0,593015000.0,1.0,49739008.0,49307000.0,50610000.0,31.668,769576000.0,0.0,92802000.0,180970000.0,15.608,-32426000.0
61,MDP,MRT,2006-03-31,2006-03-31,2006-03-31,2021-09-10,-1025000.0,2007115000.0,1895348750.0,421229000.0,1585886000.0,0.791,14.899,-27266000.0,15544000.0,15544000.0,633455000.0,138413000.0,1.052,1.72,520000000.0,0.0,520000000.0,520000000.0,378612000.0,72690000.0,0.0,0.01,0.58,254214000.0,326904000.0,0.218,326904000.0,254214000.0,226484000.0,2.8,2.73,2.8,737855000.0,688498750.0,737855000.0,3327949897.0,13.0,10.18,155936000.0,3.149,1.0,866084000.0,0.578,1264304000.0,27730000.0,846923000.0,731988000.0,59342000.0,0.0,0.0,0.0,1269260000.0,400344000.0,868916000.0,2748042897.0,12930000.0,-357090000.0,-27113000.0,250000000.0,-28655000.0,213888000.0,-384160000.0,0.0,183202000.0,0.0,138413000.0,138413000.0,138413000.0,-133000.0,0.0,0.092,612886000.0,253198000.0,65388000.0,0.207,3.724,19.854,19.925,194488000.0,0.0,55.79,1.833,1.843,233371000.0,624588000.0,1499539000.0,1499539000.0,0.0,0.073,0.201,0.347,0.17,-4402000.0,569701000.0,1.0,49256908.0,49524000.0,50852000.0,30.279,742811000.0,0.0,88071000.0,115533000.0,14.999,20885000.0
62,MDP,MRT,2005-12-31,2005-12-31,2005-12-31,2021-09-10,-1025000.0,2040672000.0,1763494500.0,447232000.0,1593440000.0,0.8,14.038,-31094000.0,15093000.0,15093000.0,612246000.0,133000000.0,0.928,1.952,595000000.0,75000000.0,520000000.0,595000000.0,381774000.0,71176000.0,0.0,0.011,0.56,242718000.0,313894000.0,0.223,313894000.0,242718000.0,217331000.0,2.69,2.62,2.69,691269000.0,659360000.0,691269000.0,3174518205.0,13.0,10.113,124955000.0,2.538,1.0,797886000.0,0.566,1272384000.0,25387000.0,866496000.0,614568000.0,56106000.0,0.0,0.0,0.0,1349403000.0,481699000.0,867704000.0,2580854205.0,-10563000.0,-357534000.0,-56778000.0,295000000.0,-27639000.0,218365000.0,-384977000.0,0.0,156049000.0,0.0,133000000.0,133000000.0,133000000.0,-133000.0,0.0,0.094,556031000.0,241855000.0,70179000.0,0.208,3.734,19.405,19.457,196544000.0,0.0,52.34,1.83,1.828,249590000.0,585480000.0,1410132000.0,1410132000.0,0.0,0.075,0.202,0.395,0.172,6760000.0,515305000.0,1.0,49309404.0,49243000.0,50663000.0,28.636,768288000.0,0.0,84331000.0,108004000.0,15.602,-34467000.0
63,MDP,MRT,2005-09-30,2005-09-30,2005-09-30,2021-09-10,-1025000.0,2042300000.0,1630140250.0,444824000.0,1597476000.0,0.809,13.647,-30241000.0,11336000.0,11336000.0,571256000.0,131562000.0,0.908,2.034,605000000.0,75000000.0,530000000.0,605000000.0,373648000.0,69506000.0,0.0,0.011,0.54,236836000.0,306342000.0,0.232,306342000.0,236836000.0,214183000.0,2.66,2.58,2.66,673044000.0,641870250.0,673044000.0,2680770436.0,11.0,8.751,107311000.0,2.176,1.0,747446000.0,0.567,1279877000.0,22653000.0,866178000.0,499562500.0,59696000.0,0.0,0.0,0.0,1369256000.0,489909000.0,879347000.0,2460558436.0,-42419000.0,-384400000.0,-52796000.0,305000000.0,-26727000.0,231019000.0,-410990000.0,0.0,137552000.0,0.0,131562000.0,131562000.0,131562000.0,-133000.0,0.0,0.1,512399000.0,235047000.0,88740000.0,0.203,3.656,18.703,18.756,200231000.0,0.0,49.89,1.866,1.866,247449000.0,569639000.0,1318702000.0,1318702000.0,0.0,0.081,0.205,0.474,0.18,6677000.0,474460000.0,1.0,49319672.0,49318000.0,50725000.0,26.739,762423000.0,0.0,82621000.0,101068000.0,15.459,-45085000.0
64,MDP,MRT,2005-06-30,2005-06-30,2005-06-30,2021-09-10,-1025000.0,1491308000.0,1492205500.0,304495000.0,1186813000.0,0.816,13.095,-23845000.0,29788000.0,29788000.0,523668000.0,129042000.0,0.693,1.288,250000000.0,125000000.0,125000000.0,250000000.0,239774000.0,65887000.0,0.0,0.011,0.52,229666000.0,295553000.0,0.243,295553000.0,229666000.0,209861000.0,2.59,2.52,2.59,651827000.0,619157250.0,651827000.0,2690713678.0,12.0,9.104,147059000.0,2.954,1.0,693632000.0,0.57,924085000.0,19805000.0,348355000.0,379865250.0,41562000.0,0.0,0.0,0.0,839481000.0,439080000.0,400401000.0,2423327678.0,-28935000.0,-33337000.0,-74020000.0,-50000000.0,-25828000.0,-146058000.0,-53781000.0,0.0,170904000.0,0.0,129042000.0,129042000.0,129042000.0,-133000.0,0.0,0.106,465795000.0,227837000.0,48462000.0,0.201,3.718,18.779,18.942,192956000.0,0.0,49.06,1.991,2.006,176669000.0,550115000.0,1217300000.0,1217300000.0,0.0,0.086,0.208,0.605,0.189,6860000.0,430804000.0,1.0,49395183.0,49777000.0,51220000.0,24.455,567223000.0,0.0,80819000.0,153747000.0,11.395,-134585000.0
65,MDP,MRT,2005-03-31,2005-03-31,2005-03-31,2021-09-10,-284000.0,1479698000.0,1485860250.0,287316000.0,1192382000.0,0.806,12.514,-25274000.0,2614000.0,2614000.0,514302000.0,124538000.0,0.655,1.382,270000000.0,125000000.0,145000000.0,270000000.0,250582000.0,65530000.0,0.0,0.011,0.5,223544000.0,289074000.0,0.241,289074000.0,223544000.0,202590000.0,2.5,2.41,2.5,621300000.0,608693250.0,621300000.0,2610884129.0,12.0,9.032,145251000.0,2.926,1.0,683681000.0,0.571,931235000.0,20954000.0,377243000.0,406338250.0,39244000.0,0.0,0.0,0.0,858398000.0,438606000.0,419792000.0,2336540129.0,-7461000.0,-33212000.0,-66861000.0,-35000000.0,-24978000.0,-121073000.0,-56913000.0,0.0,170525000.0,0.0,124538000.0,124538000.0,124538000.0,0.0,0.0,0.104,461830000.0,221851000.0,31743000.0,0.2,3.761,18.762,18.7,194906000.0,0.0,46.75,1.95,1.937,187568000.0,520531000.0,1197983000.0,1197983000.0,0.0,0.084,0.205,0.55,0.187,4148000.0,426861000.0,1.0,49979468.0,49649000.0,50990000.0,24.129,548463000.0,0.0,78052000.0,211540000.0,11.047,-151290000.0
66,MDP,MRT,2004-12-31,2004-12-31,2004-12-31,2021-09-10,-284000.0,1507255000.0,1478376000.0,310481000.0,1196774000.0,0.806,12.448,-20889000.0,25656000.0,25656000.0,510303000.0,120544000.0,0.714,1.426,300000000.0,125000000.0,175000000.0,300000000.0,250347000.0,65551000.0,0.0,0.009,0.48,217584000.0,283135000.0,0.238,283135000.0,217584000.0,196077000.0,2.41,2.32,2.41,621310000.0,592325750.0,621310000.0,2956210691.0,14.0,10.441,136163000.0,2.728,1.0,681716000.0,0.572,940046000.0,21507000.0,406474000.0,427245500.0,37638000.0,0.0,0.0,0.0,885945000.0,435079000.0,450866000.0,2709965691.0,15963000.0,-35262000.0,-36887000.0,-30000000.0,-24081000.0,-82701000.0,-58388000.0,0.0,157052000.0,0.0,120544000.0,120544000.0,120544000.0,0.0,0.0,0.101,465606000.0,216110000.0,40972000.0,0.199,4.362,22.481,22.49,194788000.0,0.0,54.2,2.273,2.269,178306000.0,521200000.0,1192019000.0,1192019000.0,0.0,0.082,0.204,0.509,0.183,1647000.0,430738000.0,1.0,49999367.0,49912000.0,51469000.0,23.882,567209000.0,0.0,75533000.0,190444000.0,11.364,-124598000.0
67,MDP,MRT,2004-09-30,2004-09-30,2004-09-30,2021-09-10,-390000.0,1490561000.0,1462341750.0,329690000.0,1160871000.0,0.805,11.582,-22436000.0,53755000.0,53755000.0,508619000.0,110386000.0,0.749,1.56,300000000.0,125000000.0,175000000.0,300000000.0,247734000.0,65292000.0,0.0,0.009,0.455,202125000.0,267417000.0,0.227,267417000.0,202125000.0,180075000.0,2.2,2.12,2.2,582192000.0,568447750.0,582192000.0,2833105853.0,14.0,10.594,161078000.0,3.204,1.0,669226000.0,0.568,908991000.0,22050000.0,387389000.0,463275250.0,36416000.0,0.0,0.0,0.0,908369000.0,440426000.0,467943000.0,2591828853.0,44352000.0,-8158000.0,-37017000.0,-55000000.0,-22855000.0,-106155000.0,-33007000.0,0.0,183514000.0,0.0,110386000.0,110386000.0,110386000.0,0.0,0.0,0.094,467494000.0,201732000.0,46581000.0,0.207,4.452,23.48,23.355,193822000.0,0.0,51.38,2.2,2.193,168048000.0,534557000.0,1177845000.0,1177845000.0,0.0,0.075,0.194,0.436,0.172,6548000.0,432524000.0,1.0,50444314.0,50267000.0,51859000.0,23.432,581570000.0,0.0,69689000.0,206762000.0,11.57,-110736000.0
68,MDP,MRT,2004-06-30,2004-06-30,2004-06-30,2021-09-10,-427000.0,1465927000.0,1453906750.0,314014000.0,1151913000.0,0.799,12.147,-24535000.0,58723000.0,58723000.0,502494000.0,103959000.0,0.847,1.403,300000000.0,75000000.0,225000000.0,300000000.0,253187000.0,66314000.0,0.0,0.008,0.43,192316000.0,258630000.0,0.223,258630000.0,192316000.0,169590000.0,2.07,2.0,2.07,609971000.0,551835500.0,609971000.0,3056304572.0,16.0,11.817,138490000.0,2.758,1.0,659158000.0,0.567,882207000.0,22726000.0,454247000.0,510881250.0,31262000.0,0.0,0.0,0.0,855956000.0,370750000.0,485206000.0,2761379572.0,36429000.0,0.0,-11101000.0,-75000000.0,-21608000.0,-99698000.0,-26898000.0,0.0,163025000.0,0.0,103959000.0,103959000.0,103959000.0,0.0,0.0,0.089,467067000.0,192091000.0,42684000.0,0.208,4.527,26.562,26.551,195799000.0,0.0,54.96,2.377,2.376,164876000.0,495808000.0,1161652000.0,1161652000.0,0.0,0.072,0.188,0.376,0.166,4182000.0,431824000.0,1.0,50243442.0,50214000.0,51926000.0,23.134,583720000.0,0.0,65631000.0,109691000.0,11.625,-56736000.0
69,MDP,MRT,2004-03-31,2004-03-31,2004-03-31,2021-09-10,-441000.0,1449761000.0,1445381000.0,286443000.0,1163318000.0,0.798,11.072,-22119000.0,10075000.0,10075000.0,505545000.0,88230000.0,0.743,1.608,305000000.0,75000000.0,230000000.0,305000000.0,268033000.0,72004000.0,0.0,0.008,0.405,167256000.0,239260000.0,0.208,239260000.0,167256000.0,143936000.0,1.76,1.71,1.76,555830000.0,523783500.0,555830000.0,2856698595.0,17.0,11.94,124837000.0,2.487,1.0,647212000.0,0.561,898351000.0,23320000.0,460872000.0,545458500.0,29324000.0,0.0,0.0,0.0,893931000.0,385463000.0,508468000.0,2536391595.0,-1448000.0,313000.0,-9264000.0,-110000000.0,-20317000.0,-123197000.0,-25207000.0,0.0,146956000.0,0.0,88230000.0,88230000.0,88230000.0,0.0,0.0,0.077,478883000.0,168329000.0,34219000.0,0.23,4.563,28.747,28.727,195482000.0,0.0,50.56,2.2,2.202,175897000.0,507024000.0,1152757000.0,1152757000.0,0.0,0.061,0.168,0.307,0.145,4153000.0,439951000.0,1.0,50165973.0,50203000.0,51953000.0,22.962,551410000.0,0.0,55706000.0,88127000.0,10.984,-99020000.0
70,MDP,MRT,2003-12-31,2003-12-31,2003-12-31,2021-09-10,-834000.0,1443118000.0,1452589500.0,275199000.0,1167919000.0,0.779,10.487,-21092000.0,9693000.0,9693000.0,495053000.0,82484000.0,0.897,1.745,330000000.0,0.0,330000000.0,330000000.0,269609000.0,74151000.0,0.0,0.008,0.38,158794000.0,232945000.0,0.206,232945000.0,158794000.0,134553000.0,1.65,1.61,1.65,525798000.0,501600000.0,525798000.0,2794264573.0,18.0,11.995,112840000.0,2.251,1.0,636327000.0,0.562,906033000.0,24241000.0,550593000.0,588220750.0,32411000.0,0.0,0.0,0.0,917320000.0,306799000.0,610521000.0,2448667573.0,2055000.0,-2284000.0,-13396000.0,-94000000.0,-19012000.0,-113186000.0,-18691000.0,0.0,133932000.0,0.0,82484000.0,82484000.0,82484000.0,0.0,0.0,0.073,476609000.0,159718000.0,37621000.0,0.23,4.657,29.687,29.582,198052000.0,0.0,48.81,2.164,2.163,155096000.0,478616000.0,1131380000.0,1131380000.0,0.0,0.057,0.164,0.27,0.14,4329000.0,436946000.0,1.0,50167334.0,50137000.0,51850000.0,22.566,537085000.0,0.0,52069000.0,85856000.0,10.712,-31600000.0
71,MDP,MRT,2003-09-30,2003-09-30,2003-09-30,2021-09-10,-1230000.0,1456821000.0,1451349500.0,290208000.0,1166613000.0,0.76,10.278,-24353000.0,9403000.0,9403000.0,477580000.0,84248000.0,0.931,1.825,355000000.0,0.0,355000000.0,355000000.0,262415000.0,75108000.0,0.0,0.008,0.375,162555000.0,237663000.0,0.216,237663000.0,162555000.0,137435000.0,1.69,1.65,1.69,515743000.0,482604000.0,515743000.0,2669642921.0,16.0,11.233,126806000.0,2.527,1.0,625132000.0,0.567,912831000.0,25120000.0,577813000.0,602017750.0,35055000.0,0.0,0.0,0.0,941078000.0,311774000.0,629304000.0,2316936921.0,-7361000.0,-117281000.0,-4922000.0,-10000000.0,-18729000.0,-21747000.0,-136773000.0,0.0,151159000.0,0.0,84248000.0,84248000.0,84248000.0,0.0,0.0,0.076,461444000.0,163688000.0,47429000.0,0.222,4.492,27.501,27.32,200404000.0,0.0,46.17,2.101,2.101,160036000.0,463998000.0,1102712000.0,1102712000.0,0.0,0.058,0.175,0.27,0.147,-577000.0,423555000.0,1.0,50182736.0,50179000.0,51557000.0,21.976,543990000.0,0.0,53187000.0,165501000.0,10.841,-21566000.0
72,MDP,MRT,2003-06-30,2003-06-30,2003-06-30,2021-09-10,-1550000.0,1431824000.0,1423038500.0,268429000.0,1163395000.0,0.759,10.014,-26645000.0,22294000.0,22294000.0,464764000.0,-4091000.0,0.903,1.877,375000000.0,0.0,375000000.0,375000000.0,260902000.0,73683000.0,0.0,0.008,0.37,75236000.0,148919000.0,0.138,148919000.0,75236000.0,47460000.0,-0.08,-0.08,-0.08,497763000.0,460981750.0,497763000.0,2591869008.0,34.0,17.405,133806000.0,2.692,1.0,615340000.0,0.57,894775000.0,27776000.0,592556000.0,599456250.0,27148000.0,0.0,0.0,0.0,934061000.0,297199000.0,636862000.0,2188392008.0,-5931000.0,-117281000.0,-9009000.0,-10000000.0,-18412000.0,-25517000.0,-140865000.0,0.0,160451000.0,0.0,-4091000.0,-4091000.0,-4091000.0,0.0,0.0,-0.004,453371000.0,161969000.0,38907000.0,-4.625,4.396,-534.928,-550.0,201484000.0,0.0,44.0,2.026,2.025,144717000.0,445962000.0,1080104000.0,1080104000.0,0.0,-0.003,-0.009,0.126,0.07,-577000.0,417031000.0,1.0,49736182.0,49706000.0,51276000.0,21.73,537049000.0,0.0,51551000.0,100532000.0,10.805,-28770000.0
73,MDP,MRT,2003-03-31,2003-03-31,2003-03-31,2021-09-10,-2223000.0,1478595000.0,1430148500.0,302216000.0,1176379000.0,0.732,9.387,-28043000.0,11523000.0,11523000.0,449488000.0,31650000.0,0.897,2.166,415000000.0,0.0,415000000.0,415000000.0,273807000.0,76552000.0,0.0,0.01,0.365,139266000.0,215818000.0,0.206,215818000.0,139266000.0,105768000.0,0.64,0.62,0.64,467096000.0,463470250.0,467096000.0,2316537686.0,17.0,10.734,136872000.0,2.751,1.0,597621000.0,0.571,913169000.0,33498000.0,631921000.0,597046500.0,35687000.0,0.0,0.0,0.0,1011499000.0,336982000.0,674517000.0,1900175686.0,417000.0,-117594000.0,-13656000.0,5000000.0,-18122000.0,-27414000.0,-137084000.0,0.0,164915000.0,0.0,31650000.0,31650000.0,31650000.0,0.0,0.0,0.03,434847000.0,162774000.0,40516000.0,0.57,4.068,60.037,59.656,203691000.0,0.0,38.18,1.815,1.814,156605000.0,421120000.0,1047109000.0,1047109000.0,0.0,0.022,0.068,0.233,0.133,0.0,398061000.0,1.0,49768876.0,49761000.0,51041000.0,21.043,565426000.0,0.0,74118000.0,56334000.0,11.363,-34766000.0
74,MDP,MRT,2002-12-31,2002-12-31,2002-12-31,2021-09-10,-2546000.0,1438158000.0,1411941750.0,263997000.0,1174161000.0,0.726,9.059,-29486000.0,7638000.0,7638000.0,441611000.0,24046000.0,0.808,2.197,424000000.0,0.0,424000000.0,424000000.0,249040000.0,82039000.0,0.0,0.009,0.36,126907000.0,208946000.0,0.204,208946000.0,126907000.0,93371000.0,0.49,0.47,0.49,449814000.0,460985500.0,449814000.0,2387116378.0,19.0,11.425,140752000.0,2.835,1.0,583517000.0,0.569,921992000.0,33536000.0,605781000.0,594219000.0,33661000.0,0.0,0.0,0.0,988344000.0,326747000.0,661597000.0,2038880378.0,-3551000.0,-114997000.0,-8942000.0,-1000000.0,-17847000.0,-29216000.0,-144573000.0,0.0,170238000.0,0.0,24046000.0,24046000.0,24046000.0,0.0,0.0,0.023,433015000.0,150502000.0,40931000.0,0.735,4.533,84.791,83.898,214073000.0,0.0,41.11,1.989,1.991,125596000.0,403162000.0,1025128000.0,1025128000.0,0.0,0.017,0.052,0.214,0.124,0.0,392196000.0,1.0,49595728.0,49652000.0,51247000.0,20.646,516166000.0,0.0,69325000.0,50017000.0,10.396,-62750000.0
75,MDP,MRT,2002-09-30,2002-09-30,2002-09-30,2021-09-10,-2678000.0,1343577000.0,1406330250.0,284800000.0,1058777000.0,0.712,8.673,-26588000.0,16764000.0,16764000.0,435632000.0,13429000.0,0.922,2.13,365000000.0,0.0,365000000.0,365000000.0,232588000.0,88070000.0,0.0,0.008,0.355,110443000.0,198513000.0,0.198,198513000.0,110443000.0,76042000.0,0.28,0.26,0.28,429254000.0,458358000.0,429254000.0,2485735260.0,23.0,12.522,136224000.0,2.752,1.0,565750000.0,0.565,815407000.0,34401000.0,567567000.0,593892000.0,31696000.0,0.0,0.0,0.0,914323000.0,308839000.0,605484000.0,2128960260.0,12450000.0,0.0,-15738000.0,-90000000.0,-17564000.0,-124210000.0,-26152000.0,0.0,162812000.0,0.0,13429000.0,13429000.0,13429000.0,0.0,0.0,0.013,434029000.0,131721000.0,39502000.0,1.268,4.96,158.535,153.75,212732000.0,0.0,43.05,2.126,2.128,134244000.0,384005000.0,1001382000.0,1001382000.0,0.0,0.01,0.029,0.186,0.11,0.0,386811000.0,1.0,49453200.0,49494000.0,50891000.0,20.232,528170000.0,11207000.0,62613000.0,145074000.0,10.671,-24039000.0
76,MDP,MRT,2002-06-30,2002-06-30,2002-06-30,2021-09-10,-2310000.0,1460264000.0,1428563750.0,272211000.0,1188053000.0,0.691,10.251,-23365000.0,28225000.0,28225000.0,433645000.0,91381000.0,0.886,1.876,385000000.0,0.0,385000000.0,385000000.0,232918000.0,93770000.0,0.0,0.009,0.355,182282000.0,276052000.0,0.279,276052000.0,182282000.0,149072000.0,1.85,1.79,1.85,507717000.0,460504250.0,507717000.0,2301261282.0,13.0,8.336,113422000.0,2.29,1.0,554184000.0,0.561,926716000.0,33210000.0,582917000.0,607960000.0,32921000.0,0.0,0.0,0.0,952547000.0,307406000.0,645141000.0,1902367282.0,-8029000.0,0.0,-21617000.0,-85000000.0,-17343000.0,-124596000.0,-20220000.0,0.0,136787000.0,0.0,91381000.0,91381000.0,91381000.0,0.0,0.0,0.093,436335000.0,117849000.0,42749000.0,0.192,3.747,20.818,20.73,211250000.0,0.0,38.35,1.926,1.923,128204000.0,462057000.0,987829000.0,987829000.0,0.0,0.064,0.198,0.3,0.185,0.0,382695000.0,1.0,49605405.0,49528000.0,50921000.0,19.945,533548000.0,0.0,57691000.0,138712000.0,10.773,-35195000.0
77,MDP,MRT,2002-03-31,2002-03-31,2002-03-31,2021-09-10,-3553000.0,1405768000.0,1422934500.0,281159000.0,1124609000.0,0.689,9.249,-27910000.0,11106000.0,11106000.0,442041000.0,47129000.0,0.946,2.075,410000000.0,10000000.0,400000000.0,410000000.0,240910000.0,100315000.0,0.0,0.008,0.355,106025000.0,206340000.0,0.21,206340000.0,106025000.0,76812000.0,0.95,0.92,0.95,457157000.0,445552000.0,457157000.0,2511789771.0,24.0,12.173,114459000.0,2.316,1.0,538862000.0,0.549,886794000.0,29213000.0,620611000.0,614405750.0,31466000.0,0.0,0.0,0.0,948611000.0,297257000.0,651354000.0,2097978771.0,703000.0,20150000.0,-23649000.0,-95000000.0,-17105000.0,-136682000.0,-4984000.0,0.0,142369000.0,0.0,47129000.0,47129000.0,47129000.0,0.0,0.0,0.048,457070000.0,81792000.0,29584000.0,0.374,4.589,44.516,44.747,199025000.0,0.0,42.51,2.139,2.142,139510000.0,412630000.0,980903000.0,980903000.0,0.0,0.033,0.106,0.173,0.108,0.0,378117000.0,1.0,49352594.0,49428000.0,50885000.0,19.845,518974000.0,19465000.0,29683000.0,161759000.0,10.5,-16098000.0
78,MDP,MRT,2001-12-31,2001-12-31,2001-12-31,2021-09-10,-4793000.0,1415712000.0,1431552750.0,278467000.0,1137245000.0,0.696,8.901,-35733000.0,11189000.0,11189000.0,450553000.0,48129000.0,0.861,2.223,425000000.0,25000000.0,400000000.0,425000000.0,233725000.0,97797000.0,0.0,0.01,0.35,109156000.0,206953000.0,0.208,206953000.0,109156000.0,78446000.0,0.97,0.94,0.97,439304000.0,442070750.0,439304000.0,2208806534.0,20.0,10.673,105468000.0,2.137,1.0,546462000.0,0.548,901504000.0,30710000.0,604473000.0,642565250.0,39243000.0,0.0,0.0,0.0,976408000.0,323546000.0,652862000.0,1758120534.0,1340000.0,20150000.0,-33834000.0,-77370000.0,-16892000.0,-127893000.0,-11968000.0,0.0,141201000.0,0.0,48129000.0,48129000.0,48129000.0,0.0,0.0,0.048,461636000.0,84826000.0,38651000.0,0.361,4.002,36.529,36.753,200454000.0,0.0,35.65,1.763,1.765,119087000.0,396442000.0,997015000.0,997015000.0,0.0,0.034,0.109,0.17,0.109,0.0,383330000.0,1.0,49316144.0,49353000.0,50612000.0,20.202,514208000.0,19379000.0,30317000.0,163884000.0,10.419,-45079000.0
79,MDP,MRT,2001-09-30,2001-09-30,2001-09-30,2021-09-10,-5662000.0,1432511000.0,1438749500.0,286107000.0,1146404000.0,0.716,8.806,-40617000.0,4314000.0,4314000.0,459862000.0,63466000.0,0.837,2.272,455000000.0,55000000.0,400000000.0,455000000.0,224024000.0,96074000.0,0.0,0.011,0.345,135188000.0,231262000.0,0.225,231262000.0,135188000.0,103466000.0,1.27,1.24,1.27,437839000.0,442112250.0,437839000.0,2033642964.0,15.0,8.794,77798000.0,1.565,1.0,570076000.0,0.554,917529000.0,31722000.0,623839000.0,659436250.0,37676000.0,0.0,0.0,0.0,994672000.0,341829000.0,652843000.0,1599896964.0,-11033000.0,20150000.0,-34033000.0,-60000000.0,-16700000.0,-110756000.0,-18692000.0,0.0,118415000.0,0.0,63466000.0,63466000.0,63466000.0,0.0,0.0,0.062,457344000.0,112732000.0,42797000.0,0.272,3.654,25.209,25.299,201942000.0,0.0,32.13,1.553,1.551,135219000.0,396064000.0,1029938000.0,1029938000.0,0.0,0.044,0.144,0.205,0.131,0.0,379726000.0,1.0,49794490.0,49723000.0,51004000.0,20.714,514982000.0,19291000.0,40000000.0,147620000.0,10.357,-55722000.0
80,MDP,MRT,2001-06-30,2001-06-30,2001-06-30,2021-09-10,-1967000.0,1437747000.0,1443941250.0,291082000.0,1146665000.0,0.723,8.962,-55967000.0,36254000.0,36254000.0,462159000.0,71272000.0,0.784,2.21,470000000.0,70000000.0,400000000.0,470000000.0,221302000.0,95699000.0,0.0,0.009,0.335,149129000.0,244828000.0,0.235,244828000.0,149129000.0,116200000.0,1.43,1.39,1.43,447908000.0,438881250.0,447908000.0,2275258561.0,15.0,9.293,81124000.0,1.623,1.0,581292000.0,0.557,891387000.0,32929000.0,608700000.0,670424250.0,32835000.0,0.0,0.0,0.0,989839000.0,371406000.0,618433000.0,1780661561.0,13393000.0,20150000.0,-34639000.0,-35000000.0,-16482000.0,-86121000.0,-37577000.0,0.0,137091000.0,0.0,71272000.0,71272000.0,71272000.0,0.0,0.0,0.068,454668000.0,126624000.0,45976000.0,0.234,3.976,24.984,25.042,203798000.0,0.0,35.81,1.707,1.715,137384000.0,402393000.0,1043451000.0,1043451000.0,0.0,0.049,0.162,0.222,0.143,0.0,377788000.0,1.0,49725260.0,49977000.0,51354000.0,20.879,546360000.0,0.0,44928000.0,99537000.0,10.932,-80324000.0
81,MDP,MRT,2001-03-31,2001-03-31,2001-03-31,2021-09-10,-1727000.0,1440241000.0,1444447750.0,282240000.0,1158001000.0,0.733,8.886,-54336000.0,10403000.0,10403000.0,456991000.0,62126000.0,0.949,2.249,505000000.0,20000000.0,485000000.0,505000000.0,233618000.0,87357000.0,0.0,0.009,0.325,143601000.0,230958000.0,0.218,230958000.0,143601000.0,110269000.0,1.25,1.22,1.25,443232000.0,421865250.0,443232000.0,2234881509.0,16.0,9.677,85059000.0,1.705,1.0,602220000.0,0.569,904318000.0,33332000.0,733249000.0,678505500.0,36298000.0,0.0,0.0,0.0,997009000.0,297271000.0,699738000.0,1742360509.0,-3903000.0,0.0,-39868000.0,-25000000.0,-16293000.0,-79931000.0,-63367000.0,0.0,139395000.0,0.0,62126000.0,62126000.0,62126000.0,0.0,0.0,0.059,459655000.0,142565000.0,37626000.0,0.26,3.931,28.046,27.928,199788000.0,0.0,34.91,1.645,1.644,145742000.0,397582000.0,1059211000.0,1059211000.0,0.0,0.043,0.147,0.212,0.136,0.0,384760000.0,1.0,49910069.0,49881000.0,51369000.0,21.235,535923000.0,12772000.0,48143000.0,139384000.0,10.744,-15031000.0
82,MDP,MRT,2000-12-31,2000-12-31,2000-12-31,2021-09-10,-198000.0,1444499000.0,1452634000.0,282668000.0,1161831000.0,0.739,8.786,-55590000.0,9849000.0,9849000.0,455978000.0,68058000.0,0.815,2.287,502370000.0,57370000.0,445000000.0,502370000.0,233516000.0,88346000.0,0.0,0.01,0.32,154845000.0,243191000.0,0.226,243191000.0,154845000.0,120959000.0,1.35,1.32,1.35,439470000.0,410673750.0,439470000.0,2110105631.0,14.0,8.677,98011000.0,1.959,1.0,617869000.0,0.575,918391000.0,33886000.0,671957000.0,668462250.0,42184000.0,0.0,0.0,0.0,1005029000.0,346672000.0,658357000.0,1610452631.0,-8232000.0,0.0,-54305000.0,-27630000.0,-16154000.0,-97004000.0,-64829000.0,0.0,153601000.0,0.0,68058000.0,68058000.0,68058000.0,0.0,0.0,0.063,464260000.0,153609000.0,33661000.0,0.237,3.665,23.663,23.844,192625000.0,0.0,32.19,1.5,1.499,136270000.0,392538000.0,1073847000.0,1073847000.0,0.0,0.047,0.166,0.232,0.144,0.0,389212000.0,1.0,50029594.0,50019000.0,51275000.0,21.469,526108000.0,12483000.0,52901000.0,145746000.0,10.518,-64004000.0
83,MDP,MRT,2000-09-30,2000-09-30,2000-09-30,2021-09-10,657000.0,1453278000.0,1455139250.0,289101000.0,1164177000.0,0.742,8.452,-51346000.0,15347000.0,15347000.0,456763000.0,69476000.0,0.818,2.42,515000000.0,50000000.0,465000000.0,515000000.0,232909000.0,88332000.0,0.0,0.011,0.32,158912000.0,247244000.0,0.229,247244000.0,158912000.0,124314000.0,1.36,1.33,1.36,424915000.0,395643500.0,424915000.0,1968479626.0,12.0,7.962,100602000.0,2.001,1.0,622325000.0,0.577,931599000.0,34598000.0,667791000.0,668018750.0,38184000.0,0.0,0.0,0.0,1028363000.0,353541000.0,674822000.0,1486340626.0,4086000.0,0.0,-56668000.0,-15000000.0,-16019000.0,-86664000.0,-61198000.0,0.0,151948000.0,0.0,69476000.0,69476000.0,69476000.0,0.0,0.0,0.064,464527000.0,157798000.0,42853000.0,0.235,3.498,21.394,21.691,188529000.0,0.0,29.5,1.377,1.374,134210000.0,376725000.0,1079088000.0,1079088000.0,0.0,0.048,0.176,0.238,0.147,0.0,389186000.0,1.0,50384428.0,50272000.0,51522000.0,21.465,521679000.0,11407000.0,54838000.0,138560000.0,10.377,-64440000.0
84,MDP,MRT,2000-06-30,2000-06-30,2000-06-30,2021-09-10,-776000.0,1439773000.0,1455892500.0,288799000.0,1150974000.0,0.748,7.402,-39403000.0,22861000.0,22861000.0,455647000.0,71030000.0,0.805,2.678,505000000.0,50000000.0,455000000.0,505000000.0,234785000.0,87614000.0,0.0,0.009,0.32,162532000.0,250146000.0,0.23,250146000.0,162532000.0,127586000.0,1.38,1.35,1.38,379844000.0,381531500.0,379844000.0,2225129070.0,14.0,8.895,108613000.0,2.117,1.0,633823000.0,0.582,922186000.0,34946000.0,641025000.0,661304500.0,35805000.0,0.0,0.0,0.0,1017264000.0,358701000.0,658563000.0,1709435070.0,11832000.0,0.0,-49923000.0,-25000000.0,-15892000.0,-89925000.0,-46259000.0,0.0,148016000.0,0.0,71030000.0,71030000.0,71030000.0,0.0,0.0,0.065,472486000.0,161337000.0,53892000.0,0.232,4.5,24.066,24.457,174157000.0,0.0,33.75,1.569,1.59,145845000.0,334448000.0,1089470000.0,1089470000.0,0.0,0.049,0.186,0.246,0.149,0.0,397041000.0,1.0,50649928.0,51313000.0,52774000.0,21.232,517587000.0,0.0,56556000.0,85749000.0,10.087,-69902000.0
85,MDP,MRT,2000-03-31,2000-03-31,2000-03-31,2021-09-10,-807000.0,1472986000.0,1451798250.0,303001000.0,1169985000.0,0.746,7.771,-38442000.0,14306000.0,14306000.0,451999000.0,91634000.0,0.882,2.609,530000000.0,45000000.0,485000000.0,530000000.0,247064000.0,91690000.0,0.0,0.012,0.32,187228000.0,278918000.0,0.257,278918000.0,187228000.0,151539000.0,1.77,1.73,1.77,398466000.0,376610000.0,398466000.0,1936180871.0,10.0,6.942,96224000.0,1.877,1.0,631717000.0,0.583,952220000.0,35689000.0,693076000.0,660191500.0,37721000.0,0.0,0.0,0.0,1039519000.0,343384000.0,696135000.0,1424261871.0,-16399000.0,0.0,-41835000.0,-55000000.0,-15743000.0,-111723000.0,-39342000.0,0.0,134666000.0,0.0,91634000.0,91634000.0,91634000.0,0.0,0.0,0.085,445488000.0,186229000.0,39848000.0,0.181,3.574,15.543,15.644,171332000.0,0.0,27.69,1.314,1.31,161813000.0,353114000.0,1083716000.0,1083716000.0,0.0,0.063,0.243,0.284,0.173,0.0,393309000.0,1.0,51435965.0,51275000.0,52621000.0,21.135,520766000.0,11169000.0,59905000.0,131731000.0,10.156,-40383000.0
86,MDP,MRT,1999-12-31,1999-12-31,1999-12-31,2021-09-10,-751000.0,1454520000.0,1451084500.0,290596000.0,1163924000.0,0.732,7.352,-32261000.0,18081000.0,18081000.0,437036000.0,88905000.0,0.878,2.682,530000000.0,45000000.0,485000000.0,530000000.0,231354000.0,88942000.0,0.0,0.008,0.32,180680000.0,269622000.0,0.254,269622000.0,180680000.0,148320000.0,1.72,1.67,1.72,379349000.0,363887000.0,379349000.0,2670776967.0,15.0,9.906,110508000.0,2.142,1.0,624858000.0,0.588,965274000.0,32360000.0,670183000.0,671180750.0,33940000.0,0.0,0.0,0.0,1017261000.0,330982000.0,686279000.0,2152037967.0,17387000.0,-372186000.0,-25062000.0,318000000.0,-15545000.0,277321000.0,-402703000.0,0.0,142769000.0,0.0,88905000.0,88905000.0,88905000.0,0.0,0.0,0.084,445155000.0,179703000.0,30630000.0,0.186,5.673,24.206,24.238,162668000.0,0.0,41.69,2.027,2.026,153664000.0,333114000.0,1061894000.0,1061894000.0,0.0,0.061,0.244,0.269,0.17,0.0,395111000.0,1.0,51620004.0,51596000.0,53303000.0,20.581,489246000.0,0.0,59415000.0,127665000.0,9.482,-40386000.0
87,MDP,MRT,1999-09-30,1999-09-30,1999-09-30,2021-09-10,-757000.0,1456291000.0,1358021750.0,284641000.0,1171650000.0,0.774,7.117,-32953000.0,11261000.0,11261000.0,430942000.0,88869000.0,0.805,2.806,530000000.0,45000000.0,485000000.0,530000000.0,224490000.0,86070000.0,0.0,0.009,0.31,176861000.0,262931000.0,0.25,262931000.0,176861000.0,149807000.0,1.71,1.66,1.71,368467000.0,347756000.0,368467000.0,2399847809.0,14.0,9.127,96590000.0,1.866,1.0,619747000.0,0.59,980684000.0,27054000.0,640934000.0,595558500.0,35516000.0,0.0,0.0,0.0,1033750000.0,353412000.0,680338000.0,1880876809.0,5429000.0,-372186000.0,-25242000.0,320000000.0,-15340000.0,278976000.0,-403090000.0,0.0,129543000.0,0.0,88869000.0,88869000.0,88869000.0,0.0,0.0,0.085,443848000.0,175899000.0,47220000.0,0.181,5.105,21.165,21.234,162523000.0,0.0,36.31,1.79,1.789,151140000.0,320889000.0,1050689000.0,1050689000.0,0.0,0.065,0.256,0.297,0.168,0.0,396864000.0,1.0,51800518.0,51773000.0,53373000.0,20.294,475607000.0,0.0,60938000.0,126188000.0,9.186,-68771000.0
88,MDP,MRT,1999-06-30,1999-06-30,1999-06-30,2021-09-10,-625000.0,1423396000.0,1262687500.0,256175000.0,1167221000.0,0.821,6.901,-25691000.0,11029000.0,11029000.0,429848000.0,89657000.0,0.744,2.805,530000000.0,45000000.0,485000000.0,530000000.0,226021000.0,82612000.0,0.0,0.009,0.3,174172000.0,256784000.0,0.248,256784000.0,174172000.0,152175000.0,1.72,1.67,1.72,360158000.0,333336250.0,360158000.0,2350217297.0,13.0,9.153,108985000.0,2.088,1.0,606274000.0,0.585,961679000.0,21997000.0,636573000.0,519425500.0,33511000.0,0.0,0.0,0.0,1010091000.0,344115000.0,665976000.0,1795922297.0,6076000.0,-362264000.0,-41292000.0,315000000.0,-15129000.0,257929000.0,-386529000.0,0.0,134676000.0,0.0,89657000.0,89657000.0,89657000.0,0.0,0.0,0.087,435187000.0,171087000.0,55018000.0,0.174,4.986,20.031,20.128,159756000.0,0.0,34.62,1.733,1.744,138723000.0,312553000.0,1036122000.0,1036122000.0,0.0,0.071,0.269,0.335,0.168,0.0,391104000.0,1.0,51875283.0,52188000.0,53761000.0,19.854,461717000.0,0.0,62518000.0,68782000.0,8.847,-87940000.0
89,MDP,MRT,1999-03-31,1999-03-31,1999-03-31,2021-09-10,-882000.0,1470131000.0,1173335750.0,290832000.0,1179299000.0,0.883,6.676,-26747000.0,30705000.0,30705000.0,422823000.0,88641000.0,0.848,3.091,585000000.0,40000000.0,545000000.0,585000000.0,237988000.0,73317000.0,0.0,0.009,0.29,170667000.0,243984000.0,0.236,243984000.0,170667000.0,153725000.0,1.69,1.65,1.69,347574000.0,330784250.0,347574000.0,1849323712.0,11.0,7.58,78947000.0,1.516,1.0,613017000.0,0.592,944318000.0,16942000.0,737033000.0,439532250.0,35111000.0,0.0,0.0,0.0,1074296000.0,343075000.0,731221000.0,1638017712.0,21209000.0,-362264000.0,-43254000.0,340000000.0,-14935000.0,300445000.0,-384930000.0,0.0,105694000.0,0.0,88641000.0,88641000.0,88641000.0,0.0,0.0,0.086,445507000.0,167510000.0,41411000.0,0.172,4.713,18.479,18.604,157287000.0,0.0,31.44,1.581,1.58,146054000.0,300413000.0,1035840000.0,1035840000.0,0.0,0.076,0.268,0.388,0.165,0.0,404322000.0,1.0,52099800.0,52061000.0,53598000.0,19.897,525813000.0,0.0,65084000.0,116760000.0,10.1,-52243000.0
90,MDP,MRT,1998-12-31,1998-12-31,1998-12-31,2021-09-10,-878000.0,1082269000.0,1075553500.0,263004000.0,819265000.0,0.958,6.019,-31129000.0,694000.0,694000.0,422700000.0,86669000.0,0.777,2.208,212000000.0,45000000.0,167000000.0,212000000.0,236714000.0,70093000.0,0.0,0.007,0.28,165972000.0,236065000.0,0.229,236065000.0,165972000.0,150338000.0,1.64,1.61,1.64,314825000.0,334358250.0,314825000.0,2186094071.0,13.0,9.261,88430000.0,1.691,1.0,608205000.0,0.59,587507000.0,15634000.0,367694000.0,359262750.0,45097000.0,0.0,0.0,0.0,694988000.0,338374000.0,356614000.0,1981926071.0,182000.0,9922000.0,-37171000.0,-58000000.0,-14734000.0,-97926000.0,-21451000.0,0.0,119559000.0,0.0,86669000.0,86669000.0,86669000.0,0.0,0.0,0.084,445290000.0,162915000.0,33554000.0,0.171,6.295,22.868,23.098,148432000.0,0.0,37.88,1.923,1.922,133414000.0,267484000.0,1030905000.0,1030905000.0,0.0,0.081,0.259,0.462,0.161,0.0,405776000.0,1.0,52321174.0,52304000.0,53849000.0,19.71,494762000.0,0.0,63669000.0,110204000.0,9.459,-75370000.0
91,MDP,MRT,1998-09-30,1998-09-30,1998-09-30,2021-09-10,-971000.0,1074954000.0,1076382750.0,256464000.0,818490000.0,0.952,5.918,-39289000.0,5832000.0,5832000.0,419071000.0,83578000.0,0.732,2.259,210000000.0,43000000.0,167000000.0,210000000.0,234898000.0,67687000.0,0.0,0.009,0.28,161200000.0,228887000.0,0.223,228887000.0,161200000.0,145191000.0,1.58,1.54,1.58,310788000.0,342550250.0,310788000.0,1888868920.0,12.0,8.252,94383000.0,1.797,1.0,605794000.0,0.591,592429000.0,16009000.0,336402000.0,374124750.0,32501000.0,0.0,0.0,0.0,702086000.0,350291000.0,351795000.0,1678821920.0,-1669000.0,9922000.0,-36571000.0,-60000000.0,-14507000.0,-105725000.0,-29616000.0,0.0,133672000.0,0.0,83578000.0,83578000.0,83578000.0,0.0,0.0,0.082,447817000.0,157977000.0,47623000.0,0.177,5.402,20.087,20.253,146690000.0,0.0,32.0,1.638,1.64,138082000.0,263445000.0,1024865000.0,1024865000.0,0.0,0.078,0.244,0.431,0.157,0.0,409027000.0,1.0,52463185.0,52518000.0,54192000.0,19.515,482525000.0,0.0,61613000.0,106031000.0,9.188,-93827000.0
92,MDP,MRT,1998-06-30,1998-06-30,1998-06-30,2021-09-10,-1177000.0,1065989000.0,1074810250.0,246801000.0,819188000.0,0.94,6.61,-46181000.0,4953000.0,4953000.0,408560000.0,79858000.0,0.712,1.966,215000000.0,40000000.0,175000000.0,215000000.0,237592000.0,64517000.0,0.0,0.006,0.28,153779000.0,218296000.0,0.216,218296000.0,153779000.0,139114000.0,1.51,1.46,1.51,349950000.0,348107000.0,349950000.0,2713824987.0,18.0,12.432,79398000.0,1.5,1.0,601367000.0,0.595,612167000.0,14665000.0,317000000.0,391962000.0,34765000.0,0.0,0.0,0.0,687976000.0,346869000.0,341107000.0,2478320987.0,-69545000.0,-375000000.0,-22808000.0,215000000.0,-14286000.0,177544000.0,-372668000.0,50371000.0,125579000.0,0.0,79858000.0,79858000.0,79858000.0,0.0,0.0,0.079,448866000.0,152501000.0,63171000.0,0.185,7.082,31.034,31.086,151081000.0,0.0,46.94,2.454,2.461,138036000.0,301201000.0,1009927000.0,1009927000.0,0.0,0.074,0.229,0.392,0.152,0.0,412026000.0,1.0,52797635.0,52945000.0,54603000.0,19.075,453822000.0,0.0,59256000.0,54350000.0,8.572,-100068000.0
93,MDP,MRT,1998-03-31,1998-03-31,1998-03-31,2021-09-10,0.0,1079002000.0,998538250.0,261002000.0,818000000.0,0.965,6.845,-46603000.0,9496000.0,9496000.0,383448000.0,77165000.0,0.883,1.982,245000000.0,0.0,245000000.0,245000000.0,250246000.0,69756000.0,0.0,0.007,0.28,144925000.0,214681000.0,0.223,214681000.0,144925000.0,134068000.0,1.46,1.4,1.46,361870000.0,342352000.0,361870000.0,2495279091.0,17.0,11.623,88588000.0,1.676,1.0,579752000.0,0.602,602846000.0,10857000.0,415955000.0,346485500.0,30293000.0,0.0,0.0,0.0,717132000.0,295705000.0,421427000.0,2225791091.0,-43926000.0,-375000000.0,-26434000.0,245000000.0,-14049000.0,199204000.0,-378321000.0,50286000.0,135191000.0,0.0,77165000.0,77165000.0,77165000.0,0.0,0.0,0.08,437760000.0,141992000.0,44737000.0,0.192,6.151,28.845,28.849,147278000.0,0.0,42.12,2.311,2.312,136091000.0,311621000.0,963200000.0,963200000.0,0.0,0.077,0.225,0.418,0.15,0.0,405442000.0,1.0,52844043.0,52865000.0,54366000.0,18.22,476156000.0,5688000.0,56903000.0,111800000.0,9.007,-34703000.0
94,MDP,MRT,1997-12-31,1997-12-31,1997-12-31,2021-09-10,0.0,1085586000.0,915023750.0,268481000.0,817105000.0,1.012,6.561,-38969000.0,512000.0,512000.0,366027000.0,75478000.0,0.838,2.123,270000000.0,25000000.0,245000000.0,270000000.0,239695000.0,59293000.0,0.0,0.01,0.34,138577000.0,197870000.0,0.214,197870000.0,138577000.0,131677000.0,1.42,1.36,1.42,347593000.0,331402750.0,347593000.0,2157617300.0,16.0,10.904,60015000.0,1.133,1.0,560022000.0,0.605,607553000.0,6900000.0,427142000.0,278006250.0,30125000.0,0.0,0.0,0.0,737993000.0,320379000.0,417614000.0,1895118300.0,-75623000.0,-375000000.0,-27921000.0,270000000.0,-13828000.0,226359000.0,-400966000.0,19874000.0,98984000.0,0.0,75478000.0,75478000.0,75478000.0,0.0,0.0,0.082,425667000.0,134355000.0,49166000.0,0.239,5.452,25.108,25.134,138407000.0,0.0,35.69,2.046,2.042,135910000.0,297014000.0,926049000.0,926049000.0,0.0,0.082,0.228,0.498,0.15,0.0,396511000.0,1.0,53099420.0,52980000.0,55639000.0,17.479,478033000.0,11921000.0,56199000.0,106126000.0,9.023,-51898000.0
95,MDP,MRT,1997-09-30,1997-09-30,1997-09-30,2021-09-10,0.0,1068664000.0,826442250.0,257283000.0,811381000.0,1.073,6.27,-28247000.0,7501000.0,7501000.0,350956000.0,97915000.0,0.827,2.209,270000000.0,25000000.0,245000000.0,270000000.0,235027000.0,44429000.0,0.0,0.011,0.38,153562000.0,197991000.0,0.223,197991000.0,153562000.0,150577000.0,1.84,1.77,1.84,333015000.0,320760500.0,333015000.0,1683159402.0,11.0,8.501,66247000.0,1.247,1.0,535981000.0,0.604,612379000.0,2985000.0,407751000.0,198689000.0,24659000.0,0.0,0.0,0.0,735649000.0,311033000.0,424616000.0,1757657402.0,-8830000.0,-251725000.0,-24992000.0,220000000.0,-13337000.0,182585000.0,-285909000.0,-186000.0,94494000.0,0.0,97915000.0,97915000.0,97915000.0,0.0,0.0,0.11,415211000.0,120770000.0,47445000.0,0.207,5.278,17.951,18.0,128257000.0,0.0,33.12,1.982,1.983,117213000.0,282521000.0,886937000.0,886937000.0,0.0,0.118,0.305,0.773,0.173,0.0,389762000.0,1.0,53069366.0,53115000.0,55383000.0,16.698,456285000.0,0.0,52662000.0,96769000.0,8.591,-53750000.0
96,MDP,MRT,1997-06-30,1997-06-30,1997-06-30,2021-09-10,0.0,760901000.0,747337000.0,337208000.0,423693000.0,1.144,6.103,-23299000.0,74498000.0,74498000.0,339895000.0,95285000.0,1.213,1.327,0.0,0.0,0.0,0.0,240985000.0,40385000.0,0.0,0.014,0.42,147374000.0,187759000.0,0.22,187759000.0,147374000.0,146120000.0,1.78,1.72,1.78,326930000.0,294247000.0,326930000.0,1498718871.0,10.0,7.982,75150000.0,1.403,1.0,515323000.0,0.603,273349000.0,1254000.0,135094000.0,171558000.0,30273000.0,50382000.0,50382000.0,0.0,433971000.0,277960000.0,156011000.0,1552140871.0,60697000.0,123275000.0,-23126000.0,-50000000.0,-12839000.0,-83493000.0,45741000.0,-50557000.0,98449000.0,0.0,95285000.0,95285000.0,95285000.0,0.0,0.0,0.111,400652000.0,114671000.0,48306000.0,0.236,4.748,16.289,16.292,90183000.0,0.0,29.0,1.815,1.816,93395000.0,276243000.0,855218000.0,855218000.0,0.0,0.127,0.324,0.859,0.172,0.0,377655000.0,1.0,53522099.0,53566000.0,55522000.0,15.966,487552000.0,0.0,50835000.0,47916000.0,9.102,59248000.0
97,MDP,MRT,1997-03-31,1997-03-31,1997-03-31,2021-09-10,0.0,744944000.0,,317758000.0,427186000.0,,5.941,-17502000.0,53422000.0,53422000.0,349216000.0,90939000.0,1.155,1.342,0.0,0.0,0.0,0.0,247953000.0,41983000.0,0.0,0.02,0.46,141841000.0,183824000.0,0.214,183824000.0,141841000.0,139820000.0,1.7,,1.7,318073000.0,,318073000.0,1161391021.0,8.0,6.318,91403000.0,1.707,1.0,507809000.0,0.593,274462000.0,2021000.0,142038000.0,,25970000.0,50472000.0,50472000.0,0.0,426871000.0,275022000.0,151849000.0,1237526021.0,44139000.0,123275000.0,-25848000.0,-65000000.0,-12352000.0,-119091000.0,54325000.0,-50472000.0,108905000.0,0.0,90939000.0,90939000.0,90939000.0,717000.0,0.0,0.106,403287000.0,104522000.0,29760000.0,0.271,3.891,13.608,13.6,83708000.0,0.0,23.12,1.444,1.444,96432000.0,267379000.0,857025000.0,857025000.0,0.0,,,,0.166,0.0,374356000.0,1.0,53526212.0,53540000.0,,16.007,470482000.0,14790000.0,48881000.0,104131000.0,8.787,42736000.0
98,MDP,MRT,1996-12-31,1996-12-31,1996-12-31,2021-09-10,0.0,731260000.0,,304035000.0,427225000.0,,5.689,-18329000.0,76135000.0,76135000.0,353836000.0,86300000.0,1.135,1.397,0.0,0.0,0.0,0.0,237138000.0,44061000.0,0.0,0.017,0.44,137019000.0,181080000.0,0.212,181080000.0,137019000.0,133888000.0,1.6,,1.6,305024000.0,,305024000.0,,,,99129000.0,1.849,1.0,499572000.0,0.585,277277000.0,3131000.0,109873000.0,,24400000.0,20060000.0,20060000.0,0.0,426236000.0,267975000.0,158261000.0,1411753842.0,43930000.0,108775000.0,-38252000.0,-80000000.0,-11908000.0,-146144000.0,72616000.0,-20060000.0,117458000.0,0.0,86300000.0,86300000.0,86300000.0,717000.0,0.0,0.101,398760000.0,100812000.0,33445000.0,0.275,4.628,16.359,16.484,81594000.0,0.0,26.375,1.654,1.657,97530000.0,281420000.0,853408000.0,853408000.0,0.0,,,,0.161,0.0,367751000.0,1.0,53526212.0,53615000.0,,15.917,453983000.0,12413000.0,47588000.0,101597000.0,8.467,36060000.0
99,MDP,MRT,1996-09-30,1996-09-30,1996-09-30,2021-09-10,,,,,,,,,,,363045000.0,57609000.0,,,,,,,,,,0.017,0.43,109415000.0,,,,109415000.0,104908000.0,1.045,,1.045,,,,,,,,,1.0,496699000.0,0.578,,4507000.0,,,,,,,,,,,,,,,,,,,,,57609000.0,57609000.0,57609000.0,717000.0,0.0,0.067,395082000.0,101617000.0,,0.411,,,23.627,,0.0,24.69,,1.593,,,859744000.0,859744000.0,0.0,,,,0.127,,369938000.0,1.0,,55481000.0,,15.496,,,47299000.0,,,
100,MDP,MRT,1996-06-30,1996-06-30,1996-06-30,2021-09-10,0.0,733773000.0,,210676000.0,523097000.0,,4.771,-29873000.0,13801000.0,13801000.0,366408000.0,53940000.0,0.754,1.805,50000000.0,15000000.0,35000000.0,50000000.0,238212000.0,44080000.0,0.0,0.02,0.42,104869000.0,148949000.0,0.172,148949000.0,104869000.0,99339000.0,0.98,0.96,0.98,261564000.0,,261564000.0,,,,78332000.0,1.429,1.0,500729000.0,0.577,282443000.0,5530000.0,208022000.0,,31185000.0,0.0,0.0,0.0,472209000.0,279507000.0,192702000.0,,1976000.0,13394000.0,-25015000.0,-40000000.0,-11521000.0,-92264000.0,-13965000.0,0.0,108205000.0,0.0,53940000.0,53940000.0,53940000.0,717000.0,0.0,0.062,403224000.0,97505000.0,42085000.0,0.429,,,21.301,79999000.0,0.0,20.875,,1.32,89448000.0,236903000.0,867137000.0,867137000.0,0.0,,,,0.121,0.0,378094000.0,1.0,,54826000.0,56391000.0,15.816,451330000.0,0.0,45399000.0,54640000.0,8.232,-68831000.0
101,MDP,MRT,1996-03-31,1996-03-31,1996-03-31,2021-09-10,,,,,,,,,,,,,,,,,,,,,,0.02,0.41,,,,,,,,,,,,,,,,,,1.0,,,,,,,,,,,,,,,,,,,,,,,,,,,,,,,,,,,,,,,,20.625,,,,,,,,,,,,,,1.0,,56660000.0,,,,,,,,
102,MDP,MRT,1995-12-31,1995-12-31,1995-12-31,2021-09-10,,,,,,,,,,,,,,,,,,,,,,0.024,0.5,,,,,,,,,,,,,,,,,,1.0,,,,,,,,,,,,,,,,,,,,,,,,,,,,,,,,,,,,,,,,20.94,,,,,,,,,,,,,,1.0,,56582000.0,,,,,,,,
103,MDP,MRT,1995-06-30,1995-06-30,1995-06-30,2021-09-10,,,,,,,,-13284000.0,,,345025000.0,-6315000.0,,,,,,,,37150000.0,,0.052,0.66,33102000.0,70252000.0,0.085,70252000.0,33102000.0,29083000.0,,,,,,,,,,52201000.0,,1.0,484376000.0,0.584,,4019000.0,,,,,,,,,,,-19703000.0,-159000000.0,-1417000.0,90000000.0,-10388000.0,65519000.0,-150707000.0,16189000.0,65485000.0,0.0,-6315000.0,-6315000.0,-6315000.0,5454000.0,0.0,-0.008,411674000.0,72702000.0,,,,,,,0.0,12.69,,,,,829401000.0,829401000.0,0.0,,,,0.04,0.0,392657000.0,1.0,,,,,,,35398000.0,,,
