None,ticker,dimension,calendardate,datekey,reportperiod,lastupdated,accoci,assets,assetsavg,assetsc,assetsnc,assetturnover,bvps,capex,cashneq,cashnequsd,cor,consolinc,currentratio,de,debt,debtc,debtnc,debtusd,deferredrev,depamor,deposits,divyield,dps,ebit,ebitda,ebitdamargin,ebitdausd,ebitusd,ebt,eps,epsdil,epsusd,equity,equityavg,equityusd,ev,evebit,evebitda,fcf,fcfps,fxusd,gp,grossmargin,intangibles,intexp,invcap,invcapavg,inventory,investments,investmentsc,investmentsnc,liabilities,liabilitiesc,liabilitiesnc,marketcap,ncf,ncfbus,ncfcommon,ncfdebt,ncfdiv,ncff,ncfi,ncfinv,ncfo,ncfx,netinc,netinccmn,netinccmnusd,netincdis,netincnci,netmargin,opex,opinc,payables,payoutratio,pb,pe,pe1,ppnenet,prefdivis,price,ps,ps1,receivables,retearn,revenue,revenueusd,rnd,roa,roe,roic,ros,sbcomp,sgna,sharefactor,sharesbas,shareswa,shareswadil,sps,tangibles,taxassets,taxexp,taxliabilities,tbvps,workingcapital
0,BRO,MRY,2020-12-31,2020-12-31,2020-12-31,2021-09-07,0.0,8966492000.0,8386318500.0,2958249000.0,6008243000.0,0.312,13.216,-61085000.0,1271915000.0,1271915000.0,0.0,480483000.0,1.257,1.388,2268841000.0,70000000.0,2198841000.0,2268841000.0,377615000.0,134799000.0,0.0,0.007,0.348,683072000.0,817871000.0,0.313,817871000.0,683072000.0,624099000.0,1.7,1.69,1.7,3754223000.0,3629898000.0,3754223000.0,14246903086.0,21.0,17.419,660562000.0,2.325,1.0,2613375000.0,1.0,5445578000.0,58973000.0,2163488000.0,1978122000.0,0.0,43303000.0,18332000.0,24971000.0,5212269000.0,2354352000.0,2857917000.0,13467239086.0,308940000.0,-694842000.0,-66312000.0,545000000.0,-100592000.0,346363000.0,-759070000.0,-3143000.0,721647000.0,0.0,480483000.0,480483000.0,480483000.0,0.0,0.0,0.184,1934761000.0,678614000.0,1389026000.0,0.205,3.587,28.029,27.888,388113000.0,0.0,47.41,5.153,5.153,1520332000.0,3520683000.0,2613375000.0,2613375000.0,0.0,0.057,0.132,0.345,0.261,59749000.0,1802350000.0,1.0,284059040.0,284059040.0,,9.2,3520914000.0,0.0,143616000.0,344222000.0,12.395,603897000.0
1,BRO,MRY,2019-12-31,2019-12-31,2019-12-31,2021-09-07,0.0,7622821000.0,7318635250.0,2494802000.0,5128019000.0,0.327,11.891,-51516000.0,962975000.0,962975000.0,0.0,398514000.0,1.22,1.275,1723198000.0,55000000.0,1668198000.0,1723198000.0,366021000.0,128715000.0,0.0,0.008,0.325,589589000.0,718304000.0,0.3,718304000.0,589589000.0,525929000.0,1.42,1.4,1.42,3350279000.0,3235966000.0,3350279000.0,11994405095.0,20.0,16.698,626664000.0,2.224,1.0,2392171000.0,1.0,4662862000.0,63660000.0,1674821000.0,1715799500.0,0.0,39703000.0,12325000.0,27378000.0,4272542000.0,2045361000.0,2227181000.0,11123343095.0,185379000.0,-353043000.0,-44605000.0,50000000.0,-91344000.0,-79216000.0,-413585000.0,-9026000.0,678180000.0,0.0,398514000.0,398514000.0,398514000.0,0.0,0.0,0.167,1803948000.0,588223000.0,1114277000.0,0.229,3.32,27.912,27.803,332915000.0,0.0,39.48,4.65,4.65,1367360000.0,3140762000.0,2392171000.0,2392171000.0,0.0,0.054,0.123,0.344,0.246,46994000.0,1685254000.0,1.0,281746279.0,281746279.0,,8.491,2959959000.0,0.0,127415000.0,328277000.0,10.506,449441000.0
2,BRO,MRY,2018-12-31,2018-12-31,2018-12-31,2021-09-07,0.0,6688668000.0,5952028500.0,2167311000.0,4521357000.0,0.338,10.747,-36536000.0,777596000.0,777596000.0,0.0,344255000.0,1.216,1.229,1506990000.0,50000000.0,1456990000.0,1506990000.0,337920000.0,109378000.0,0.0,0.011,0.305,503042000.0,612420000.0,0.304,612420000.0,503042000.0,462462000.0,1.24,1.22,1.24,3000568000.0,2885512750.0,3000568000.0,7832707856.0,16.0,12.79,530993000.0,1.902,1.0,2014246000.0,1.0,4331593000.0,40580000.0,1303483000.0,846877750.0,0.0,30262000.0,12868000.0,17394000.0,3688100000.0,1782986000.0,1905114000.0,7695033856.0,-46492000.0,-923874000.0,-83973000.0,530000000.0,-84690000.0,337750000.0,-951771000.0,8639000.0,567529000.0,0.0,344255000.0,344255000.0,344255000.0,0.0,0.0,0.171,1508235000.0,506011000.0,944904000.0,0.246,2.565,22.353,22.226,100395000.0,0.0,27.56,3.82,3.82,1248131000.0,2833622000.0,2014246000.0,2014246000.0,0.0,0.058,0.119,0.594,0.25,33519000.0,1401032000.0,1.0,279210227.0,279210227.0,,7.214,2357075000.0,0.0,118207000.0,315732000.0,8.442,384325000.0
3,BRO,MRY,2017-12-31,2017-12-31,2017-12-31,2021-09-07,0.0,5747550000.0,5909570000.0,2242156000.0,3505394000.0,0.318,9.263,-20098000.0,824088000.0,824088000.0,0.0,399630000.0,1.128,1.225,976141000.0,120000000.0,856141000.0,976141000.0,321017000.0,108144000.0,0.0,0.011,0.278,488038000.0,596182000.0,0.317,596182000.0,488038000.0,449722000.0,1.43,1.4,1.43,2582699000.0,2485093750.0,2582699000.0,7331247116.0,15.0,12.297,421877000.0,1.513,1.0,1881347000.0,1.0,3357084000.0,38316000.0,555045000.0,618474000.0,0.0,38914000.0,24965000.0,13949000.0,3164851000.0,1987474000.0,1177377000.0,7173713116.0,42805000.0,-41471000.0,-118782000.0,-96750000.0,-77712000.0,-336580000.0,-62590000.0,-1021000.0,441975000.0,0.0,399630000.0,399630000.0,399630000.0,0.0,0.0,0.212,1384109000.0,497238000.0,749340000.0,0.194,2.778,17.951,17.993,77086000.0,0.0,25.73,3.813,3.813,1345239000.0,2456599000.0,1881347000.0,1881347000.0,0.0,0.068,0.161,0.789,0.259,30631000.0,1278122000.0,1.0,278807350.0,278807350.0,,6.748,2390466000.0,0.0,50092000.0,256185000.0,8.574,254682000.0
4,BRO,MRY,2016-12-31,2016-12-31,2016-12-31,2021-09-07,0.0,5262734000.0,5246149500.0,1736128000.0,3526606000.0,0.337,8.417,-12808000.0,781283000.0,781283000.0,0.0,257491000.0,1.201,1.23,1073872000.0,55500000.0,1018372000.0,1073872000.0,308661000.0,107666000.0,0.0,0.011,0.252,462980000.0,570646000.0,0.323,570646000.0,462980000.0,423499000.0,0.92,0.91,0.92,2360211000.0,2283940750.0,2360211000.0,6635005783.0,14.0,11.627,398234000.0,1.42,1.0,1766629000.0,1.0,3382856000.0,39481000.0,727310000.0,771766500.0,0.0,38096000.0,15048000.0,23048000.0,2902523000.0,1445157000.0,1457366000.0,6289782783.0,108110000.0,-122622000.0,-11420000.0,-73125000.0,-70262000.0,-160520000.0,-142412000.0,-6982000.0,411042000.0,0.0,257491000.0,257491000.0,257491000.0,0.0,0.0,0.146,1294464000.0,472165000.0,717159000.0,0.274,2.665,24.427,24.38,75807000.0,0.0,22.43,3.56,3.56,889226000.0,2134640000.0,1766629000.0,1766629000.0,0.0,0.049,0.113,0.6,0.262,8706000.0,1188089000.0,1.0,280418314.0,280418314.0,,6.3,1879878000.0,0.0,166008000.0,357686000.0,6.704,290971000.0
5,BRO,MRY,2015-12-31,2015-12-31,2015-12-31,2021-09-07,0.0,5004479000.0,4966612500.0,1537389000.0,3467090000.0,0.334,7.625,-7799000.0,673173000.0,673173000.0,0.0,243318000.0,1.157,1.328,1144743000.0,73125000.0,1071618000.0,1144743000.0,309643000.0,108311000.0,0.0,0.014,0.226,441807000.0,550118000.0,0.331,550118000.0,441807000.0,402559000.0,0.86,0.85,0.86,2149776000.0,2127506750.0,2149776000.0,5018362542.0,11.0,9.122,374033000.0,1.327,1.0,1660509000.0,1.0,3331363000.0,39248000.0,816139000.0,878382500.0,0.0,31826000.0,13734000.0,18092000.0,2854703000.0,1328547000.0,1526156000.0,4524987542.0,-56644000.0,-136000000.0,-150717000.0,-45625000.0,-64108000.0,-293839000.0,-144637000.0,-838000.0,381832000.0,0.0,243318000.0,243318000.0,243318000.0,0.0,0.0,0.147,1215699000.0,444810000.0,638646000.0,0.263,2.105,18.597,18.663,81753000.0,0.0,16.05,2.725,2.725,775496000.0,1947411000.0,1660509000.0,1660509000.0,0.0,0.049,0.114,0.503,0.266,12237000.0,1108007000.0,1.0,281930688.0,281930688.0,,5.89,1673116000.0,24635000.0,159241000.0,360949000.0,5.934,208842000.0
6,BRO,MRY,2014-12-31,2014-12-31,2014-12-31,2021-09-07,0.0,4956458000.0,4626741750.0,1570108000.0,3386350000.0,0.341,7.499,-11292000.0,729817000.0,729817000.0,0.0,206896000.0,1.237,1.345,1198471000.0,45625000.0,1152846000.0,1198471000.0,320586000.0,103836000.0,0.0,0.012,0.205,368157000.0,471993000.0,0.3,471993000.0,368157000.0,339749000.0,0.715,0.705,0.715,2113745000.0,2088353500.0,2113745000.0,5271792416.0,14.0,11.169,373727000.0,1.326,1.0,1575796000.0,1.0,3245253000.0,28408000.0,910706000.0,738361000.0,0.0,31019000.0,11157000.0,19862000.0,2842713000.0,1269153000.0,1573560000.0,4731298416.0,267096000.0,-696486000.0,-63469000.0,718425000.0,-59334000.0,589390000.0,-707313000.0,465000.0,385019000.0,0.0,206896000.0,206896000.0,206896000.0,0.0,0.0,0.131,1197701000.0,378095000.0,625445000.0,0.287,2.238,22.868,23.014,84668000.0,0.0,16.455,3.002,2.944,758161000.0,1768201000.0,1575796000.0,1575796000.0,0.0,0.045,0.099,0.499,0.234,16065000.0,1046440000.0,1.0,287529530.0,281888000.0,285782000.0,5.59,1711205000.0,25431000.0,132853000.0,341497000.0,6.071,300955000.0
7,BRO,MRY,2013-12-31,2013-12-31,2013-12-31,2021-09-07,0.0,3649508000.0,3440244000.0,928036000.0,2721472000.0,0.396,7.116,-10480000.0,452961000.0,452961000.0,0.0,217112000.0,1.023,0.818,480000000.0,100000000.0,380000000.0,480000000.0,0.0,85417000.0,0.0,0.012,0.185,374049000.0,459466000.0,0.337,459466000.0,374049000.0,357609000.0,0.75,0.74,0.75,2007141000.0,1933309750.0,2007141000.0,4626775924.0,12.0,10.07,378894000.0,1.343,1.0,1363279000.0,1.0,2625061000.0,16440000.0,144609000.0,204041750.0,0.0,10640000.0,10624000.0,16000.0,1642367000.0,906877000.0,735490000.0,4565055924.0,-16869000.0,-367712000.0,11161000.0,29907000.0,-53546000.0,-25611000.0,-380632000.0,-2440000.0,389374000.0,0.0,217112000.0,217112000.0,217112000.0,0.0,0.0,0.159,986697000.0,376582000.0,568518000.0,0.247,2.274,21.026,20.927,74733000.0,0.0,15.695,3.349,3.247,395915000.0,1620639000.0,1363279000.0,1363279000.0,0.0,0.063,0.112,1.833,0.274,20245000.0,878677000.0,1.0,290860524.0,282066000.0,285248000.0,4.833,1024447000.0,29276000.0,140497000.0,291704000.0,3.632,21159000.0
8,BRO,MRY,2012-12-31,2012-12-31,2012-12-31,2021-09-07,0.0,3128058000.0,3094381250.0,759512000.0,2368546000.0,0.388,6.484,-9933000.0,384385000.0,384385000.0,0.0,184045000.0,1.338,0.731,450093000.0,93000.0,450000000.0,450093000.0,0.0,78946000.0,0.0,0.014,0.173,320908000.0,399854000.0,0.333,399854000.0,320908000.0,304811000.0,0.64,0.63,0.64,1807333000.0,1744861000.0,1807333000.0,3668920799.0,11.0,9.176,210382000.0,0.755,1.0,1200032000.0,1.0,2278052000.0,16097000.0,347933000.0,292933500.0,0.0,8183000.0,8183000.0,0.0,1320725000.0,567781000.0,752944000.0,3661601799.0,-66484000.0,-425054000.0,4342000.0,198773000.0,-49534000.0,148701000.0,-435500000.0,-513000.0,220315000.0,0.0,184045000.0,184045000.0,184045000.0,0.0,0.0,0.153,877706000.0,322326000.0,455228000.0,0.27,2.026,19.895,19.891,74337000.0,0.0,12.73,3.051,2.957,302725000.0,1457073000.0,1200032000.0,1200032000.0,0.0,0.059,0.105,1.095,0.267,7206000.0,782895000.0,1.0,287635648.0,278728000.0,284020000.0,4.305,850006000.0,24408000.0,120766000.0,237630000.0,3.05,191731000.0
9,BRO,MRY,2011-12-31,2011-12-31,2011-12-31,2021-09-07,7000.0,2607011000.0,2534295500.0,708127000.0,1898884000.0,0.4,5.931,-9922000.0,416840000.0,416840000.0,0.0,163995000.0,1.47,0.586,251260000.0,1227000.0,250033000.0,251260000.0,0.0,67147000.0,0.0,0.014,0.163,284653000.0,351800000.0,0.347,351800000.0,284653000.0,270521000.0,0.575,0.565,0.575,1643963000.0,1594466750.0,1643963000.0,3015840312.0,11.0,8.573,227609000.0,0.821,1.0,1013542000.0,1.0,1819651000.0,14132000.0,140160000.0,125348000.0,0.0,7627000.0,7627000.0,0.0,963048000.0,481620000.0,481428000.0,3244625312.0,13321000.0,-166055000.0,8008000.0,-2072000.0,-46494000.0,-48485000.0,-175725000.0,252000.0,237531000.0,0.0,163995000.0,163995000.0,163995000.0,0.0,0.0,0.162,731095000.0,282447000.0,349480000.0,0.283,1.974,19.785,19.678,61360000.0,0.0,11.315,3.201,3.094,240257000.0,1322562000.0,1013542000.0,1013542000.0,0.0,0.065,0.103,2.271,0.281,10278000.0,652754000.0,1.0,286754336.0,277164000.0,280528000.0,3.657,787360000.0,19863000.0,106526000.0,178052000.0,2.841,226507000.0
10,BRO,MRY,2010-12-31,2010-12-31,2010-12-31,2021-09-07,7000.0,2400814000.0,2343718500.0,652809000.0,1748005000.0,0.415,5.461,-8896000.0,396578000.0,396578000.0,0.0,161752000.0,1.388,0.594,251729000.0,1662000.0,250067000.0,251729000.0,0.0,64081000.0,0.0,0.013,0.157,280569000.0,344650000.0,0.354,344650000.0,280569000.0,266098000.0,0.57,0.56,0.57,1506344000.0,1458049250.0,1506344000.0,3248236118.0,12.0,9.425,287156000.0,1.041,1.0,973492000.0,1.0,1676727000.0,14471000.0,109081000.0,73739000.0,0.0,7678000.0,7678000.0,0.0,894470000.0,470157000.0,424313000.0,3414949118.0,75871000.0,-157637000.0,976000.0,-19425000.0,-44496000.0,-53690000.0,-166491000.0,42000.0,296052000.0,0.0,161752000.0,161752000.0,161752000.0,0.0,0.0,0.166,694597000.0,278895000.0,345039000.0,0.275,2.267,21.112,21.0,59713000.0,0.0,11.97,3.508,3.392,214446000.0,1205061000.0,973492000.0,973492000.0,0.0,0.069,0.111,3.805,0.288,-4546000.0,623671000.0,1.0,285292324.0,275848000.0,278636000.0,3.529,724087000.0,20076000.0,104346000.0,146482000.0,2.625,182652000.0
11,BRO,MRY,2009-12-31,2009-12-31,2009-12-31,2021-09-07,5000.0,2224226000.0,2209969000.0,613699000.0,1610527000.0,0.438,4.993,-10005000.0,352370000.0,352370000.0,0.0,153294000.0,1.281,0.624,267333000.0,17124000.0,250209000.0,267333000.0,0.0,63097000.0,0.0,0.017,0.151,269353000.0,332450000.0,0.343,332450000.0,269353000.0,254754000.0,0.54,0.54,0.54,1369874000.0,1329796500.0,1369874000.0,2469303108.0,9.0,7.428,211580000.0,0.771,1.0,967877000.0,1.0,1543259000.0,14599000.0,116977000.0,89889250.0,0.0,8213000.0,8213000.0,0.0,854352000.0,478953000.0,375399000.0,2552340108.0,118556000.0,-44682000.0,10142000.0,-15089000.0,-42896000.0,-47600000.0,-55429000.0,-742000.0,221585000.0,0.0,153294000.0,153294000.0,153294000.0,0.0,0.0,0.158,698524000.0,269353000.0,327727000.0,0.28,1.863,16.65,16.639,61467000.0,0.0,8.985,2.637,2.547,209462000.0,1087805000.0,967877000.0,967877000.0,0.0,0.069,0.115,2.996,0.278,7358000.0,628069000.0,1.0,284066790.0,274346000.0,275014000.0,3.528,680967000.0,11791000.0,101460000.0,115609000.0,2.482,134746000.0
12,BRO,MRY,2008-12-31,2008-12-31,2008-12-31,2021-09-07,13000.0,2119580000.0,2071465750.0,523032000.0,1596548000.0,0.472,4.555,-9515000.0,223307000.0,223307000.0,0.0,166124000.0,1.001,0.707,259778000.0,6162000.0,253616000.0,259778000.0,0.0,59917000.0,0.0,0.014,0.143,287188000.0,347105000.0,0.355,347105000.0,287188000.0,272498000.0,0.59,0.585,0.59,1241741000.0,1193638500.0,1241741000.0,2977903273.0,10.0,8.579,332238000.0,1.219,1.0,977554000.0,1.0,1518999000.0,14690000.0,114409000.0,108601250.0,0.0,7511000.0,7511000.0,0.0,877839000.0,522643000.0,355196000.0,2957161273.0,40323000.0,-263400000.0,10914000.0,4658000.0,-40207000.0,-24497000.0,-276933000.0,-4018000.0,341753000.0,0.0,166124000.0,166124000.0,166124000.0,0.0,0.0,0.17,690366000.0,287188000.0,376579000.0,0.242,2.381,17.801,17.712,63520000.0,0.0,10.45,3.025,2.914,244515000.0,977407000.0,977554000.0,977554000.0,0.0,0.08,0.139,2.644,0.294,7314000.0,623135000.0,1.0,282981940.0,272638000.0,273768000.0,3.586,600581000.0,14171000.0,106374000.0,90143000.0,2.203,389000.0
13,BRO,MRY,2007-12-31,2007-12-31,2007-12-31,2021-09-07,13000.0,1960659000.0,1897029250.0,587382000.0,1373277000.0,0.506,4.047,-23930000.0,292638000.0,292638000.0,0.0,190959000.0,1.056,0.787,239226000.0,11519000.0,227707000.0,239226000.0,0.0,53199000.0,0.0,0.011,0.125,325329000.0,378528000.0,0.394,378528000.0,325329000.0,311527000.0,0.68,0.675,0.68,1097458000.0,1044299000.0,1097458000.0,3242468299.0,10.0,8.566,191410000.0,0.706,1.0,959667000.0,1.0,1289657000.0,13802000.0,61467000.0,65251250.0,0.0,2892000.0,2892000.0,0.0,863201000.0,556123000.0,307078000.0,3306662299.0,-50256000.0,-212303000.0,11320000.0,-29142000.0,-35125000.0,-48383000.0,-217213000.0,19020000.0,215340000.0,0.0,190959000.0,190959000.0,190959000.0,0.0,0.0,0.199,634338000.0,325329000.0,412794000.0,0.184,3.013,17.316,17.279,62327000.0,0.0,11.75,3.446,3.32,240680000.0,851490000.0,959667000.0,959667000.0,0.0,0.101,0.183,4.986,0.339,5667000.0,575472000.0,1.0,281418068.0,271152000.0,272714000.0,3.539,671002000.0,17208000.0,120568000.0,65736000.0,2.475,31259000.0
14,BRO,MRY,2006-12-31,2006-12-31,2006-12-31,2021-09-07,9144000.0,1807952000.0,1752188250.0,648206000.0,1159746000.0,0.501,3.328,-13580000.0,330677000.0,330677000.0,0.0,172350000.0,1.097,0.945,244334000.0,18082000.0,226252000.0,244334000.0,0.0,47807000.0,0.0,0.007,0.105,293398000.0,341205000.0,0.389,341205000.0,293398000.0,280041000.0,0.615,0.61,0.615,929345000.0,871463250.0,929345000.0,3877077206.0,13.0,11.363,211634000.0,0.758,1.0,878004000.0,1.0,1080590000.0,13357000.0,50352000.0,13552250.0,0.0,18735000.0,2909000.0,15826000.0,878607000.0,590667000.0,287940000.0,3948456206.0,-12090000.0,-143737000.0,11274000.0,-62432000.0,-29341000.0,-79895000.0,-157409000.0,-92000.0,225214000.0,0.0,172350000.0,172350000.0,172350000.0,0.0,0.0,0.196,584606000.0,293398000.0,453303000.0,0.171,4.249,22.91,22.935,44170000.0,0.0,14.105,4.497,4.486,282440000.0,695656000.0,878004000.0,878004000.0,0.0,0.098,0.198,21.649,0.334,5416000.0,531383000.0,1.0,279933088.0,279268000.0,282040000.0,3.144,727362000.0,0.0,107691000.0,49721000.0,2.605,57539000.0
15,BRO,MRY,2005-12-31,2005-12-31,2005-12-31,2021-09-07,4446000.0,1608660000.0,1515840000.0,619767000.0,988893000.0,0.518,2.758,-11064000.0,330452000.0,330452000.0,0.0,150551000.0,1.063,1.105,269809000.0,55630000.0,214179000.0,269809000.0,0.0,43306000.0,0.0,0.003,0.043,258599000.0,301905000.0,0.384,301905000.0,258599000.0,244130000.0,0.545,0.54,0.545,764344000.0,714082250.0,764344000.0,4200782517.0,16.0,13.914,204024000.0,0.736,1.0,785807000.0,1.0,926947000.0,14469000.0,38252000.0,65504750.0,0.0,11169000.0,2748000.0,8421000.0,844316000.0,582818000.0,261498000.0,4245255517.0,-87526000.0,-262181000.0,9717000.0,-16117000.0,-23566000.0,-29966000.0,-272648000.0,597000.0,215088000.0,0.0,150551000.0,150551000.0,150551000.0,0.0,0.0,0.192,527208000.0,258599000.0,418627000.0,0.079,5.554,28.198,28.018,39398000.0,0.0,15.27,5.402,5.385,257930000.0,552647000.0,785807000.0,785807000.0,0.0,0.099,0.211,3.948,0.329,3337000.0,480565000.0,1.0,278012804.0,277126000.0,279552000.0,2.836,681713000.0,0.0,93579000.0,35489000.0,2.46,36949000.0
16,BRO,MRY,2004-12-31,2004-12-31,2004-12-31,2021-09-07,4467000.0,1249517000.0,1097506750.0,539966000.0,709551000.0,0.589,2.265,-3822000.0,335589000.0,335589000.0,0.0,128843000.0,1.479,1.001,243198000.0,16135000.0,227063000.0,243198000.0,0.0,31056000.0,0.0,0.003,0.036,214105000.0,245161000.0,0.379,245161000.0,214105000.0,206949000.0,0.465,0.465,0.465,624325000.0,581210750.0,624325000.0,2930893235.0,14.0,11.955,166381000.0,0.604,1.0,646934000.0,1.0,653852000.0,7156000.0,138164000.0,41313000.0,0.0,12491000.0,3163000.0,9328000.0,625192000.0,365110000.0,260082000.0,3011506235.0,131180000.0,-202664000.0,8107000.0,181394000.0,-20003000.0,169498000.0,-208521000.0,-2035000.0,170203000.0,0.0,128843000.0,128843000.0,128843000.0,0.0,0.0,0.199,432829000.0,214105000.0,258671000.0,0.077,4.824,23.373,23.414,33438000.0,0.0,10.887,4.655,4.639,172395000.0,425662000.0,646934000.0,646934000.0,0.0,0.117,0.222,5.183,0.331,2859000.0,399148000.0,1.0,276602180.0,275636000.0,277776000.0,2.347,595665000.0,0.0,78106000.0,24859000.0,2.161,174856000.0
17,BRO,MRY,2003-12-31,2003-12-31,2003-12-31,2021-09-07,4227000.0,865854000.0,831384500.0,343466000.0,522388000.0,0.663,1.822,-10971000.0,173469000.0,173469000.0,0.0,110322000.0,1.139,0.739,59799000.0,18692000.0,41107000.0,59799000.0,0.0,25673000.0,0.0,0.004,0.03,180106000.0,205779000.0,0.373,205779000.0,180106000.0,176482000.0,0.405,0.4,0.405,498035000.0,458968500.0,498035000.0,2114407288.0,12.0,10.275,131754000.0,0.482,1.0,551040000.0,1.0,470687000.0,3624000.0,-20019000.0,-33043750.0,0.0,11227000.0,382000.0,10845000.0,367819000.0,301516000.0,66303000.0,2238543288.0,-11124000.0,-100270000.0,4802000.0,-28024000.0,-16602000.0,-42714000.0,-111135000.0,106000.0,142725000.0,0.0,110322000.0,110322000.0,110322000.0,0.0,0.0,0.2,370934000.0,180106000.0,210910000.0,0.074,4.495,20.291,20.13,32396000.0,0.0,8.152,4.062,4.044,146672000.0,316822000.0,551040000.0,551040000.0,0.0,0.133,0.24,-5.451,0.327,5802000.0,345261000.0,1.0,274583660.0,273308000.0,275588000.0,2.016,395167000.0,0.0,66160000.0,15018000.0,1.446,41950000.0
18,BRO,MRY,2002-12-31,2002-12-31,2002-12-31,2021-09-07,2106000.0,754349000.0,719388250.0,332260000.0,422089000.0,0.634,1.455,-2352000.0,171043000.0,171043000.0,0.0,83122000.0,1.136,0.926,84919000.0,27334000.0,57585000.0,84919000.0,0.0,21287000.0,0.0,0.003,0.025,137052000.0,158339000.0,0.347,158339000.0,137052000.0,132393000.0,0.31,0.305,0.31,391590000.0,368318250.0,391590000.0,2050827118.0,15.0,12.952,67762000.0,0.252,1.0,455742000.0,1.0,380253000.0,4659000.0,-4596000.0,-9595750.0,0.0,9031000.0,446000.0,8585000.0,362759000.0,292568000.0,70191000.0,2203646118.0,52002000.0,-120926000.0,145060000.0,-23722000.0,-13412000.0,105155000.0,-123267000.0,11000.0,70114000.0,0.0,83122000.0,83122000.0,83122000.0,0.0,0.0,0.182,316419000.0,139323000.0,203966000.0,0.081,5.627,26.511,26.065,24730000.0,0.0,8.08,4.835,4.772,144244000.0,223102000.0,455742000.0,455742000.0,0.0,0.116,0.226,-14.283,0.301,3823000.0,295132000.0,1.0,272728480.0,269132000.0,272172000.0,1.693,374096000.0,1788000.0,49271000.0,0.0,1.39,39692000.0
19,BRO,MRY,2001-12-31,2001-12-31,2001-12-31,2021-09-07,4393000.0,488737000.0,406707000.0,176506000.0,312231000.0,0.898,0.7,-9398000.0,66376000.0,66376000.0,0.0,53913000.0,0.779,1.788,99050000.0,20855000.0,78195000.0,99050000.0,0.0,22396000.0,0.0,0.001,0.01,94450000.0,116846000.0,0.32,116846000.0,94450000.0,88747000.0,0.215,0.212,0.215,175285000.0,146828500.0,175285000.0,1748548038.0,19.0,14.965,60540000.0,0.242,1.0,365029000.0,1.0,268311000.0,5703000.0,26503000.0,-1948500.0,0.0,9434000.0,451000.0,8983000.0,313452000.0,226597000.0,86855000.0,1725180038.0,-20979000.0,-131039000.0,2844000.0,56765000.0,-9718000.0,46921000.0,-137838000.0,2599000.0,69938000.0,0.0,53913000.0,53913000.0,53913000.0,0.0,0.0,0.148,268848000.0,96181000.0,161734000.0,0.047,9.842,31.999,31.744,25544000.0,0.0,6.825,4.726,4.679,101449000.0,153392000.0,365029000.0,365029000.0,0.0,0.133,0.367,-48.473,0.259,1984000.0,246452000.0,1.0,252773632.0,250252000.0,252888000.0,1.459,220426000.0,1519000.0,34834000.0,0.0,0.881,-50091000.0
20,BRO,MRY,2000-12-31,2000-12-31,2000-12-31,2021-09-07,2495000.0,324677000.0,270392000.0,177152000.0,147525000.0,0.982,0.479,-3798000.0,69044000.0,69044000.0,0.0,32793000.0,0.942,1.743,15047000.0,4387000.0,10660000.0,15047000.0,0.0,15384000.0,8347000.0,0.001,0.005,54205000.0,69589000.0,0.262,69589000.0,54205000.0,52939000.0,0.133,0.133,0.133,118372000.0,114917250.0,118372000.0,952112085.0,18.0,13.682,38469000.0,0.156,1.0,265405000.0,1.0,113031000.0,1266000.0,-30400000.0,-21154500.0,0.0,8606000.0,2149000.0,6457000.0,206305000.0,188049000.0,18256000.0,995387085.0,2280000.0,-17651000.0,-3790000.0,-4001000.0,-7525000.0,-18783000.0,-21204000.0,245000.0,42267000.0,0.0,32793000.0,32793000.0,32793000.0,0.0,0.0,0.124,210075000.0,55330000.0,147691000.0,0.038,8.409,30.354,32.895,17357000.0,0.0,4.375,3.75,4.078,96952000.0,109661000.0,265405000.0,265405000.0,0.0,0.121,0.285,-2.562,0.204,483000.0,194691000.0,1.0,227517048.0,247380000.0,248364000.0,1.073,211646000.0,2873000.0,20146000.0,0.0,0.856,-10897000.0
21,BRO,MRY,1999-12-31,1999-12-31,1999-12-31,2021-09-07,4922000.0,244423000.0,238276000.0,120269000.0,124154000.0,0.997,0.418,-4117000.0,42483000.0,42483000.0,0.0,28271000.0,0.945,1.373,8800000.0,3714000.0,5086000.0,8800000.0,0.0,14235000.0,0.0,0.002,0.004,47962000.0,62197000.0,0.262,62197000.0,47962000.0,46602000.0,0.115,0.115,0.115,103005000.0,93342500.0,103005000.0,,,,40073000.0,0.163,1.0,237523000.0,1.0,91891000.0,1360000.0,-8457000.0,1321000.0,0.0,10417000.0,809000.0,9608000.0,141418000.0,127306000.0,14112000.0,525613200.0,-5615000.0,-16220000.0,515000.0,-17207000.0,-6237000.0,-30028000.0,-19777000.0,560000.0,44190000.0,0.0,28271000.0,28271000.0,28271000.0,0.0,0.0,0.119,188661000.0,48862000.0,115821000.0,0.035,5.103,18.592,20.821,15452000.0,0.0,2.394,2.213,2.485,69054000.0,95242000.0,237523000.0,237523000.0,0.0,0.119,0.303,36.307,0.202,1263000.0,174426000.0,1.0,219520000.0,246556000.0,246620000.0,0.963,152532000.0,0.0,18331000.0,1408000.0,0.619,-7037000.0
22,BRO,MRY,1998-12-31,1998-12-31,1998-12-31,2021-09-07,5540000.0,232129000.0,,123239000.0,108890000.0,,0.369,-4616000.0,42825000.0,42825000.0,0.0,23562000.0,1.02,1.774,22338000.0,4960000.0,17378000.0,22338000.0,0.0,9818000.0,0.0,0.001,0.003,39331000.0,49149000.0,0.287,49149000.0,39331000.0,38603000.0,0.104,0.104,0.104,83680000.0,,83680000.0,,,,30186000.0,0.133,1.0,171485000.0,1.0,79704000.0,728000.0,11099000.0,,0.0,11308000.0,805000.0,10503000.0,148449000.0,120839000.0,27610000.0,,-10610000.0,-29608000.0,-9233000.0,4229000.0,-5494000.0,-10761000.0,-34651000.0,-427000.0,34802000.0,0.0,23562000.0,23562000.0,23562000.0,0.0,0.0,0.137,132154000.0,39331000.0,107500000.0,0.029,,,20.998,13777000.0,0.0,2.184,,2.891,69736000.0,76763000.0,171485000.0,171485000.0,0.0,,,,0.229,732000.0,122336000.0,1.0,,227040000.0,227040000.0,0.755,152425000.0,0.0,15041000.0,2403000.0,0.671,2400000.0
23,BRO,MRY,1997-12-31,1997-12-31,1997-12-31,2021-09-07,,,,,,,,-2318000.0,,,0.0,18988000.0,,,,,,,,8830000.0,,0.001,0.002,31958000.0,40788000.0,0.284,40788000.0,31958000.0,30984000.0,0.087,0.087,0.087,,,,,,,29189000.0,0.134,1.0,143501000.0,1.0,,974000.0,,,,,,,,,,,15428000.0,-3072000.0,-5860000.0,-756000.0,-4636000.0,-10984000.0,-5095000.0,295000.0,31507000.0,0.0,18988000.0,18988000.0,18988000.0,0.0,0.0,0.132,111543000.0,31958000.0,,0.023,,,21.37,,0.0,1.859,,2.827,,,143501000.0,143501000.0,0.0,,,,0.223,176000.0,105903000.0,1.0,,218224000.0,218224000.0,0.658,,,11996000.0,,,
0,BRO,MRQ,2021-06-30,2021-06-30,2021-06-30,2021-09-07,-3549000.0,9357895000.0,,3191842000.0,6166053000.0,,14.0,-5601000.0,1351020000.0,1351020000.0,0.0,139290000.0,1.14,1.371,2226375000.0,300000000.0,1926375000.0,2226375000.0,368711000.0,38347000.0,0.0,0.007,0.092,202594000.0,240941000.0,0.331,240941000.0,202594000.0,186309000.0,0.49,0.49,0.49,3946002000.0,,3946002000.0,16082787464.0,21.0,17.439,335558000.0,1.191,1.0,727352000.0,1.0,5558969000.0,16285000.0,1873359000.0,,0.0,45702000.0,13080000.0,32622000.0,5411893000.0,2800922000.0,2610971000.0,14977414464.0,210296000.0,-46189000.0,-10502000.0,-17500000.0,-26063000.0,-76350000.0,-53912000.0,-2122000.0,341159000.0,-601000.0,139290000.0,139290000.0,139290000.0,0.0,0.0,0.192,526362000.0,200990000.0,1616560000.0,0.188,3.796,26.261,26.307,388781000.0,0.0,53.14,5.239,5.239,1670608000.0,3807684000.0,727352000.0,727352000.0,0.0,,,,,14045000.0,491866000.0,1.0,281848221.0,281848221.0,,2.581,3798926000.0,0.0,47019000.0,371054000.0,13.479,390920000.0
1,BRO,MRQ,2021-03-31,2021-03-31,2021-03-31,2021-09-07,-4990000.0,8910793000.0,,2793031000.0,6117762000.0,,13.581,-11243000.0,1140724000.0,1140724000.0,0.0,199744000.0,1.246,1.326,2246097000.0,70000000.0,2176097000.0,2246097000.0,345031000.0,36949000.0,0.0,0.008,0.092,255549000.0,292498000.0,0.359,292498000.0,255549000.0,239207000.0,0.71,0.7,0.71,3830997000.0,,3830997000.0,13891221778.0,19.0,16.201,113865000.0,0.404,1.0,815276000.0,1.0,5533406000.0,16342000.0,2241778000.0,,0.0,43660000.0,11926000.0,31734000.0,5079796000.0,2240982000.0,2838814000.0,12894295778.0,-131191000.0,-70429000.0,-70020000.0,-17500000.0,-26092000.0,-173785000.0,-82394000.0,-722000.0,125108000.0,-120000.0,199744000.0,199744000.0,199744000.0,0.0,0.0,0.245,560617000.0,254659000.0,1393329000.0,0.13,3.366,24.429,24.444,386712000.0,0.0,45.71,4.723,4.723,1524392000.0,3694457000.0,815276000.0,815276000.0,0.0,,,,,18678000.0,523861000.0,1.0,282089166.0,282089166.0,,2.89,3377387000.0,0.0,39463000.0,359629000.0,11.973,552049000.0
2,BRO,MRQ,2020-12-31,2020-12-31,2020-12-31,2021-09-07,0.0,8966492000.0,,2958249000.0,6008243000.0,,13.216,-13887000.0,1271915000.0,1271915000.0,0.0,97320000.0,1.257,1.388,2268841000.0,70000000.0,2198841000.0,2268841000.0,377615000.0,35773000.0,0.0,0.007,0.092,147555000.0,183328000.0,0.286,183328000.0,147555000.0,130916000.0,0.35,0.34,0.35,3754223000.0,,3754223000.0,14246903086.0,21.0,17.419,168172000.0,0.592,1.0,642111000.0,1.0,5445578000.0,16639000.0,2163488000.0,,0.0,43303000.0,18332000.0,24971000.0,5212269000.0,2354352000.0,2857917000.0,13467239086.0,-229926000.0,-292484000.0,-88939000.0,-13750000.0,-28517000.0,-105166000.0,-306819000.0,-448000.0,182059000.0,0.0,97320000.0,97320000.0,97320000.0,0.0,0.0,0.152,504010000.0,138101000.0,1389026000.0,0.263,3.587,28.029,27.888,388113000.0,0.0,47.41,5.153,5.153,1520332000.0,3520683000.0,642111000.0,642111000.0,0.0,,,,,16284000.0,469340000.0,1.0,284059040.0,284059040.0,,2.26,3520914000.0,0.0,33596000.0,344222000.0,12.395,603897000.0
3,BRO,MRQ,2020-09-30,2020-09-30,2020-09-30,2021-09-07,0.0,8795379000.0,,3163688000.0,5631691000.0,,13.09,-11555000.0,1501841000.0,1501841000.0,0.0,133979000.0,1.412,1.376,2281505000.0,66250000.0,2215255000.0,2281505000.0,397615000.0,33705000.0,0.0,0.008,0.085,171762000.0,205467000.0,0.305,205467000.0,171762000.0,158528000.0,0.47,0.47,0.47,3702010000.0,,3702010000.0,13543406302.0,21.0,17.248,111334000.0,0.394,1.0,673962000.0,1.0,5101145000.0,13234000.0,2233507000.0,,0.0,42954000.0,18216000.0,24738000.0,5093369000.0,2240391000.0,2852978000.0,12802984302.0,439637000.0,-110934000.0,23469000.0,486250000.0,-24089000.0,442570000.0,-125822000.0,-3333000.0,122889000.0,0.0,133979000.0,133979000.0,133979000.0,0.0,0.0,0.199,486882000.0,187080000.0,1239669000.0,0.181,3.458,27.852,27.773,373915000.0,0.0,45.27,5.02,5.02,1525601000.0,3451880000.0,673962000.0,673962000.0,0.0,,,,,13378000.0,454170000.0,1.0,282813879.0,282813879.0,,2.383,3694234000.0,0.0,24549000.0,332900000.0,13.062,923297000.0
4,BRO,MRQ,2020-06-30,2020-06-30,2020-06-30,2021-09-07,0.0,8201058000.0,,2704977000.0,5496081000.0,,12.645,-19570000.0,1062204000.0,1062204000.0,0.0,96784000.0,1.198,1.289,1802626000.0,62500000.0,1740126000.0,1802626000.0,356820000.0,32909000.0,0.0,0.008,0.085,143210000.0,176119000.0,0.294,176119000.0,143210000.0,129401000.0,0.34,0.34,0.34,3583518000.0,,3583518000.0,12495208793.0,19.0,16.02,363312000.0,1.282,1.0,598806000.0,1.0,4988662000.0,13809000.0,1694542000.0,,0.0,39703000.0,18111000.0,21592000.0,4617540000.0,2258276000.0,2359264000.0,11551533793.0,287026000.0,-138133000.0,587000.0,86250000.0,-24084000.0,61364000.0,-157220000.0,483000.0,382882000.0,0.0,96784000.0,96784000.0,96784000.0,0.0,0.0,0.162,454961000.0,143845000.0,1401397000.0,0.25,3.224,26.182,25.962,364698000.0,0.0,40.76,4.63,4.63,1482926000.0,3341990000.0,598806000.0,598806000.0,0.0,,,,,21040000.0,422083000.0,1.0,283403675.0,283403675.0,,2.113,3212396000.0,0.0,32617000.0,323558000.0,11.335,446701000.0
5,BRO,MRQ,2020-03-31,2020-03-31,2020-03-31,2021-09-07,0.0,7582345000.0,,2283837000.0,5298508000.0,,12.359,-16073000.0,775178000.0,775178000.0,0.0,152400000.0,1.208,1.179,1718853000.0,58750000.0,1660103000.0,1718853000.0,333806000.0,32412000.0,0.0,0.009,0.085,220544000.0,252956000.0,0.362,252956000.0,220544000.0,205253000.0,0.54,0.54,0.54,3479841000.0,,3479841000.0,10958060997.0,17.0,14.134,17744000.0,0.063,1.0,698495000.0,1.0,4814450000.0,15291000.0,1820951000.0,,0.0,39935000.0,16595000.0,23340000.0,4102504000.0,1890619000.0,2211885000.0,10197837997.0,-187797000.0,-153291000.0,-1429000.0,-13750000.0,-23902000.0,-52405000.0,-169209000.0,155000.0,33817000.0,0.0,152400000.0,152400000.0,152400000.0,0.0,0.0,0.218,488908000.0,209587000.0,1125971000.0,0.157,2.931,23.335,23.218,352952000.0,0.0,36.22,4.126,4.126,1367482000.0,3269359000.0,698495000.0,698495000.0,0.0,,,,,9047000.0,456756000.0,1.0,281552678.0,281552678.0,,2.481,2767895000.0,0.0,52853000.0,323404000.0,9.831,393218000.0
6,BRO,MRQ,2019-12-31,2019-12-31,2019-12-31,2021-09-07,0.0,7622821000.0,,2494802000.0,5128019000.0,,11.891,-7657000.0,962975000.0,962975000.0,0.0,76519000.0,1.22,1.275,1723198000.0,55000000.0,1668198000.0,1723198000.0,366021000.0,32781000.0,0.0,0.008,0.085,117904000.0,150685000.0,0.26,150685000.0,117904000.0,102049000.0,0.28,0.26,0.28,3350279000.0,,3350279000.0,11994405095.0,20.0,16.698,223403000.0,0.793,1.0,578989000.0,1.0,4662862000.0,15855000.0,1674821000.0,,0.0,39703000.0,12325000.0,27378000.0,4272542000.0,2045361000.0,2227181000.0,11123343095.0,88380000.0,-64650000.0,-39811000.0,-13750000.0,-23912000.0,-68731000.0,-73949000.0,-1642000.0,231060000.0,0.0,76519000.0,76519000.0,76519000.0,0.0,0.0,0.132,455531000.0,123458000.0,1114277000.0,0.304,3.32,27.912,27.803,332915000.0,0.0,39.48,4.65,4.65,1367360000.0,3140762000.0,578989000.0,578989000.0,0.0,,,,,12315000.0,428445000.0,1.0,281746279.0,281746279.0,,2.055,2959959000.0,0.0,25530000.0,328277000.0,10.506,449441000.0
7,BRO,MRQ,2019-09-30,2019-09-30,2019-09-30,2021-09-07,0.0,7680664000.0,,2606937000.0,5073727000.0,,11.784,-10786000.0,874595000.0,874595000.0,0.0,115506000.0,1.213,1.317,1745657000.0,55000000.0,1690657000.0,1745657000.0,383565000.0,32087000.0,0.0,0.009,0.08,168152000.0,200239000.0,0.324,200239000.0,168152000.0,151838000.0,0.41,0.41,0.41,3314523000.0,,3314523000.0,10979325589.0,19.0,15.461,130631000.0,0.464,1.0,618683000.0,1.0,4625683000.0,16314000.0,1777119000.0,,0.0,38072000.0,9935000.0,28137000.0,4366141000.0,2148924000.0,2217217000.0,10142774589.0,59814000.0,-141747000.0,14305000.0,86250000.0,-22551000.0,73554000.0,-155157000.0,-2624000.0,141417000.0,0.0,115506000.0,115506000.0,115506000.0,0.0,0.0,0.187,455801000.0,162882000.0,1010056000.0,0.195,3.06,25.649,25.574,322308000.0,0.0,36.06,4.368,4.368,1588964000.0,3088174000.0,618683000.0,618683000.0,0.0,,,,,10551000.0,427529000.0,1.0,281274947.0,281274947.0,,2.2,3054981000.0,0.0,36332000.0,322024000.0,10.861,458013000.0
8,BRO,MRQ,2019-06-30,2019-06-30,2019-06-30,2021-09-07,0.0,7164767000.0,,2291548000.0,4873219000.0,,11.277,-9919000.0,814781000.0,814781000.0,0.0,92593000.0,1.202,1.253,1651332000.0,55000000.0,1596332000.0,1651332000.0,343594000.0,31620000.0,0.0,0.009,0.08,139815000.0,171435000.0,0.298,171435000.0,139815000.0,123522000.0,0.33,0.33,0.33,3180631000.0,,3180631000.0,10478355640.0,18.0,15.225,290428000.0,1.03,1.0,575219000.0,1.0,4451244000.0,16293000.0,1642964000.0,,0.0,35438000.0,10542000.0,24896000.0,3984136000.0,1907110000.0,2077026000.0,9448421640.0,189894000.0,-51565000.0,-19115000.0,-13750000.0,-22533000.0,-41848000.0,-68605000.0,-7121000.0,300347000.0,0.0,92593000.0,92593000.0,92593000.0,0.0,0.0,0.161,438264000.0,136955000.0,1078286000.0,0.242,2.971,24.478,24.275,306538000.0,0.0,33.5,4.229,4.229,1334839000.0,2995206000.0,575219000.0,575219000.0,0.0,,,,,11134000.0,407660000.0,1.0,282042437.0,282042437.0,,2.039,2713523000.0,0.0,30929000.0,310510000.0,9.621,384438000.0
9,BRO,MRQ,2019-03-31,2019-03-31,2019-03-31,2021-09-07,0.0,6806289000.0,,1994748000.0,4811541000.0,,11.078,-23154000.0,624887000.0,624887000.0,0.0,113896000.0,1.211,1.197,1654821000.0,55000000.0,1599821000.0,1654821000.0,314363000.0,32227000.0,0.0,0.011,0.08,163718000.0,195945000.0,0.316,195945000.0,163718000.0,148520000.0,0.41,0.4,0.41,3098431000.0,,3098431000.0,8983395062.0,17.0,13.733,-17798000.0,-0.064,1.0,619280000.0,1.0,4420856000.0,15198000.0,1768294000.0,,0.0,28046000.0,10518000.0,17528000.0,3707858000.0,1647073000.0,2060785000.0,8254001062.0,-152709000.0,-95081000.0,16000.0,-8750000.0,-22348000.0,-42191000.0,-115874000.0,2361000.0,5356000.0,0.0,113896000.0,113896000.0,113896000.0,0.0,0.0,0.184,454352000.0,164928000.0,937942000.0,0.195,2.664,22.471,22.356,291944000.0,0.0,29.51,3.871,3.871,1212851000.0,2925170000.0,619280000.0,619280000.0,0.0,,,,,12994000.0,421620000.0,1.0,279701832.0,279701832.0,,2.214,2385433000.0,0.0,34624000.0,300857000.0,8.528,347675000.0
10,BRO,MRQ,2018-12-31,2018-12-31,2018-12-31,2021-09-07,0.0,6688668000.0,,2167311000.0,4521357000.0,,10.747,-11015000.0,777596000.0,777596000.0,0.0,73452000.0,1.216,1.229,1506990000.0,50000000.0,1456990000.0,1506990000.0,337920000.0,30007000.0,0.0,0.011,0.08,112505000.0,142512000.0,0.28,142512000.0,112505000.0,100611000.0,0.26,0.26,0.26,3000568000.0,,3000568000.0,7832707856.0,16.0,12.79,200997000.0,0.72,1.0,508748000.0,1.0,4331593000.0,11894000.0,1303483000.0,,0.0,30262000.0,12868000.0,17394000.0,3688100000.0,1782986000.0,1905114000.0,7695033856.0,52909000.0,-669038000.0,-92129000.0,645000000.0,-22334000.0,520965000.0,-680068000.0,-15000.0,212012000.0,0.0,73452000.0,73452000.0,73452000.0,0.0,0.0,0.144,395802000.0,112946000.0,944904000.0,0.308,2.565,22.353,22.226,100395000.0,0.0,27.56,3.82,3.82,1248131000.0,2833622000.0,508748000.0,508748000.0,0.0,,,,,9997000.0,366426000.0,1.0,279210227.0,279210227.0,,1.822,2357075000.0,0.0,27159000.0,315732000.0,8.442,384325000.0
11,BRO,MRQ,2018-09-30,2018-09-30,2018-09-30,2021-09-07,0.0,5802806000.0,,2013178000.0,3789628000.0,,10.525,-9037000.0,724687000.0,724687000.0,0.0,106053000.0,1.233,0.974,862361000.0,30000000.0,832361000.0,862361000.0,344955000.0,26896000.0,0.0,0.01,0.075,151463000.0,178359000.0,0.336,178359000.0,151463000.0,142500000.0,0.38,0.38,0.38,2939408000.0,,2939408000.0,8337937562.0,16.0,13.622,69074000.0,0.247,1.0,530850000.0,1.0,3609860000.0,8963000.0,697893000.0,,0.0,29995000.0,12843000.0,17152000.0,2863398000.0,1632727000.0,1230671000.0,8258137562.0,-62472000.0,-113033000.0,18686000.0,-4999000.0,-20945000.0,-19684000.0,-120899000.0,1171000.0,78111000.0,0.0,106053000.0,106053000.0,106053000.0,0.0,0.0,0.2,379744000.0,151106000.0,816778000.0,0.197,2.809,18.019,17.921,89772000.0,0.0,29.57,4.171,4.171,1179849000.0,2782504000.0,530850000.0,530850000.0,0.0,,,,,8495000.0,351742000.0,1.0,279274182.0,279274182.0,,1.901,2192946000.0,0.0,36447000.0,284330000.0,7.852,380451000.0
12,BRO,MRQ,2018-06-30,2018-06-30,2018-06-30,2021-09-07,0.0,5701557000.0,,2041208000.0,3660349000.0,,10.25,-6875000.0,787159000.0,787159000.0,0.0,73922000.0,1.232,1.014,866959000.0,25000000.0,841959000.0,866959000.0,310707000.0,26384000.0,0.0,0.011,0.075,110962000.0,137346000.0,0.29,137346000.0,110962000.0,100910000.0,0.27,0.26,0.27,2831482000.0,,2831482000.0,7805355005.0,16.0,13.13,191050000.0,0.692,1.0,473187000.0,1.0,3486408000.0,10052000.0,638242000.0,,0.0,31253000.0,11161000.0,20092000.0,2870075000.0,1656707000.0,1213368000.0,7660184005.0,-39218000.0,-108227000.0,0.0,-105001000.0,-20715000.0,-129135000.0,-108008000.0,7094000.0,197925000.0,0.0,73922000.0,73922000.0,73922000.0,0.0,0.0,0.156,361806000.0,111381000.0,913769000.0,0.278,2.705,17.891,18.006,85213000.0,0.0,27.73,3.98,3.98,1136164000.0,2697396000.0,473187000.0,473187000.0,0.0,,,,,7732000.0,335652000.0,1.0,276241760.0,276241760.0,,1.713,2215149000.0,0.0,26988000.0,284309000.0,8.019,384501000.0
13,BRO,MRQ,2018-03-31,2018-03-31,2018-03-31,2021-09-07,0.0,5615083000.0,,2074602000.0,3540481000.0,,10.053,-9609000.0,826377000.0,826377000.0,0.0,90828000.0,1.269,1.027,971548000.0,120000000.0,851548000.0,971548000.0,292172000.0,26091000.0,0.0,0.011,0.075,128112000.0,154203000.0,0.308,154203000.0,128112000.0,118441000.0,0.33,0.32,0.33,2770593000.0,,2770593000.0,7163346765.0,14.0,11.899,69872000.0,0.254,1.0,501461000.0,1.0,3377729000.0,9671000.0,747893000.0,,0.0,38398000.0,20840000.0,17558000.0,2844490000.0,1634632000.0,1209858000.0,7011293765.0,2289000.0,-33576000.0,-10530000.0,-5000000.0,-20696000.0,-34396000.0,-42796000.0,389000.0,79481000.0,0.0,90828000.0,90828000.0,90828000.0,0.0,0.0,0.181,370883000.0,130578000.0,820998000.0,0.227,2.531,16.68,16.848,81131000.0,0.0,25.44,3.656,3.656,1134487000.0,2644191000.0,501461000.0,501461000.0,0.0,,,,,7295000.0,347212000.0,1.0,275601170.0,275601170.0,,1.82,2237354000.0,0.0,27613000.0,288653000.0,8.118,439970000.0
14,BRO,MRQ,2017-12-31,2017-12-31,2017-12-31,2021-09-07,0.0,5747550000.0,,2242156000.0,3505394000.0,,9.263,-11286000.0,824088000.0,824088000.0,0.0,187505000.0,1.128,1.225,976141000.0,120000000.0,856141000.0,976141000.0,321017000.0,26500000.0,0.0,0.011,0.075,115701000.0,142201000.0,0.3,142201000.0,115701000.0,106334000.0,0.67,0.66,0.67,2582699000.0,,2582699000.0,7331247116.0,15.0,12.297,117119000.0,0.42,1.0,474316000.0,1.0,3357084000.0,9367000.0,555045000.0,,0.0,38914000.0,24965000.0,13949000.0,3164851000.0,1987474000.0,1177377000.0,7173713116.0,881000.0,-14993000.0,-78780000.0,-5000000.0,-20911000.0,-105439000.0,-22085000.0,4194000.0,128405000.0,0.0,187505000.0,187505000.0,187505000.0,0.0,0.0,0.395,357724000.0,116592000.0,749340000.0,0.112,2.778,17.951,17.993,77086000.0,0.0,25.73,3.813,3.813,1345239000.0,2456599000.0,474316000.0,474316000.0,0.0,,,,,8269000.0,331388000.0,1.0,278807350.0,278807350.0,,1.701,2390466000.0,0.0,-81171000.0,256185000.0,8.574,254682000.0
15,BRO,MRQ,2017-09-30,2017-09-30,2017-09-30,2021-09-07,0.0,7414277000.0,,3916383000.0,3497894000.0,,8.875,-633000.0,823207000.0,823207000.0,0.0,75913000.0,1.078,1.985,980741000.0,120000000.0,860741000.0,980741000.0,332246000.0,26924000.0,0.0,0.011,0.068,133812000.0,160736000.0,0.338,160736000.0,133812000.0,124419000.0,0.27,0.27,0.27,2483647000.0,,2483647000.0,6851247918.0,14.0,11.701,42856000.0,0.153,1.0,475646000.0,1.0,3357542000.0,9393000.0,582755000.0,,0.0,43241000.0,29156000.0,14085000.0,4930630000.0,3631514000.0,1299116000.0,6742786918.0,-53723000.0,-14952000.0,-29343000.0,-5000000.0,-18961000.0,-79417000.0,-17795000.0,-2210000.0,43489000.0,0.0,75913000.0,75913000.0,75913000.0,0.0,0.0,0.16,343142000.0,132504000.0,716912000.0,0.252,2.715,24.996,24.969,71296000.0,0.0,24.095,3.663,3.663,3018475000.0,2290014000.0,475646000.0,475646000.0,0.0,,,,,7036000.0,318120000.0,1.0,279841748.0,279841748.0,,1.7,4056735000.0,0.0,48506000.0,382228000.0,14.497,284869000.0
16,BRO,MRQ,2017-06-30,2017-06-30,2017-06-30,2021-09-07,0.0,5279009000.0,,1778932000.0,3500077000.0,,8.763,-5736000.0,876930000.0,876930000.0,0.0,66102000.0,1.253,1.147,985391000.0,20000000.0,965391000.0,985391000.0,297736000.0,27002000.0,0.0,0.012,0.068,117876000.0,144878000.0,0.311,144878000.0,117876000.0,108002000.0,0.24,0.23,0.24,2458233000.0,,2458233000.0,6275346472.0,13.0,10.845,174324000.0,0.621,1.0,466305000.0,1.0,3363978000.0,9874000.0,603955000.0,,0.0,41040000.0,30164000.0,10876000.0,2820776000.0,1419537000.0,1401239000.0,6041391472.0,50841000.0,-11526000.0,-11165000.0,-72500000.0,-18937000.0,-108652000.0,-20567000.0,-3305000.0,180060000.0,0.0,66102000.0,66102000.0,66102000.0,0.0,0.0,0.142,342840000.0,123465000.0,810134000.0,0.283,2.458,22.765,22.668,72747000.0,0.0,21.535,3.306,3.306,819885000.0,2233056000.0,466305000.0,466305000.0,0.0,,,,,6762000.0,315829000.0,1.0,280538262.0,280538262.0,,1.662,1915031000.0,0.0,41900000.0,373089000.0,6.826,359395000.0
17,BRO,MRQ,2017-03-31,2017-03-31,2017-03-31,2021-09-07,0.0,5197444000.0,,1696965000.0,3500479000.0,,8.629,-2443000.0,826089000.0,826089000.0,0.0,70110000.0,1.268,1.151,1060044000.0,55000000.0,1005044000.0,1060044000.0,280140000.0,27718000.0,0.0,0.012,0.068,120649000.0,148367000.0,0.319,148367000.0,120649000.0,110967000.0,0.25,0.25,0.25,2415796000.0,,2415796000.0,6132812346.0,13.0,10.58,87578000.0,0.313,1.0,465080000.0,1.0,3361350000.0,9682000.0,732141000.0,,0.0,37775000.0,20622000.0,17153000.0,2781648000.0,1337908000.0,1443740000.0,5840223346.0,44806000.0,0.0,506000.0,-14250000.0,-18903000.0,-43072000.0,-2143000.0,300000.0,90021000.0,0.0,70110000.0,70110000.0,70110000.0,0.0,0.0,0.151,340403000.0,124677000.0,748000000.0,0.272,2.418,21.995,22.074,72607000.0,0.0,20.86,3.231,3.231,805670000.0,2185902000.0,465080000.0,465080000.0,0.0,,,,,8564000.0,312785000.0,1.0,279972356.0,279972356.0,,1.661,1836094000.0,0.0,40857000.0,368323000.0,6.558,359057000.0
18,BRO,MRQ,2016-12-31,2016-12-31,2016-12-31,2021-09-07,0.0,5262734000.0,,1736128000.0,3526606000.0,,8.417,-3084000.0,781283000.0,781283000.0,0.0,57626000.0,1.201,1.23,1073872000.0,55500000.0,1018372000.0,1073872000.0,308661000.0,26774000.0,0.0,0.011,0.068,104765000.0,131539000.0,0.303,131539000.0,104765000.0,94901000.0,0.205,0.205,0.205,2360211000.0,,2360211000.0,6635005783.0,14.0,11.627,88823000.0,0.317,1.0,433664000.0,1.0,3382856000.0,9864000.0,727310000.0,,0.0,38096000.0,15048000.0,23048000.0,2902523000.0,1445157000.0,1457366000.0,6289782783.0,14321000.0,-9403000.0,-16129000.0,-38750000.0,-18945000.0,-65733000.0,-11853000.0,634000.0,91907000.0,0.0,57626000.0,57626000.0,57626000.0,3131000.0,0.0,0.133,323429000.0,110235000.0,717159000.0,0.332,2.665,24.427,24.38,75807000.0,0.0,22.43,3.56,3.56,889226000.0,2134640000.0,433664000.0,433664000.0,0.0,,,,,4326000.0,297946000.0,1.0,280418314.0,280418314.0,,1.546,1879878000.0,0.0,37275000.0,357686000.0,6.704,290971000.0
19,BRO,MRQ,2016-09-30,2016-09-30,2016-09-30,2021-09-07,0.0,5522027000.0,,1974674000.0,3547353000.0,,8.314,-4071000.0,766962000.0,766962000.0,0.0,71545000.0,1.16,1.375,1112185000.0,80492000.0,1031693000.0,1112185000.0,333967000.0,27000000.0,0.0,0.013,0.061,126855000.0,153855000.0,0.333,153855000.0,126855000.0,116972000.0,0.255,0.25,0.255,2324772000.0,,2324772000.0,5666187015.0,12.0,9.919,76377000.0,0.273,1.0,462274000.0,1.0,3398505000.0,9883000.0,767010000.0,,0.0,39594000.0,13287000.0,26307000.0,3197255000.0,1701735000.0,1495520000.0,5272276015.0,35377000.0,-5929000.0,15043000.0,-13750000.0,-17189000.0,-34481000.0,-10590000.0,-590000.0,80448000.0,0.0,71545000.0,71545000.0,71545000.0,-277000.0,0.0,0.155,332086000.0,130188000.0,673060000.0,0.239,2.268,20.451,20.495,77771000.0,0.0,18.855,3.034,3.034,1135423000.0,2095958000.0,462274000.0,462274000.0,0.0,,,,,4522000.0,305086000.0,1.0,279622170.0,279622170.0,,1.653,2123522000.0,16961000.0,45427000.0,376658000.0,7.594,272939000.0
20,BRO,MRQ,2016-06-30,2016-06-30,2016-06-30,2021-09-07,0.0,5206877000.0,,1647267000.0,3559610000.0,,8.042,-3868000.0,731585000.0,731585000.0,0.0,66250000.0,1.13,1.312,1125496000.0,80492000.0,1045004000.0,1125496000.0,298907000.0,26964000.0,0.0,0.013,0.061,118914000.0,145878000.0,0.327,145878000.0,118914000.0,109077000.0,0.235,0.235,0.235,2252247000.0,,2252247000.0,5752522865.0,13.0,10.137,201597000.0,0.72,1.0,446518000.0,1.0,3410699000.0,9837000.0,732434000.0,,0.0,39069000.0,16077000.0,22992000.0,2954630000.0,1457655000.0,1496975000.0,5246624865.0,98664000.0,-66687000.0,0.0,-13750000.0,-17166000.0,-31722000.0,-75079000.0,-4524000.0,205465000.0,0.0,66250000.0,66250000.0,66250000.0,-810000.0,0.0,0.148,324357000.0,122161000.0,758774000.0,0.26,2.33,20.682,20.702,80488000.0,0.0,18.735,3.073,3.073,831946000.0,2041602000.0,446518000.0,446518000.0,0.0,,,,,-1665000.0,297393000.0,1.0,280044028.0,280044028.0,,1.594,1796178000.0,15552000.0,42827000.0,371099000.0,6.414,189612000.0
21,BRO,MRQ,2016-03-31,2016-03-31,2016-03-31,2021-09-07,0.0,4992960000.0,,1496621000.0,3496339000.0,,7.93,-1785000.0,632921000.0,632921000.0,0.0,62070000.0,1.166,1.271,1138819000.0,80492000.0,1058327000.0,1138819000.0,279784000.0,26928000.0,0.0,0.013,0.061,112446000.0,139374000.0,0.329,139374000.0,112446000.0,102549000.0,0.225,0.22,0.225,2198533000.0,,2198533000.0,5442312084.0,12.0,9.735,31437000.0,0.113,1.0,424173000.0,1.0,3355190000.0,9897000.0,860312000.0,,0.0,34395000.0,13880000.0,20515000.0,2794427000.0,1283356000.0,1511071000.0,4962482084.0,-40252000.0,-40603000.0,-10334000.0,-6875000.0,-16962000.0,-28584000.0,-44890000.0,-2502000.0,33222000.0,0.0,62070000.0,62070000.0,62070000.0,0.0,0.0,0.146,312548000.0,111625000.0,632439000.0,0.271,2.257,19.975,20.226,80899000.0,0.0,17.9,2.953,2.953,767915000.0,1992518000.0,424173000.0,424173000.0,0.0,,,,,1523000.0,287664000.0,1.0,277233636.0,277233636.0,,1.53,1637770000.0,14127000.0,40479000.0,363583000.0,5.908,213265000.0
22,BRO,MRQ,2015-12-31,2015-12-31,2015-12-31,2021-09-07,0.0,5004479000.0,,1537389000.0,3467090000.0,,7.625,180000.0,673173000.0,673173000.0,0.0,57935000.0,1.157,1.328,1144743000.0,73125000.0,1071618000.0,1144743000.0,309643000.0,27270000.0,0.0,0.014,0.061,104881000.0,132151000.0,0.327,132151000.0,104881000.0,95037000.0,0.205,0.205,0.205,2149776000.0,,2149776000.0,5018362542.0,11.0,9.122,91371000.0,0.324,1.0,404597000.0,1.0,3331363000.0,9844000.0,816139000.0,,0.0,31826000.0,13734000.0,18092000.0,2854703000.0,1328547000.0,1526156000.0,4524987542.0,-35414000.0,-26074000.0,-64274000.0,-6875000.0,-17268000.0,-102288000.0,-24317000.0,1577000.0,91191000.0,0.0,57935000.0,57935000.0,57935000.0,0.0,0.0,0.143,298907000.0,105690000.0,638646000.0,0.298,2.105,18.597,18.663,81753000.0,0.0,16.05,2.725,2.725,775496000.0,1947411000.0,404597000.0,404597000.0,0.0,,,,,-2609000.0,270997000.0,1.0,281930688.0,281930688.0,,1.435,1673116000.0,24635000.0,37102000.0,360949000.0,5.934,208842000.0
23,BRO,MRQ,2015-09-30,2015-09-30,2015-09-30,2021-09-07,40000.0,5002192000.0,,1543849000.0,3458343000.0,,7.758,-3380000.0,666464000.0,666464000.0,0.0,67427000.0,1.221,1.289,1159839000.0,41250000.0,1118589000.0,1159839000.0,329777000.0,27373000.0,0.0,0.014,0.055,122712000.0,150085000.0,0.347,150085000.0,122712000.0,112830000.0,0.24,0.235,0.24,2185735000.0,,2185735000.0,4871009147.0,13.0,9.851,59877000.0,0.213,1.0,432167000.0,1.0,3317101000.0,9882000.0,913919000.0,,0.0,33488000.0,10545000.0,22943000.0,2816457000.0,1264547000.0,1551910000.0,4362834147.0,36211000.0,-4870000.0,225000.0,-6875000.0,-15560000.0,-17294000.0,-9752000.0,-1502000.0,63257000.0,0.0,67427000.0,67427000.0,67427000.0,0.0,0.0,0.156,308996000.0,123171000.0,587881000.0,0.229,1.996,20.797,20.926,81338000.0,0.0,15.485,2.646,2.646,791398000.0,1906744000.0,432167000.0,432167000.0,0.0,,,,,4214000.0,282277000.0,1.0,281745828.0,281745828.0,,1.534,1685091000.0,17152000.0,45403000.0,347615000.0,5.981,279302000.0
24,BRO,MRQ,2015-06-30,2015-06-30,2015-06-30,2021-09-07,15000.0,5020837000.0,,1547444000.0,3473393000.0,,7.501,-4584000.0,658500000.0,658500000.0,0.0,61005000.0,1.165,1.376,1166675000.0,34375000.0,1132300000.0,1166675000.0,302578000.0,26860000.0,0.0,0.013,0.055,110585000.0,137445000.0,0.328,137445000.0,110585000.0,100914000.0,0.215,0.215,0.215,2113054000.0,,2113054000.0,5176154674.0,14.0,10.525,172098000.0,0.611,1.0,419447000.0,1.0,3331962000.0,9671000.0,868711000.0,,0.0,31924000.0,10678000.0,21246000.0,2907783000.0,1328339000.0,1579444000.0,4628184674.0,71876000.0,-68861000.0,14956000.0,-6875000.0,-15495000.0,-29041000.0,-75765000.0,-2320000.0,176682000.0,0.0,61005000.0,61005000.0,61005000.0,0.0,0.0,0.145,308490000.0,110957000.0,664641000.0,0.256,2.19,21.968,22.354,82805000.0,0.0,16.43,2.825,2.825,797364000.0,1854877000.0,419447000.0,419447000.0,0.0,,,,,12415000.0,281978000.0,1.0,281691094.0,281691094.0,,1.489,1688875000.0,16053000.0,39909000.0,340244000.0,5.995,219105000.0
25,BRO,MRQ,2015-03-31,2015-03-31,2015-03-31,2021-09-07,35000.0,4838942000.0,,1433358000.0,3405584000.0,,7.182,-15000.0,625540000.0,625540000.0,0.0,56951000.0,1.185,1.347,1173510000.0,27500000.0,1146010000.0,1173510000.0,291037000.0,26808000.0,0.0,0.013,0.055,103629000.0,130437000.0,0.323,130437000.0,103629000.0,93778000.0,0.2,0.195,0.2,2061462000.0,,2061462000.0,5220604412.0,14.0,10.676,50687000.0,0.177,1.0,404298000.0,1.0,3262704000.0,9851000.0,914761000.0,,0.0,29653000.0,10867000.0,18786000.0,2777480000.0,1209447000.0,1568033000.0,4751950412.0,-129317000.0,-36195000.0,-101624000.0,-25000000.0,-15785000.0,-145216000.0,-34803000.0,1407000.0,50702000.0,0.0,56951000.0,56951000.0,56951000.0,0.0,0.0,0.141,299306000.0,104992000.0,670299000.0,0.275,2.305,22.475,22.524,83220000.0,0.0,16.555,2.94,2.94,735284000.0,1809367000.0,404298000.0,404298000.0,0.0,,,,,-1783000.0,272755000.0,1.0,287040194.0,287040194.0,,1.409,1576238000.0,13906000.0,36827000.0,336597000.0,5.491,223911000.0
26,BRO,MRQ,2014-12-31,2014-12-31,2014-12-31,2021-09-07,0.0,4956458000.0,,1570108000.0,3386350000.0,,7.499,5505000.0,729817000.0,729817000.0,0.0,24395000.0,1.237,1.345,1198471000.0,45625000.0,1152846000.0,1198471000.0,320586000.0,28016000.0,0.0,0.012,0.055,48480000.0,76496000.0,0.195,76496000.0,48480000.0,38446000.0,0.085,0.085,0.085,2113745000.0,,2113745000.0,5271792416.0,14.0,11.169,105174000.0,0.373,1.0,393020000.0,1.0,3245253000.0,10034000.0,910706000.0,,0.0,31019000.0,11157000.0,19862000.0,2842713000.0,1269153000.0,1573560000.0,4731298416.0,87956000.0,-1670000.0,-446000.0,-7000.0,-15787000.0,-16102000.0,4389000.0,554000.0,99669000.0,0.0,24395000.0,24395000.0,24395000.0,0.0,0.0,0.062,341176000.0,51844000.0,625445000.0,0.647,2.238,22.868,23.014,84668000.0,0.0,16.455,3.002,2.944,758161000.0,1768201000.0,393020000.0,393020000.0,0.0,,,,,-101000.0,284884000.0,1.0,287529530.0,281888000.0,,1.394,1711205000.0,25431000.0,14051000.0,341497000.0,6.071,300955000.0
27,BRO,MRQ,2014-09-30,2014-09-30,2014-09-30,2021-09-07,-9000.0,4945748000.0,,1485895000.0,3459853000.0,,7.283,-7427000.0,657938000.0,657938000.0,0.0,68331000.0,1.176,1.349,1198432000.0,38750000.0,1159682000.0,1198432000.0,345936000.0,27439000.0,0.0,0.012,0.05,119983000.0,147422000.0,0.35,147422000.0,119983000.0,112685000.0,0.235,0.235,0.235,2105295000.0,,2105295000.0,5212366362.0,13.0,10.453,100321000.0,0.347,1.0,421418000.0,1.0,3318207000.0,7298000.0,905009000.0,,0.0,31441000.0,11452000.0,19989000.0,2840453000.0,1263026000.0,1577427000.0,4647093362.0,72985000.0,-79000.0,-36292000.0,23432000.0,-14505000.0,-27312000.0,-7451000.0,55000.0,107748000.0,0.0,68331000.0,68331000.0,68331000.0,0.0,0.0,0.162,301121000.0,120297000.0,582918000.0,0.213,2.207,20.229,20.348,88176000.0,0.0,16.075,3.045,3.045,761431000.0,1759593000.0,421418000.0,421418000.0,0.0,,,,,5124000.0,268042000.0,1.0,289088234.0,289088234.0,,1.458,1627541000.0,19376000.0,44354000.0,345558000.0,5.63,222869000.0
28,BRO,MRQ,2014-06-30,2014-06-30,2014-06-30,2021-09-07,0.0,4930472000.0,,1459235000.0,3471237000.0,,7.179,-5472000.0,609461000.0,609461000.0,0.0,61755000.0,1.148,1.369,1174734000.0,6609000.0,1168125000.0,1174734000.0,309020000.0,25865000.0,0.0,0.013,0.05,108785000.0,134650000.0,0.339,134650000.0,108785000.0,101781000.0,0.215,0.21,0.215,2081514000.0,,2081514000.0,4429280106.0,12.0,9.362,104985000.0,0.362,1.0,397764000.0,1.0,3338241000.0,7004000.0,886886000.0,,0.0,31494000.0,12300000.0,19194000.0,2848958000.0,1270618000.0,1578340000.0,4452169106.0,59090000.0,-693724000.0,-24808000.0,695000000.0,-14496000.0,647630000.0,-698997000.0,199000.0,110457000.0,0.0,61755000.0,61755000.0,61755000.0,0.0,0.0,0.155,288802000.0,108962000.0,690653000.0,0.233,2.139,20.316,20.338,86370000.0,0.0,15.355,3.041,3.041,770242000.0,1705767000.0,397764000.0,397764000.0,0.0,,,,,5785000.0,256943000.0,1.0,289949144.0,289949144.0,,1.372,1592231000.0,16312000.0,40026000.0,337520000.0,5.491,188617000.0
29,BRO,MRQ,2014-03-31,2014-03-31,2014-03-31,2021-09-07,0.0,3674289000.0,,964355000.0,2709934000.0,,7.058,-3898000.0,502889000.0,502889000.0,0.0,52415000.0,1.217,0.79,480000000.0,0.0,480000000.0,480000000.0,0.0,22516000.0,0.0,0.012,0.05,90909000.0,113425000.0,0.312,113425000.0,90909000.0,86837000.0,0.18,0.18,0.18,2052860000.0,,2052860000.0,4500578474.0,12.0,10.022,63247000.0,0.217,1.0,363594000.0,1.0,2608065000.0,4072000.0,250843000.0,,0.0,10967000.0,10967000.0,0.0,1621429000.0,792492000.0,828937000.0,4473539474.0,47065000.0,-1013000.0,-1923000.0,0.0,-14546000.0,-14826000.0,-5254000.0,-343000.0,67145000.0,0.0,52415000.0,52415000.0,52415000.0,0.0,0.0,0.144,266602000.0,96992000.0,594656000.0,0.278,2.179,21.364,21.361,74576000.0,0.0,15.38,3.214,3.214,404471000.0,1658508000.0,363594000.0,363594000.0,0.0,,,,,5257000.0,236571000.0,1.0,290867326.0,290867326.0,,1.25,1066224000.0,12380000.0,34422000.0,285514000.0,3.666,171863000.0
30,BRO,MRQ,2013-12-31,2013-12-31,2013-12-31,2021-09-07,0.0,3649508000.0,,928036000.0,2721472000.0,,7.1,106000.0,452961000.0,452961000.0,0.0,47225000.0,1.023,0.818,480000000.0,100000000.0,380000000.0,480000000.0,0.0,22381000.0,0.0,0.012,0.05,80766000.0,103147000.0,0.301,103147000.0,80766000.0,76442000.0,0.16,0.16,0.16,2007141000.0,,2007141000.0,4626775924.0,12.0,10.07,79576000.0,0.281,1.0,343165000.0,1.0,2625061000.0,4324000.0,144609000.0,,0.0,10640000.0,10624000.0,16000.0,1642367000.0,906877000.0,735490000.0,4565055924.0,31987000.0,-28360000.0,120000.0,0.0,-14533000.0,-20298000.0,-27185000.0,1069000.0,79470000.0,0.0,47225000.0,47225000.0,47225000.0,0.0,0.0,0.138,261379000.0,81786000.0,568518000.0,0.312,2.274,21.026,20.927,74733000.0,0.0,15.695,3.349,3.247,395915000.0,1620639000.0,343165000.0,343165000.0,0.0,,,,,5903000.0,231299000.0,1.0,290860524.0,282714000.0,286136000.0,1.214,1024447000.0,29276000.0,29217000.0,291704000.0,3.624,21159000.0
31,BRO,MRQ,2013-09-30,2013-09-30,2013-09-30,2021-09-07,0.0,3554788000.0,,843748000.0,2711040000.0,,6.96,-3976000.0,418280000.0,418280000.0,0.0,57749000.0,0.979,0.809,480000000.0,100000000.0,380000000.0,480000000.0,0.0,22324000.0,0.0,0.011,0.045,99590000.0,121914000.0,0.339,121914000.0,99590000.0,95455000.0,0.2,0.195,0.2,1964784000.0,,1964784000.0,4505249760.0,12.0,10.019,84043000.0,0.298,1.0,359310000.0,1.0,2616238000.0,4135000.0,138481000.0,,0.0,11693000.0,11693000.0,0.0,1590004000.0,861789000.0,728215000.0,4651279760.0,-214560000.0,-324968000.0,10389000.0,29967000.0,-13101000.0,25853000.0,-328432000.0,512000.0,88019000.0,0.0,57749000.0,57749000.0,57749000.0,0.0,0.0,0.161,260385000.0,98925000.0,524220000.0,0.225,2.367,21.886,21.837,74482000.0,0.0,16.05,3.516,3.425,365705000.0,1587947000.0,359310000.0,359310000.0,0.0,,,,,7176000.0,230630000.0,1.0,289799362.0,282278000.0,285578000.0,1.273,938550000.0,21268000.0,37706000.0,284257000.0,3.325,-18041000.0
32,BRO,MRQ,2013-06-30,2013-06-30,2013-06-30,2021-09-07,0.0,3326320000.0,,972572000.0,2353748000.0,,6.753,-3906000.0,596063000.0,596063000.0,0.0,52007000.0,1.47,0.749,450033000.0,33000.0,450000000.0,450033000.0,0.0,20384000.0,0.0,0.011,0.045,90218000.0,110602000.0,0.339,110602000.0,90218000.0,86221000.0,0.18,0.18,0.18,1902058000.0,,1902058000.0,4566722190.0,13.0,10.539,80958000.0,0.287,1.0,325792000.0,1.0,2261595000.0,3997000.0,256880000.0,,0.0,12205000.0,12205000.0,0.0,1424262000.0,661815000.0,762447000.0,4643603190.0,45319000.0,-14323000.0,77000.0,-60000.0,-12959000.0,-16339000.0,-23206000.0,-4977000.0,84864000.0,0.0,52007000.0,52007000.0,52007000.0,0.0,0.0,0.16,234918000.0,90874000.0,523413000.0,0.25,2.441,22.732,22.865,72929000.0,0.0,16.12,3.664,3.582,310486000.0,1543299000.0,325792000.0,325792000.0,0.0,,,,,3568000.0,210911000.0,1.0,288064714.0,281672000.0,286042000.0,1.157,1064725000.0,15051000.0,34214000.0,249195000.0,3.78,310757000.0
33,BRO,MRQ,2013-03-31,2013-03-31,2013-03-31,2021-09-07,0.0,3230360000.0,,881613000.0,2348747000.0,,6.603,-2704000.0,526974000.0,526974000.0,0.0,60131000.0,1.428,0.737,450093000.0,93000.0,450000000.0,450093000.0,0.0,20328000.0,0.0,0.011,0.045,103475000.0,123803000.0,0.37,123803000.0,103475000.0,99491000.0,0.21,0.205,0.21,1859256000.0,,1859256000.0,4677658413.0,14.0,11.203,134317000.0,0.477,1.0,335012000.0,1.0,2259968000.0,3984000.0,276197000.0,,0.0,7228000.0,7228000.0,0.0,1371104000.0,617314000.0,753790000.0,4611950413.0,120385000.0,-61000.0,575000.0,0.0,-12953000.0,-14827000.0,-1809000.0,956000.0,137021000.0,0.0,60131000.0,60131000.0,60131000.0,0.0,0.0,0.179,230015000.0,104997000.0,506593000.0,0.214,2.481,23.682,23.733,73067000.0,0.0,16.02,3.742,3.66,303882000.0,1504251000.0,335012000.0,335012000.0,0.0,,,,,3598000.0,205837000.0,1.0,287887042.0,281592000.0,285894000.0,1.19,970392000.0,16041000.0,39360000.0,244883000.0,3.446,264299000.0
34,BRO,MRQ,2012-12-31,2012-12-31,2012-12-31,2021-09-07,0.0,3128058000.0,,759512000.0,2368546000.0,,6.459,3743000.0,384385000.0,384385000.0,0.0,42637000.0,1.338,0.731,450093000.0,93000.0,450000000.0,450093000.0,0.0,20113000.0,0.0,0.014,0.045,73231000.0,93344000.0,0.308,93344000.0,73231000.0,69227000.0,0.145,0.145,0.145,1807333000.0,,1807333000.0,3668920799.0,11.0,9.176,35082000.0,0.125,1.0,302830000.0,1.0,2278052000.0,4004000.0,347933000.0,,0.0,8183000.0,8183000.0,0.0,1320725000.0,567781000.0,752944000.0,3661601799.0,-24816000.0,-40458000.0,-4027000.0,0.0,-12943000.0,-19434000.0,-36721000.0,-6000.0,31339000.0,0.0,42637000.0,42637000.0,42637000.0,0.0,0.0,0.141,228047000.0,74783000.0,455228000.0,0.31,2.026,19.895,19.891,74337000.0,0.0,12.73,3.051,2.957,302725000.0,1457073000.0,302830000.0,302830000.0,0.0,,,,,-3908000.0,203462000.0,1.0,287635648.0,279802000.0,285466000.0,1.082,850006000.0,24408000.0,26590000.0,237630000.0,3.038,191731000.0
35,BRO,MRQ,2012-09-30,2012-09-30,2012-09-30,2021-09-07,0.0,3134729000.0,,785508000.0,2349221000.0,,6.341,-5503000.0,442774000.0,442774000.0,0.0,49504000.0,1.26,0.772,450093000.0,93000.0,450000000.0,450093000.0,0.0,19914000.0,0.0,0.013,0.043,85655000.0,105569000.0,0.347,105569000.0,85655000.0,81649000.0,0.17,0.17,0.17,1768814000.0,,1768814000.0,3799754330.0,12.0,9.828,70724000.0,0.254,1.0,303800000.0,1.0,2253949000.0,4006000.0,264500000.0,,0.0,8176000.0,8176000.0,0.0,1365915000.0,623599000.0,742316000.0,3735310330.0,50925000.0,-14863000.0,9165000.0,-603000.0,-12228000.0,-4492000.0,-20810000.0,-444000.0,76227000.0,0.0,49504000.0,49504000.0,49504000.0,0.0,0.0,0.163,217287000.0,86513000.0,455041000.0,0.253,2.112,20.996,21.024,73191000.0,0.0,13.035,3.273,3.186,282972000.0,1427379000.0,303800000.0,303800000.0,0.0,,,,,3684000.0,193465000.0,1.0,286560056.0,278930000.0,284194000.0,1.089,880780000.0,18792000.0,32145000.0,229458000.0,3.158,161909000.0
36,BRO,MRQ,2012-06-30,2012-06-30,2012-06-30,2021-09-07,0.0,3097291000.0,,751038000.0,2346253000.0,,6.177,-6371000.0,386252000.0,386252000.0,0.0,42471000.0,1.171,0.803,450696000.0,663000.0,450033000.0,450696000.0,0.0,19665000.0,0.0,0.012,0.043,75145000.0,94810000.0,0.326,94810000.0,75145000.0,71145000.0,0.15,0.145,0.15,1718247000.0,,1718247000.0,4012750963.0,13.0,10.726,80590000.0,0.29,1.0,290916000.0,1.0,2252106000.0,4000000.0,268350000.0,,0.0,7729000.0,7729000.0,0.0,1379044000.0,641279000.0,737765000.0,3907337963.0,37998000.0,-27975000.0,-859000.0,-10000.0,-12179000.0,-14534000.0,-34429000.0,-83000.0,86961000.0,0.0,42471000.0,42471000.0,42471000.0,0.0,0.0,0.146,216375000.0,74541000.0,516824000.0,0.287,2.274,22.642,22.537,70986000.0,0.0,13.635,3.559,3.455,295758000.0,1390109000.0,290916000.0,290916000.0,0.0,,,,,3712000.0,192972000.0,1.0,286566774.0,278172000.0,283656000.0,1.046,845185000.0,16281000.0,28674000.0,222773000.0,3.038,109759000.0
37,BRO,MRQ,2012-03-31,2012-03-31,2012-03-31,2021-09-07,0.0,3017447000.0,,697791000.0,2319656000.0,,6.061,-1802000.0,345233000.0,345233000.0,0.0,49433000.0,1.161,0.791,450646000.0,603000.0,450043000.0,450646000.0,0.0,19254000.0,0.0,0.014,0.043,86877000.0,106131000.0,0.351,106131000.0,86877000.0,82790000.0,0.17,0.17,0.17,1685050000.0,,1685050000.0,3243335696.0,11.0,8.984,23986000.0,0.086,1.0,302486000.0,1.0,2230687000.0,4087000.0,290951000.0,,0.0,7645000.0,7645000.0,0.0,1332397000.0,601222000.0,731175000.0,3408915696.0,-130591000.0,-341758000.0,63000.0,199386000.0,-12184000.0,187161000.0,-343540000.0,20000.0,25788000.0,0.0,49433000.0,49433000.0,49433000.0,0.0,0.0,0.163,215997000.0,86489000.0,483993000.0,0.253,2.023,20.396,20.325,68298000.0,0.0,11.89,3.235,3.137,293993000.0,1359817000.0,302486000.0,302486000.0,0.0,,,,,3718000.0,192996000.0,1.0,286704432.0,278002000.0,283000000.0,1.088,786760000.0,15579000.0,33357000.0,215349000.0,2.83,96569000.0
38,BRO,MRQ,2011-12-31,2011-12-31,2011-12-31,2021-09-07,7000.0,2607011000.0,,708127000.0,1898884000.0,,5.918,-1745000.0,416840000.0,416840000.0,0.0,36494000.0,1.47,0.586,251260000.0,1227000.0,250033000.0,251260000.0,0.0,17081000.0,0.0,0.014,0.043,63043000.0,80124000.0,0.328,80124000.0,63043000.0,59691000.0,0.13,0.125,0.13,1643963000.0,,1643963000.0,3015840312.0,11.0,8.573,34563000.0,0.124,1.0,244097000.0,1.0,1819651000.0,3352000.0,140160000.0,,0.0,7627000.0,7627000.0,0.0,963048000.0,481620000.0,481428000.0,3244625312.0,-48192000.0,-66995000.0,-454000.0,-229000.0,-12188000.0,-15759000.0,-68741000.0,-1000.0,36308000.0,0.0,36494000.0,36494000.0,36494000.0,0.0,0.0,0.15,183916000.0,60181000.0,349480000.0,0.331,1.974,19.785,19.678,61360000.0,0.0,11.315,3.201,3.094,240257000.0,1322562000.0,244097000.0,244097000.0,0.0,,,,,2168000.0,163979000.0,1.0,286754336.0,277806000.0,281392000.0,0.879,787360000.0,19863000.0,23197000.0,178052000.0,2.834,226507000.0
39,BRO,MRQ,2011-09-30,2011-09-30,2011-09-30,2021-09-07,1000.0,2561303000.0,,732694000.0,1828609000.0,,5.828,-2373000.0,480530000.0,480530000.0,0.0,44173000.0,1.501,0.584,251745000.0,1142000.0,250603000.0,251745000.0,0.0,16787000.0,0.0,0.018,0.04,76257000.0,93044000.0,0.357,93044000.0,76257000.0,72692000.0,0.155,0.15,0.155,1616561000.0,,1616561000.0,2396796601.0,9.0,6.972,75252000.0,0.271,1.0,260401000.0,1.0,1750887000.0,3565000.0,93350000.0,,0.0,7612000.0,7612000.0,0.0,944742000.0,488281000.0,456461000.0,2544044601.0,55631000.0,-13450000.0,7979000.0,-599000.0,-11470000.0,-6285000.0,-15709000.0,114000.0,77625000.0,0.0,44173000.0,44173000.0,44173000.0,0.0,0.0,0.17,184954000.0,75447000.0,350058000.0,0.258,1.574,15.935,15.893,59807000.0,0.0,8.9,2.546,2.47,212051000.0,1298256000.0,260401000.0,260401000.0,0.0,,,,,2760000.0,165311000.0,1.0,285847708.0,277380000.0,280886000.0,0.939,810416000.0,8837000.0,28519000.0,167074000.0,2.922,244413000.0
40,BRO,MRQ,2011-06-30,2011-06-30,2011-06-30,2021-09-07,5000.0,2524872000.0,,697061000.0,1827811000.0,,5.683,-3013000.0,398939000.0,398939000.0,0.0,37035000.0,1.386,0.605,251691000.0,1624000.0,250067000.0,251691000.0,0.0,16635000.0,0.0,0.012,0.04,65076000.0,81711000.0,0.331,81711000.0,65076000.0,61468000.0,0.13,0.13,0.13,1572931000.0,,1572931000.0,3537773635.0,13.0,10.303,68981000.0,0.249,1.0,246816000.0,1.0,1749994000.0,3608000.0,124659000.0,,0.0,7737000.0,7737000.0,0.0,951941000.0,502971000.0,448970000.0,3667811635.0,13184000.0,-41755000.0,171000.0,-145000.0,-11436000.0,-13987000.0,-44823000.0,-55000.0,71994000.0,0.0,37035000.0,37035000.0,37035000.0,0.0,0.0,0.15,180175000.0,66641000.0,390718000.0,0.308,2.332,22.957,22.911,60039000.0,0.0,12.83,3.718,3.599,247718000.0,1265553000.0,246816000.0,246816000.0,0.0,,,,,2668000.0,160831000.0,1.0,285877758.0,276758000.0,279884000.0,0.892,774878000.0,8143000.0,24433000.0,159900000.0,2.8,194090000.0
41,BRO,MRQ,2011-03-31,2011-03-31,2011-03-31,2021-09-07,6000.0,2443996000.0,,654963000.0,1789033000.0,,5.581,-2791000.0,381317000.0,381317000.0,0.0,46293000.0,1.424,0.582,251279000.0,1212000.0,250067000.0,251279000.0,0.0,16644000.0,0.0,0.012,0.04,80277000.0,96921000.0,0.37,96921000.0,80277000.0,76670000.0,0.16,0.16,0.16,1544412000.0,,1544412000.0,3533127869.0,12.0,10.121,48813000.0,0.176,1.0,262228000.0,1.0,1710887000.0,3607000.0,143223000.0,,0.0,7481000.0,7481000.0,0.0,899584000.0,459848000.0,439736000.0,3677976869.0,-7302000.0,-43855000.0,312000.0,-1099000.0,-11400000.0,-12454000.0,-46452000.0,194000.0,51604000.0,0.0,46293000.0,46293000.0,46293000.0,0.0,0.0,0.177,182050000.0,80178000.0,362372000.0,0.25,2.381,22.438,22.435,59574000.0,0.0,12.9,3.74,3.63,232688000.0,1239954000.0,262228000.0,262228000.0,0.0,,,,,2682000.0,162633000.0,1.0,285114486.0,276702000.0,281296000.0,0.948,733109000.0,8235000.0,30377000.0,153160000.0,2.649,195115000.0
42,BRO,MRQ,2010-12-31,2010-12-31,2010-12-31,2021-09-07,7000.0,2400814000.0,,652809000.0,1748005000.0,,5.446,-2751000.0,396578000.0,396578000.0,0.0,32146000.0,1.388,0.594,251729000.0,1662000.0,250067000.0,251729000.0,0.0,16511000.0,0.0,0.013,0.04,55591000.0,72102000.0,0.314,72102000.0,55591000.0,51967000.0,0.115,0.11,0.115,1506344000.0,,1506344000.0,3248236118.0,12.0,9.425,67096000.0,0.243,1.0,229938000.0,1.0,1676727000.0,3624000.0,109081000.0,,0.0,7678000.0,7678000.0,0.0,894470000.0,470157000.0,424313000.0,3414949118.0,15833000.0,-38264000.0,-8495000.0,-1574000.0,-11413000.0,-12491000.0,-41523000.0,-508000.0,69847000.0,0.0,32146000.0,32146000.0,32146000.0,0.0,0.0,0.14,174985000.0,54953000.0,345039000.0,0.348,2.267,21.112,21.0,59713000.0,0.0,11.97,3.508,3.392,214446000.0,1205061000.0,229938000.0,229938000.0,0.0,,,,,-9776000.0,156859000.0,1.0,285292324.0,276580000.0,279776000.0,0.831,724087000.0,20076000.0,19821000.0,146482000.0,2.618,182652000.0
43,BRO,MRQ,2010-09-30,2010-09-30,2010-09-30,2021-09-07,5000.0,2387811000.0,,669721000.0,1718090000.0,,5.364,-1807000.0,418469000.0,418469000.0,0.0,44293000.0,1.127,0.612,251756000.0,101689000.0,150067000.0,251756000.0,0.0,15985000.0,0.0,0.015,0.039,76641000.0,92626000.0,0.374,92626000.0,76641000.0,73034000.0,0.155,0.155,0.155,1481362000.0,,1481362000.0,2687520837.0,10.0,8.068,57667000.0,0.209,1.0,247616000.0,1.0,1646184000.0,3607000.0,-19412000.0,,0.0,7669000.0,7669000.0,0.0,906449000.0,594326000.0,312123000.0,2870613837.0,-35860000.0,-85400000.0,7436000.0,-5074000.0,-11053000.0,-8596000.0,-86738000.0,469000.0,59474000.0,0.0,44293000.0,44293000.0,44293000.0,0.0,0.0,0.179,170782000.0,76834000.0,347206000.0,0.252,1.938,18.73,18.869,59721000.0,0.0,10.095,2.997,2.911,224299000.0,1184328000.0,247616000.0,247616000.0,0.0,,,,,1495000.0,153302000.0,1.0,284359964.0,276186000.0,279014000.0,0.897,741627000.0,0.0,28741000.0,130905000.0,2.685,75395000.0
44,BRO,MRQ,2010-06-30,2010-06-30,2010-06-30,2021-09-07,3000.0,2336812000.0,,709261000.0,1627551000.0,,5.226,-2525000.0,438859000.0,438859000.0,0.0,41185000.0,1.407,0.624,255766000.0,5766000.0,250000000.0,255766000.0,0.0,15779000.0,0.0,0.016,0.039,71645000.0,87424000.0,0.359,87424000.0,71645000.0,68013000.0,0.145,0.145,0.145,1439094000.0,,1439094000.0,2601636321.0,10.0,7.947,90415000.0,0.328,1.0,243665000.0,1.0,1561937000.0,3632000.0,87700000.0,,0.0,8135000.0,8135000.0,0.0,897718000.0,504082000.0,393636000.0,2720756321.0,64206000.0,-16769000.0,1580000.0,-381000.0,-11015000.0,-9647000.0,-19087000.0,207000.0,92940000.0,0.0,41185000.0,41185000.0,41185000.0,0.0,0.0,0.169,172553000.0,71112000.0,381059000.0,0.269,1.891,18.147,18.229,60074000.0,0.0,9.57,2.852,2.763,233597000.0,1151088000.0,243665000.0,243665000.0,0.0,,,,,1780000.0,154994000.0,1.0,284300556.0,275370000.0,278210000.0,0.885,774875000.0,0.0,26828000.0,124667000.0,2.814,205179000.0
45,BRO,MRQ,2010-03-31,2010-03-31,2010-03-31,2021-09-07,5000.0,2249437000.0,,626124000.0,1623313000.0,,5.106,-1813000.0,375165000.0,375165000.0,0.0,44128000.0,1.374,0.601,256045000.0,6015000.0,250030000.0,256045000.0,0.0,15806000.0,0.0,0.017,0.039,76692000.0,92498000.0,0.367,92498000.0,76692000.0,73084000.0,0.155,0.155,0.155,1405397000.0,,1405397000.0,2461928783.0,9.0,7.543,71978000.0,0.262,1.0,252273000.0,1.0,1557081000.0,3608000.0,117587000.0,,0.0,8345000.0,8345000.0,0.0,844040000.0,455649000.0,388391000.0,2546965783.0,31692000.0,-17204000.0,455000.0,-12396000.0,-11015000.0,-22956000.0,-19143000.0,-126000.0,73791000.0,0.0,44128000.0,44128000.0,44128000.0,0.0,0.0,0.175,176277000.0,75996000.0,356634000.0,0.252,1.812,17.047,17.067,60325000.0,0.0,8.96,2.663,2.578,211897000.0,1120918000.0,252273000.0,252273000.0,0.0,,,,,1955000.0,158516000.0,1.0,284259574.0,275246000.0,275582000.0,0.917,692356000.0,0.0,28956000.0,119184000.0,2.515,170475000.0
46,BRO,MRQ,2009-12-31,2009-12-31,2009-12-31,2021-09-07,5000.0,2224226000.0,,613699000.0,1610527000.0,,4.98,-2157000.0,352370000.0,352370000.0,0.0,23653000.0,1.281,0.624,267333000.0,17124000.0,250209000.0,267333000.0,0.0,15770000.0,0.0,0.017,0.039,44788000.0,60558000.0,0.283,60558000.0,44788000.0,41077000.0,0.08,0.085,0.08,1369874000.0,,1369874000.0,2469303108.0,9.0,7.428,30170000.0,0.11,1.0,214162000.0,1.0,1543259000.0,3711000.0,116977000.0,,0.0,8213000.0,8213000.0,0.0,854352000.0,478953000.0,375399000.0,2552340108.0,10866000.0,-2410000.0,287000.0,-6285000.0,-11009000.0,-16874000.0,-4587000.0,-20000.0,32327000.0,0.0,23653000.0,23653000.0,23653000.0,0.0,0.0,0.11,169374000.0,44788000.0,327727000.0,0.487,1.863,16.65,16.639,61467000.0,0.0,8.985,2.637,2.547,209462000.0,1087805000.0,214162000.0,214162000.0,0.0,,,,,2115000.0,151489000.0,1.0,284066790.0,275072000.0,275638000.0,0.779,680967000.0,11791000.0,17424000.0,115609000.0,2.476,134746000.0
47,BRO,MRQ,2009-09-30,2009-09-30,2009-09-30,2021-09-07,4000.0,2238122000.0,,628321000.0,1609801000.0,,4.934,-2220000.0,345090000.0,345090000.0,0.0,40961000.0,1.237,0.652,262053000.0,11464000.0,250589000.0,262053000.0,0.0,15791000.0,0.0,0.016,0.037,71113000.0,86904000.0,0.357,86904000.0,71113000.0,67491000.0,0.145,0.145,0.145,1354694000.0,,1354694000.0,2614888531.0,9.0,7.58,2051000.0,0.007,1.0,243766000.0,1.0,1540898000.0,3622000.0,106242000.0,,0.0,8219000.0,8219000.0,0.0,883428000.0,507945000.0,375483000.0,2710699531.0,-3747000.0,-3499000.0,9354000.0,-538000.0,-10652000.0,-1726000.0,-6292000.0,-573000.0,4271000.0,0.0,40961000.0,40961000.0,40961000.0,0.0,0.0,0.168,172653000.0,71113000.0,364764000.0,0.255,2.001,16.629,16.517,62324000.0,0.0,9.58,2.75,2.668,238525000.0,1075161000.0,243766000.0,243766000.0,0.0,,,,,1732000.0,155130000.0,1.0,282954022.0,274558000.0,275342000.0,0.888,697224000.0,0.0,26530000.0,107996000.0,2.539,120376000.0
48,BRO,MRQ,2009-06-30,2009-06-30,2009-06-30,2021-09-07,0.0,2230212000.0,,617520000.0,1612692000.0,,4.795,-2502000.0,350115000.0,350115000.0,0.0,40668000.0,1.117,0.698,254304000.0,4015000.0,250289000.0,254304000.0,0.0,15818000.0,0.0,0.015,0.037,70611000.0,86429000.0,0.351,86429000.0,70611000.0,66979000.0,0.145,0.145,0.145,1313185000.0,,1313185000.0,2811534750.0,10.0,8.157,89325000.0,0.326,1.0,246369000.0,1.0,1538741000.0,3632000.0,42780000.0,,0.0,7640000.0,7640000.0,0.0,917027000.0,552880000.0,364147000.0,2820860750.0,63555000.0,-10803000.0,5000.0,-4188000.0,-10617000.0,-14800000.0,-13472000.0,-167000.0,91827000.0,0.0,40668000.0,40668000.0,40668000.0,0.0,0.0,0.165,175758000.0,70611000.0,431369000.0,0.255,2.148,17.344,17.181,63189000.0,0.0,9.965,2.852,2.759,235463000.0,1044852000.0,246369000.0,246369000.0,0.0,,,,,1695000.0,158245000.0,1.0,283076844.0,273878000.0,274608000.0,0.9,691471000.0,0.0,26311000.0,98635000.0,2.525,64640000.0
49,BRO,MRQ,2009-03-31,2009-03-31,2009-03-31,2021-09-07,-1000.0,2147316000.0,,532409000.0,1614907000.0,,4.679,-3126000.0,267279000.0,267279000.0,0.0,48012000.0,1.051,0.676,257953000.0,6526000.0,251427000.0,257953000.0,0.0,15718000.0,0.0,0.015,0.037,82841000.0,98559000.0,0.374,98559000.0,82841000.0,79207000.0,0.17,0.17,0.17,1281433000.0,,1281433000.0,2713520537.0,10.0,7.905,90034000.0,0.329,1.0,263580000.0,1.0,1537861000.0,3634000.0,93558000.0,,0.0,7471000.0,7471000.0,0.0,865883000.0,506571000.0,359312000.0,2677049537.0,47882000.0,-27970000.0,496000.0,-4078000.0,-10618000.0,-14200000.0,-31078000.0,18000.0,93160000.0,0.0,48012000.0,48012000.0,48012000.0,0.0,0.0,0.182,180739000.0,82841000.0,399240000.0,0.218,2.089,16.487,16.302,63354000.0,0.0,9.455,2.719,2.63,230838000.0,1014801000.0,263580000.0,263580000.0,0.0,,,,,1816000.0,163205000.0,1.0,283135858.0,273870000.0,274440000.0,0.962,609455000.0,0.0,31195000.0,93289000.0,2.225,25838000.0
50,BRO,MRQ,2008-12-31,2008-12-31,2008-12-31,2021-09-07,13000.0,2119580000.0,,523032000.0,1596548000.0,,4.538,-2281000.0,223307000.0,223307000.0,0.0,33373000.0,1.001,0.707,259778000.0,6162000.0,253616000.0,259778000.0,0.0,15199000.0,0.0,0.014,0.037,57871000.0,73070000.0,0.315,73070000.0,57871000.0,54226000.0,0.12,0.115,0.12,1241741000.0,,1241741000.0,2977903273.0,10.0,8.579,135407000.0,0.495,1.0,232090000.0,1.0,1518999000.0,3645000.0,114409000.0,,0.0,7511000.0,7511000.0,0.0,877839000.0,522643000.0,355196000.0,2957161273.0,78557000.0,-41784000.0,303000.0,-4670000.0,-10613000.0,-14842000.0,-44289000.0,-224000.0,137688000.0,0.0,33373000.0,33373000.0,33373000.0,0.0,0.0,0.144,174219000.0,57871000.0,376579000.0,0.308,2.381,17.801,17.712,63520000.0,0.0,10.45,3.025,2.914,244515000.0,977407000.0,232090000.0,232090000.0,0.0,,,,,1751000.0,157269000.0,1.0,282981940.0,273610000.0,274764000.0,0.848,600581000.0,14171000.0,20853000.0,90143000.0,2.195,389000.0
51,BRO,MRQ,2008-09-30,2008-09-30,2008-09-30,2021-09-07,13000.0,2107301000.0,,540228000.0,1567073000.0,,4.46,-1743000.0,240616000.0,240616000.0,0.0,40593000.0,0.999,0.732,261358000.0,7703000.0,253655000.0,261358000.0,0.0,15672000.0,0.0,0.013,0.035,70961000.0,86633000.0,0.351,86633000.0,70961000.0,67094000.0,0.145,0.145,0.145,1216789000.0,,1216789000.0,3087211051.0,11.0,8.954,39954000.0,0.146,1.0,247029000.0,1.0,1489457000.0,3867000.0,97613000.0,,0.0,7287000.0,7287000.0,0.0,890512000.0,540973000.0,349539000.0,3042122051.0,0.0,-34574000.0,10076000.0,-4905000.0,-9897000.0,-4726000.0,-36971000.0,-654000.0,41697000.0,0.0,40593000.0,40593000.0,40593000.0,0.0,0.0,0.164,176068000.0,70961000.0,407430000.0,0.241,2.5,18.353,18.322,63673000.0,0.0,10.81,3.16,3.063,256479000.0,954647000.0,247029000.0,247029000.0,0.0,,,,,1819000.0,158577000.0,1.0,281417396.0,272818000.0,273882000.0,0.905,617844000.0,0.0,26501000.0,83972000.0,2.265,-745000.0
52,BRO,MRQ,2008-06-30,2008-06-30,2008-06-30,2021-09-07,8000.0,2072833000.0,,529301000.0,1543532000.0,,4.172,-3565000.0,215630000.0,215630000.0,0.0,40398000.0,0.948,0.765,260719000.0,7070000.0,253649000.0,260719000.0,0.0,14684000.0,0.0,0.016,0.035,70338000.0,85022000.0,0.352,85022000.0,70338000.0,66594000.0,0.145,0.145,0.145,1174193000.0,,1174193000.0,2450890221.0,8.0,6.992,113344000.0,0.403,1.0,241720000.0,1.0,1463107000.0,3744000.0,96511000.0,,0.0,6625000.0,6625000.0,0.0,898640000.0,558304000.0,340336000.0,2447182221.0,-16990000.0,-114491000.0,20000.0,-4611000.0,-9850000.0,-14441000.0,-119458000.0,-1402000.0,116909000.0,0.0,40398000.0,40398000.0,40398000.0,0.0,0.0,0.167,171382000.0,70338000.0,445294000.0,0.241,2.084,14.279,14.254,64223000.0,0.0,8.695,2.568,2.568,264166000.0,923951000.0,241720000.0,241720000.0,0.0,,,,,1800000.0,154898000.0,1.0,281447064.0,281446000.0,282530000.0,0.859,609726000.0,0.0,26196000.0,74459000.0,2.166,-29003000.0
53,BRO,MRQ,2008-03-31,2008-03-31,2008-03-31,2021-09-07,14000.0,1986149000.0,,547506000.0,1438643000.0,,4.058,-1926000.0,256340000.0,256340000.0,0.0,51760000.0,1.077,0.739,260048000.0,7421000.0,252627000.0,260048000.0,0.0,14362000.0,0.0,0.015,0.035,88018000.0,102380000.0,0.399,102380000.0,88018000.0,84584000.0,0.185,0.185,0.185,1141831000.0,,1141831000.0,2392414083.0,8.0,6.525,43533000.0,0.155,1.0,256715000.0,1.0,1355642000.0,3434000.0,125872000.0,,0.0,4673000.0,4673000.0,0.0,844318000.0,508343000.0,335975000.0,2445826083.0,-21244000.0,-72551000.0,515000.0,18844000.0,-9847000.0,9512000.0,-76215000.0,-1738000.0,45459000.0,0.0,51760000.0,51760000.0,51760000.0,0.0,0.0,0.202,168697000.0,88018000.0,412494000.0,0.189,2.142,13.366,13.369,62199000.0,0.0,8.69,2.553,2.553,231471000.0,893403000.0,256715000.0,256715000.0,0.0,,,,,1944000.0,152391000.0,1.0,281452944.0,281408000.0,282654000.0,0.912,630507000.0,0.0,32824000.0,69048000.0,2.241,39163000.0
54,BRO,MRQ,2007-12-31,2007-12-31,2007-12-31,2021-09-07,13000.0,1960659000.0,,587382000.0,1373277000.0,,4.531,-5141000.0,292638000.0,292638000.0,0.0,33004000.0,1.056,0.787,239226000.0,11519000.0,227707000.0,239226000.0,0.0,13909000.0,0.0,0.011,0.035,56851000.0,70760000.0,0.326,70760000.0,56851000.0,53494000.0,0.115,0.115,0.115,1097458000.0,,1097458000.0,3242468299.0,10.0,8.566,43709000.0,0.18,1.0,217226000.0,1.0,1289657000.0,3357000.0,61467000.0,,0.0,2892000.0,2892000.0,0.0,863201000.0,556123000.0,307078000.0,3306662299.0,-35791000.0,-63938000.0,-1000.0,-5791000.0,-9850000.0,-15617000.0,-69024000.0,55000.0,48850000.0,0.0,33004000.0,33004000.0,33004000.0,0.0,0.0,0.152,160375000.0,56851000.0,412794000.0,0.304,3.013,17.316,17.279,62327000.0,0.0,11.75,3.446,3.32,240680000.0,851490000.0,217226000.0,217226000.0,0.0,,,,,1340000.0,145126000.0,1.0,281418068.0,242202000.0,243602000.0,0.897,671002000.0,17208000.0,20490000.0,65736000.0,2.77,31259000.0
55,BRO,MRQ,2007-09-30,2007-09-30,2007-09-30,2021-09-07,58000.0,1915359000.0,,611015000.0,1304344000.0,,3.816,-2084000.0,301171000.0,301171000.0,0.0,46216000.0,1.124,0.785,236977000.0,11574000.0,225403000.0,236977000.0,0.0,13544000.0,0.0,0.009,0.03,78830000.0,92374000.0,0.389,92374000.0,78830000.0,75435000.0,0.165,0.165,0.165,1072985000.0,,1072985000.0,3625023448.0,11.0,9.402,49126000.0,0.175,1.0,237284000.0,1.0,1224539000.0,3395000.0,82811000.0,,0.0,3673000.0,3021000.0,652000.0,842374000.0,543815000.0,298559000.0,3690852448.0,6083000.0,-36545000.0,10711000.0,-8478000.0,-8450000.0,-6099000.0,-39028000.0,-399000.0,51210000.0,0.0,46216000.0,46216000.0,46216000.0,0.0,0.0,0.195,158454000.0,78830000.0,420458000.0,0.182,3.44,18.872,18.921,58322000.0,0.0,13.15,3.856,3.863,271606000.0,828336000.0,237284000.0,237284000.0,0.0,,,,,1491000.0,143419000.0,1.0,280673190.0,281186000.0,282576000.0,0.844,690820000.0,0.0,29219000.0,60596000.0,2.457,67200000.0
56,BRO,MRQ,2007-06-30,2007-06-30,2007-06-30,2021-09-07,74000.0,1884692000.0,,611707000.0,1272985000.0,,3.643,-1776000.0,308451000.0,308451000.0,0.0,52012000.0,1.073,0.842,242622000.0,17190000.0,225432000.0,242622000.0,0.0,13204000.0,0.0,0.009,0.03,87912000.0,101116000.0,0.41,101116000.0,87912000.0,84496000.0,0.185,0.185,0.185,1022915000.0,,1022915000.0,3434423244.0,11.0,9.183,44113000.0,0.157,1.0,246644000.0,1.0,1189482000.0,3416000.0,59168000.0,,0.0,3286000.0,2637000.0,649000.0,861777000.0,570213000.0,291564000.0,3529731244.0,-33391000.0,-70148000.0,1000.0,-9386000.0,-8422000.0,-17659000.0,-61621000.0,10303000.0,45889000.0,0.0,52012000.0,52012000.0,52012000.0,0.0,0.0,0.211,158732000.0,87912000.0,453557000.0,0.162,3.451,18.614,18.622,58493000.0,0.0,12.57,3.788,3.788,273811000.0,790570000.0,246644000.0,246644000.0,0.0,,,,,1334000.0,144194000.0,1.0,280805986.0,280768000.0,282240000.0,0.878,695210000.0,0.0,32484000.0,53556000.0,2.476,41494000.0
57,BRO,MRQ,2007-03-31,2007-03-31,2007-03-31,2021-09-07,5929000.0,1827407000.0,,623853000.0,1203554000.0,,3.508,-14929000.0,342118000.0,342118000.0,0.0,59727000.0,1.135,0.857,246810000.0,20594000.0,226216000.0,246810000.0,0.0,12542000.0,0.0,0.008,0.03,101736000.0,114278000.0,0.442,114278000.0,101736000.0,98102000.0,0.215,0.21,0.215,983838000.0,,983838000.0,3713737271.0,12.0,10.347,54462000.0,0.194,1.0,258513000.0,1.0,1124761000.0,3634000.0,57559000.0,,0.0,12989000.0,12345000.0,644000.0,843569000.0,549779000.0,293790000.0,3800080271.0,12843000.0,-41672000.0,609000.0,-5487000.0,-8403000.0,-9008000.0,-47540000.0,9061000.0,69391000.0,0.0,59727000.0,59727000.0,59727000.0,0.0,0.0,0.231,156777000.0,101736000.0,449468000.0,0.14,3.863,20.874,20.808,58059000.0,0.0,13.525,4.195,4.187,244131000.0,746980000.0,258513000.0,258513000.0,0.0,,,,,1502000.0,142733000.0,1.0,280967118.0,280442000.0,282388000.0,0.922,702646000.0,0.0,38375000.0,53638000.0,2.505,74074000.0
58,BRO,MRQ,2006-12-31,2006-12-31,2006-12-31,2021-09-07,9144000.0,1807952000.0,,648206000.0,1159746000.0,,3.32,-2180000.0,330677000.0,330677000.0,0.0,37623000.0,1.097,0.945,244334000.0,18082000.0,226252000.0,244334000.0,0.0,12438000.0,0.0,0.007,0.03,65350000.0,77788000.0,0.362,77788000.0,65350000.0,62073000.0,0.13,0.13,0.13,929345000.0,,929345000.0,3877077206.0,13.0,11.363,60807000.0,0.217,1.0,214650000.0,1.0,1080590000.0,3277000.0,50352000.0,,0.0,18735000.0,2909000.0,15826000.0,878607000.0,590667000.0,287940000.0,3948456206.0,25835000.0,-1543000.0,203000.0,-25706000.0,-8398000.0,-33297000.0,-3855000.0,-132000.0,62987000.0,0.0,37623000.0,37623000.0,37623000.0,0.0,0.0,0.175,149300000.0,65350000.0,453303000.0,0.231,4.249,22.91,22.935,44170000.0,0.0,14.105,4.497,4.486,282440000.0,695656000.0,214650000.0,214650000.0,0.0,,,,,815000.0,136047000.0,1.0,279933088.0,279940000.0,282466000.0,0.767,727362000.0,0.0,24450000.0,49721000.0,2.598,57539000.0
59,BRO,MRQ,2006-09-30,2006-09-30,2006-09-30,2021-09-07,6568000.0,1803168000.0,,648260000.0,1154908000.0,,3.207,-2916000.0,340698000.0,340698000.0,0.0,40270000.0,1.005,1.013,269319000.0,64418000.0,204901000.0,269319000.0,0.0,12011000.0,0.0,0.006,0.025,68794000.0,80805000.0,0.381,80805000.0,68794000.0,65565000.0,0.145,0.145,0.145,895922000.0,,895922000.0,4179579982.0,14.0,12.44,44187000.0,0.158,1.0,211965000.0,1.0,1085648000.0,3229000.0,830000.0,,0.0,14505000.0,2757000.0,11748000.0,907246000.0,645311000.0,261935000.0,4262515982.0,29507000.0,-53180000.0,10557000.0,34867000.0,-6999000.0,38425000.0,-56021000.0,75000.0,47103000.0,0.0,40270000.0,40270000.0,40270000.0,0.0,0.0,0.19,143171000.0,68794000.0,469494000.0,0.172,4.758,25.008,24.846,44630000.0,0.0,15.28,4.955,4.962,268195000.0,666431000.0,211965000.0,211965000.0,0.0,,,,,837000.0,130323000.0,1.0,278960470.0,279336000.0,282054000.0,0.759,717520000.0,0.0,25295000.0,44466000.0,2.569,2949000.0
60,BRO,MRQ,2006-06-30,2006-06-30,2006-06-30,2021-09-07,5296000.0,1715231000.0,,610403000.0,1104828000.0,,3.046,-4165000.0,309107000.0,309107000.0,0.0,44431000.0,1.006,1.018,226171000.0,17990000.0,208181000.0,226171000.0,0.0,11763000.0,0.0,0.005,0.025,74296000.0,86059000.0,0.39,86059000.0,74296000.0,70967000.0,0.16,0.16,0.16,849984000.0,,849984000.0,4031703474.0,14.0,12.386,58927000.0,0.211,1.0,220807000.0,1.0,1036279000.0,3329000.0,-10831000.0,,0.0,12455000.0,2799000.0,9656000.0,865247000.0,606847000.0,258400000.0,4077269474.0,-40535000.0,-29658000.0,130000.0,-62936000.0,-6974000.0,-69780000.0,-33847000.0,-24000.0,63092000.0,0.0,44431000.0,44431000.0,44431000.0,0.0,0.0,0.201,146511000.0,74296000.0,497136000.0,0.156,4.797,24.717,24.555,43730000.0,0.0,14.61,4.86,4.859,276730000.0,633159000.0,220807000.0,220807000.0,0.0,,,,,1434000.0,133314000.0,1.0,279073886.0,279022000.0,282012000.0,0.791,678952000.0,0.0,26536000.0,37531000.0,2.433,3556000.0
61,BRO,MRQ,2006-03-31,2006-03-31,2006-03-31,2021-09-07,4934000.0,1682402000.0,,607033000.0,1075369000.0,,2.908,-4319000.0,329768000.0,329768000.0,0.0,50026000.0,0.991,1.075,284202000.0,73370000.0,210832000.0,284202000.0,0.0,11595000.0,0.0,0.003,0.025,84958000.0,96553000.0,0.419,96553000.0,84958000.0,81436000.0,0.18,0.18,0.18,810602000.0,,810602000.0,4567368542.0,17.0,14.523,47713000.0,0.171,1.0,230582000.0,1.0,1010275000.0,3522000.0,13858000.0,,0.0,11886000.0,2767000.0,9119000.0,871800000.0,612703000.0,259097000.0,4628011542.0,-26897000.0,-59356000.0,384000.0,-8657000.0,-6970000.0,-15243000.0,-63686000.0,-11000.0,52032000.0,0.0,50026000.0,50026000.0,50026000.0,0.0,0.0,0.217,145624000.0,84958000.0,469415000.0,0.139,5.709,29.373,29.123,41726000.0,0.0,16.6,5.685,5.685,245357000.0,595703000.0,230582000.0,230582000.0,0.0,,,,,2330000.0,131699000.0,1.0,278795876.0,278766000.0,281646000.0,0.827,672127000.0,0.0,31410000.0,34961000.0,2.411,-5670000.0
62,BRO,MRQ,2005-12-31,2005-12-31,2005-12-31,2021-09-07,4446000.0,1608660000.0,,619767000.0,988893000.0,,2.747,-3314000.0,330452000.0,330452000.0,0.0,35717000.0,1.063,1.105,269809000.0,55630000.0,214179000.0,269809000.0,0.0,11530000.0,0.0,0.003,0.013,61038000.0,72568000.0,0.369,72568000.0,61038000.0,57460000.0,0.13,0.13,0.13,764344000.0,,764344000.0,4200782517.0,16.0,13.914,71399000.0,0.257,1.0,196857000.0,1.0,926947000.0,3578000.0,38252000.0,,0.0,11169000.0,2748000.0,8421000.0,844316000.0,582818000.0,261498000.0,4245255517.0,23850000.0,-37017000.0,134000.0,-3759000.0,-6949000.0,-10574000.0,-40289000.0,42000.0,74713000.0,0.0,35717000.0,35717000.0,35717000.0,0.0,0.0,0.181,135819000.0,61038000.0,418627000.0,0.1,5.554,28.198,28.018,39398000.0,0.0,15.27,5.402,5.385,257930000.0,552647000.0,196857000.0,196857000.0,0.0,,,,,977000.0,123312000.0,1.0,278012804.0,278260000.0,281184000.0,0.707,681713000.0,0.0,21743000.0,35489000.0,2.45,36949000.0
63,BRO,MRQ,2005-09-30,2005-09-30,2005-09-30,2021-09-07,4781000.0,1525739000.0,,577221000.0,948518000.0,,2.653,-2545000.0,311993000.0,311993000.0,0.0,34783000.0,1.079,1.076,267520000.0,50065000.0,217455000.0,267520000.0,0.0,10990000.0,0.0,0.003,0.01,59327000.0,70317000.0,0.369,70317000.0,59327000.0,55689000.0,0.125,0.125,0.125,734799000.0,,734799000.0,3426233763.0,14.0,11.9,43547000.0,0.157,1.0,190645000.0,1.0,890677000.0,3638000.0,55720000.0,,0.0,11933000.0,2639000.0,9294000.0,790940000.0,534869000.0,256071000.0,3435732763.0,33790000.0,-10009000.0,9173000.0,-3592000.0,-5553000.0,28000.0,-12330000.0,224000.0,46092000.0,0.0,34783000.0,34783000.0,34783000.0,0.0,0.0,0.182,131318000.0,59327000.0,391291000.0,0.08,4.676,23.68,23.752,38526000.0,0.0,12.422,4.569,4.575,235116000.0,523879000.0,190645000.0,190645000.0,0.0,,,,,681000.0,119647000.0,1.0,276573376.0,276968000.0,279276000.0,0.688,635062000.0,0.0,20906000.0,29571000.0,2.293,42352000.0
64,BRO,MRQ,2005-06-30,2005-06-30,2005-06-30,2021-09-07,3753000.0,1467436000.0,,523764000.0,943672000.0,,2.511,-2520000.0,279444000.0,279444000.0,0.0,37033000.0,1.011,1.112,269945000.0,49699000.0,220246000.0,269945000.0,0.0,10884000.0,0.0,0.003,0.01,64179000.0,75063000.0,0.383,75063000.0,64179000.0,60468000.0,0.135,0.135,0.135,694687000.0,,694687000.0,3149153688.0,13.0,11.405,31255000.0,0.113,1.0,195931000.0,1.0,887153000.0,3711000.0,52914000.0,,0.0,10771000.0,2831000.0,7940000.0,772749000.0,517870000.0,254879000.0,3107703688.0,-42042000.0,-13728000.0,129000.0,-54681000.0,-5531000.0,-60083000.0,-15734000.0,514000.0,33775000.0,0.0,37033000.0,37033000.0,37033000.0,0.0,0.0,0.189,131752000.0,64179000.0,391175000.0,0.074,4.474,22.136,22.116,38489000.0,0.0,11.235,4.306,4.306,217209000.0,494649000.0,195931000.0,195931000.0,0.0,,,,,788000.0,120080000.0,1.0,276609140.0,276624000.0,278952000.0,0.708,580283000.0,0.0,23435000.0,25555000.0,2.098,5894000.0
65,BRO,MRQ,2005-03-31,2005-03-31,2005-03-31,2021-09-07,3984000.0,1461525000.0,,523690000.0,937835000.0,,2.395,-2685000.0,283114000.0,283114000.0,0.0,43018000.0,1.036,1.206,324564000.0,66019000.0,258545000.0,324564000.0,0.0,9902000.0,0.0,0.003,0.01,74055000.0,83957000.0,0.415,83957000.0,74055000.0,70513000.0,0.155,0.155,0.155,662499000.0,,662499000.0,3095311851.0,14.0,11.811,57823000.0,0.209,1.0,202374000.0,1.0,882216000.0,3542000.0,115133000.0,,0.0,11647000.0,3342000.0,8305000.0,799026000.0,505626000.0,293400000.0,3187702851.0,-103124000.0,-201427000.0,281000.0,45915000.0,-5533000.0,40663000.0,-204295000.0,-183000.0,60508000.0,0.0,43018000.0,43018000.0,43018000.0,0.0,0.0,0.213,128319000.0,74055000.0,376834000.0,0.065,4.812,23.523,23.515,37451000.0,0.0,11.523,4.662,4.662,214702000.0,463147000.0,202374000.0,202374000.0,0.0,,,,,891000.0,117526000.0,1.0,276650280.0,276648000.0,278844000.0,0.732,579309000.0,0.0,27495000.0,24576000.0,2.094,18064000.0
66,BRO,MRQ,2004-12-31,2004-12-31,2004-12-31,2021-09-07,4467000.0,1249517000.0,,539966000.0,709551000.0,,2.257,449000.0,335589000.0,335589000.0,0.0,30256000.0,1.479,1.001,243198000.0,16135000.0,227063000.0,243198000.0,0.0,8318000.0,0.0,0.003,0.01,50261000.0,58579000.0,0.359,58579000.0,50261000.0,46804000.0,0.108,0.11,0.108,624325000.0,,624325000.0,2930893235.0,14.0,11.955,30634000.0,0.111,1.0,163046000.0,1.0,653852000.0,3457000.0,138164000.0,,0.0,12491000.0,3163000.0,9328000.0,625192000.0,365110000.0,260082000.0,3011506235.0,7891000.0,-10285000.0,129000.0,-4185000.0,-5533000.0,-9589000.0,-12705000.0,-2869000.0,30185000.0,0.0,30256000.0,30256000.0,30256000.0,0.0,0.0,0.186,112785000.0,50261000.0,258671000.0,0.093,4.824,23.373,23.414,33438000.0,0.0,10.887,4.655,4.639,172395000.0,425662000.0,163046000.0,163046000.0,0.0,,,,,775000.0,101842000.0,1.0,276602180.0,276608000.0,278772000.0,0.589,595665000.0,0.0,16548000.0,24859000.0,2.153,174856000.0
67,BRO,MRQ,2004-09-30,2004-09-30,2004-09-30,2021-09-07,4284000.0,1225791000.0,,520470000.0,705321000.0,,2.168,-2075000.0,327887000.0,327887000.0,0.0,30086000.0,1.432,1.048,247274000.0,16451000.0,230823000.0,247274000.0,0.0,8015000.0,0.0,0.003,0.009,50501000.0,58516000.0,0.365,58516000.0,50501000.0,48256000.0,0.11,0.107,0.11,598515000.0,,598515000.0,3082121126.0,15.0,13.095,45578000.0,0.165,1.0,160381000.0,1.0,652554000.0,2245000.0,129202000.0,,0.0,9924000.0,277000.0,9647000.0,627276000.0,363422000.0,263854000.0,3148931126.0,143831000.0,-48824000.0,7316000.0,144507000.0,-4842000.0,146981000.0,-50803000.0,96000.0,47653000.0,0.0,30086000.0,30086000.0,30086000.0,0.0,0.0,0.188,109880000.0,50501000.0,267695000.0,0.082,5.261,25.315,25.11,33402000.0,0.0,11.425,5.089,5.097,169403000.0,400939000.0,160381000.0,160381000.0,0.0,,,,,518000.0,101865000.0,1.0,275617604.0,276036000.0,278352000.0,0.581,573237000.0,0.0,18170000.0,23884000.0,2.077,157048000.0
68,BRO,MRQ,2004-06-30,2004-06-30,2004-06-30,2021-09-07,4745000.0,994099000.0,,334466000.0,659633000.0,,2.057,-673000.0,169578000.0,169578000.0,0.0,32153000.0,0.91,0.757,102768000.0,68455000.0,34313000.0,102768000.0,0.0,7752000.0,0.0,0.003,0.009,53272000.0,61024000.0,0.386,61024000.0,53272000.0,52529000.0,0.117,0.115,0.117,565898000.0,,565898000.0,2881666367.0,15.0,12.769,24939000.0,0.091,1.0,157942000.0,1.0,609093000.0,743000.0,-49453000.0,,0.0,10739000.0,386000.0,10353000.0,428201000.0,367649000.0,60552000.0,2964782367.0,17937000.0,-47973000.0,189000.0,45599000.0,-4815000.0,40973000.0,-48648000.0,-2000.0,25612000.0,0.0,32153000.0,32153000.0,32153000.0,0.0,0.0,0.204,104670000.0,53272000.0,236951000.0,0.077,5.239,24.634,24.489,32990000.0,0.0,10.775,5.008,5.009,146669000.0,375695000.0,157942000.0,157942000.0,0.0,,,,,665000.0,96918000.0,1.0,275153816.0,275160000.0,277480000.0,0.574,385006000.0,0.0,20376000.0,17176000.0,1.399,-33183000.0
69,BRO,MRQ,2004-03-31,2004-03-31,2004-03-31,2021-09-07,3144000.0,920620000.0,,303651000.0,616969000.0,,1.951,-1523000.0,138988000.0,138988000.0,0.0,36348000.0,0.942,0.717,55872000.0,18346000.0,37526000.0,55872000.0,0.0,6971000.0,0.0,0.003,0.009,60071000.0,67042000.0,0.405,67042000.0,60071000.0,59360000.0,0.133,0.133,0.133,536105000.0,,536105000.0,2550286389.0,13.0,11.777,65230000.0,0.237,1.0,165565000.0,1.0,567660000.0,711000.0,-52661000.0,,0.0,9343000.0,394000.0,8949000.0,384515000.0,322505000.0,62010000.0,2663956389.0,-38479000.0,-95582000.0,473000.0,-4527000.0,-4813000.0,-8867000.0,-96365000.0,740000.0,66753000.0,0.0,36348000.0,36348000.0,36348000.0,0.0,0.0,0.22,105494000.0,60071000.0,239383000.0,0.068,4.969,22.938,22.8,33435000.0,0.0,9.69,4.658,4.655,146435000.0,348357000.0,165565000.0,165565000.0,0.0,,,,,901000.0,98523000.0,1.0,274918100.0,274724000.0,276828000.0,0.603,352960000.0,0.0,23012000.0,13713000.0,1.285,-18854000.0
70,BRO,MRQ,2003-12-31,2003-12-31,2003-12-31,2021-09-07,4227000.0,865854000.0,,343466000.0,522388000.0,,1.822,-8458000.0,173469000.0,173469000.0,0.0,25801000.0,1.139,0.739,59799000.0,18692000.0,41107000.0,59799000.0,0.0,6648000.0,0.0,0.004,0.009,42145000.0,48793000.0,0.362,48793000.0,42145000.0,41332000.0,0.095,0.093,0.095,498035000.0,,498035000.0,2114407288.0,12.0,10.275,15302000.0,0.056,1.0,134901000.0,1.0,470687000.0,813000.0,-20019000.0,,0.0,11227000.0,382000.0,10845000.0,367819000.0,301516000.0,66303000.0,2238543288.0,-11817000.0,-11098000.0,201000.0,-11531000.0,-4804000.0,-16134000.0,-19443000.0,113000.0,23760000.0,0.0,25801000.0,25801000.0,25801000.0,0.0,0.0,0.191,92756000.0,42145000.0,210910000.0,0.095,4.495,20.291,20.13,32396000.0,0.0,8.152,4.062,4.044,146672000.0,316822000.0,134901000.0,134901000.0,0.0,,,,,448000.0,86108000.0,1.0,274583660.0,273308000.0,275024000.0,0.494,395167000.0,0.0,15531000.0,15018000.0,1.446,41950000.0
71,BRO,MRQ,2003-09-30,2003-09-30,2003-09-30,2021-09-07,2847000.0,854026000.0,,355727000.0,498299000.0,,1.733,94000.0,195097000.0,195097000.0,0.0,26051000.0,1.105,0.798,70961000.0,25663000.0,45298000.0,70961000.0,0.0,6326000.0,0.0,0.004,0.007,42484000.0,48810000.0,0.365,48810000.0,42484000.0,41626000.0,0.095,0.095,0.095,475010000.0,,475010000.0,2019213540.0,12.0,10.357,42754000.0,0.156,1.0,133545000.0,1.0,457046000.0,858000.0,-48978000.0,,0.0,9735000.0,471000.0,9264000.0,379016000.0,321822000.0,57194000.0,2104301540.0,17634000.0,-22603000.0,6697000.0,-5266000.0,-3946000.0,-2515000.0,-22511000.0,-2000.0,42660000.0,0.0,26051000.0,26051000.0,26051000.0,0.0,0.0,0.195,91061000.0,42484000.0,222857000.0,0.074,4.43,19.87,19.731,25209000.0,0.0,7.695,3.931,3.941,145540000.0,295825000.0,133545000.0,133545000.0,0.0,,,,,375000.0,84736000.0,1.0,273463488.0,274128000.0,275980000.0,0.487,396980000.0,0.0,15575000.0,2262000.0,1.448,33905000.0
72,BRO,MRQ,2003-06-30,2003-06-30,2003-06-30,2021-09-07,3227000.0,811623000.0,,330096000.0,481527000.0,,1.634,-969000.0,161315000.0,161315000.0,0.0,27935000.0,1.076,0.819,76227000.0,27016000.0,49211000.0,76227000.0,0.0,6435000.0,0.0,0.003,0.007,45470000.0,51905000.0,0.377,51905000.0,45470000.0,44524000.0,0.102,0.102,0.102,446213000.0,,446213000.0,2126818398.0,13.0,11.458,18182000.0,0.067,1.0,137858000.0,1.0,438318000.0,946000.0,-18528000.0,,0.0,12548000.0,1957000.0,10591000.0,365410000.0,306745000.0,58665000.0,2212705398.0,1274000.0,-8260000.0,125000.0,-6340000.0,-3932000.0,-10147000.0,-7730000.0,1499000.0,19151000.0,0.0,27935000.0,27935000.0,27935000.0,0.0,0.0,0.203,92388000.0,45470000.0,217232000.0,0.069,4.959,22.12,21.959,25060000.0,0.0,8.125,4.318,4.33,152423000.0,273721000.0,137858000.0,137858000.0,0.0,,,,,4162000.0,85953000.0,1.0,272332972.0,273080000.0,275772000.0,0.505,373305000.0,1171000.0,16589000.0,0.0,1.367,23351000.0
73,BRO,MRQ,2003-03-31,2003-03-31,2003-03-31,2021-09-07,1920000.0,794035000.0,,317338000.0,476697000.0,,1.528,-1638000.0,166559000.0,166559000.0,0.0,30536000.0,0.997,0.906,80672000.0,27348000.0,53324000.0,80672000.0,0.0,6264000.0,0.0,0.003,0.007,50008000.0,56272000.0,0.389,56272000.0,50008000.0,49001000.0,0.113,0.11,0.113,416616000.0,,416616000.0,2045991536.0,13.0,11.675,55516000.0,0.204,1.0,144736000.0,1.0,434557000.0,1007000.0,-44650000.0,,0.0,10198000.0,1931000.0,8267000.0,377419000.0,318241000.0,59178000.0,2132115536.0,-18215000.0,-58309000.0,-2221000.0,-4887000.0,-3920000.0,-13918000.0,-61451000.0,-1504000.0,57154000.0,0.0,30536000.0,30536000.0,30536000.0,0.0,0.0,0.211,94728000.0,50008000.0,235456000.0,0.062,5.118,22.804,22.688,25384000.0,0.0,7.827,4.356,4.361,132808000.0,249718000.0,144736000.0,144736000.0,0.0,,,,,817000.0,88464000.0,1.0,272387804.0,272692000.0,275724000.0,0.531,359478000.0,1972000.0,18465000.0,0.0,1.318,-903000.0
74,BRO,MRQ,2002-12-31,2002-12-31,2002-12-31,2021-09-07,2106000.0,754349000.0,,332260000.0,422089000.0,,1.436,270000.0,171043000.0,171043000.0,0.0,21381000.0,1.136,0.926,84919000.0,27334000.0,57585000.0,84919000.0,0.0,5774000.0,0.0,0.003,0.007,32205000.0,37979000.0,0.319,37979000.0,32205000.0,31102000.0,0.08,0.077,0.08,391590000.0,,391590000.0,2050827118.0,15.0,12.952,24087000.0,0.088,1.0,119147000.0,1.0,380253000.0,1103000.0,-4596000.0,,0.0,9031000.0,446000.0,8585000.0,362759000.0,292568000.0,70191000.0,2203646118.0,-55087000.0,-70394000.0,-10000.0,-4572000.0,-3921000.0,-8788000.0,-70116000.0,8000.0,23817000.0,0.0,21381000.0,21381000.0,21381000.0,0.0,0.0,0.179,86177000.0,32970000.0,203966000.0,0.087,5.627,26.511,26.065,24730000.0,0.0,8.08,4.835,4.772,144244000.0,223102000.0,119147000.0,119147000.0,0.0,,,,,798000.0,80403000.0,1.0,272728480.0,272780000.0,275748000.0,0.437,374096000.0,1788000.0,9721000.0,0.0,1.371,39692000.0
75,BRO,MRQ,2002-09-30,2002-09-30,2002-09-30,2021-09-07,2771000.0,712697000.0,,361968000.0,350729000.0,,1.37,-770000.0,234512000.0,234512000.0,0.0,20178000.0,1.347,0.906,81693000.0,19456000.0,62237000.0,81693000.0,0.0,5294000.0,0.0,0.003,0.006,34170000.0,39464000.0,0.357,39464000.0,34170000.0,33008000.0,0.075,0.072,0.075,374008000.0,,374008000.0,1906804040.0,15.0,12.537,-5835000.0,-0.021,1.0,110657000.0,1.0,306047000.0,1162000.0,-14837000.0,,0.0,10059000.0,436000.0,9623000.0,338689000.0,268668000.0,70021000.0,2061002040.0,-30762000.0,-11067000.0,-4468000.0,-5835000.0,-3244000.0,-13814000.0,-11883000.0,-46000.0,-5065000.0,0.0,20178000.0,20178000.0,20178000.0,0.0,0.0,0.182,76099000.0,34558000.0,189271000.0,0.08,5.511,26.782,25.862,25154000.0,0.0,7.5,4.766,4.736,112363000.0,205642000.0,110657000.0,110657000.0,0.0,,,,,1464000.0,70805000.0,1.0,274800272.0,273064000.0,275976000.0,0.405,406650000.0,3297000.0,12830000.0,0.0,1.489,93300000.0
76,BRO,MRQ,2002-06-30,2002-06-30,2002-06-30,2021-09-07,5143000.0,718127000.0,,373148000.0,344979000.0,,1.326,-1918000.0,241171000.0,241171000.0,0.0,21401000.0,1.338,0.981,86973000.0,17669000.0,69304000.0,86973000.0,0.0,5235000.0,0.0,0.002,0.006,36300000.0,41535000.0,0.361,41535000.0,36300000.0,35142000.0,0.077,0.077,0.077,362458000.0,,362458000.0,1988545596.0,17.0,14.064,29853000.0,0.109,1.0,114903000.0,1.0,299639000.0,1158000.0,-14581000.0,,0.0,11696000.0,507000.0,11189000.0,355669000.0,278871000.0,76798000.0,2151993596.0,-15701000.0,-37234000.0,101000.0,-4254000.0,-3245000.0,-8284000.0,-39188000.0,-36000.0,31771000.0,0.0,21401000.0,21401000.0,21401000.0,0.0,0.0,0.186,78055000.0,36848000.0,210272000.0,0.078,5.937,30.664,29.384,25333000.0,0.0,7.875,5.228,5.229,117575000.0,188710000.0,114903000.0,114903000.0,0.0,,,,,784000.0,72820000.0,1.0,273269028.0,273308000.0,276924000.0,0.42,418488000.0,1812000.0,13741000.0,0.0,1.531,94277000.0
77,BRO,MRQ,2002-03-31,2002-03-31,2002-03-31,2021-09-07,6950000.0,692380000.0,,381412000.0,310968000.0,,1.342,66000.0,253670000.0,253670000.0,0.0,20162000.0,1.427,1.006,90222000.0,18352000.0,71870000.0,90222000.0,0.0,4984000.0,0.0,0.002,0.006,34377000.0,39361000.0,0.354,39361000.0,34377000.0,33141000.0,0.077,0.077,0.077,345217000.0,,345217000.0,2021358837.0,19.0,15.791,19657000.0,0.076,1.0,111035000.0,1.0,266100000.0,1236000.0,-4369000.0,,0.0,13350000.0,475000.0,12875000.0,347163000.0,267201000.0,79962000.0,1988684837.0,153552000.0,-2231000.0,149437000.0,-9061000.0,-3002000.0,136041000.0,-2080000.0,85000.0,19591000.0,0.0,20162000.0,20162000.0,20162000.0,0.0,0.0,0.182,76088000.0,34947000.0,206751000.0,0.078,5.761,32.495,32.708,24622000.0,0.0,7.85,5.143,5.222,118146000.0,170553000.0,111035000.0,111035000.0,0.0,,,,,777000.0,71104000.0,1.0,253335648.0,257200000.0,260632000.0,0.432,426280000.0,553000.0,12979000.0,0.0,1.657,114211000.0
78,BRO,MRQ,2001-12-31,2001-12-31,2001-12-31,2021-09-07,4393000.0,488737000.0,,176506000.0,312231000.0,,0.695,-1791000.0,66376000.0,66376000.0,0.0,15215000.0,0.779,1.788,99050000.0,20855000.0,78195000.0,99050000.0,0.0,5608000.0,0.0,0.001,0.003,26124000.0,31732000.0,0.331,31732000.0,26124000.0,25246000.0,0.06,0.06,0.06,175285000.0,,175285000.0,1748548038.0,19.0,14.965,7795000.0,0.031,1.0,95877000.0,1.0,268311000.0,878000.0,26503000.0,,0.0,9434000.0,451000.0,8983000.0,313452000.0,226597000.0,86855000.0,1725180038.0,-17802000.0,-21481000.0,16000.0,-3798000.0,-3002000.0,-7262000.0,-20126000.0,3146000.0,9586000.0,0.0,15215000.0,15215000.0,15215000.0,0.0,0.0,0.159,69126000.0,26751000.0,161734000.0,0.05,9.842,31.999,31.744,25544000.0,0.0,6.825,4.726,4.679,101449000.0,153392000.0,95877000.0,95877000.0,0.0,,,,,512000.0,63518000.0,1.0,252773632.0,252232000.0,255576000.0,0.38,220426000.0,1519000.0,10031000.0,0.0,0.874,-50091000.0
79,BRO,MRQ,2001-09-30,2001-09-30,2001-09-30,2021-09-07,3317000.0,453872000.0,,182647000.0,271225000.0,,0.599,-2087000.0,73809000.0,73809000.0,0.0,13402000.0,0.843,2.028,97177000.0,17815000.0,79362000.0,97177000.0,0.0,5761000.0,0.0,0.001,0.002,23004000.0,28765000.0,0.32,28765000.0,23004000.0,21309000.0,0.052,0.052,0.052,149916000.0,,149916000.0,1626089559.0,20.0,16.121,16466000.0,0.066,1.0,89809000.0,1.0,231545000.0,1695000.0,29085000.0,,0.0,10646000.0,3442000.0,7204000.0,303956000.0,216610000.0,87346000.0,1599817559.0,-5252000.0,-12989000.0,2828000.0,-7619000.0,-2303000.0,-7223000.0,-16582000.0,-1506000.0,18553000.0,0.0,13402000.0,13402000.0,13402000.0,0.0,0.0,0.149,66491000.0,23318000.0,188984000.0,0.038,10.671,35.586,36.794,22438000.0,0.0,6.513,4.573,4.66,96661000.0,140456000.0,89809000.0,89809000.0,0.0,,,,,487000.0,60730000.0,1.0,245653368.0,250300000.0,252972000.0,0.359,222327000.0,2560000.0,7907000.0,0.0,0.888,-33963000.0
80,BRO,MRQ,2001-06-30,2001-06-30,2001-06-30,2021-09-07,3745000.0,444678000.0,,185119000.0,259559000.0,,0.561,-84000.0,75613000.0,75613000.0,0.0,12420000.0,0.863,2.178,101885000.0,19053000.0,82832000.0,101885000.0,0.0,5921000.0,0.0,0.002,0.002,22230000.0,28151000.0,0.313,28151000.0,22230000.0,20849000.0,0.05,0.05,0.05,139910000.0,,139910000.0,1173056890.0,17.0,12.973,7179000.0,0.029,1.0,89933000.0,1.0,220875000.0,1381000.0,35573000.0,,0.0,9273000.0,1501000.0,7772000.0,304768000.0,214502000.0,90266000.0,1225319890.0,-33621000.0,-21231000.0,0.0,-17255000.0,-2232000.0,-20512000.0,-20372000.0,943000.0,7263000.0,0.0,12420000.0,12420000.0,12420000.0,0.0,0.0,0.138,67323000.0,22610000.0,185948000.0,0.04,8.758,30.342,32.201,22275000.0,0.0,5.249,3.818,4.079,100965000.0,133183000.0,89933000.0,89933000.0,0.0,,,,,497000.0,61402000.0,1.0,233449848.0,249392000.0,252168000.0,0.361,223803000.0,1292000.0,8429000.0,0.0,0.897,-29383000.0
81,BRO,MRQ,2001-03-31,2001-03-31,2001-03-31,2021-09-07,,,,,,,,-5436000.0,,,0.0,12876000.0,,,,,,,,5106000.0,,0.002,0.002,23092000.0,28198000.0,0.315,28198000.0,23092000.0,21343000.0,0.052,0.05,0.052,,,,941357916.0,15.0,12.02,29100000.0,0.117,1.0,89410000.0,1.0,,1749000.0,,,,,,,,,,993620916.0,35696000.0,-75338000.0,0.0,85437000.0,-2181000.0,81918000.0,-80758000.0,16000.0,34536000.0,0.0,12876000.0,12876000.0,12876000.0,0.0,0.0,0.144,65908000.0,23502000.0,,0.038,,28.019,29.353,,0.0,4.256,3.465,3.696,,,89410000.0,89410000.0,0.0,,,,,488000.0,60802000.0,1.0,233449848.0,249060000.0,251356000.0,0.359,,,8467000.0,,,
82,BRO,MRQ,2000-12-31,2000-12-31,2000-12-31,2021-09-07,2495000.0,324677000.0,,177152000.0,147525000.0,,0.448,-766000.0,69044000.0,69044000.0,0.0,6258000.0,0.942,1.743,15047000.0,4387000.0,10660000.0,15047000.0,0.0,4485000.0,8347000.0,0.001,0.002,11267000.0,15752000.0,0.195,15752000.0,11267000.0,10645000.0,0.023,0.023,0.023,118372000.0,,118372000.0,952112085.0,18.0,13.682,5929000.0,0.022,1.0,80656000.0,1.0,113031000.0,622000.0,-30400000.0,,0.0,8606000.0,2149000.0,6457000.0,206305000.0,188049000.0,18256000.0,995387085.0,-3957000.0,912000.0,-3409000.0,-522000.0,-2133000.0,-11265000.0,613000.0,467000.0,6695000.0,0.0,6258000.0,6258000.0,6258000.0,0.0,0.0,0.078,68264000.0,12392000.0,147691000.0,0.087,8.409,30.354,32.895,17357000.0,0.0,4.375,3.75,4.078,96952000.0,109661000.0,80656000.0,80656000.0,0.0,,,,,122000.0,63779000.0,1.0,227517048.0,264276000.0,268212000.0,0.305,211646000.0,2873000.0,4387000.0,0.0,0.801,-10897000.0
83,BRO,MRQ,2000-09-30,2000-09-30,2000-09-30,2021-09-07,3345000.0,258454000.0,,129826000.0,128628000.0,,0.497,-1445000.0,48370000.0,48370000.0,0.0,8830000.0,1.018,1.138,5095000.0,2336000.0,2759000.0,5095000.0,0.0,3933000.0,0.0,0.001,0.001,14386000.0,18319000.0,0.301,18319000.0,14386000.0,14200000.0,0.037,0.037,0.037,120899000.0,,120899000.0,860403882.0,15.0,11.979,9568000.0,0.039,1.0,60900000.0,1.0,101185000.0,186000.0,-13534000.0,,0.0,7398000.0,363000.0,7035000.0,137555000.0,127528000.0,10027000.0,898348882.0,4422000.0,-3460000.0,-381000.0,-1109000.0,-1836000.0,-1592000.0,-4999000.0,-94000.0,11013000.0,0.0,8830000.0,8830000.0,8830000.0,0.0,0.0,0.145,46514000.0,14386000.0,117802000.0,0.027,7.431,26.991,29.237,14254000.0,0.0,3.976,3.361,3.618,72060000.0,114721000.0,60900000.0,60900000.0,0.0,,,,,115000.0,42754000.0,1.0,225928672.0,243236000.0,243252000.0,0.25,157269000.0,0.0,5370000.0,823000.0,0.647,2298000.0
84,BRO,MRQ,2000-06-30,2000-06-30,2000-06-30,2021-09-07,2880000.0,249796000.0,,121030000.0,128766000.0,,0.478,-1559000.0,43770000.0,43770000.0,0.0,7499000.0,0.952,1.223,5825000.0,2126000.0,3699000.0,5825000.0,0.0,3750000.0,0.0,0.001,0.001,12298000.0,16048000.0,0.288,16048000.0,12298000.0,12098000.0,0.033,0.031,0.033,112374000.0,,112374000.0,670026068.0,13.0,9.863,-1661000.0,-0.007,1.0,55816000.0,1.0,101637000.0,200000.0,-16898000.0,,0.0,6632000.0,359000.0,6273000.0,137422000.0,127112000.0,10310000.0,711207068.0,-8395000.0,-3395000.0,0.0,-1267000.0,-1778000.0,-3045000.0,-5248000.0,-294000.0,-102000.0,0.0,7499000.0,7499000.0,7499000.0,0.0,0.0,0.134,43518000.0,12298000.0,119016000.0,0.03,6.329,22.733,25.194,14343000.0,0.0,3.25,2.827,3.036,70788000.0,108088000.0,55816000.0,55816000.0,0.0,,,,,122000.0,40043000.0,1.0,218832944.0,235064000.0,235312000.0,0.237,148159000.0,0.0,4599000.0,325000.0,0.63,-6082000.0
85,BRO,MRQ,2000-03-31,2000-03-31,2000-03-31,2021-09-07,3135000.0,248641000.0,,121144000.0,127497000.0,,0.493,-28000.0,47669000.0,47669000.0,0.0,8439000.0,0.934,1.302,6488000.0,2616000.0,3872000.0,6488000.0,0.0,3216000.0,0.0,0.002,0.001,14092000.0,17308000.0,0.346,17308000.0,14092000.0,13949000.0,0.039,0.039,0.039,108024000.0,,108024000.0,500824800.0,10.0,7.807,24633000.0,0.113,1.0,50082000.0,1.0,101528000.0,143000.0,-23786000.0,,0.0,6999000.0,350000.0,6649000.0,140617000.0,129718000.0,10899000.0,530826800.0,10210000.0,-11708000.0,0.0,-1103000.0,-1778000.0,-2881000.0,-11570000.0,166000.0,24661000.0,0.0,8439000.0,8439000.0,8439000.0,0.0,0.0,0.169,35990000.0,14092000.0,121484000.0,0.026,4.914,18.091,19.985,13721000.0,0.0,2.418,2.207,2.201,66940000.0,103521000.0,50082000.0,50082000.0,0.0,,,,,124000.0,33870000.0,1.0,219520000.0,218960000.0,218960000.0,0.229,147113000.0,0.0,5510000.0,435000.0,0.672,-8574000.0
86,BRO,MRQ,1999-12-31,1999-12-31,1999-12-31,2021-09-07,4922000.0,244423000.0,,120269000.0,124154000.0,,0.418,-302000.0,42483000.0,42483000.0,0.0,8515000.0,0.945,1.373,8800000.0,3714000.0,5086000.0,8800000.0,0.0,5336000.0,0.0,0.002,0.001,14814000.0,20150000.0,0.2,20150000.0,14814000.0,14030000.0,0.028,0.028,0.028,103005000.0,,103005000.0,,,,12472000.0,0.051,1.0,100524000.0,1.0,91891000.0,784000.0,-8457000.0,,0.0,10417000.0,809000.0,9608000.0,141418000.0,127306000.0,14112000.0,525613200.0,1200000.0,-554000.0,1667000.0,-2521000.0,-1768000.0,-10762000.0,-812000.0,44000.0,12774000.0,0.0,8515000.0,8515000.0,8515000.0,0.0,0.0,0.085,84810000.0,15714000.0,115821000.0,0.036,5.103,18.592,20.821,15452000.0,0.0,2.394,2.213,2.485,69054000.0,95242000.0,100524000.0,100524000.0,0.0,,,,,315000.0,79474000.0,1.0,219520000.0,246556000.0,246620000.0,0.408,152532000.0,0.0,5515000.0,1408000.0,0.619,-7037000.0
87,BRO,MRQ,1999-09-30,1999-09-30,1999-09-30,2021-09-07,,,,,,,,-922000.0,,,0.0,6832000.0,,,,,,,,3109000.0,,0.001,0.001,11315000.0,14424000.0,0.319,14424000.0,11315000.0,11145000.0,0.03,0.03,0.03,,,,,,,3325000.0,0.015,1.0,45180000.0,1.0,,170000.0,,,,,,,,,,,-4466000.0,-4092000.0,-1152000.0,-2821000.0,-1501000.0,-4178000.0,-4535000.0,479000.0,4247000.0,0.0,6832000.0,6832000.0,6832000.0,0.0,0.0,0.151,33865000.0,11315000.0,,0.033,,,,,0.0,2.078,,,,,45180000.0,45180000.0,0.0,,,,,317000.0,30856000.0,1.0,,223728000.0,223728000.0,0.202,,,4313000.0,,,
88,BRO,MRQ,1999-06-30,1999-06-30,1999-06-30,2021-09-07,,,,,,,,-613000.0,,,0.0,5556000.0,,,,,,,,2863000.0,,0.001,0.001,9409000.0,12272000.0,0.274,12272000.0,9409000.0,9214000.0,0.025,0.025,0.025,,,,,,,3707000.0,,1.0,44749000.0,1.0,,195000.0,,,,,,,,,,,-632000.0,-1506000.0,0.0,-1213000.0,-1483000.0,-2868000.0,-2084000.0,35000.0,4320000.0,0.0,5556000.0,5556000.0,5556000.0,0.0,0.0,0.124,35340000.0,9409000.0,,0.04,,,,,0.0,2.375,,,,,44749000.0,44749000.0,0.0,,,,,315000.0,33489000.0,1.0,,,,,,,3658000.0,,,
89,BRO,MRQ,1999-03-31,1999-03-31,1999-03-31,2021-09-07,,,,,,,,-2280000.0,,,0.0,7363000.0,,,,,,,,2927000.0,,0.001,0.001,12365000.0,15292000.0,0.336,15292000.0,12365000.0,12171000.0,0.033,0.033,0.033,,,,,,,20569000.0,0.093,1.0,45534000.0,1.0,,194000.0,,,,,,,,,,,-1717000.0,-10068000.0,0.0,-10652000.0,-1485000.0,-12220000.0,-12346000.0,2000.0,22849000.0,0.0,7363000.0,7363000.0,7363000.0,0.0,0.0,0.162,33169000.0,12365000.0,,0.03,,,,,0.0,2.074,,,,,45534000.0,45534000.0,0.0,,,,,316000.0,31278000.0,1.0,,220240000.0,220240000.0,0.207,,,4808000.0,,,
90,BRO,MRQ,1998-12-31,1998-12-31,1998-12-31,2021-09-07,5540000.0,232129000.0,,123239000.0,108890000.0,,0.369,,42825000.0,42825000.0,,,1.02,1.774,22338000.0,4960000.0,17378000.0,22338000.0,0.0,,0.0,0.001,0.001,,,,,,,,,,83680000.0,,83680000.0,,,,,,1.0,,,79704000.0,,11099000.0,,0.0,11308000.0,805000.0,10503000.0,148449000.0,120839000.0,27610000.0,,,,,,,,,,,,,,,,,,,,107500000.0,,,,20.998,13777000.0,,2.184,,2.891,69736000.0,76763000.0,,,,,,,,,,1.0,,227040000.0,,,152425000.0,0.0,,2403000.0,0.671,2400000.0
0,BRO,MRT,2021-06-30,2021-06-30,2021-06-30,2021-09-07,-3549000.0,9357895000.0,9007639750.0,3191842000.0,6166053000.0,0.317,14.0,-42286000.0,1351020000.0,1351020000.0,0.0,570333000.0,1.14,1.371,2226375000.0,300000000.0,1926375000.0,2226375000.0,368711000.0,144774000.0,0.0,0.007,0.362,777460000.0,922234000.0,0.323,922234000.0,777460000.0,714960000.0,2.02,2.0,2.02,3946002000.0,3808308000.0,3946002000.0,16082787464.0,21.0,17.439,728929000.0,2.586,1.0,2858701000.0,1.0,5558969000.0,62500000.0,1873359000.0,2128033000.0,0.0,45702000.0,13080000.0,32622000.0,5411893000.0,2800922000.0,2610971000.0,14977414464.0,288816000.0,-520036000.0,-145992000.0,437500000.0,-104761000.0,87269000.0,-568947000.0,-6625000.0,771215000.0,-721000.0,570333000.0,570333000.0,570333000.0,0.0,0.0,0.2,2077871000.0,780830000.0,1616560000.0,0.179,3.796,26.261,26.307,388781000.0,0.0,53.14,5.239,5.239,1670608000.0,3807684000.0,2858701000.0,2858701000.0,0.0,0.063,0.15,0.365,0.272,62385000.0,1939237000.0,1.0,281848221.0,281848221.0,,10.143,3798926000.0,0.0,144627000.0,371054000.0,13.479,390920000.0
1,BRO,MRT,2021-03-31,2021-03-31,2021-03-31,2021-09-07,-4990000.0,8910793000.0,8718430500.0,2793031000.0,6117762000.0,0.313,13.581,-56255000.0,1140724000.0,1140724000.0,0.0,527827000.0,1.246,1.326,2246097000.0,70000000.0,2176097000.0,2246097000.0,345031000.0,139336000.0,0.0,0.008,0.355,718076000.0,857412000.0,0.314,857412000.0,718076000.0,658052000.0,1.87,1.85,1.87,3830997000.0,3717687000.0,3830997000.0,13891221778.0,19.0,16.201,756683000.0,2.682,1.0,2730155000.0,1.0,5533406000.0,60024000.0,2241778000.0,2083328750.0,0.0,43660000.0,11926000.0,31734000.0,5079796000.0,2240982000.0,2838814000.0,12894295778.0,365546000.0,-611980000.0,-134903000.0,541250000.0,-102782000.0,224983000.0,-672255000.0,-4020000.0,812938000.0,-120000.0,527827000.0,527827000.0,527827000.0,0.0,0.0,0.193,2006470000.0,723685000.0,1393329000.0,0.19,3.366,24.429,24.444,386712000.0,0.0,45.71,4.723,4.723,1524392000.0,3694457000.0,2730155000.0,2730155000.0,0.0,0.061,0.142,0.345,0.263,69380000.0,1869454000.0,1.0,282089166.0,282089166.0,,9.678,3377387000.0,0.0,130225000.0,359629000.0,11.973,552049000.0
2,BRO,MRT,2020-12-31,2020-12-31,2020-12-31,2021-09-07,0.0,8966492000.0,8386318500.0,2958249000.0,6008243000.0,0.312,13.216,-61085000.0,1271915000.0,1271915000.0,0.0,480483000.0,1.257,1.388,2268841000.0,70000000.0,2198841000.0,2268841000.0,377615000.0,134799000.0,0.0,0.007,0.348,683072000.0,817871000.0,0.313,817871000.0,683072000.0,624099000.0,1.7,1.69,1.7,3754223000.0,3629898000.0,3754223000.0,14246903086.0,21.0,17.419,660562000.0,2.325,1.0,2613375000.0,1.0,5445578000.0,58973000.0,2163488000.0,1978122000.0,0.0,43303000.0,18332000.0,24971000.0,5212269000.0,2354352000.0,2857917000.0,13467239086.0,308940000.0,-694842000.0,-66312000.0,545000000.0,-100592000.0,346363000.0,-759070000.0,-3143000.0,721647000.0,0.0,480483000.0,480483000.0,480483000.0,0.0,0.0,0.184,1934761000.0,678614000.0,1389026000.0,0.205,3.587,28.029,27.888,388113000.0,0.0,47.41,5.153,5.153,1520332000.0,3520683000.0,2613375000.0,2613375000.0,0.0,0.057,0.132,0.345,0.261,59749000.0,1802350000.0,1.0,284059040.0,284059040.0,,9.2,3520914000.0,0.0,143616000.0,344222000.0,12.395,603897000.0
3,BRO,MRT,2020-09-30,2020-09-30,2020-09-30,2021-09-07,0.0,8795379000.0,8050400750.0,3163688000.0,5631691000.0,0.317,13.09,-54855000.0,1501841000.0,1501841000.0,0.0,459682000.0,1.412,1.376,2281505000.0,66250000.0,2215255000.0,2281505000.0,397615000.0,131807000.0,0.0,0.008,0.34,653420000.0,785227000.0,0.308,785227000.0,653420000.0,595231000.0,1.63,1.61,1.63,3702010000.0,3528912000.0,3702010000.0,13543406302.0,21.0,17.248,715793000.0,2.531,1.0,2550252000.0,1.0,5101145000.0,58189000.0,2233507000.0,1855955250.0,0.0,42954000.0,18216000.0,24738000.0,5093369000.0,2240391000.0,2852978000.0,12802984302.0,627246000.0,-467008000.0,-17184000.0,545000000.0,-95987000.0,382798000.0,-526200000.0,-4337000.0,770648000.0,0.0,459682000.0,459682000.0,459682000.0,0.0,0.0,0.18,1886282000.0,663970000.0,1239669000.0,0.209,3.458,27.852,27.773,373915000.0,0.0,45.27,5.02,5.02,1525601000.0,3451880000.0,2550252000.0,2550252000.0,0.0,0.057,0.13,0.352,0.256,55780000.0,1761454000.0,1.0,282813879.0,282813879.0,,9.017,3694234000.0,0.0,135549000.0,332900000.0,13.062,923297000.0
4,BRO,MRT,2020-06-30,2020-06-30,2020-06-30,2021-09-07,0.0,8201058000.0,7771722000.0,2704977000.0,5496081000.0,0.321,12.645,-54086000.0,1062204000.0,1062204000.0,0.0,441209000.0,1.198,1.289,1802626000.0,62500000.0,1740126000.0,1802626000.0,356820000.0,130189000.0,0.0,0.008,0.335,649810000.0,779999000.0,0.313,779999000.0,649810000.0,588541000.0,1.57,1.55,1.57,3583518000.0,3432040250.0,3583518000.0,12495208793.0,19.0,16.02,735090000.0,2.594,1.0,2494973000.0,1.0,4988662000.0,61269000.0,1694542000.0,1741858250.0,0.0,39703000.0,18111000.0,21592000.0,4617540000.0,2258276000.0,2359264000.0,11551533793.0,247423000.0,-497821000.0,-26348000.0,145000000.0,-94449000.0,13782000.0,-555535000.0,-3628000.0,789176000.0,0.0,441209000.0,441209000.0,441209000.0,0.0,0.0,0.177,1855201000.0,639772000.0,1401397000.0,0.213,3.224,26.182,25.962,364698000.0,0.0,40.76,4.63,4.63,1482926000.0,3341990000.0,2494973000.0,2494973000.0,0.0,0.057,0.129,0.373,0.26,52953000.0,1734813000.0,1.0,283403675.0,283403675.0,,8.804,3212396000.0,0.0,147332000.0,323558000.0,11.335,446701000.0
5,BRO,MRT,2020-03-31,2020-03-31,2020-03-31,2021-09-07,0.0,7582345000.0,7512649250.0,2283837000.0,5298508000.0,0.329,12.359,-44435000.0,775178000.0,775178000.0,0.0,437018000.0,1.208,1.179,1718853000.0,58750000.0,1660103000.0,1718853000.0,333806000.0,128900000.0,0.0,0.009,0.33,646415000.0,775315000.0,0.314,775315000.0,646415000.0,582662000.0,1.56,1.54,1.56,3479841000.0,3331318500.0,3479841000.0,10958060997.0,17.0,14.134,662206000.0,2.352,1.0,2471386000.0,1.0,4814450000.0,63753000.0,1820951000.0,1728963750.0,0.0,39935000.0,16595000.0,23340000.0,4102504000.0,1890619000.0,2211885000.0,10197837997.0,150291000.0,-411253000.0,-46050000.0,45000000.0,-92898000.0,-89430000.0,-466920000.0,-11232000.0,706641000.0,0.0,437018000.0,437018000.0,437018000.0,0.0,0.0,0.177,1838504000.0,632882000.0,1125971000.0,0.212,2.931,23.335,23.218,352952000.0,0.0,36.22,4.126,4.126,1367482000.0,3269359000.0,2471386000.0,2471386000.0,0.0,0.058,0.131,0.374,0.262,43047000.0,1720390000.0,1.0,281552678.0,281552678.0,,8.778,2767895000.0,0.0,145644000.0,323404000.0,9.831,393218000.0
6,BRO,MRT,2019-12-31,2019-12-31,2019-12-31,2021-09-07,0.0,7622821000.0,7318635250.0,2494802000.0,5128019000.0,0.327,11.891,-51516000.0,962975000.0,962975000.0,0.0,398514000.0,1.22,1.275,1723198000.0,55000000.0,1668198000.0,1723198000.0,366021000.0,128715000.0,0.0,0.008,0.325,589589000.0,718304000.0,0.3,718304000.0,589589000.0,525929000.0,1.42,1.4,1.42,3350279000.0,3235966000.0,3350279000.0,11994405095.0,20.0,16.698,626664000.0,2.224,1.0,2392171000.0,1.0,4662862000.0,63660000.0,1674821000.0,1715799500.0,0.0,39703000.0,12325000.0,27378000.0,4272542000.0,2045361000.0,2227181000.0,11123343095.0,185379000.0,-353043000.0,-44605000.0,50000000.0,-91344000.0,-79216000.0,-413585000.0,-9026000.0,678180000.0,0.0,398514000.0,398514000.0,398514000.0,0.0,0.0,0.167,1803948000.0,588223000.0,1114277000.0,0.229,3.32,27.912,27.803,332915000.0,0.0,39.48,4.65,4.65,1367360000.0,3140762000.0,2392171000.0,2392171000.0,0.0,0.054,0.123,0.344,0.246,46994000.0,1685254000.0,1.0,281746279.0,281746279.0,,8.491,2959959000.0,0.0,127415000.0,328277000.0,10.506,449441000.0
7,BRO,MRT,2019-09-30,2019-09-30,2019-09-30,2021-09-07,0.0,7680664000.0,7085097000.0,2606937000.0,5073727000.0,0.328,11.784,-54874000.0,874595000.0,874595000.0,0.0,395447000.0,1.213,1.317,1745657000.0,55000000.0,1690657000.0,1745657000.0,383565000.0,125941000.0,0.0,0.009,0.32,584190000.0,710131000.0,0.306,710131000.0,584190000.0,524491000.0,1.41,1.4,1.41,3314523000.0,3148538250.0,3314523000.0,10979325589.0,19.0,15.461,604258000.0,2.148,1.0,2321930000.0,1.0,4625683000.0,59699000.0,1777119000.0,1622965000.0,0.0,38072000.0,9935000.0,28137000.0,4366141000.0,2148924000.0,2217217000.0,10142774589.0,149908000.0,-957431000.0,-96923000.0,708750000.0,-89766000.0,510480000.0,-1019704000.0,-7399000.0,659132000.0,0.0,395447000.0,395447000.0,395447000.0,0.0,0.0,0.17,1744219000.0,577711000.0,1010056000.0,0.227,3.06,25.649,25.574,322308000.0,0.0,36.06,4.368,4.368,1588964000.0,3088174000.0,2321930000.0,2321930000.0,0.0,0.056,0.126,0.36,0.252,44676000.0,1623235000.0,1.0,281274947.0,281274947.0,,8.255,3054981000.0,0.0,129044000.0,322024000.0,10.861,458013000.0
8,BRO,MRT,2019-06-30,2019-06-30,2019-06-30,2021-09-07,0.0,7164767000.0,6615632500.0,2291548000.0,4873219000.0,0.338,11.277,-53125000.0,814781000.0,814781000.0,0.0,385994000.0,1.202,1.253,1651332000.0,55000000.0,1596332000.0,1651332000.0,343594000.0,120750000.0,0.0,0.009,0.315,567501000.0,688251000.0,0.308,688251000.0,567501000.0,515153000.0,1.38,1.37,1.38,3180631000.0,3054759500.0,3180631000.0,10478355640.0,18.0,15.225,542701000.0,1.924,1.0,2234097000.0,1.0,4451244000.0,52348000.0,1642964000.0,1353158500.0,0.0,35438000.0,10542000.0,24896000.0,3984136000.0,1907110000.0,2077026000.0,9448421640.0,27622000.0,-928717000.0,-92542000.0,617501000.0,-88160000.0,417242000.0,-985446000.0,-3604000.0,595826000.0,0.0,385994000.0,385994000.0,385994000.0,0.0,0.0,0.173,1668162000.0,565935000.0,1078286000.0,0.228,2.971,24.478,24.275,306538000.0,0.0,33.5,4.229,4.229,1334839000.0,2995206000.0,2234097000.0,2234097000.0,0.0,0.058,0.126,0.419,0.254,42620000.0,1547448000.0,1.0,282042437.0,282042437.0,,7.921,2713523000.0,0.0,129159000.0,310510000.0,9.621,384438000.0
9,BRO,MRT,2019-03-31,2019-03-31,2019-03-31,2021-09-07,0.0,6806289000.0,6249830000.0,1994748000.0,4811541000.0,0.341,11.078,-50081000.0,624887000.0,624887000.0,0.0,367323000.0,1.211,1.197,1654821000.0,55000000.0,1599821000.0,1654821000.0,314363000.0,115514000.0,0.0,0.011,0.31,538648000.0,654162000.0,0.307,654162000.0,538648000.0,492541000.0,1.32,1.3,1.32,3098431000.0,2967472250.0,3098431000.0,8983395062.0,17.0,13.733,443323000.0,1.585,1.0,2132065000.0,1.0,4420856000.0,46107000.0,1768294000.0,1101978000.0,0.0,28046000.0,10518000.0,17528000.0,3707858000.0,1647073000.0,2060785000.0,8254001062.0,-201490000.0,-985379000.0,-73427000.0,526250000.0,-86342000.0,329955000.0,-1024849000.0,10611000.0,493404000.0,0.0,367323000.0,367323000.0,367323000.0,0.0,0.0,0.172,1591704000.0,540361000.0,937942000.0,0.235,2.664,22.471,22.356,291944000.0,0.0,29.51,3.871,3.871,1212851000.0,2925170000.0,2132065000.0,2132065000.0,0.0,0.059,0.124,0.489,0.253,39218000.0,1475440000.0,1.0,279701832.0,279701832.0,,7.623,2385433000.0,0.0,125218000.0,300857000.0,8.528,347675000.0
10,BRO,MRT,2018-12-31,2018-12-31,2018-12-31,2021-09-07,0.0,6688668000.0,5952028500.0,2167311000.0,4521357000.0,0.338,10.747,-36536000.0,777596000.0,777596000.0,0.0,344255000.0,1.216,1.229,1506990000.0,50000000.0,1456990000.0,1506990000.0,337920000.0,109378000.0,0.0,0.011,0.305,503042000.0,612420000.0,0.304,612420000.0,503042000.0,462462000.0,1.24,1.22,1.24,3000568000.0,2885512750.0,3000568000.0,7832707856.0,16.0,12.79,530993000.0,1.902,1.0,2014246000.0,1.0,4331593000.0,40580000.0,1303483000.0,846877750.0,0.0,30262000.0,12868000.0,17394000.0,3688100000.0,1782986000.0,1905114000.0,7695033856.0,-46492000.0,-923874000.0,-83973000.0,530000000.0,-84690000.0,337750000.0,-951771000.0,8639000.0,567529000.0,0.0,344255000.0,344255000.0,344255000.0,0.0,0.0,0.171,1508235000.0,506011000.0,944904000.0,0.246,2.565,22.353,22.226,100395000.0,0.0,27.56,3.82,3.82,1248131000.0,2833622000.0,2014246000.0,2014246000.0,0.0,0.058,0.119,0.594,0.25,33519000.0,1401032000.0,1.0,279210227.0,279210227.0,,7.214,2357075000.0,0.0,118207000.0,315732000.0,8.442,384325000.0
11,BRO,MRT,2018-09-30,2018-09-30,2018-09-30,2021-09-07,0.0,5802806000.0,5716749000.0,2013178000.0,3789628000.0,0.346,10.525,-36807000.0,724687000.0,724687000.0,0.0,458308000.0,1.233,0.974,862361000.0,30000000.0,832361000.0,862361000.0,344955000.0,105871000.0,0.0,0.01,0.3,506238000.0,612109000.0,0.309,612109000.0,506238000.0,468185000.0,1.65,1.62,1.65,2939408000.0,2781045500.0,2939408000.0,8337937562.0,16.0,13.622,447115000.0,1.601,1.0,1979814000.0,1.0,3609860000.0,38053000.0,697893000.0,659768250.0,0.0,29995000.0,12843000.0,17152000.0,2863398000.0,1632727000.0,1230671000.0,8258137562.0,-98520000.0,-269829000.0,-70624000.0,-120000000.0,-83267000.0,-288654000.0,-293788000.0,12848000.0,483922000.0,0.0,458308000.0,458308000.0,458308000.0,0.0,0.0,0.231,1470157000.0,509657000.0,816778000.0,0.182,2.809,18.019,17.921,89772000.0,0.0,29.57,4.171,4.171,1179849000.0,2782504000.0,1979814000.0,1979814000.0,0.0,0.08,0.165,0.767,0.256,31791000.0,1365994000.0,1.0,279274182.0,279274182.0,,7.089,2192946000.0,0.0,9877000.0,284330000.0,7.852,380451000.0
12,BRO,MRT,2018-06-30,2018-06-30,2018-06-30,2021-09-07,0.0,5701557000.0,6119616750.0,2041208000.0,3660349000.0,0.314,10.25,-28403000.0,787159000.0,787159000.0,0.0,428168000.0,1.232,1.014,866959000.0,25000000.0,841959000.0,866959000.0,310707000.0,105899000.0,0.0,0.011,0.292,488587000.0,594486000.0,0.309,594486000.0,488587000.0,450104000.0,1.54,1.51,1.54,2831482000.0,2667105250.0,2831482000.0,7805355005.0,16.0,13.13,420897000.0,1.524,1.0,1924610000.0,1.0,3486408000.0,38483000.0,638242000.0,630983750.0,0.0,31253000.0,11161000.0,20092000.0,2870075000.0,1656707000.0,1213368000.0,7660184005.0,-89771000.0,-171748000.0,-118653000.0,-120001000.0,-81283000.0,-348387000.0,-190684000.0,9467000.0,449300000.0,0.0,428168000.0,428168000.0,428168000.0,0.0,0.0,0.222,1433555000.0,491055000.0,913769000.0,0.19,2.705,17.891,18.006,85213000.0,0.0,27.73,3.98,3.98,1136164000.0,2697396000.0,1924610000.0,1924610000.0,0.0,0.07,0.161,0.774,0.254,30332000.0,1332372000.0,1.0,276241760.0,276241760.0,,6.967,2215149000.0,0.0,21936000.0,284309000.0,8.019,384501000.0
13,BRO,MRT,2018-03-31,2018-03-31,2018-03-31,2021-09-07,0.0,5615083000.0,6013979750.0,2074602000.0,3540481000.0,0.319,10.053,-27264000.0,826377000.0,826377000.0,0.0,420348000.0,1.269,1.027,971548000.0,120000000.0,851548000.0,971548000.0,292172000.0,106517000.0,0.0,0.011,0.285,495501000.0,602018000.0,0.314,602018000.0,495501000.0,457196000.0,1.51,1.48,1.51,2770593000.0,2573793000.0,2770593000.0,7163346765.0,14.0,11.899,404171000.0,1.467,1.0,1917728000.0,1.0,3377729000.0,38305000.0,747893000.0,622412000.0,0.0,38398000.0,20840000.0,17558000.0,2844490000.0,1634632000.0,1209858000.0,7011293765.0,288000.0,-75047000.0,-129818000.0,-87500000.0,-79505000.0,-327904000.0,-103243000.0,-932000.0,431435000.0,0.0,420348000.0,420348000.0,420348000.0,0.0,0.0,0.219,1414589000.0,503139000.0,820998000.0,0.189,2.531,16.68,16.848,81131000.0,0.0,25.44,3.656,3.656,1134487000.0,2644191000.0,1917728000.0,1917728000.0,0.0,0.07,0.163,0.796,0.258,29362000.0,1312549000.0,1.0,275601170.0,275601170.0,,6.958,2237354000.0,0.0,36848000.0,288653000.0,8.118,439970000.0
14,BRO,MRT,2017-12-31,2017-12-31,2017-12-31,2021-09-07,0.0,5747550000.0,5909570000.0,2242156000.0,3505394000.0,0.318,9.263,-20098000.0,824088000.0,824088000.0,0.0,399630000.0,1.128,1.225,976141000.0,120000000.0,856141000.0,976141000.0,321017000.0,108144000.0,0.0,0.011,0.278,488038000.0,596182000.0,0.317,596182000.0,488038000.0,449722000.0,1.43,1.4,1.43,2582699000.0,2485093750.0,2582699000.0,7331247116.0,15.0,12.297,421877000.0,1.513,1.0,1881347000.0,1.0,3357084000.0,38316000.0,555045000.0,618474000.0,0.0,38914000.0,24965000.0,13949000.0,3164851000.0,1987474000.0,1177377000.0,7173713116.0,42805000.0,-41471000.0,-118782000.0,-96750000.0,-77712000.0,-336580000.0,-62590000.0,-1021000.0,441975000.0,0.0,399630000.0,399630000.0,399630000.0,0.0,0.0,0.212,1384109000.0,497238000.0,749340000.0,0.194,2.778,17.951,17.993,77086000.0,0.0,25.73,3.813,3.813,1345239000.0,2456599000.0,1881347000.0,1881347000.0,0.0,0.068,0.161,0.789,0.259,30631000.0,1278122000.0,1.0,278807350.0,278807350.0,,6.748,2390466000.0,0.0,50092000.0,256185000.0,8.574,254682000.0
15,BRO,MRT,2017-09-30,2017-09-30,2017-09-30,2021-09-07,0.0,7414277000.0,5788366000.0,3916383000.0,3497894000.0,0.318,8.875,-11896000.0,823207000.0,823207000.0,0.0,269751000.0,1.078,1.985,980741000.0,120000000.0,860741000.0,980741000.0,332246000.0,108418000.0,0.0,0.011,0.27,477102000.0,585520000.0,0.318,585520000.0,477102000.0,438289000.0,0.965,0.955,0.965,2483647000.0,2429471750.0,2483647000.0,6851247918.0,14.0,11.701,393581000.0,1.406,1.0,1840695000.0,1.0,3357542000.0,38813000.0,582755000.0,661540250.0,0.0,43241000.0,29156000.0,14085000.0,4930630000.0,3631514000.0,1299116000.0,6742786918.0,56245000.0,-35881000.0,-56131000.0,-130500000.0,-75746000.0,-296874000.0,-52358000.0,-4581000.0,405477000.0,0.0,269751000.0,269751000.0,269751000.0,3131000.0,0.0,0.147,1349814000.0,490881000.0,716912000.0,0.28,2.715,24.996,24.969,71296000.0,0.0,24.095,3.663,3.663,3018475000.0,2290014000.0,1840695000.0,1840695000.0,0.0,0.047,0.111,0.721,0.259,26688000.0,1244680000.0,1.0,279841748.0,279841748.0,,6.578,4056735000.0,0.0,168538000.0,382228000.0,14.497,284869000.0
16,BRO,MRT,2017-06-30,2017-06-30,2017-06-30,2021-09-07,0.0,5279009000.0,5315303500.0,1778932000.0,3500077000.0,0.344,8.763,-15334000.0,876930000.0,876930000.0,0.0,265383000.0,1.253,1.147,985391000.0,20000000.0,965391000.0,985391000.0,297736000.0,108494000.0,0.0,0.012,0.264,470145000.0,578639000.0,0.317,578639000.0,470145000.0,430842000.0,0.95,0.935,0.95,2458233000.0,2389753000.0,2458233000.0,6275346472.0,13.0,10.845,427102000.0,1.522,1.0,1827323000.0,1.0,3363978000.0,39303000.0,603955000.0,707604000.0,0.0,41040000.0,30164000.0,10876000.0,2820776000.0,1419537000.0,1401239000.0,6041391472.0,145345000.0,-26858000.0,-11745000.0,-139250000.0,-73974000.0,-251938000.0,-45153000.0,-2961000.0,442436000.0,0.0,265383000.0,265383000.0,265383000.0,2854000.0,0.0,0.145,1338758000.0,488565000.0,810134000.0,0.278,2.458,22.765,22.668,72747000.0,0.0,21.535,3.306,3.306,819885000.0,2233056000.0,1827323000.0,1827323000.0,0.0,0.05,0.111,0.664,0.257,24174000.0,1231646000.0,1.0,280538262.0,280538262.0,,6.514,1915031000.0,0.0,165459000.0,373089000.0,6.826,359395000.0
17,BRO,MRT,2017-03-31,2017-03-31,2017-03-31,2021-09-07,0.0,5197444000.0,5297270500.0,1696965000.0,3500479000.0,0.341,8.629,-13466000.0,826089000.0,826089000.0,0.0,265531000.0,1.268,1.151,1060044000.0,55000000.0,1005044000.0,1060044000.0,280140000.0,108456000.0,0.0,0.012,0.258,471183000.0,579639000.0,0.321,579639000.0,471183000.0,431917000.0,0.945,0.94,0.945,2415796000.0,2338256500.0,2415796000.0,6132812346.0,13.0,10.58,454375000.0,1.623,1.0,1807536000.0,1.0,3361350000.0,39266000.0,732141000.0,739723750.0,0.0,37775000.0,20622000.0,17153000.0,2781648000.0,1337908000.0,1443740000.0,5840223346.0,193168000.0,-82019000.0,-580000.0,-80500000.0,-72203000.0,-175008000.0,-99665000.0,-4180000.0,467841000.0,0.0,265531000.0,265531000.0,265531000.0,2044000.0,0.0,0.147,1320275000.0,487261000.0,748000000.0,0.273,2.418,21.995,22.074,72607000.0,0.0,20.86,3.231,3.231,805670000.0,2185902000.0,1807536000.0,1807536000.0,0.0,0.05,0.114,0.637,0.261,15747000.0,1213210000.0,1.0,279972356.0,279972356.0,,6.456,1836094000.0,0.0,166386000.0,368323000.0,6.558,359057000.0
18,BRO,MRT,2016-12-31,2016-12-31,2016-12-31,2021-09-07,0.0,5262734000.0,5246149500.0,1736128000.0,3526606000.0,0.337,8.417,-12808000.0,781283000.0,781283000.0,0.0,257491000.0,1.201,1.23,1073872000.0,55500000.0,1018372000.0,1073872000.0,308661000.0,107666000.0,0.0,0.011,0.252,462980000.0,570646000.0,0.323,570646000.0,462980000.0,423499000.0,0.92,0.91,0.92,2360211000.0,2283940750.0,2360211000.0,6635005783.0,14.0,11.627,398234000.0,1.42,1.0,1766629000.0,1.0,3382856000.0,39481000.0,727310000.0,771766500.0,0.0,38096000.0,15048000.0,23048000.0,2902523000.0,1445157000.0,1457366000.0,6289782783.0,108110000.0,-122622000.0,-11420000.0,-73125000.0,-70262000.0,-160520000.0,-142412000.0,-6982000.0,411042000.0,0.0,257491000.0,257491000.0,257491000.0,0.0,0.0,0.146,1294464000.0,472165000.0,717159000.0,0.274,2.665,24.427,24.38,75807000.0,0.0,22.43,3.56,3.56,889226000.0,2134640000.0,1766629000.0,1766629000.0,0.0,0.049,0.113,0.6,0.262,8706000.0,1188089000.0,1.0,280418314.0,280418314.0,,6.3,1879878000.0,0.0,166008000.0,357686000.0,6.704,290971000.0
19,BRO,MRT,2016-09-30,2016-09-30,2016-09-30,2021-09-07,0.0,5522027000.0,5181585750.0,1974674000.0,3547353000.0,0.335,8.314,-9544000.0,766962000.0,766962000.0,0.0,257800000.0,1.16,1.375,1112185000.0,80492000.0,1031693000.0,1112185000.0,333967000.0,108162000.0,0.0,0.013,0.246,463096000.0,571258000.0,0.329,571258000.0,463096000.0,423635000.0,0.92,0.91,0.92,2324772000.0,2231332000.0,2324772000.0,5666187015.0,12.0,9.919,400782000.0,1.433,1.0,1737562000.0,1.0,3398505000.0,39461000.0,767010000.0,793973750.0,0.0,39594000.0,13287000.0,26307000.0,3197255000.0,1701735000.0,1495520000.0,5272276015.0,58375000.0,-139293000.0,-59565000.0,-41250000.0,-68585000.0,-197075000.0,-154876000.0,-6039000.0,410326000.0,0.0,257800000.0,257800000.0,257800000.0,-1087000.0,0.0,0.148,1267898000.0,469664000.0,673060000.0,0.267,2.268,20.451,20.495,77771000.0,0.0,18.855,3.034,3.034,1135423000.0,2095958000.0,1737562000.0,1737562000.0,0.0,0.05,0.116,0.583,0.267,1771000.0,1161140000.0,1.0,279622170.0,279622170.0,,6.214,2123522000.0,16961000.0,165835000.0,376658000.0,7.594,272939000.0
20,BRO,MRT,2016-06-30,2016-06-30,2016-06-30,2021-09-07,0.0,5206877000.0,5051627000.0,1647267000.0,3559610000.0,0.338,8.042,-8853000.0,731585000.0,731585000.0,0.0,253682000.0,1.13,1.312,1125496000.0,80492000.0,1045004000.0,1125496000.0,298907000.0,108535000.0,0.0,0.013,0.239,458953000.0,567488000.0,0.332,567488000.0,458953000.0,419493000.0,0.905,0.895,0.905,2252247000.0,2196572750.0,2252247000.0,5752522865.0,13.0,10.137,384282000.0,1.372,1.0,1707455000.0,1.0,3410699000.0,39460000.0,732434000.0,830701000.0,0.0,39069000.0,16077000.0,22992000.0,2954630000.0,1457655000.0,1496975000.0,5246624865.0,59209000.0,-138234000.0,-74383000.0,-34375000.0,-66956000.0,-179888000.0,-154038000.0,-6951000.0,393135000.0,0.0,253682000.0,253682000.0,253682000.0,-810000.0,0.0,0.149,1244808000.0,462647000.0,758774000.0,0.264,2.33,20.682,20.702,80488000.0,0.0,18.735,3.073,3.073,831946000.0,2041602000.0,1707455000.0,1707455000.0,0.0,0.05,0.115,0.552,0.269,1463000.0,1138331000.0,1.0,280044028.0,280044028.0,,6.097,1796178000.0,15552000.0,165811000.0,371099000.0,6.414,189612000.0
21,BRO,MRT,2016-03-31,2016-03-31,2016-03-31,2021-09-07,0.0,4992960000.0,5005117000.0,1496621000.0,3496339000.0,0.336,7.93,-9569000.0,632921000.0,632921000.0,0.0,248437000.0,1.166,1.271,1138819000.0,80492000.0,1058327000.0,1138819000.0,279784000.0,108431000.0,0.0,0.013,0.233,450624000.0,559055000.0,0.333,559055000.0,450624000.0,411330000.0,0.885,0.875,0.885,2198533000.0,2161774500.0,2198533000.0,5442312084.0,12.0,9.735,354783000.0,1.28,1.0,1680384000.0,1.0,3355190000.0,39294000.0,860312000.0,864770250.0,0.0,34395000.0,13880000.0,20515000.0,2794427000.0,1283356000.0,1511071000.0,4962482084.0,32421000.0,-140408000.0,-59427000.0,-27500000.0,-65285000.0,-177207000.0,-154724000.0,-4747000.0,364352000.0,0.0,248437000.0,248437000.0,248437000.0,0.0,0.0,0.148,1228941000.0,451443000.0,632439000.0,0.263,2.257,19.975,20.226,80899000.0,0.0,17.9,2.953,2.953,767915000.0,1992518000.0,1680384000.0,1680384000.0,0.0,0.05,0.115,0.521,0.268,15543000.0,1122916000.0,1.0,277233636.0,277233636.0,,6.061,1637770000.0,14127000.0,162893000.0,363583000.0,5.908,213265000.0
22,BRO,MRT,2015-12-31,2015-12-31,2015-12-31,2021-09-07,0.0,5004479000.0,4966612500.0,1537389000.0,3467090000.0,0.334,7.625,-7799000.0,673173000.0,673173000.0,0.0,243318000.0,1.157,1.328,1144743000.0,73125000.0,1071618000.0,1144743000.0,309643000.0,108311000.0,0.0,0.014,0.226,441807000.0,550118000.0,0.331,550118000.0,441807000.0,402559000.0,0.86,0.85,0.86,2149776000.0,2127506750.0,2149776000.0,5018362542.0,11.0,9.122,374033000.0,1.327,1.0,1660509000.0,1.0,3331363000.0,39248000.0,816139000.0,878382500.0,0.0,31826000.0,13734000.0,18092000.0,2854703000.0,1328547000.0,1526156000.0,4524987542.0,-56644000.0,-136000000.0,-150717000.0,-45625000.0,-64108000.0,-293839000.0,-144637000.0,-838000.0,381832000.0,0.0,243318000.0,243318000.0,243318000.0,0.0,0.0,0.147,1215699000.0,444810000.0,638646000.0,0.263,2.105,18.597,18.663,81753000.0,0.0,16.05,2.725,2.725,775496000.0,1947411000.0,1660509000.0,1660509000.0,0.0,0.049,0.114,0.503,0.266,12237000.0,1108007000.0,1.0,281930688.0,281930688.0,,5.89,1673116000.0,24635000.0,159241000.0,360949000.0,5.934,208842000.0
23,BRO,MRT,2015-09-30,2015-09-30,2015-09-30,2021-09-07,40000.0,5002192000.0,4954607250.0,1543849000.0,3458343000.0,0.333,7.758,-2474000.0,666464000.0,666464000.0,0.0,209778000.0,1.221,1.289,1159839000.0,41250000.0,1118589000.0,1159839000.0,329777000.0,109057000.0,0.0,0.014,0.22,385406000.0,494463000.0,0.3,494463000.0,385406000.0,345968000.0,0.74,0.73,0.74,2185735000.0,2118499000.0,2185735000.0,4871009147.0,13.0,9.851,387836000.0,1.377,1.0,1648932000.0,1.0,3317101000.0,39438000.0,913919000.0,902024250.0,0.0,33488000.0,10545000.0,22943000.0,2816457000.0,1264547000.0,1551910000.0,4362834147.0,66726000.0,-111596000.0,-86889000.0,-38757000.0,-62627000.0,-207653000.0,-115931000.0,-1861000.0,390310000.0,0.0,209778000.0,209778000.0,209778000.0,0.0,0.0,0.127,1257968000.0,390964000.0,587881000.0,0.297,1.996,20.797,20.926,81338000.0,0.0,15.485,2.646,2.646,791398000.0,1906744000.0,1648932000.0,1648932000.0,0.0,0.042,0.099,0.427,0.234,14745000.0,1121894000.0,1.0,281745828.0,281745828.0,,5.853,1685091000.0,17152000.0,136190000.0,347615000.0,5.981,279302000.0
24,BRO,MRT,2015-06-30,2015-06-30,2015-06-30,2021-09-07,15000.0,5020837000.0,4940496250.0,1547444000.0,3473393000.0,0.332,7.501,-6521000.0,658500000.0,658500000.0,0.0,210682000.0,1.165,1.376,1166675000.0,34375000.0,1132300000.0,1166675000.0,302578000.0,109123000.0,0.0,0.013,0.215,382677000.0,491800000.0,0.3,491800000.0,382677000.0,345823000.0,0.735,0.73,0.735,2113054000.0,2098389000.0,2113054000.0,5176154674.0,14.0,10.525,428280000.0,1.52,1.0,1638183000.0,1.0,3331962000.0,36854000.0,868711000.0,899796750.0,0.0,31924000.0,10678000.0,21246000.0,2907783000.0,1328339000.0,1579444000.0,4628184674.0,103500000.0,-106805000.0,-123406000.0,-8450000.0,-61572000.0,-217671000.0,-113630000.0,-304000.0,434801000.0,0.0,210682000.0,210682000.0,210682000.0,0.0,0.0,0.129,1250093000.0,388090000.0,664641000.0,0.293,2.19,21.968,22.354,82805000.0,0.0,16.43,2.825,2.825,797364000.0,1854877000.0,1638183000.0,1638183000.0,0.0,0.043,0.1,0.425,0.234,15655000.0,1107659000.0,1.0,281691094.0,281691094.0,,5.816,1688875000.0,16053000.0,135141000.0,340244000.0,5.995,219105000.0
25,BRO,MRT,2015-03-31,2015-03-31,2015-03-31,2021-09-07,35000.0,4838942000.0,4917905000.0,1433358000.0,3405584000.0,0.329,7.182,-7409000.0,625540000.0,625540000.0,0.0,211432000.0,1.185,1.347,1173510000.0,27500000.0,1146010000.0,1173510000.0,291037000.0,108128000.0,0.0,0.013,0.21,380877000.0,489005000.0,0.303,489005000.0,380877000.0,346690000.0,0.735,0.725,0.735,2061462000.0,2090504000.0,2061462000.0,5220604412.0,14.0,10.676,361167000.0,1.258,1.0,1616500000.0,1.0,3262704000.0,34187000.0,914761000.0,904340500.0,0.0,29653000.0,10867000.0,18786000.0,2777480000.0,1209447000.0,1568033000.0,4751950412.0,90714000.0,-731668000.0,-163170000.0,693425000.0,-60573000.0,459000000.0,-736862000.0,2215000.0,368576000.0,0.0,211432000.0,211432000.0,211432000.0,0.0,0.0,0.131,1230405000.0,386095000.0,670299000.0,0.286,2.305,22.475,22.524,83220000.0,0.0,16.555,2.94,2.94,735284000.0,1809367000.0,1616500000.0,1616500000.0,0.0,0.043,0.101,0.421,0.236,9025000.0,1082624000.0,1.0,287040194.0,287040194.0,,5.632,1576238000.0,13906000.0,135258000.0,336597000.0,5.491,223911000.0
26,BRO,MRT,2014-12-31,2014-12-31,2014-12-31,2021-09-07,0.0,4956458000.0,4626741750.0,1570108000.0,3386350000.0,0.341,7.499,-11292000.0,729817000.0,729817000.0,0.0,206896000.0,1.237,1.345,1198471000.0,45625000.0,1152846000.0,1198471000.0,320586000.0,103836000.0,0.0,0.012,0.205,368157000.0,471993000.0,0.3,471993000.0,368157000.0,339749000.0,0.715,0.705,0.715,2113745000.0,2088353500.0,2113745000.0,5271792416.0,14.0,11.169,373727000.0,1.326,1.0,1575796000.0,1.0,3245253000.0,28408000.0,910706000.0,738361000.0,0.0,31019000.0,11157000.0,19862000.0,2842713000.0,1269153000.0,1573560000.0,4731298416.0,267096000.0,-696486000.0,-63469000.0,718425000.0,-59334000.0,589390000.0,-707313000.0,465000.0,385019000.0,0.0,206896000.0,206896000.0,206896000.0,0.0,0.0,0.131,1197701000.0,378095000.0,625445000.0,0.287,2.238,22.868,23.014,84668000.0,0.0,16.455,3.002,2.944,758161000.0,1768201000.0,1575796000.0,1575796000.0,0.0,0.045,0.099,0.499,0.234,16065000.0,1046440000.0,1.0,287529530.0,281888000.0,285782000.0,5.59,1711205000.0,25431000.0,132853000.0,341497000.0,6.071,300955000.0
27,BRO,MRT,2014-09-30,2014-09-30,2014-09-30,2021-09-07,-9000.0,4945748000.0,4300004250.0,1485895000.0,3459853000.0,0.355,7.283,-16691000.0,657938000.0,657938000.0,0.0,229726000.0,1.176,1.349,1198432000.0,38750000.0,1159682000.0,1198432000.0,345936000.0,98201000.0,0.0,0.012,0.2,400443000.0,498644000.0,0.327,498644000.0,400443000.0,377745000.0,0.79,0.785,0.79,2105295000.0,2061702500.0,2105295000.0,5212366362.0,13.0,10.453,348129000.0,1.204,1.0,1525941000.0,1.0,3318207000.0,22698000.0,905009000.0,546836750.0,0.0,31441000.0,11452000.0,19989000.0,2840453000.0,1263026000.0,1577427000.0,4647093362.0,211127000.0,-723176000.0,-62903000.0,718432000.0,-58080000.0,585194000.0,-738887000.0,980000.0,364820000.0,0.0,229726000.0,229726000.0,229726000.0,0.0,0.0,0.151,1117904000.0,408037000.0,582918000.0,0.253,2.207,20.229,20.348,88176000.0,0.0,16.075,3.045,3.045,761431000.0,1759593000.0,1525941000.0,1525941000.0,0.0,0.053,0.111,0.732,0.262,22069000.0,992855000.0,1.0,289088234.0,289088234.0,,5.278,1627541000.0,19376000.0,148019000.0,345558000.0,5.63,222869000.0
28,BRO,MRT,2014-06-30,2014-06-30,2014-06-30,2021-09-07,0.0,4930472000.0,3952264250.0,1459235000.0,3471237000.0,0.37,7.179,-13240000.0,609461000.0,609461000.0,0.0,219144000.0,1.148,1.369,1174734000.0,6609000.0,1168125000.0,1174734000.0,309020000.0,93086000.0,0.0,0.013,0.195,380050000.0,473136000.0,0.323,473136000.0,380050000.0,360515000.0,0.755,0.745,0.755,2081514000.0,2026574750.0,2081514000.0,4429280106.0,12.0,9.362,331851000.0,1.145,1.0,1463833000.0,1.0,3338241000.0,19535000.0,886886000.0,355204750.0,0.0,31494000.0,12300000.0,19194000.0,2848958000.0,1270618000.0,1578340000.0,4452169106.0,-76418000.0,-1048065000.0,-16222000.0,724967000.0,-56676000.0,638359000.0,-1059868000.0,1437000.0,345091000.0,0.0,219144000.0,219144000.0,219144000.0,0.0,0.0,0.15,1077168000.0,386665000.0,690653000.0,0.258,2.139,20.316,20.338,86370000.0,0.0,15.355,3.041,3.041,770242000.0,1705767000.0,1463833000.0,1463833000.0,0.0,0.055,0.108,1.07,0.26,24121000.0,955443000.0,1.0,289949144.0,289949144.0,,5.049,1592231000.0,16312000.0,141371000.0,337520000.0,5.491,188617000.0
29,BRO,MRT,2014-03-31,2014-03-31,2014-03-31,2021-09-07,0.0,3674289000.0,3551226250.0,964355000.0,2709934000.0,0.392,7.058,-11674000.0,502889000.0,502889000.0,0.0,209396000.0,1.217,0.79,480000000.0,0.0,480000000.0,480000000.0,0.0,87605000.0,0.0,0.012,0.19,361483000.0,449088000.0,0.323,449088000.0,361483000.0,344955000.0,0.72,0.715,0.72,2052860000.0,1981710750.0,2052860000.0,4500578474.0,12.0,10.022,307824000.0,1.058,1.0,1391861000.0,1.0,2608065000.0,16528000.0,250843000.0,197703250.0,0.0,10967000.0,10967000.0,0.0,1621429000.0,792492000.0,828937000.0,4473539474.0,-90189000.0,-368664000.0,8663000.0,29907000.0,-55139000.0,-25610000.0,-384077000.0,-3739000.0,319498000.0,0.0,209396000.0,209396000.0,209396000.0,0.0,0.0,0.15,1023284000.0,368577000.0,594656000.0,0.264,2.179,21.364,21.361,74576000.0,0.0,15.38,3.214,3.214,404471000.0,1658508000.0,1391861000.0,1391861000.0,0.0,0.059,0.106,1.828,0.26,21904000.0,909411000.0,1.0,290867326.0,290867326.0,,4.785,1066224000.0,12380000.0,135559000.0,285514000.0,3.666,171863000.0
30,BRO,MRT,2013-12-31,2013-12-31,2013-12-31,2021-09-07,0.0,3649508000.0,3440244000.0,928036000.0,2721472000.0,0.396,7.116,-10480000.0,452961000.0,452961000.0,0.0,217112000.0,1.023,0.818,480000000.0,100000000.0,380000000.0,480000000.0,0.0,85417000.0,0.0,0.012,0.185,374049000.0,459466000.0,0.337,459466000.0,374049000.0,357609000.0,0.75,0.74,0.75,2007141000.0,1933309750.0,2007141000.0,4626775924.0,12.0,10.07,378894000.0,1.343,1.0,1363279000.0,1.0,2625061000.0,16440000.0,144609000.0,204041750.0,0.0,10640000.0,10624000.0,16000.0,1642367000.0,906877000.0,735490000.0,4565055924.0,-16869000.0,-367712000.0,11161000.0,29907000.0,-53546000.0,-25611000.0,-380632000.0,-2440000.0,389374000.0,0.0,217112000.0,217112000.0,217112000.0,0.0,0.0,0.159,986697000.0,376582000.0,568518000.0,0.247,2.274,21.026,20.927,74733000.0,0.0,15.695,3.349,3.247,395915000.0,1620639000.0,1363279000.0,1363279000.0,0.0,0.063,0.112,1.833,0.274,20245000.0,878677000.0,1.0,290860524.0,282066000.0,285248000.0,4.833,1024447000.0,29276000.0,140497000.0,291704000.0,3.632,21159000.0
31,BRO,MRT,2013-09-30,2013-09-30,2013-09-30,2021-09-07,0.0,3554788000.0,3309881500.0,843748000.0,2711040000.0,0.4,6.96,-6843000.0,418280000.0,418280000.0,0.0,212524000.0,0.979,0.809,480000000.0,100000000.0,380000000.0,480000000.0,0.0,83149000.0,0.0,0.011,0.18,366514000.0,449663000.0,0.34,449663000.0,366514000.0,350394000.0,0.735,0.725,0.735,1964784000.0,1883357750.0,1964784000.0,4505249760.0,12.0,10.019,334400000.0,1.185,1.0,1322944000.0,1.0,2616238000.0,16120000.0,138481000.0,254872750.0,0.0,11693000.0,11693000.0,0.0,1590004000.0,861789000.0,728215000.0,4651279760.0,-73672000.0,-379810000.0,7014000.0,29907000.0,-51956000.0,-24747000.0,-390168000.0,-3515000.0,341243000.0,0.0,212524000.0,212524000.0,212524000.0,0.0,0.0,0.161,953365000.0,369579000.0,524220000.0,0.245,2.367,21.886,21.837,74482000.0,0.0,16.05,3.516,3.425,365705000.0,1587947000.0,1322944000.0,1322944000.0,0.0,0.064,0.113,1.438,0.277,10434000.0,850840000.0,1.0,289799362.0,282278000.0,285578000.0,4.687,938550000.0,21268000.0,137870000.0,284257000.0,3.325,-18041000.0
32,BRO,MRT,2013-06-30,2013-06-30,2013-06-30,2021-09-07,0.0,3326320000.0,3204866750.0,972572000.0,2353748000.0,0.395,6.753,-8370000.0,596063000.0,596063000.0,0.0,204279000.0,1.47,0.749,450033000.0,33000.0,450000000.0,450033000.0,0.0,80739000.0,0.0,0.011,0.178,352579000.0,433318000.0,0.342,433318000.0,352579000.0,336588000.0,0.705,0.7,0.705,1902058000.0,1834365250.0,1902058000.0,4566722190.0,13.0,10.539,321081000.0,1.14,1.0,1267434000.0,1.0,2261595000.0,15991000.0,256880000.0,286377500.0,0.0,12205000.0,12205000.0,0.0,1424262000.0,661815000.0,762447000.0,4643603190.0,191813000.0,-69705000.0,5790000.0,-663000.0,-51083000.0,-55092000.0,-82546000.0,-4471000.0,329451000.0,0.0,204279000.0,204279000.0,204279000.0,0.0,0.0,0.161,910267000.0,357167000.0,523413000.0,0.252,2.441,22.732,22.865,72929000.0,0.0,16.12,3.664,3.582,310486000.0,1543299000.0,1267434000.0,1267434000.0,0.0,0.064,0.111,1.231,0.278,6942000.0,813675000.0,1.0,288064714.0,281672000.0,286042000.0,4.5,1064725000.0,15051000.0,132309000.0,249195000.0,3.78,310757000.0
33,BRO,MRT,2013-03-31,2013-03-31,2013-03-31,2021-09-07,0.0,3230360000.0,3147609500.0,881613000.0,2348747000.0,0.392,6.603,-10835000.0,526974000.0,526974000.0,0.0,194743000.0,1.428,0.737,450093000.0,93000.0,450000000.0,450093000.0,0.0,80020000.0,0.0,0.011,0.175,337506000.0,417526000.0,0.339,417526000.0,337506000.0,321512000.0,0.675,0.665,0.675,1859256000.0,1788412500.0,1859256000.0,4677658413.0,14.0,11.203,320713000.0,1.139,1.0,1232558000.0,1.0,2259968000.0,15994000.0,276197000.0,289245000.0,0.0,7228000.0,7228000.0,0.0,1371104000.0,617314000.0,753790000.0,4611950413.0,184492000.0,-83357000.0,4854000.0,-613000.0,-50303000.0,-53287000.0,-93769000.0,423000.0,331548000.0,0.0,194743000.0,194743000.0,194743000.0,0.0,0.0,0.158,891724000.0,340834000.0,506593000.0,0.259,2.481,23.682,23.733,73067000.0,0.0,16.02,3.742,3.66,303882000.0,1504251000.0,1232558000.0,1232558000.0,0.0,0.062,0.109,1.167,0.274,7086000.0,795736000.0,1.0,287887042.0,281592000.0,285894000.0,4.377,970392000.0,16041000.0,126769000.0,244883000.0,3.446,264299000.0
34,BRO,MRT,2012-12-31,2012-12-31,2012-12-31,2021-09-07,0.0,3128058000.0,3094381250.0,759512000.0,2368546000.0,0.388,6.484,-9933000.0,384385000.0,384385000.0,0.0,184045000.0,1.338,0.731,450093000.0,93000.0,450000000.0,450093000.0,0.0,78946000.0,0.0,0.014,0.173,320908000.0,399854000.0,0.333,399854000.0,320908000.0,304811000.0,0.64,0.63,0.64,1807333000.0,1744861000.0,1807333000.0,3668920799.0,11.0,9.176,210382000.0,0.755,1.0,1200032000.0,1.0,2278052000.0,16097000.0,347933000.0,292933500.0,0.0,8183000.0,8183000.0,0.0,1320725000.0,567781000.0,752944000.0,3661601799.0,-66484000.0,-425054000.0,4342000.0,198773000.0,-49534000.0,148701000.0,-435500000.0,-513000.0,220315000.0,0.0,184045000.0,184045000.0,184045000.0,0.0,0.0,0.153,877706000.0,322326000.0,455228000.0,0.27,2.026,19.895,19.891,74337000.0,0.0,12.73,3.051,2.957,302725000.0,1457073000.0,1200032000.0,1200032000.0,0.0,0.059,0.105,1.095,0.267,7206000.0,782895000.0,1.0,287635648.0,278728000.0,284020000.0,4.305,850006000.0,24408000.0,120766000.0,237630000.0,3.05,191731000.0
35,BRO,MRT,2012-09-30,2012-09-30,2012-09-30,2021-09-07,0.0,3134729000.0,2964119500.0,785508000.0,2349221000.0,0.385,6.341,-15421000.0,442774000.0,442774000.0,0.0,177902000.0,1.26,0.772,450093000.0,93000.0,450000000.0,450093000.0,0.0,75914000.0,0.0,0.013,0.17,310720000.0,386634000.0,0.339,386634000.0,310720000.0,295275000.0,0.62,0.61,0.62,1768814000.0,1704018500.0,1768814000.0,3799754330.0,12.0,9.828,209863000.0,0.752,1.0,1141299000.0,1.0,2253949000.0,15445000.0,264500000.0,240990250.0,0.0,8176000.0,8176000.0,0.0,1365915000.0,623599000.0,742316000.0,3735310330.0,-89860000.0,-451591000.0,7915000.0,198544000.0,-48779000.0,152376000.0,-467520000.0,-508000.0,225284000.0,0.0,177902000.0,177902000.0,177902000.0,0.0,0.0,0.156,833575000.0,307724000.0,455041000.0,0.274,2.112,20.996,21.024,73191000.0,0.0,13.035,3.273,3.186,282972000.0,1427379000.0,1141299000.0,1141299000.0,0.0,0.06,0.104,1.289,0.272,13282000.0,743412000.0,1.0,286560056.0,278930000.0,284194000.0,4.092,880780000.0,18792000.0,117373000.0,229458000.0,3.158,161909000.0
36,BRO,MRT,2012-06-30,2012-06-30,2012-06-30,2021-09-07,0.0,3097291000.0,2820763000.0,751038000.0,2346253000.0,0.389,6.177,-12291000.0,386252000.0,386252000.0,0.0,172571000.0,1.171,0.803,450696000.0,663000.0,450033000.0,450696000.0,0.0,72787000.0,0.0,0.012,0.168,301322000.0,374109000.0,0.341,374109000.0,301322000.0,286318000.0,0.605,0.59,0.605,1718247000.0,1665955250.0,1718247000.0,4012750963.0,13.0,10.726,214391000.0,0.771,1.0,1097900000.0,1.0,2252106000.0,15004000.0,268350000.0,198202750.0,0.0,7729000.0,7729000.0,0.0,1379044000.0,641279000.0,737765000.0,3907337963.0,-85154000.0,-450178000.0,6729000.0,198548000.0,-48021000.0,150583000.0,-462419000.0,50000.0,226682000.0,0.0,172571000.0,172571000.0,172571000.0,0.0,0.0,0.157,801242000.0,296658000.0,516824000.0,0.278,2.274,22.642,22.537,70986000.0,0.0,13.635,3.559,3.455,295758000.0,1390109000.0,1097900000.0,1097900000.0,0.0,0.061,0.104,1.52,0.274,12358000.0,715258000.0,1.0,286566774.0,278172000.0,283656000.0,3.947,845185000.0,16281000.0,113747000.0,222773000.0,3.038,109759000.0
37,BRO,MRT,2012-03-31,2012-03-31,2012-03-31,2021-09-07,0.0,3017447000.0,2677658250.0,697791000.0,2319656000.0,0.394,6.061,-8933000.0,345233000.0,345233000.0,0.0,167135000.0,1.161,0.791,450646000.0,603000.0,450043000.0,450646000.0,0.0,69757000.0,0.0,0.014,0.165,291253000.0,361010000.0,0.343,361010000.0,291253000.0,276641000.0,0.585,0.575,0.585,1685050000.0,1629626250.0,1685050000.0,3243335696.0,11.0,8.984,202782000.0,0.729,1.0,1053800000.0,1.0,2230687000.0,14612000.0,290951000.0,162280000.0,0.0,7645000.0,7645000.0,0.0,1332397000.0,601222000.0,731175000.0,3408915696.0,-109968000.0,-463958000.0,7759000.0,198413000.0,-47278000.0,151130000.0,-472813000.0,78000.0,211715000.0,0.0,167135000.0,167135000.0,167135000.0,0.0,0.0,0.159,765042000.0,288758000.0,483993000.0,0.282,2.023,20.396,20.325,68298000.0,0.0,11.89,3.235,3.137,293993000.0,1359817000.0,1053800000.0,1053800000.0,0.0,0.062,0.103,1.795,0.276,11314000.0,683117000.0,1.0,286704432.0,278002000.0,283000000.0,3.791,786760000.0,15579000.0,109506000.0,215349000.0,2.83,96569000.0
38,BRO,MRT,2011-12-31,2011-12-31,2011-12-31,2021-09-07,7000.0,2607011000.0,2534295500.0,708127000.0,1898884000.0,0.4,5.931,-9922000.0,416840000.0,416840000.0,0.0,163995000.0,1.47,0.586,251260000.0,1227000.0,250033000.0,251260000.0,0.0,67147000.0,0.0,0.014,0.163,284653000.0,351800000.0,0.347,351800000.0,284653000.0,270521000.0,0.575,0.565,0.575,1643963000.0,1594466750.0,1643963000.0,3015840312.0,11.0,8.573,227609000.0,0.821,1.0,1013542000.0,1.0,1819651000.0,14132000.0,140160000.0,125348000.0,0.0,7627000.0,7627000.0,0.0,963048000.0,481620000.0,481428000.0,3244625312.0,13321000.0,-166055000.0,8008000.0,-2072000.0,-46494000.0,-48485000.0,-175725000.0,252000.0,237531000.0,0.0,163995000.0,163995000.0,163995000.0,0.0,0.0,0.162,731095000.0,282447000.0,349480000.0,0.283,1.974,19.785,19.678,61360000.0,0.0,11.315,3.201,3.094,240257000.0,1322562000.0,1013542000.0,1013542000.0,0.0,0.065,0.103,2.271,0.281,10278000.0,652754000.0,1.0,286754336.0,277164000.0,280528000.0,3.657,787360000.0,19863000.0,106526000.0,178052000.0,2.841,226507000.0
39,BRO,MRT,2011-09-30,2011-09-30,2011-09-30,2021-09-07,1000.0,2561303000.0,2482746250.0,732694000.0,1828609000.0,0.403,5.828,-10928000.0,480530000.0,480530000.0,0.0,159647000.0,1.501,0.584,251745000.0,1142000.0,250603000.0,251745000.0,0.0,66577000.0,0.0,0.018,0.16,277201000.0,343778000.0,0.344,343778000.0,277201000.0,262797000.0,0.56,0.55,0.56,1616561000.0,1560062000.0,1616561000.0,2396796601.0,9.0,6.972,260142000.0,0.938,1.0,999383000.0,1.0,1750887000.0,14404000.0,93350000.0,117578250.0,0.0,7612000.0,7612000.0,0.0,944742000.0,488281000.0,456461000.0,2544044601.0,77346000.0,-137324000.0,-33000.0,-3417000.0,-45719000.0,-45217000.0,-148507000.0,-255000.0,271070000.0,0.0,159647000.0,159647000.0,159647000.0,0.0,0.0,0.16,722164000.0,277219000.0,350058000.0,0.286,1.574,15.935,15.893,59807000.0,0.0,8.9,2.546,2.47,212051000.0,1298256000.0,999383000.0,999383000.0,0.0,0.064,0.102,2.358,0.277,-1666000.0,645634000.0,1.0,285847708.0,277380000.0,280886000.0,3.603,810416000.0,8837000.0,103150000.0,167074000.0,2.922,244413000.0
40,BRO,MRT,2011-06-30,2011-06-30,2011-06-30,2021-09-07,5000.0,2524872000.0,2439373250.0,697061000.0,1827811000.0,0.404,5.683,-10362000.0,398939000.0,398939000.0,0.0,159767000.0,1.386,0.605,251691000.0,1624000.0,250067000.0,251691000.0,0.0,65775000.0,0.0,0.012,0.159,277585000.0,343360000.0,0.348,343360000.0,277585000.0,263139000.0,0.56,0.555,0.56,1572931000.0,1526262250.0,1572931000.0,3537773635.0,13.0,10.303,242557000.0,0.876,1.0,986598000.0,1.0,1749994000.0,14446000.0,124659000.0,89387750.0,0.0,7737000.0,7737000.0,0.0,951941000.0,502971000.0,448970000.0,3667811635.0,-14145000.0,-209274000.0,-576000.0,-7892000.0,-45302000.0,-47528000.0,-219536000.0,100000.0,252919000.0,0.0,159767000.0,159767000.0,159767000.0,0.0,0.0,0.162,707992000.0,278606000.0,390718000.0,0.284,2.332,22.957,22.911,60039000.0,0.0,12.83,3.718,3.599,247718000.0,1265553000.0,986598000.0,986598000.0,0.0,0.065,0.105,3.105,0.281,-2931000.0,633625000.0,1.0,285877758.0,276758000.0,279884000.0,3.565,774878000.0,8143000.0,103372000.0,159900000.0,2.8,194090000.0
41,BRO,MRT,2011-03-31,2011-03-31,2011-03-31,2021-09-07,6000.0,2443996000.0,2392358250.0,654963000.0,1789033000.0,0.411,5.581,-9874000.0,381317000.0,381317000.0,0.0,163917000.0,1.424,0.582,251279000.0,1212000.0,250067000.0,251279000.0,0.0,64919000.0,0.0,0.012,0.158,284154000.0,349073000.0,0.355,349073000.0,284154000.0,269684000.0,0.575,0.57,0.575,1544412000.0,1492803000.0,1544412000.0,3533127869.0,12.0,10.121,263991000.0,0.954,1.0,983447000.0,1.0,1710887000.0,14470000.0,143223000.0,80148000.0,0.0,7481000.0,7481000.0,0.0,899584000.0,459848000.0,439736000.0,3677976869.0,36877000.0,-184288000.0,833000.0,-8128000.0,-44881000.0,-43188000.0,-193800000.0,362000.0,273865000.0,0.0,163917000.0,163917000.0,163917000.0,0.0,0.0,0.167,700370000.0,283077000.0,362372000.0,0.275,2.381,22.438,22.435,59574000.0,0.0,12.9,3.74,3.63,232688000.0,1239954000.0,983447000.0,983447000.0,0.0,0.069,0.11,3.545,0.289,-3819000.0,627788000.0,1.0,285114486.0,276702000.0,281296000.0,3.554,733109000.0,8235000.0,105767000.0,153160000.0,2.649,195115000.0
42,BRO,MRT,2010-12-31,2010-12-31,2010-12-31,2021-09-07,7000.0,2400814000.0,2343718500.0,652809000.0,1748005000.0,0.415,5.461,-8896000.0,396578000.0,396578000.0,0.0,161752000.0,1.388,0.594,251729000.0,1662000.0,250067000.0,251729000.0,0.0,64081000.0,0.0,0.013,0.157,280569000.0,344650000.0,0.354,344650000.0,280569000.0,266098000.0,0.57,0.56,0.57,1506344000.0,1458049250.0,1506344000.0,3248236118.0,12.0,9.425,287156000.0,1.041,1.0,973492000.0,1.0,1676727000.0,14471000.0,109081000.0,73739000.0,0.0,7678000.0,7678000.0,0.0,894470000.0,470157000.0,424313000.0,3414949118.0,75871000.0,-157637000.0,976000.0,-19425000.0,-44496000.0,-53690000.0,-166491000.0,42000.0,296052000.0,0.0,161752000.0,161752000.0,161752000.0,0.0,0.0,0.166,694597000.0,278895000.0,345039000.0,0.275,2.267,21.112,21.0,59713000.0,0.0,11.97,3.508,3.392,214446000.0,1205061000.0,973492000.0,973492000.0,0.0,0.069,0.111,3.805,0.288,-4546000.0,623671000.0,1.0,285292324.0,275848000.0,278636000.0,3.529,724087000.0,20076000.0,104346000.0,146482000.0,2.625,182652000.0
43,BRO,MRT,2010-09-30,2010-09-30,2010-09-30,2021-09-07,5000.0,2387811000.0,2299571500.0,669721000.0,1718090000.0,0.416,5.364,-8302000.0,418469000.0,418469000.0,0.0,153259000.0,1.127,0.612,251756000.0,101689000.0,150067000.0,251756000.0,0.0,63340000.0,0.0,0.015,0.156,269766000.0,333106000.0,0.348,333106000.0,269766000.0,255208000.0,0.535,0.54,0.535,1481362000.0,1423931750.0,1481362000.0,2687520837.0,10.0,8.068,250230000.0,0.906,1.0,957716000.0,1.0,1646184000.0,14558000.0,-19412000.0,75713000.0,0.0,7669000.0,7669000.0,0.0,906449000.0,594326000.0,312123000.0,2870613837.0,70904000.0,-121783000.0,9758000.0,-24136000.0,-44092000.0,-58073000.0,-129555000.0,530000.0,258532000.0,0.0,153259000.0,153259000.0,153259000.0,0.0,0.0,0.16,688986000.0,268730000.0,347206000.0,0.292,1.938,18.73,18.869,59721000.0,0.0,10.095,2.997,2.911,224299000.0,1184328000.0,957716000.0,957716000.0,0.0,0.067,0.108,3.563,0.282,7345000.0,618301000.0,1.0,284359964.0,276186000.0,279014000.0,3.468,741627000.0,0.0,101949000.0,130905000.0,2.685,75395000.0
44,BRO,MRT,2010-06-30,2010-06-30,2010-06-30,2021-09-07,3000.0,2336812000.0,2262149250.0,709261000.0,1627551000.0,0.422,5.226,-8715000.0,438859000.0,438859000.0,0.0,149927000.0,1.407,0.624,255766000.0,5766000.0,250000000.0,255766000.0,0.0,63146000.0,0.0,0.016,0.154,264238000.0,327384000.0,0.343,327384000.0,264238000.0,249665000.0,0.525,0.53,0.525,1439094000.0,1392264750.0,1439094000.0,2601636321.0,10.0,7.947,194614000.0,0.707,1.0,953866000.0,1.0,1561937000.0,14573000.0,87700000.0,107126500.0,0.0,8135000.0,8135000.0,0.0,897718000.0,504082000.0,393636000.0,2720756321.0,103017000.0,-39882000.0,11676000.0,-19600000.0,-43691000.0,-51203000.0,-49109000.0,-512000.0,203329000.0,0.0,149927000.0,149927000.0,149927000.0,0.0,0.0,0.157,690857000.0,263009000.0,381059000.0,0.293,1.891,18.147,18.229,60074000.0,0.0,9.57,2.852,2.763,233597000.0,1151088000.0,953866000.0,953866000.0,0.0,0.066,0.108,2.467,0.277,7582000.0,620129000.0,1.0,284300556.0,275370000.0,278210000.0,3.464,774875000.0,0.0,99738000.0,124667000.0,2.814,205179000.0
45,BRO,MRT,2010-03-31,2010-03-31,2010-03-31,2021-09-07,5000.0,2249437000.0,2235499250.0,626124000.0,1623313000.0,0.428,5.106,-8692000.0,375165000.0,375165000.0,0.0,149410000.0,1.374,0.601,256045000.0,6015000.0,250030000.0,256045000.0,0.0,63185000.0,0.0,0.017,0.153,263204000.0,326389000.0,0.341,326389000.0,263204000.0,248631000.0,0.525,0.53,0.525,1405397000.0,1360787500.0,1405397000.0,2461928783.0,9.0,7.543,193524000.0,0.703,1.0,956570000.0,1.0,1557081000.0,14573000.0,117587000.0,95896500.0,0.0,8345000.0,8345000.0,0.0,844040000.0,455649000.0,388391000.0,2546965783.0,102366000.0,-33916000.0,10101000.0,-23407000.0,-43293000.0,-56356000.0,-43494000.0,-886000.0,202216000.0,0.0,149410000.0,149410000.0,149410000.0,0.0,0.0,0.156,694062000.0,262508000.0,356634000.0,0.291,1.812,17.047,17.067,60325000.0,0.0,8.96,2.663,2.578,211897000.0,1120918000.0,956570000.0,956570000.0,0.0,0.067,0.11,2.745,0.275,7497000.0,623380000.0,1.0,284259574.0,275246000.0,275582000.0,3.475,692356000.0,0.0,99221000.0,119184000.0,2.515,170475000.0
46,BRO,MRT,2009-12-31,2009-12-31,2009-12-31,2021-09-07,5000.0,2224226000.0,2209969000.0,613699000.0,1610527000.0,0.438,4.993,-10005000.0,352370000.0,352370000.0,0.0,153294000.0,1.281,0.624,267333000.0,17124000.0,250209000.0,267333000.0,0.0,63097000.0,0.0,0.017,0.151,269353000.0,332450000.0,0.343,332450000.0,269353000.0,254754000.0,0.54,0.54,0.54,1369874000.0,1329796500.0,1369874000.0,2469303108.0,9.0,7.428,211580000.0,0.771,1.0,967877000.0,1.0,1543259000.0,14599000.0,116977000.0,89889250.0,0.0,8213000.0,8213000.0,0.0,854352000.0,478953000.0,375399000.0,2552340108.0,118556000.0,-44682000.0,10142000.0,-15089000.0,-42896000.0,-47600000.0,-55429000.0,-742000.0,221585000.0,0.0,153294000.0,153294000.0,153294000.0,0.0,0.0,0.158,698524000.0,269353000.0,327727000.0,0.28,1.863,16.65,16.639,61467000.0,0.0,8.985,2.637,2.547,209462000.0,1087805000.0,967877000.0,967877000.0,0.0,0.069,0.115,2.996,0.278,7358000.0,628069000.0,1.0,284066790.0,274346000.0,275014000.0,3.528,680967000.0,11791000.0,101460000.0,115609000.0,2.482,134746000.0
47,BRO,MRT,2009-09-30,2009-09-30,2009-09-30,2021-09-07,4000.0,2238122000.0,2183807500.0,628321000.0,1609801000.0,0.451,4.934,-10129000.0,345090000.0,345090000.0,0.0,163014000.0,1.237,0.652,262053000.0,11464000.0,250589000.0,262053000.0,0.0,62526000.0,0.0,0.016,0.15,282436000.0,344962000.0,0.35,344962000.0,282436000.0,267903000.0,0.58,0.575,0.58,1354694000.0,1297763250.0,1354694000.0,2614888531.0,9.0,7.58,316817000.0,1.154,1.0,985805000.0,1.0,1540898000.0,14533000.0,106242000.0,89247250.0,0.0,8219000.0,8219000.0,0.0,883428000.0,507945000.0,375483000.0,2710699531.0,186247000.0,-84056000.0,10158000.0,-13474000.0,-42500000.0,-45568000.0,-95131000.0,-946000.0,326946000.0,0.0,163014000.0,163014000.0,163014000.0,0.0,0.0,0.165,703369000.0,282436000.0,364764000.0,0.259,2.001,16.629,16.517,62324000.0,0.0,9.58,2.75,2.668,238525000.0,1075161000.0,985805000.0,985805000.0,0.0,0.075,0.126,3.165,0.287,6994000.0,633849000.0,1.0,282954022.0,274558000.0,275342000.0,3.591,697224000.0,0.0,104889000.0,107996000.0,2.539,120376000.0
48,BRO,MRT,2009-06-30,2009-06-30,2009-06-30,2021-09-07,0.0,2230212000.0,2151102250.0,617520000.0,1612692000.0,0.46,4.795,-9652000.0,350115000.0,350115000.0,0.0,162646000.0,1.117,0.698,254304000.0,4015000.0,250289000.0,254304000.0,0.0,62407000.0,0.0,0.015,0.147,282284000.0,344691000.0,0.349,344691000.0,282284000.0,267506000.0,0.58,0.575,0.58,1313185000.0,1263287000.0,1313185000.0,2811534750.0,10.0,8.157,354720000.0,1.295,1.0,989068000.0,1.0,1538741000.0,14778000.0,42780000.0,87090000.0,0.0,7640000.0,7640000.0,0.0,917027000.0,552880000.0,364147000.0,2820860750.0,189994000.0,-115131000.0,10880000.0,-17841000.0,-41745000.0,-48568000.0,-125810000.0,-1027000.0,364372000.0,0.0,162646000.0,162646000.0,162646000.0,0.0,0.0,0.164,706784000.0,282284000.0,431369000.0,0.253,2.148,17.344,17.181,63189000.0,0.0,9.965,2.852,2.759,235463000.0,1044852000.0,989068000.0,989068000.0,0.0,0.076,0.129,3.241,0.285,7081000.0,637296000.0,1.0,283076844.0,273878000.0,274608000.0,3.611,691471000.0,0.0,104860000.0,98635000.0,2.525,64640000.0
49,BRO,MRT,2009-03-31,2009-03-31,2009-03-31,2021-09-07,-1000.0,2147316000.0,2111757500.0,532409000.0,1614907000.0,0.466,4.679,-10715000.0,267279000.0,267279000.0,0.0,162376000.0,1.051,0.676,257953000.0,6526000.0,251427000.0,257953000.0,0.0,61273000.0,0.0,0.015,0.145,282011000.0,343284000.0,0.349,343284000.0,282011000.0,267121000.0,0.58,0.575,0.58,1281433000.0,1228539000.0,1281433000.0,2713520537.0,10.0,7.905,378739000.0,1.383,1.0,984419000.0,1.0,1537861000.0,14890000.0,93558000.0,100522750.0,0.0,7471000.0,7471000.0,0.0,865883000.0,506571000.0,359312000.0,2677049537.0,109449000.0,-218819000.0,10895000.0,-18264000.0,-40978000.0,-48209000.0,-231796000.0,-2262000.0,389454000.0,0.0,162376000.0,162376000.0,162376000.0,0.0,0.0,0.165,702408000.0,282011000.0,399240000.0,0.25,2.089,16.487,16.302,63354000.0,0.0,9.455,2.719,2.63,230838000.0,1014801000.0,984419000.0,984419000.0,0.0,0.077,0.132,2.805,0.286,7186000.0,633949000.0,1.0,283135858.0,273870000.0,274440000.0,3.594,609455000.0,0.0,104745000.0,93289000.0,2.225,25838000.0
50,BRO,MRT,2008-12-31,2008-12-31,2008-12-31,2021-09-07,13000.0,2119580000.0,2071465750.0,523032000.0,1596548000.0,0.472,4.555,-9515000.0,223307000.0,223307000.0,0.0,166124000.0,1.001,0.707,259778000.0,6162000.0,253616000.0,259778000.0,0.0,59917000.0,0.0,0.014,0.143,287188000.0,347105000.0,0.355,347105000.0,287188000.0,272498000.0,0.59,0.585,0.59,1241741000.0,1193638500.0,1241741000.0,2977903273.0,10.0,8.579,332238000.0,1.219,1.0,977554000.0,1.0,1518999000.0,14690000.0,114409000.0,108601250.0,0.0,7511000.0,7511000.0,0.0,877839000.0,522643000.0,355196000.0,2957161273.0,40323000.0,-263400000.0,10914000.0,4658000.0,-40207000.0,-24497000.0,-276933000.0,-4018000.0,341753000.0,0.0,166124000.0,166124000.0,166124000.0,0.0,0.0,0.17,690366000.0,287188000.0,376579000.0,0.242,2.381,17.801,17.712,63520000.0,0.0,10.45,3.025,2.914,244515000.0,977407000.0,977554000.0,977554000.0,0.0,0.08,0.139,2.644,0.294,7314000.0,623135000.0,1.0,282981940.0,272638000.0,273768000.0,3.586,600581000.0,14171000.0,106374000.0,90143000.0,2.203,389000.0
51,BRO,MRT,2008-09-30,2008-09-30,2008-09-30,2021-09-07,13000.0,2107301000.0,2031735500.0,540228000.0,1567073000.0,0.474,4.46,-12375000.0,240616000.0,240616000.0,0.0,165755000.0,0.999,0.732,261358000.0,7703000.0,253655000.0,261358000.0,0.0,58627000.0,0.0,0.013,0.14,286168000.0,344795000.0,0.358,344795000.0,286168000.0,271766000.0,0.59,0.59,0.59,1216789000.0,1157567750.0,1216789000.0,3087211051.0,11.0,8.954,240540000.0,0.882,1.0,962690000.0,1.0,1489457000.0,14402000.0,97613000.0,95365750.0,0.0,7287000.0,7287000.0,0.0,890512000.0,540973000.0,349539000.0,3042122051.0,-74025000.0,-285554000.0,10610000.0,3537000.0,-39444000.0,-25272000.0,-301668000.0,-3739000.0,252915000.0,0.0,165755000.0,165755000.0,165755000.0,0.0,0.0,0.172,676522000.0,286168000.0,407430000.0,0.237,2.5,18.353,18.322,63673000.0,0.0,10.81,3.16,3.063,256479000.0,954647000.0,962690000.0,962690000.0,0.0,0.082,0.143,3.001,0.297,6903000.0,610992000.0,1.0,281417396.0,272818000.0,273882000.0,3.529,617844000.0,0.0,106011000.0,83972000.0,2.265,-745000.0
52,BRO,MRT,2008-06-30,2008-06-30,2008-06-30,2021-09-07,8000.0,2072833000.0,1983750000.0,529301000.0,1543532000.0,0.48,4.172,-12716000.0,215630000.0,215630000.0,0.0,171378000.0,0.948,0.765,260719000.0,7070000.0,253649000.0,260719000.0,0.0,56499000.0,0.0,0.016,0.135,294037000.0,350536000.0,0.368,350536000.0,294037000.0,280107000.0,0.61,0.61,0.61,1174193000.0,1121616750.0,1174193000.0,2450890221.0,8.0,6.992,249712000.0,0.887,1.0,952945000.0,1.0,1463107000.0,13930000.0,96511000.0,91665250.0,0.0,6625000.0,6625000.0,0.0,898640000.0,558304000.0,340336000.0,2447182221.0,-67942000.0,-287525000.0,11245000.0,-36000.0,-37997000.0,-26645000.0,-303725000.0,-3484000.0,262428000.0,0.0,171378000.0,171378000.0,171378000.0,0.0,0.0,0.18,658908000.0,294037000.0,445294000.0,0.221,2.084,14.279,14.254,64223000.0,0.0,8.695,2.568,2.568,264166000.0,923951000.0,952945000.0,952945000.0,0.0,0.086,0.153,3.208,0.309,6575000.0,595834000.0,1.0,281447064.0,281446000.0,282530000.0,3.386,609726000.0,0.0,108729000.0,74459000.0,2.166,-29003000.0
53,BRO,MRT,2008-03-31,2008-03-31,2008-03-31,2021-09-07,14000.0,1986149000.0,1936714750.0,547506000.0,1438643000.0,0.495,4.058,-10927000.0,256340000.0,256340000.0,0.0,182992000.0,1.077,0.739,260048000.0,7421000.0,252627000.0,260048000.0,0.0,55019000.0,0.0,0.015,0.13,311611000.0,366630000.0,0.383,366630000.0,311611000.0,298009000.0,0.65,0.65,0.65,1141831000.0,1083797250.0,1141831000.0,2392414083.0,8.0,6.525,180481000.0,0.641,1.0,957869000.0,1.0,1355642000.0,13602000.0,125872000.0,82329500.0,0.0,4673000.0,4673000.0,0.0,844318000.0,508343000.0,335975000.0,2445826083.0,-84343000.0,-243182000.0,11226000.0,-4811000.0,-36569000.0,-29863000.0,-245888000.0,8221000.0,191408000.0,0.0,182992000.0,182992000.0,182992000.0,0.0,0.0,0.191,646258000.0,311611000.0,412494000.0,0.2,2.142,13.366,13.369,62199000.0,0.0,8.69,2.553,2.553,231471000.0,893403000.0,957869000.0,957869000.0,0.0,0.094,0.169,3.785,0.325,6109000.0,585130000.0,1.0,281452944.0,281408000.0,282654000.0,3.404,630507000.0,0.0,115017000.0,69048000.0,2.241,39163000.0
54,BRO,MRT,2007-12-31,2007-12-31,2007-12-31,2021-09-07,13000.0,1960659000.0,1897029250.0,587382000.0,1373277000.0,0.506,4.047,-23930000.0,292638000.0,292638000.0,0.0,190959000.0,1.056,0.787,239226000.0,11519000.0,227707000.0,239226000.0,0.0,53199000.0,0.0,0.011,0.125,325329000.0,378528000.0,0.394,378528000.0,325329000.0,311527000.0,0.68,0.675,0.68,1097458000.0,1044299000.0,1097458000.0,3242468299.0,10.0,8.566,191410000.0,0.706,1.0,959667000.0,1.0,1289657000.0,13802000.0,61467000.0,65251250.0,0.0,2892000.0,2892000.0,0.0,863201000.0,556123000.0,307078000.0,3306662299.0,-50256000.0,-212303000.0,11320000.0,-29142000.0,-35125000.0,-48383000.0,-217213000.0,19020000.0,215340000.0,0.0,190959000.0,190959000.0,190959000.0,0.0,0.0,0.199,634338000.0,325329000.0,412794000.0,0.184,3.013,17.316,17.279,62327000.0,0.0,11.75,3.446,3.32,240680000.0,851490000.0,959667000.0,959667000.0,0.0,0.101,0.183,4.986,0.339,5667000.0,575472000.0,1.0,281418068.0,271152000.0,272714000.0,3.539,671002000.0,17208000.0,120568000.0,65736000.0,2.475,31259000.0
55,BRO,MRT,2007-09-30,2007-09-30,2007-09-30,2021-09-07,58000.0,1915359000.0,1858852500.0,611015000.0,1304344000.0,0.515,3.816,-20969000.0,301171000.0,301171000.0,0.0,195578000.0,1.124,0.785,236977000.0,11574000.0,225403000.0,236977000.0,0.0,51728000.0,0.0,0.009,0.12,333828000.0,385556000.0,0.403,385556000.0,333828000.0,320106000.0,0.695,0.69,0.695,1072985000.0,1002270750.0,1072985000.0,3625023448.0,11.0,9.402,208508000.0,0.742,1.0,957091000.0,1.0,1224539000.0,13722000.0,82811000.0,62472500.0,0.0,3673000.0,3021000.0,652000.0,842374000.0,543815000.0,298559000.0,3690852448.0,11370000.0,-149908000.0,11524000.0,-49057000.0,-33673000.0,-66063000.0,-152044000.0,18833000.0,229477000.0,0.0,195578000.0,195578000.0,195578000.0,0.0,0.0,0.204,623263000.0,333828000.0,420458000.0,0.173,3.44,18.872,18.921,58322000.0,0.0,13.15,3.856,3.863,271606000.0,828336000.0,957091000.0,957091000.0,0.0,0.105,0.195,5.344,0.349,5142000.0,566393000.0,1.0,280673190.0,281186000.0,282576000.0,3.404,690820000.0,0.0,124528000.0,60596000.0,2.457,67200000.0
56,BRO,MRT,2007-06-30,2007-06-30,2007-06-30,2021-09-07,74000.0,1884692000.0,1830804750.0,611707000.0,1272985000.0,0.509,3.643,-21801000.0,308451000.0,308451000.0,0.0,189632000.0,1.073,0.842,242622000.0,17190000.0,225432000.0,242622000.0,0.0,50195000.0,0.0,0.009,0.115,323792000.0,373987000.0,0.401,373987000.0,323792000.0,310236000.0,0.675,0.67,0.675,1022915000.0,958005000.0,1022915000.0,3434423244.0,11.0,9.183,203569000.0,0.725,1.0,931772000.0,1.0,1189482000.0,13556000.0,59168000.0,41977250.0,0.0,3286000.0,2637000.0,649000.0,861777000.0,570213000.0,291564000.0,3529731244.0,34794000.0,-166543000.0,11370000.0,-5712000.0,-32222000.0,-21539000.0,-169037000.0,19307000.0,225370000.0,0.0,189632000.0,189632000.0,189632000.0,0.0,0.0,0.204,607980000.0,323792000.0,453557000.0,0.17,3.451,18.614,18.622,58493000.0,0.0,12.57,3.788,3.788,273811000.0,790570000.0,931772000.0,931772000.0,0.0,0.104,0.198,7.714,0.348,4488000.0,553297000.0,1.0,280805986.0,280768000.0,282240000.0,3.319,695210000.0,0.0,120604000.0,53556000.0,2.476,41494000.0
57,BRO,MRT,2007-03-31,2007-03-31,2007-03-31,2021-09-07,5929000.0,1827407000.0,1788439500.0,623853000.0,1203554000.0,0.507,3.508,-24190000.0,342118000.0,342118000.0,0.0,182051000.0,1.135,0.857,246810000.0,20594000.0,226216000.0,246810000.0,0.0,48754000.0,0.0,0.008,0.11,310176000.0,358930000.0,0.396,358930000.0,310176000.0,296707000.0,0.65,0.645,0.65,983838000.0,914772250.0,983838000.0,3713737271.0,12.0,10.347,218383000.0,0.779,1.0,905935000.0,1.0,1124761000.0,13469000.0,57559000.0,24477500.0,0.0,12989000.0,12345000.0,644000.0,843569000.0,549779000.0,293790000.0,3800080271.0,27650000.0,-126053000.0,11499000.0,-59262000.0,-30774000.0,-73660000.0,-141263000.0,8980000.0,242573000.0,0.0,182051000.0,182051000.0,182051000.0,0.0,0.0,0.201,595759000.0,310176000.0,449468000.0,0.169,3.863,20.874,20.808,58059000.0,0.0,13.525,4.195,4.187,244131000.0,746980000.0,905935000.0,905935000.0,0.0,0.102,0.199,12.672,0.342,4588000.0,542417000.0,1.0,280967118.0,280442000.0,282388000.0,3.23,702646000.0,0.0,114656000.0,53638000.0,2.505,74074000.0
58,BRO,MRT,2006-12-31,2006-12-31,2006-12-31,2021-09-07,9144000.0,1807952000.0,1752188250.0,648206000.0,1159746000.0,0.501,3.328,-13580000.0,330677000.0,330677000.0,0.0,172350000.0,1.097,0.945,244334000.0,18082000.0,226252000.0,244334000.0,0.0,47807000.0,0.0,0.007,0.105,293398000.0,341205000.0,0.389,341205000.0,293398000.0,280041000.0,0.615,0.61,0.615,929345000.0,871463250.0,929345000.0,3877077206.0,13.0,11.363,211634000.0,0.758,1.0,878004000.0,1.0,1080590000.0,13357000.0,50352000.0,13552250.0,0.0,18735000.0,2909000.0,15826000.0,878607000.0,590667000.0,287940000.0,3948456206.0,-12090000.0,-143737000.0,11274000.0,-62432000.0,-29341000.0,-79895000.0,-157409000.0,-92000.0,225214000.0,0.0,172350000.0,172350000.0,172350000.0,0.0,0.0,0.196,584606000.0,293398000.0,453303000.0,0.171,4.249,22.91,22.935,44170000.0,0.0,14.105,4.497,4.486,282440000.0,695656000.0,878004000.0,878004000.0,0.0,0.098,0.198,21.649,0.334,5416000.0,531383000.0,1.0,279933088.0,279268000.0,282040000.0,3.144,727362000.0,0.0,107691000.0,49721000.0,2.605,57539000.0
59,BRO,MRT,2006-09-30,2006-09-30,2006-09-30,2021-09-07,6568000.0,1803168000.0,1702365250.0,648260000.0,1154908000.0,0.505,3.207,-14714000.0,340698000.0,340698000.0,0.0,170444000.0,1.005,1.013,269319000.0,64418000.0,204901000.0,269319000.0,0.0,46899000.0,0.0,0.006,0.088,289086000.0,335985000.0,0.391,335985000.0,289086000.0,275428000.0,0.615,0.615,0.615,895922000.0,830213000.0,895922000.0,4179579982.0,14.0,12.44,222226000.0,0.796,1.0,860211000.0,1.0,1085648000.0,13658000.0,830000.0,10527250.0,0.0,14505000.0,2757000.0,11748000.0,907246000.0,645311000.0,261935000.0,4262515982.0,-14075000.0,-179211000.0,11205000.0,-40485000.0,-27892000.0,-57172000.0,-193843000.0,82000.0,236940000.0,0.0,170444000.0,170444000.0,170444000.0,0.0,0.0,0.198,571125000.0,289086000.0,469494000.0,0.143,4.758,25.008,24.846,44630000.0,0.0,15.28,4.955,4.962,268195000.0,666431000.0,860211000.0,860211000.0,0.0,0.1,0.205,27.461,0.336,5578000.0,518648000.0,1.0,278960470.0,279336000.0,282054000.0,3.079,717520000.0,0.0,104984000.0,44466000.0,2.569,2949000.0
60,BRO,MRT,2006-06-30,2006-06-30,2006-06-30,2021-09-07,5296000.0,1715231000.0,1633008000.0,610403000.0,1104828000.0,0.514,3.046,-14343000.0,309107000.0,309107000.0,0.0,164957000.0,1.006,1.018,226171000.0,17990000.0,208181000.0,226171000.0,0.0,45878000.0,0.0,0.005,0.072,279619000.0,325497000.0,0.388,325497000.0,279619000.0,265552000.0,0.595,0.595,0.595,849984000.0,789932250.0,849984000.0,4031703474.0,14.0,12.386,221586000.0,0.794,1.0,838891000.0,1.0,1036279000.0,14067000.0,-10831000.0,24249750.0,0.0,12455000.0,2799000.0,9656000.0,865247000.0,606847000.0,258400000.0,4077269474.0,-9792000.0,-136040000.0,9821000.0,-78944000.0,-26446000.0,-95569000.0,-150152000.0,231000.0,235929000.0,0.0,164957000.0,164957000.0,164957000.0,0.0,0.0,0.197,559272000.0,279619000.0,497136000.0,0.121,4.797,24.717,24.555,43730000.0,0.0,14.61,4.86,4.859,276730000.0,633159000.0,838891000.0,838891000.0,0.0,0.101,0.209,11.531,0.333,5422000.0,507972000.0,1.0,279073886.0,279022000.0,282012000.0,3.007,678952000.0,0.0,100595000.0,37531000.0,2.433,3556000.0
61,BRO,MRT,2006-03-31,2006-03-31,2006-03-31,2021-09-07,4934000.0,1682402000.0,1571059250.0,607033000.0,1075369000.0,0.518,2.908,-12698000.0,329768000.0,329768000.0,0.0,157559000.0,0.991,1.075,284202000.0,73370000.0,210832000.0,284202000.0,0.0,44999000.0,0.0,0.003,0.058,269502000.0,314501000.0,0.386,314501000.0,269502000.0,255053000.0,0.57,0.57,0.57,810602000.0,751108000.0,810602000.0,4567368542.0,17.0,14.523,193914000.0,0.696,1.0,814015000.0,1.0,1010275000.0,14449000.0,13858000.0,40186000.0,0.0,11886000.0,2767000.0,9119000.0,871800000.0,612703000.0,259097000.0,4628011542.0,-11299000.0,-120110000.0,9820000.0,-70689000.0,-25003000.0,-85872000.0,-132039000.0,769000.0,206612000.0,0.0,157559000.0,157559000.0,157559000.0,0.0,0.0,0.194,544513000.0,269502000.0,469415000.0,0.102,5.709,29.373,29.123,41726000.0,0.0,16.6,5.685,5.685,245357000.0,595703000.0,814015000.0,814015000.0,0.0,0.1,0.21,6.706,0.331,4776000.0,494738000.0,1.0,278795876.0,278766000.0,281646000.0,2.92,672127000.0,0.0,97494000.0,34961000.0,2.411,-5670000.0
62,BRO,MRT,2005-12-31,2005-12-31,2005-12-31,2021-09-07,4446000.0,1608660000.0,1515840000.0,619767000.0,988893000.0,0.518,2.758,-11064000.0,330452000.0,330452000.0,0.0,150551000.0,1.063,1.105,269809000.0,55630000.0,214179000.0,269809000.0,0.0,43306000.0,0.0,0.003,0.043,258599000.0,301905000.0,0.384,301905000.0,258599000.0,244130000.0,0.545,0.54,0.545,764344000.0,714082250.0,764344000.0,4200782517.0,16.0,13.914,204024000.0,0.736,1.0,785807000.0,1.0,926947000.0,14469000.0,38252000.0,65504750.0,0.0,11169000.0,2748000.0,8421000.0,844316000.0,582818000.0,261498000.0,4245255517.0,-87526000.0,-262181000.0,9717000.0,-16117000.0,-23566000.0,-29966000.0,-272648000.0,597000.0,215088000.0,0.0,150551000.0,150551000.0,150551000.0,0.0,0.0,0.192,527208000.0,258599000.0,418627000.0,0.079,5.554,28.198,28.018,39398000.0,0.0,15.27,5.402,5.385,257930000.0,552647000.0,785807000.0,785807000.0,0.0,0.099,0.211,3.948,0.329,3337000.0,480565000.0,1.0,278012804.0,277126000.0,279552000.0,2.836,681713000.0,0.0,93579000.0,35489000.0,2.46,36949000.0
63,BRO,MRT,2005-09-30,2005-09-30,2005-09-30,2021-09-07,4781000.0,1525739000.0,1426054250.0,577221000.0,948518000.0,0.527,2.653,-7301000.0,311993000.0,311993000.0,0.0,145090000.0,1.079,1.076,267520000.0,50065000.0,217455000.0,267520000.0,0.0,40094000.0,0.0,0.003,0.04,247822000.0,287916000.0,0.383,287916000.0,247822000.0,233474000.0,0.523,0.525,0.523,734799000.0,679077500.0,734799000.0,3426233763.0,14.0,11.9,163259000.0,0.589,1.0,751996000.0,1.0,890677000.0,14348000.0,55720000.0,90482750.0,0.0,11933000.0,2639000.0,9294000.0,790940000.0,534869000.0,256071000.0,3435732763.0,-103485000.0,-235449000.0,9712000.0,-16543000.0,-22150000.0,-28981000.0,-245064000.0,-2314000.0,170560000.0,0.0,145090000.0,145090000.0,145090000.0,0.0,0.0,0.193,504174000.0,247822000.0,391291000.0,0.076,4.676,23.68,23.752,38526000.0,0.0,12.422,4.569,4.575,235116000.0,523879000.0,751996000.0,751996000.0,0.0,0.102,0.214,2.739,0.33,3135000.0,459095000.0,1.0,276573376.0,276968000.0,279276000.0,2.715,635062000.0,0.0,88384000.0,29571000.0,2.293,42352000.0
64,BRO,MRT,2005-06-30,2005-06-30,2005-06-30,2021-09-07,3753000.0,1467436000.0,1351067250.0,523764000.0,943672000.0,0.534,2.511,-6831000.0,279444000.0,279444000.0,0.0,140393000.0,1.011,1.112,269945000.0,49699000.0,220246000.0,269945000.0,0.0,37119000.0,0.0,0.003,0.039,238996000.0,276115000.0,0.383,276115000.0,238996000.0,226041000.0,0.508,0.508,0.508,694687000.0,645006500.0,694687000.0,3149153688.0,13.0,11.405,165290000.0,0.598,1.0,721732000.0,1.0,887153000.0,12955000.0,52914000.0,108853250.0,0.0,10771000.0,2831000.0,7940000.0,772749000.0,517870000.0,254879000.0,3107703688.0,6556000.0,-274264000.0,7855000.0,131556000.0,-21439000.0,117972000.0,-283537000.0,-2442000.0,172121000.0,0.0,140393000.0,140393000.0,140393000.0,0.0,0.0,0.195,482736000.0,238996000.0,391175000.0,0.077,4.474,22.136,22.116,38489000.0,0.0,11.235,4.306,4.306,217209000.0,494649000.0,721732000.0,721732000.0,0.0,0.104,0.218,2.196,0.331,2972000.0,441313000.0,1.0,276609140.0,276624000.0,278952000.0,2.609,580283000.0,0.0,85648000.0,25555000.0,2.098,5894000.0
65,BRO,MRT,2005-03-31,2005-03-31,2005-03-31,2021-09-07,3984000.0,1461525000.0,1232733000.0,523690000.0,937835000.0,0.555,2.395,-4984000.0,283114000.0,283114000.0,0.0,135513000.0,1.036,1.206,324564000.0,66019000.0,258545000.0,324564000.0,0.0,33987000.0,0.0,0.003,0.038,228089000.0,262076000.0,0.383,262076000.0,228089000.0,218102000.0,0.49,0.487,0.49,662499000.0,612809250.0,662499000.0,3095311851.0,14.0,11.811,158974000.0,0.575,1.0,683743000.0,1.0,882216000.0,9987000.0,115133000.0,83261500.0,0.0,11647000.0,3342000.0,8305000.0,799026000.0,505626000.0,293400000.0,3187702851.0,66535000.0,-308509000.0,7915000.0,231836000.0,-20723000.0,219028000.0,-316451000.0,-2958000.0,163958000.0,0.0,135513000.0,135513000.0,135513000.0,0.0,0.0,0.198,455654000.0,228089000.0,376834000.0,0.078,4.812,23.523,23.515,37451000.0,0.0,11.523,4.662,4.662,214702000.0,463147000.0,683743000.0,683743000.0,0.0,0.11,0.221,2.739,0.334,2849000.0,418151000.0,1.0,276650280.0,276648000.0,278844000.0,2.472,579309000.0,0.0,82589000.0,24576000.0,2.094,18064000.0
66,BRO,MRT,2004-12-31,2004-12-31,2004-12-31,2021-09-07,4467000.0,1249517000.0,1097506750.0,539966000.0,709551000.0,0.589,2.265,-3822000.0,335589000.0,335589000.0,0.0,128843000.0,1.479,1.001,243198000.0,16135000.0,227063000.0,243198000.0,0.0,31056000.0,0.0,0.003,0.036,214105000.0,245161000.0,0.379,245161000.0,214105000.0,206949000.0,0.465,0.465,0.465,624325000.0,581210750.0,624325000.0,2930893235.0,14.0,11.955,166381000.0,0.604,1.0,646934000.0,1.0,653852000.0,7156000.0,138164000.0,41313000.0,0.0,12491000.0,3163000.0,9328000.0,625192000.0,365110000.0,260082000.0,3011506235.0,131180000.0,-202664000.0,8107000.0,181394000.0,-20003000.0,169498000.0,-208521000.0,-2035000.0,170203000.0,0.0,128843000.0,128843000.0,128843000.0,0.0,0.0,0.199,432829000.0,214105000.0,258671000.0,0.077,4.824,23.373,23.414,33438000.0,0.0,10.887,4.655,4.639,172395000.0,425662000.0,646934000.0,646934000.0,0.0,0.117,0.222,5.183,0.331,2859000.0,399148000.0,1.0,276602180.0,275636000.0,277776000.0,2.347,595665000.0,0.0,78106000.0,24859000.0,2.161,174856000.0
67,BRO,MRT,2004-09-30,2004-09-30,2004-09-30,2021-09-07,4284000.0,1225791000.0,1001591000.0,520470000.0,705321000.0,0.618,2.168,-12729000.0,327887000.0,327887000.0,0.0,124388000.0,1.432,1.048,247274000.0,16451000.0,230823000.0,247274000.0,0.0,29386000.0,0.0,0.003,0.035,205989000.0,235375000.0,0.38,235375000.0,205989000.0,201477000.0,0.455,0.448,0.455,598515000.0,549638250.0,598515000.0,3082121126.0,15.0,13.095,151049000.0,0.547,1.0,618789000.0,1.0,652554000.0,4512000.0,129202000.0,1767250.0,0.0,9924000.0,277000.0,9647000.0,627276000.0,363422000.0,263854000.0,3148931126.0,111472000.0,-203477000.0,8179000.0,174048000.0,-19274000.0,162953000.0,-215259000.0,947000.0,163778000.0,0.0,124388000.0,124388000.0,124388000.0,0.0,0.0,0.201,412800000.0,205989000.0,267695000.0,0.077,5.261,25.315,25.11,33402000.0,0.0,11.425,5.089,5.097,169403000.0,400939000.0,618789000.0,618789000.0,0.0,0.124,0.226,116.559,0.333,2532000.0,383414000.0,1.0,275617604.0,276036000.0,278352000.0,2.242,573237000.0,0.0,77089000.0,23884000.0,2.077,157048000.0
68,BRO,MRT,2004-06-30,2004-06-30,2004-06-30,2021-09-07,4745000.0,994099000.0,908649750.0,334466000.0,659633000.0,0.651,2.057,-10560000.0,169578000.0,169578000.0,0.0,120353000.0,0.91,0.757,102768000.0,68455000.0,34313000.0,102768000.0,0.0,27697000.0,0.0,0.003,0.034,197972000.0,225669000.0,0.381,225669000.0,197972000.0,194847000.0,0.44,0.435,0.44,565898000.0,518762000.0,565898000.0,2881666367.0,15.0,12.769,148225000.0,0.539,1.0,591953000.0,1.0,609093000.0,3125000.0,-49453000.0,-42777750.0,0.0,10739000.0,386000.0,10353000.0,428201000.0,367649000.0,60552000.0,2964782367.0,-14725000.0,-177256000.0,7560000.0,24275000.0,-18378000.0,13457000.0,-186967000.0,849000.0,158785000.0,0.0,120353000.0,120353000.0,120353000.0,0.0,0.0,0.203,393981000.0,197972000.0,236951000.0,0.077,5.239,24.634,24.489,32990000.0,0.0,10.775,5.008,5.009,146669000.0,375695000.0,591953000.0,591953000.0,0.0,0.132,0.232,-4.628,0.334,2389000.0,366285000.0,1.0,275153816.0,275160000.0,277480000.0,2.151,385006000.0,0.0,74494000.0,17176000.0,1.399,-33183000.0
69,BRO,MRT,2004-03-31,2004-03-31,2004-03-31,2021-09-07,3144000.0,920620000.0,863030750.0,303651000.0,616969000.0,0.663,1.951,-10856000.0,138988000.0,138988000.0,0.0,116135000.0,0.942,0.717,55872000.0,18346000.0,37526000.0,55872000.0,0.0,26380000.0,0.0,0.003,0.032,190170000.0,216550000.0,0.379,216550000.0,190170000.0,186842000.0,0.425,0.423,0.425,536105000.0,488840750.0,536105000.0,2550286389.0,13.0,11.777,141468000.0,0.515,1.0,571869000.0,1.0,567660000.0,3328000.0,-52661000.0,-35046500.0,0.0,9343000.0,394000.0,8949000.0,384515000.0,322505000.0,62010000.0,2663956389.0,-31388000.0,-137543000.0,7496000.0,-27664000.0,-17495000.0,-37663000.0,-146049000.0,2350000.0,152324000.0,0.0,116135000.0,116135000.0,116135000.0,0.0,0.0,0.203,381699000.0,190170000.0,239383000.0,0.075,4.969,22.938,22.8,33435000.0,0.0,9.69,4.658,4.655,146435000.0,348357000.0,571869000.0,571869000.0,0.0,0.135,0.238,-5.426,0.333,5886000.0,355320000.0,1.0,274918100.0,274724000.0,276828000.0,2.082,352960000.0,0.0,70707000.0,13713000.0,1.285,-18854000.0
70,BRO,MRT,2003-12-31,2003-12-31,2003-12-31,2021-09-07,4227000.0,865854000.0,831384500.0,343466000.0,522388000.0,0.663,1.822,-10971000.0,173469000.0,173469000.0,0.0,110322000.0,1.139,0.739,59799000.0,18692000.0,41107000.0,59799000.0,0.0,25673000.0,0.0,0.004,0.03,180106000.0,205779000.0,0.373,205779000.0,180106000.0,176482000.0,0.405,0.4,0.405,498035000.0,458968500.0,498035000.0,2114407288.0,12.0,10.275,131754000.0,0.482,1.0,551040000.0,1.0,470687000.0,3624000.0,-20019000.0,-33043750.0,0.0,11227000.0,382000.0,10845000.0,367819000.0,301516000.0,66303000.0,2238543288.0,-11124000.0,-100270000.0,4802000.0,-28024000.0,-16602000.0,-42714000.0,-111135000.0,106000.0,142725000.0,0.0,110322000.0,110322000.0,110322000.0,0.0,0.0,0.2,370934000.0,180106000.0,210910000.0,0.074,4.495,20.291,20.13,32396000.0,0.0,8.152,4.062,4.044,146672000.0,316822000.0,551040000.0,551040000.0,0.0,0.133,0.24,-5.451,0.327,5802000.0,345261000.0,1.0,274583660.0,273308000.0,275588000.0,2.016,395167000.0,0.0,66160000.0,15018000.0,1.446,41950000.0
71,BRO,MRT,2003-09-30,2003-09-30,2003-09-30,2021-09-07,2847000.0,854026000.0,803508250.0,355727000.0,498299000.0,0.666,1.733,-2243000.0,195097000.0,195097000.0,0.0,105903000.0,1.105,0.798,70961000.0,25663000.0,45298000.0,70961000.0,0.0,24799000.0,0.0,0.004,0.029,170167000.0,194966000.0,0.364,194966000.0,170167000.0,166253000.0,0.39,0.385,0.39,475010000.0,432357250.0,475010000.0,2019213540.0,12.0,10.357,140539000.0,0.513,1.0,535286000.0,1.0,457046000.0,3914000.0,-48978000.0,-29188000.0,0.0,9735000.0,471000.0,9264000.0,379016000.0,321822000.0,57194000.0,2104301540.0,-54394000.0,-159566000.0,4591000.0,-21065000.0,-15719000.0,-35368000.0,-161808000.0,1000.0,142782000.0,0.0,105903000.0,105903000.0,105903000.0,0.0,0.0,0.198,364354000.0,170932000.0,222857000.0,0.074,4.43,19.87,19.731,25209000.0,0.0,7.695,3.931,3.941,145540000.0,295825000.0,535286000.0,535286000.0,0.0,0.132,0.245,-5.83,0.318,6152000.0,339556000.0,1.0,273463488.0,274128000.0,275980000.0,1.953,396980000.0,0.0,60350000.0,2262000.0,1.448,33905000.0
72,BRO,MRT,2003-06-30,2003-06-30,2003-06-30,2021-09-07,3227000.0,811623000.0,768176000.0,330096000.0,481527000.0,0.667,1.634,-3107000.0,161315000.0,161315000.0,0.0,100030000.0,1.076,0.819,76227000.0,27016000.0,49211000.0,76227000.0,0.0,23767000.0,0.0,0.003,0.028,161853000.0,185620000.0,0.362,185620000.0,161853000.0,157635000.0,0.37,0.362,0.37,446213000.0,407106750.0,446213000.0,2126818398.0,13.0,11.458,91950000.0,0.337,1.0,512398000.0,1.0,438318000.0,4218000.0,-18528000.0,-20652750.0,0.0,12548000.0,1957000.0,10591000.0,365410000.0,306745000.0,58665000.0,2212705398.0,-102790000.0,-148030000.0,-6574000.0,-21634000.0,-15017000.0,-46667000.0,-151180000.0,-43000.0,95057000.0,0.0,100030000.0,100030000.0,100030000.0,0.0,0.0,0.195,349392000.0,163006000.0,217232000.0,0.076,4.959,22.12,21.959,25060000.0,0.0,8.125,4.318,4.33,152423000.0,273721000.0,512398000.0,512398000.0,0.0,0.13,0.246,-7.837,0.316,7241000.0,325625000.0,1.0,272332972.0,273080000.0,275772000.0,1.876,373305000.0,1171000.0,57605000.0,0.0,1.367,23351000.0
73,BRO,MRT,2003-03-31,2003-03-31,2003-03-31,2021-09-07,1920000.0,794035000.0,744802000.0,317338000.0,476697000.0,0.657,1.528,-4056000.0,166559000.0,166559000.0,0.0,93496000.0,0.997,0.906,80672000.0,27348000.0,53324000.0,80672000.0,0.0,22567000.0,0.0,0.003,0.027,152683000.0,175250000.0,0.358,175250000.0,152683000.0,148253000.0,0.345,0.338,0.345,416616000.0,386168000.0,416616000.0,2045991536.0,13.0,11.675,103621000.0,0.38,1.0,489443000.0,1.0,434557000.0,4430000.0,-44650000.0,-19666000.0,0.0,10198000.0,1931000.0,8267000.0,377419000.0,318241000.0,59178000.0,2132115536.0,-119765000.0,-177004000.0,-6598000.0,-19548000.0,-14330000.0,-44804000.0,-182638000.0,-1578000.0,107677000.0,0.0,93496000.0,93496000.0,93496000.0,0.0,0.0,0.191,335059000.0,154384000.0,235456000.0,0.078,5.118,22.804,22.688,25384000.0,0.0,7.827,4.356,4.361,132808000.0,249718000.0,489443000.0,489443000.0,0.0,0.126,0.242,-7.764,0.312,3863000.0,312492000.0,1.0,272387804.0,272692000.0,275724000.0,1.795,359478000.0,1972000.0,54757000.0,0.0,1.318,-903000.0
74,BRO,MRT,2002-12-31,2002-12-31,2002-12-31,2021-09-07,2106000.0,754349000.0,719388250.0,332260000.0,422089000.0,0.634,1.455,-2352000.0,171043000.0,171043000.0,0.0,83122000.0,1.136,0.926,84919000.0,27334000.0,57585000.0,84919000.0,0.0,21287000.0,0.0,0.003,0.025,137052000.0,158339000.0,0.347,158339000.0,137052000.0,132393000.0,0.31,0.305,0.31,391590000.0,368318250.0,391590000.0,2050827118.0,15.0,12.952,67762000.0,0.252,1.0,455742000.0,1.0,380253000.0,4659000.0,-4596000.0,-9595750.0,0.0,9031000.0,446000.0,8585000.0,362759000.0,292568000.0,70191000.0,2203646118.0,52002000.0,-120926000.0,145060000.0,-23722000.0,-13412000.0,105155000.0,-123267000.0,11000.0,70114000.0,0.0,83122000.0,83122000.0,83122000.0,0.0,0.0,0.182,316419000.0,139323000.0,203966000.0,0.081,5.627,26.511,26.065,24730000.0,0.0,8.08,4.835,4.772,144244000.0,223102000.0,455742000.0,455742000.0,0.0,0.116,0.226,-14.283,0.301,3823000.0,295132000.0,1.0,272728480.0,269132000.0,272172000.0,1.693,374096000.0,1788000.0,49271000.0,0.0,1.39,39692000.0
75,BRO,MRT,2002-09-30,2002-09-30,2002-09-30,2021-09-07,2771000.0,712697000.0,652985250.0,361968000.0,350729000.0,0.662,1.37,-4413000.0,234512000.0,234512000.0,0.0,76956000.0,1.347,0.906,81693000.0,19456000.0,62237000.0,81693000.0,0.0,21121000.0,0.0,0.003,0.021,130971000.0,152092000.0,0.352,152092000.0,130971000.0,126537000.0,0.29,0.287,0.29,374008000.0,314242000.0,374008000.0,1906804040.0,15.0,12.537,51470000.0,0.188,1.0,432472000.0,1.0,306047000.0,4434000.0,-14837000.0,-1821000.0,0.0,10059000.0,436000.0,9623000.0,338689000.0,268668000.0,70021000.0,2061002040.0,89287000.0,-72013000.0,145086000.0,-22948000.0,-12493000.0,106681000.0,-73277000.0,3149000.0,55883000.0,0.0,76956000.0,76956000.0,76956000.0,0.0,0.0,0.178,299368000.0,133104000.0,189271000.0,0.072,5.511,26.782,25.862,25154000.0,0.0,7.5,4.766,4.736,112363000.0,205642000.0,432472000.0,432472000.0,0.0,0.118,0.245,-71.923,0.303,3537000.0,278247000.0,1.0,274800272.0,273064000.0,275976000.0,1.584,406650000.0,3297000.0,49581000.0,0.0,1.489,93300000.0
76,BRO,MRT,2002-06-30,2002-06-30,2002-06-30,2021-09-07,5143000.0,718127000.0,588279000.0,373148000.0,344979000.0,0.7,1.326,-5730000.0,241171000.0,241171000.0,0.0,70180000.0,1.338,0.981,86973000.0,17669000.0,69304000.0,86973000.0,0.0,21588000.0,0.0,0.002,0.017,119805000.0,141393000.0,0.344,141393000.0,119805000.0,114838000.0,0.268,0.268,0.268,362458000.0,258219000.0,362458000.0,1988545596.0,17.0,14.064,73771000.0,0.27,1.0,411624000.0,1.0,299639000.0,4967000.0,-14581000.0,9159500.0,0.0,11696000.0,507000.0,11189000.0,355669000.0,278871000.0,76798000.0,2151993596.0,114797000.0,-73935000.0,152382000.0,-24732000.0,-11552000.0,113272000.0,-77976000.0,1689000.0,79501000.0,0.0,70180000.0,70180000.0,70180000.0,0.0,0.0,0.17,289760000.0,121864000.0,210272000.0,0.063,5.937,30.664,29.384,25333000.0,0.0,7.875,5.228,5.229,117575000.0,188710000.0,411624000.0,411624000.0,0.0,0.119,0.272,13.08,0.291,2560000.0,268172000.0,1.0,273269028.0,273308000.0,276924000.0,1.506,418488000.0,1812000.0,44658000.0,0.0,1.531,94277000.0
77,BRO,MRT,2002-03-31,2002-03-31,2002-03-31,2021-09-07,6950000.0,692380000.0,519916750.0,381412000.0,310968000.0,0.744,1.342,-3896000.0,253670000.0,253670000.0,0.0,61199000.0,1.427,1.006,90222000.0,18352000.0,71870000.0,90222000.0,0.0,22274000.0,0.0,0.002,0.014,105735000.0,128009000.0,0.331,128009000.0,105735000.0,100545000.0,0.24,0.24,0.24,345217000.0,202582000.0,345217000.0,2021358837.0,19.0,15.791,51097000.0,0.199,1.0,386654000.0,1.0,266100000.0,5190000.0,-4369000.0,21698000.0,0.0,13350000.0,475000.0,12875000.0,347163000.0,267201000.0,79962000.0,1988684837.0,96877000.0,-57932000.0,152281000.0,-37733000.0,-10539000.0,101044000.0,-59160000.0,2668000.0,54993000.0,0.0,61199000.0,61199000.0,61199000.0,0.0,0.0,0.158,279028000.0,107626000.0,206751000.0,0.058,5.761,32.495,32.708,24622000.0,0.0,7.85,5.143,5.222,118146000.0,170553000.0,386654000.0,386654000.0,0.0,0.118,0.302,4.873,0.273,2273000.0,256754000.0,1.0,253335648.0,257200000.0,260632000.0,1.503,426280000.0,553000.0,39346000.0,0.0,1.657,114211000.0
78,BRO,MRT,2001-12-31,2001-12-31,2001-12-31,2021-09-07,4393000.0,488737000.0,406707000.0,176506000.0,312231000.0,0.898,0.7,-9398000.0,66376000.0,66376000.0,0.0,53913000.0,0.779,1.788,99050000.0,20855000.0,78195000.0,99050000.0,0.0,22396000.0,0.0,0.001,0.01,94450000.0,116846000.0,0.32,116846000.0,94450000.0,88747000.0,0.215,0.212,0.215,175285000.0,146828500.0,175285000.0,1748548038.0,19.0,14.965,60540000.0,0.242,1.0,365029000.0,1.0,268311000.0,5703000.0,26503000.0,-1948500.0,0.0,9434000.0,451000.0,8983000.0,313452000.0,226597000.0,86855000.0,1725180038.0,-20979000.0,-131039000.0,2844000.0,56765000.0,-9718000.0,46921000.0,-137838000.0,2599000.0,69938000.0,0.0,53913000.0,53913000.0,53913000.0,0.0,0.0,0.148,268848000.0,96181000.0,161734000.0,0.047,9.842,31.999,31.744,25544000.0,0.0,6.825,4.726,4.679,101449000.0,153392000.0,365029000.0,365029000.0,0.0,0.133,0.367,-48.473,0.259,1984000.0,246452000.0,1.0,252773632.0,250252000.0,252888000.0,1.459,220426000.0,1519000.0,34834000.0,0.0,0.881,-50091000.0
79,BRO,MRT,2001-09-30,2001-09-30,2001-09-30,2021-09-07,3317000.0,453872000.0,356163000.0,182647000.0,271225000.0,0.982,0.599,-8373000.0,73809000.0,73809000.0,0.0,44956000.0,0.843,2.028,97177000.0,17815000.0,79362000.0,97177000.0,0.0,21273000.0,0.0,0.001,0.009,79593000.0,100866000.0,0.288,100866000.0,79593000.0,74146000.0,0.177,0.175,0.177,149916000.0,135407500.0,149916000.0,1626089559.0,20.0,16.121,58674000.0,0.234,1.0,349808000.0,1.0,231545000.0,5447000.0,29085000.0,7775500.0,0.0,10646000.0,3442000.0,7204000.0,303956000.0,216610000.0,87346000.0,1599817559.0,-7134000.0,-108646000.0,-581000.0,60041000.0,-8849000.0,42918000.0,-117099000.0,-80000.0,67047000.0,0.0,44956000.0,44956000.0,44956000.0,0.0,0.0,0.129,267986000.0,81822000.0,188984000.0,0.051,10.671,35.586,36.794,22438000.0,0.0,6.513,4.573,4.66,96661000.0,140456000.0,349808000.0,349808000.0,0.0,0.126,0.332,10.236,0.228,1594000.0,246713000.0,1.0,245653368.0,250300000.0,252972000.0,1.398,222327000.0,2560000.0,29190000.0,0.0,0.888,-33963000.0
80,BRO,MRT,2001-06-30,2001-06-30,2001-06-30,2021-09-07,3745000.0,444678000.0,347237000.0,185119000.0,259559000.0,0.924,0.561,-7731000.0,75613000.0,75613000.0,0.0,40384000.0,0.863,2.178,101885000.0,19053000.0,82832000.0,101885000.0,0.0,19445000.0,0.0,0.002,0.008,70975000.0,90420000.0,0.282,90420000.0,70975000.0,67037000.0,0.163,0.16,0.163,139910000.0,126142000.0,139910000.0,1173056890.0,17.0,12.973,51776000.0,0.208,1.0,320899000.0,1.0,220875000.0,3938000.0,35573000.0,9337500.0,0.0,9273000.0,1501000.0,7772000.0,304768000.0,214502000.0,90266000.0,1225319890.0,2540000.0,-99117000.0,-3790000.0,66551000.0,-8382000.0,48549000.0,-105516000.0,1332000.0,59507000.0,0.0,40384000.0,40384000.0,40384000.0,0.0,0.0,0.126,248009000.0,72890000.0,185948000.0,0.049,8.758,30.342,32.201,22275000.0,0.0,5.249,3.818,4.079,100965000.0,133183000.0,320899000.0,320899000.0,0.0,0.116,0.32,7.601,0.221,1222000.0,228737000.0,1.0,233449848.0,249392000.0,252168000.0,1.287,223803000.0,1292000.0,26653000.0,0.0,0.897,-29383000.0
81,BRO,MRT,2001-03-31,2001-03-31,2001-03-31,2021-09-07,,,,,,,,-9206000.0,,,0.0,35463000.0,,,,,,,,17274000.0,,0.002,0.007,61043000.0,78317000.0,0.273,78317000.0,61043000.0,58286000.0,0.145,0.141,0.145,,,,941357916.0,15.0,12.02,42936000.0,0.172,1.0,286782000.0,1.0,,2757000.0,,,,,,,,,,993620916.0,27766000.0,-81281000.0,-3790000.0,82539000.0,-7928000.0,66016000.0,-90392000.0,95000.0,52142000.0,0.0,35463000.0,35463000.0,35463000.0,0.0,0.0,0.124,224204000.0,62578000.0,,0.048,,28.019,29.353,,0.0,4.256,3.465,3.696,,,286782000.0,286782000.0,0.0,,,,0.213,847000.0,207378000.0,1.0,233449848.0,249060000.0,251356000.0,1.151,,,22823000.0,,,
82,BRO,MRT,2000-12-31,2000-12-31,2000-12-31,2021-09-07,2495000.0,324677000.0,270392000.0,177152000.0,147525000.0,0.982,0.479,-3798000.0,69044000.0,69044000.0,0.0,32793000.0,0.942,1.743,15047000.0,4387000.0,10660000.0,15047000.0,0.0,15384000.0,8347000.0,0.001,0.005,54205000.0,69589000.0,0.262,69589000.0,54205000.0,52939000.0,0.133,0.133,0.133,118372000.0,114917250.0,118372000.0,952112085.0,18.0,13.682,38469000.0,0.156,1.0,265405000.0,1.0,113031000.0,1266000.0,-30400000.0,-21154500.0,0.0,8606000.0,2149000.0,6457000.0,206305000.0,188049000.0,18256000.0,995387085.0,2280000.0,-17651000.0,-3790000.0,-4001000.0,-7525000.0,-18783000.0,-21204000.0,245000.0,42267000.0,0.0,32793000.0,32793000.0,32793000.0,0.0,0.0,0.124,210075000.0,55330000.0,147691000.0,0.038,8.409,30.354,32.895,17357000.0,0.0,4.375,3.75,4.078,96952000.0,109661000.0,265405000.0,265405000.0,0.0,0.121,0.285,-2.562,0.204,483000.0,194691000.0,1.0,227517048.0,247380000.0,248364000.0,1.073,211646000.0,2873000.0,20146000.0,0.0,0.856,-10897000.0
83,BRO,MRT,2000-09-30,2000-09-30,2000-09-30,2021-09-07,3345000.0,258454000.0,250328500.0,129826000.0,128628000.0,1.068,0.497,-3334000.0,48370000.0,48370000.0,0.0,33283000.0,1.018,1.138,5095000.0,2336000.0,2759000.0,5095000.0,0.0,16235000.0,0.0,0.001,0.004,55590000.0,71825000.0,0.269,71825000.0,55590000.0,54277000.0,0.136,0.135,0.136,120899000.0,111075500.0,120899000.0,860403882.0,15.0,11.979,45012000.0,0.185,1.0,267322000.0,1.0,101185000.0,1313000.0,-13534000.0,-15668750.0,0.0,7398000.0,363000.0,7035000.0,137555000.0,127528000.0,10027000.0,898348882.0,7437000.0,-19117000.0,1286000.0,-6000000.0,-7160000.0,-18280000.0,-22629000.0,-178000.0,48346000.0,0.0,33283000.0,33283000.0,33283000.0,0.0,0.0,0.125,210832000.0,56490000.0,117802000.0,0.029,7.431,26.991,29.237,14254000.0,0.0,3.976,3.361,3.618,72060000.0,114721000.0,267322000.0,267322000.0,0.0,0.133,0.3,-3.548,0.208,676000.0,196141000.0,1.0,225928672.0,243236000.0,243252000.0,1.099,157269000.0,0.0,20994000.0,823000.0,0.647,2298000.0
84,BRO,MRT,2000-06-30,2000-06-30,2000-06-30,2021-09-07,2880000.0,249796000.0,,121030000.0,128766000.0,,0.478,-2811000.0,43770000.0,43770000.0,0.0,31285000.0,0.952,1.223,5825000.0,2126000.0,3699000.0,5825000.0,0.0,15411000.0,0.0,0.001,0.004,52519000.0,67930000.0,0.27,67930000.0,52519000.0,51222000.0,0.129,0.128,0.129,112374000.0,,112374000.0,670026068.0,13.0,9.863,38769000.0,0.165,1.0,251602000.0,1.0,101637000.0,1297000.0,-16898000.0,,0.0,6632000.0,359000.0,6273000.0,137422000.0,127112000.0,10310000.0,711207068.0,-1451000.0,-19749000.0,515000.0,-7712000.0,-6825000.0,-20866000.0,-22165000.0,395000.0,41580000.0,0.0,31285000.0,31285000.0,31285000.0,0.0,0.0,0.124,198183000.0,53419000.0,119016000.0,0.031,6.329,22.733,25.194,14343000.0,0.0,3.25,2.827,3.036,70788000.0,108088000.0,251602000.0,251602000.0,0.0,,,,0.209,878000.0,184243000.0,1.0,218832944.0,235064000.0,235312000.0,1.07,148159000.0,0.0,19937000.0,325000.0,0.63,-6082000.0
85,BRO,MRT,2000-03-31,2000-03-31,2000-03-31,2021-09-07,3135000.0,248641000.0,,121144000.0,127497000.0,,0.493,-1865000.0,47669000.0,47669000.0,0.0,29342000.0,0.934,1.302,6488000.0,2616000.0,3872000.0,6488000.0,0.0,14524000.0,0.0,0.002,0.004,49630000.0,64154000.0,0.267,64154000.0,49630000.0,48338000.0,0.121,0.121,0.121,108024000.0,,108024000.0,500824800.0,10.0,7.807,44137000.0,0.202,1.0,240535000.0,1.0,101528000.0,1292000.0,-23786000.0,,0.0,6999000.0,350000.0,6649000.0,140617000.0,129718000.0,10899000.0,530826800.0,6312000.0,-17860000.0,515000.0,-7658000.0,-6530000.0,-20689000.0,-19001000.0,724000.0,46002000.0,0.0,29342000.0,29342000.0,29342000.0,0.0,0.0,0.122,190005000.0,50530000.0,121484000.0,0.033,4.914,18.091,19.985,13721000.0,0.0,2.418,2.207,2.201,66940000.0,103521000.0,240535000.0,240535000.0,0.0,,,,0.206,1071000.0,177689000.0,1.0,219520000.0,218960000.0,,1.099,147113000.0,0.0,18996000.0,435000.0,0.672,-8574000.0
86,BRO,MRT,1999-12-31,1999-12-31,1999-12-31,2021-09-07,4922000.0,244423000.0,238276000.0,120269000.0,124154000.0,0.997,0.418,-4117000.0,42483000.0,42483000.0,0.0,28271000.0,0.945,1.373,8800000.0,3714000.0,5086000.0,8800000.0,0.0,14235000.0,0.0,0.002,0.004,47962000.0,62197000.0,0.262,62197000.0,47962000.0,46602000.0,0.115,0.115,0.115,103005000.0,93342500.0,103005000.0,,,,40073000.0,0.163,1.0,237523000.0,1.0,91891000.0,1360000.0,-8457000.0,1321000.0,0.0,10417000.0,809000.0,9608000.0,141418000.0,127306000.0,14112000.0,525613200.0,-5615000.0,-16220000.0,515000.0,-17207000.0,-6237000.0,-30028000.0,-19777000.0,560000.0,44190000.0,0.0,28271000.0,28271000.0,28271000.0,0.0,0.0,0.119,188661000.0,48862000.0,115821000.0,0.035,5.103,18.592,20.821,15452000.0,0.0,2.394,2.213,2.485,69054000.0,95242000.0,237523000.0,237523000.0,0.0,0.119,0.303,36.307,0.202,1263000.0,174426000.0,1.0,219520000.0,246556000.0,246620000.0,0.963,152532000.0,0.0,18331000.0,1408000.0,0.619,-7037000.0
87,BRO,MRT,1999-09-30,1999-09-30,1999-09-30,2021-09-07,,,,,,,,,,,,,,,,,,,,,,0.001,0.003,,,,,,,,,,,,,,,,,,1.0,,,,,,,,,,,,,,,,,,,,,,,,,,,,,,,,,,,,,,,,2.078,,,,,,,,,,,,,,1.0,,223728000.0,,,,,,,,
88,BRO,MRT,1999-06-30,1999-06-30,1999-06-30,2021-09-07,,,,,,,,,,,,,,,,,,,,,,0.001,0.003,,,,,,,,,,,,,,,,,,1.0,,,,,,,,,,,,,,,,,,,,,,,,,,,,,,,,,,,,,,,,2.375,,,,,,,,,,,,,,1.0,,,,,,,,,,
89,BRO,MRT,1999-03-31,1999-03-31,1999-03-31,2021-09-07,,,,,,,,,,,,,,,,,,,,,,0.001,0.003,,,,,,,,,,,,,,,,,,1.0,,,,,,,,,,,,,,,,,,,,,,,,,,,,,,,,,,,,,,,,2.074,,,,,,,,,,,,,,1.0,,220240000.0,,,,,,,,
90,BRO,MRT,1998-12-31,1998-12-31,1998-12-31,2021-09-07,5540000.0,232129000.0,,123239000.0,108890000.0,,0.369,-4616000.0,42825000.0,42825000.0,0.0,23562000.0,1.02,1.774,22338000.0,4960000.0,17378000.0,22338000.0,0.0,9818000.0,0.0,0.001,0.003,39331000.0,49149000.0,0.287,49149000.0,39331000.0,38603000.0,0.104,0.104,0.104,83680000.0,,83680000.0,,,,30186000.0,0.133,1.0,171485000.0,1.0,79704000.0,728000.0,11099000.0,,0.0,11308000.0,805000.0,10503000.0,148449000.0,120839000.0,27610000.0,,-10610000.0,-29608000.0,-9233000.0,4229000.0,-5494000.0,-10761000.0,-34651000.0,-427000.0,34802000.0,0.0,23562000.0,23562000.0,23562000.0,0.0,0.0,0.137,132154000.0,39331000.0,107500000.0,0.029,,,20.998,13777000.0,0.0,2.184,,2.891,69736000.0,76763000.0,171485000.0,171485000.0,0.0,,,,0.229,732000.0,122336000.0,1.0,,227040000.0,227040000.0,0.755,152425000.0,0.0,15041000.0,2403000.0,0.671,2400000.0
91,BRO,MRT,1997-12-31,1997-12-31,1997-12-31,2021-09-07,,,,,,,,-2318000.0,,,0.0,18988000.0,,,,,,,,8830000.0,,0.001,0.002,31958000.0,40788000.0,0.284,40788000.0,31958000.0,30984000.0,0.087,0.087,0.087,,,,,,,29189000.0,0.134,1.0,143501000.0,1.0,,974000.0,,,,,,,,,,,15428000.0,-3072000.0,-5860000.0,-756000.0,-4636000.0,-10984000.0,-5095000.0,295000.0,31507000.0,0.0,18988000.0,18988000.0,18988000.0,0.0,0.0,0.132,111543000.0,31958000.0,,0.023,,,21.37,,0.0,1.859,,2.827,,,143501000.0,143501000.0,0.0,,,,0.223,176000.0,105903000.0,1.0,,218224000.0,218224000.0,0.658,,,11996000.0,,,
