None,ticker,dimension,calendardate,datekey,reportperiod,lastupdated,accoci,assets,assetsavg,assetsc,assetsnc,assetturnover,bvps,capex,cashneq,cashnequsd,cor,consolinc,currentratio,de,debt,debtc,debtnc,debtusd,deferredrev,depamor,deposits,divyield,dps,ebit,ebitda,ebitdamargin,ebitdausd,ebitusd,ebt,eps,epsdil,epsusd,equity,equityavg,equityusd,ev,evebit,evebitda,fcf,fcfps,fxusd,gp,grossmargin,intangibles,intexp,invcap,invcapavg,inventory,investments,investmentsc,investmentsnc,liabilities,liabilitiesc,liabilitiesnc,marketcap,ncf,ncfbus,ncfcommon,ncfdebt,ncfdiv,ncff,ncfi,ncfinv,ncfo,ncfx,netinc,netinccmn,netinccmnusd,netincdis,netincnci,netmargin,opex,opinc,payables,payoutratio,pb,pe,pe1,ppnenet,prefdivis,price,ps,ps1,receivables,retearn,revenue,revenueusd,rnd,roa,roe,roic,ros,sbcomp,sgna,sharefactor,sharesbas,shareswa,shareswadil,sps,tangibles,taxassets,taxexp,taxliabilities,tbvps,workingcapital
0,NOW,MRY,2020-12-31,2020-12-31,2020-12-31,2021-07-29,94000000.0,8715000000.0,7284796000.0,4522000000.0,4193000000.0,0.62,14.677,-432517000.0,1677000000.0,1677000000.0,987113000.0,118503000.0,1.21,2.075,2135000000.0,72000000.0,2063000000.0,2135000000.0,3008000000.0,336381000.0,0.0,0.0,0.0,181931000.0,518312000.0,0.115,518312000.0,181931000.0,149185000.0,0.61,0.59,0.61,2834000000.0,2563154250.0,2834000000.0,108243727000.0,595.0,208.839,1354082000.0,7.012,1.0,3532371000.0,0.782,394000000.0,32746000.0,5042000000.0,4382222000.0,0.0,2883000000.0,1415000000.0,1468000000.0,5881000000.0,3737000000.0,2144000000.0,107388893000.0,901439000.0,-107236000.0,145766000.0,959485000.0,0.0,596647000.0,-1506872000.0,-968447000.0,1786599000.0,25065000.0,118503000.0,118503000.0,118503000.0,0.0,0.0,0.026,3333508000.0,198863000.0,34000000.0,0.0,37.893,906.212,902.344,1114000000.0,0.0,550.43,23.761,23.517,1009000000.0,-234000000.0,4519484000.0,4519484000.0,1024327000.0,0.016,0.046,0.042,0.04,870453000.0,2309181000.0,1.0,195100000.0,193096000,202478000.0,23.405,8321000000.0,673000000.0,30682000.0,0.0,43.093,785000000.0
1,NOW,MRY,2019-12-31,2019-12-31,2019-12-31,2021-07-29,25255000.0,6022430000.0,4945209000.0,2826901000.0,3195529000.0,0.7,11.412,-337581000.0,775778000.0,775778000.0,796645000.0,626698000.0,1.027,1.83,1130870000.0,52668000.0,1078202000.0,1130870000.0,2225792000.0,252114000.0,0.0,0.0,0.0,100468000.0,352582000.0,0.102,352582000.0,100468000.0,67185000.0,3.36,3.18,3.36,2127941000.0,1503327750.0,2127941000.0,53746957000.0,535.0,152.438,898391000.0,4.818,1.0,2663792000.0,0.77,300606000.0,33283000.0,3324131000.0,2814940500.0,0.0,1928649000.0,915317000.0,1013332000.0,3894489000.0,2752785000.0,1141704000.0,53245552000.0,209453000.0,-7414000.0,107868000.0,-9000.0,0.0,-301856000.0,-724477000.0,-402917000.0,1235972000.0,-186000.0,626698000.0,626698000.0,626698000.0,0.0,0.0,0.181,2621669000.0,42123000.0,52960000.0,0.0,25.022,84.962,84.024,870513000.0,0.0,282.32,15.387,15.213,835279000.0,-352244000.0,3460437000.0,3460437000.0,748369000.0,0.127,0.417,0.036,0.029,662195000.0,1873300000.0,1.0,188600000.0,186466000,197223000.0,18.558,5721824000.0,599633000.0,-559513000.0,0.0,30.686,74116000.0
2,NOW,MRY,2018-12-31,2018-12-31,2018-12-31,2021-07-29,-4035000.0,3879140000.0,3659487750.0,2344693000.0,1534447000.0,0.713,6.248,-248862000.0,566204000.0,566204000.0,622658000.0,-26704000.0,1.165,2.491,661707000.0,0.0,661707000.0,661707000.0,1690191000.0,149604000.0,0.0,0.0,0.0,13709000.0,163313000.0,0.063,163313000.0,13709000.0,-39024000.0,-0.15,-0.15,-0.15,1111199000.0,972064000.0,1111199000.0,32035346000.0,2337.0,196.159,562227000.0,3.161,1.0,1986158000.0,0.761,249427000.0,52733000.0,1712643000.0,1695865500.0,0.0,1513574000.0,931718000.0,581856000.0,2767941000.0,2012573000.0,755368000.0,31924365000.0,-159291000.0,-37440000.0,104160000.0,-430578000.0,0.0,-607428000.0,-347422000.0,-61120000.0,811089000.0,-15530000.0,-26704000.0,-26704000.0,-26704000.0,0.0,0.0,-0.01,2028584000.0,-42426000.0,30733000.0,0.0,28.73,-1195.49,-1187.0,347216000.0,0.0,178.05,12.237,12.138,574810000.0,-978780000.0,2608816000.0,2608816000.0,529501000.0,-0.007,-0.027,0.008,0.005,543953000.0,1499083000.0,1.0,179300000.0,177846000,177846000.0,14.669,3629713000.0,20642000.0,-12320000.0,0.0,20.409,332120000.0
3,NOW,MRY,2017-12-31,2017-12-31,2017-12-31,2021-07-29,5767000.0,3550245000.0,2928607250.0,2421951000.0,1128294000.0,0.655,4.549,-150510000.0,726495000.0,726495000.0,499862000.0,-116846000.0,1.188,3.559,1173436000.0,543418000.0,630018000.0,1173436000.0,1246815000.0,113875000.0,0.0,0.0,0.0,-60012000.0,53863000.0,0.028,53863000.0,-60012000.0,-113406000.0,-0.68,-0.68,-0.68,778744000.0,559975000.0,778744000.0,22570111000.0,-376.0,419.028,492430000.0,2.877,1.0,1418632000.0,0.739,215644000.0,53394000.0,1742063000.0,1461171750.0,0.0,1444245000.0,1052803000.0,391442000.0,2771501000.0,2039479000.0,732022000.0,22518353000.0,325897000.0,-58203000.0,81638000.0,767209000.0,0.0,538892000.0,-883948000.0,-668565000.0,642940000.0,28013000.0,-116846000.0,-116846000.0,-116846000.0,0.0,0.0,-0.061,1483028000.0,-64396000.0,32109000.0,0.0,28.916,-192.718,-191.75,245124000.0,0.0,130.39,11.738,11.634,437051000.0,-958564000.0,1918494000.0,1918494000.0,377518000.0,-0.04,-0.209,-0.041,-0.031,394004000.0,1105510000.0,1.0,172700000.0,171176000,171176000.0,11.208,3334601000.0,0.0,3440000.0,0.0,19.481,382472000.0
4,NOW,MRY,2016-12-31,2016-12-31,2016-12-31,2021-07-29,-21133000.0,2033767000.0,1858815500.0,1342535000.0,691232000.0,0.748,2.352,-105562000.0,401238000.0,401238000.0,398995000.0,-414249000.0,1.253,4.256,507812000.0,0.0,507812000.0,507812000.0,895101000.0,83082000.0,0.0,0.0,0.0,-377141000.0,-294059000.0,-0.211,-294059000.0,-377141000.0,-410419000.0,-2.52,-2.52,-2.52,386961000.0,344025500.0,386961000.0,12514653000.0,-33.0,-42.558,53519000.0,0.325,1.0,991990000.0,0.713,148388000.0,33278000.0,920455000.0,882920500.0,0.0,760782000.0,498124000.0,262658000.0,1646806000.0,1071498000.0,575308000.0,12340440000.0,-10854000.0,-34297000.0,66378000.0,-2223000.0,0.0,-55752000.0,-108238000.0,50371000.0,159081000.0,-5945000.0,-414249000.0,-414249000.0,-414249000.0,0.0,0.0,-0.298,1374158000.0,-382168000.0,38080000.0,0.0,31.891,-29.79,-29.5,181620000.0,0.0,74.34,8.872,8.793,322757000.0,-997390000.0,1390985000.0,1390985000.0,285239000.0,-0.223,-1.204,-0.427,-0.271,317654000.0,818919000.0,1.0,166000000.0,164533823,164533823.0,8.454,1885379000.0,0.0,3830000.0,0.0,11.459,271037000.0
5,NOW,MRY,2015-12-31,2015-12-31,2015-12-31,2021-07-29,-16882000.0,1807052000.0,1631723250.0,1085635000.0,721417000.0,0.616,3.64,-87481000.0,412305000.0,412305000.0,329413000.0,-198426000.0,1.484,2.188,474534000.0,0.0,474534000.0,474534000.0,603754000.0,60356000.0,0.0,0.0,0.0,-161915000.0,-101559000.0,-0.101,-101559000.0,-161915000.0,-193012000.0,-1.27,-1.27,-1.27,566814000.0,500442750.0,566814000.0,13880798000.0,-86.0,-136.677,230273000.0,1.479,1.0,676067000.0,0.672,98674000.0,31097000.0,1038971000.0,1019110500.0,0.0,811612000.0,388945000.0,422667000.0,1240238000.0,731636000.0,508602000.0,13763040000.0,160050000.0,-1100000.0,93348000.0,-223000.0,0.0,80330000.0,-231521000.0,-141190000.0,317754000.0,-6513000.0,-198426000.0,-198426000.0,-198426000.0,0.0,0.0,-0.197,842432000.0,-166365000.0,37369000.0,0.0,24.281,-69.361,-68.157,144714000.0,0.0,86.56,13.688,13.405,203333000.0,-557009000.0,1005480000.0,1005480000.0,217389000.0,-0.122,-0.397,-0.159,-0.161,257713000.0,625043000.0,1.0,159000000.0,155706643,155706643.0,6.458,1708378000.0,0.0,5414000.0,0.0,10.972,353999000.0
6,NOW,MRY,2014-12-31,2014-12-31,2014-12-31,2021-07-29,-12113000.0,1424752000.0,1303967000.0,906986000.0,517766000.0,0.523,2.949,-54379000.0,252455000.0,252455000.0,248776000.0,-179387000.0,1.789,2.324,443437000.0,0.0,443437000.0,443437000.0,422238000.0,42059000.0,0.0,0.0,0.0,-146481000.0,-104422000.0,-0.153,-104422000.0,-146481000.0,-175540000.0,-1.23,-1.23,-1.23,428675000.0,411987250.0,428675000.0,10263401000.0,-70.0,-98.288,86558000.0,0.595,1.0,433787000.0,0.636,109542000.0,29059000.0,999195000.0,960594250.0,0.0,683108000.0,416336000.0,266772000.0,996077000.0,506997000.0,489080000.0,10062155000.0,-113848000.0,-99813000.0,69396000.0,0.0,0.0,68735000.0,-316928000.0,-162681000.0,140937000.0,-6592000.0,-179387000.0,-179387000.0,-179387000.0,0.0,0.0,-0.263,585622000.0,-151835000.0,17829000.0,0.0,23.473,-56.092,-55.163,104237000.0,0.0,67.85,14.742,14.449,159171000.0,-358583000.0,682563000.0,682563000.0,148258000.0,-0.138,-0.435,-0.152,-0.215,154319000.0,437364000.0,1.0,148300000.0,145355543,145355543.0,4.696,1315210000.0,0.0,3847000.0,0.0,9.048,399989000.0
7,NOW,MRY,2013-12-31,2013-12-31,2013-12-31,2021-07-29,-476000.0,1168476000.0,701374500.0,797749000.0,370727000.0,0.605,2.911,-55321000.0,366303000.0,366303000.0,155259000.0,-73708000.0,2.432,1.964,414777000.0,0.0,414777000.0,414777000.0,266722000.0,24152000.0,0.0,0.0,0.0,-67699000.0,-43547000.0,-0.103,-43547000.0,-67699000.0,-71197000.0,-0.54,-0.54,-0.54,394259000.0,303419250.0,394259000.0,7647493000.0,-113.0,-175.615,26425000.0,0.195,1.0,269391000.0,0.634,14520000.0,3498000.0,874342000.0,341029000.0,0.0,523607000.0,268251000.0,255356000.0,774217000.0,328088000.0,446129000.0,7768587000.0,247314000.0,-13330000.0,139786000.0,427126000.0,0.0,568570000.0,-402795000.0,-333967000.0,81746000.0,-207000.0,-73708000.0,-73708000.0,-73708000.0,0.0,0.0,-0.174,335658000.0,-66267000.0,7405000.0,0.0,19.704,-105.397,-103.722,75560000.0,0.0,56.01,18.294,17.861,108339000.0,-179196000.0,424650000.0,424650000.0,78678000.0,-0.105,-0.243,-0.199,-0.159,63923000.0,256980000.0,1.0,138700000.0,135415809,135415809.0,3.136,1153956000.0,0.0,2511000.0,0.0,8.522,469661000.0
8,NOW,MRY,2012-12-31,2012-12-31,2012-12-31,2021-07-29,-36000.0,478114000.0,311447000.0,422089000.0,56025000.0,0.783,3.293,-42066000.0,118989000.0,118989000.0,104009000.0,-37348000.0,1.994,0.964,0.0,0.0,0.0,0.0,170361000.0,13506000.0,0.0,0.0,0.0,-36288000.0,-22782000.0,-0.093,-22782000.0,-36288000.0,-36288000.0,-0.51,-0.51,-0.51,243405000.0,87836750.0,243405000.0,3588425697.0,-99.0,-157.511,6700000.0,0.091,1.0,139703000.0,0.573,596000.0,0.0,146902000.0,50050500.0,0.0,195702000.0,195702000.0,0.0,234709000.0,211627000.0,23082000.0,3705438697.0,50901000.0,0.0,240145000.0,0.0,0.0,241839000.0,-239149000.0,-197128000.0,48766000.0,-555000.0,-37656000.0,-37656000.0,-37656000.0,0.0,308000.0,-0.155,177287000.0,-37584000.0,9604000.0,0.0,15.223,-98.402,-58.882,42342000.0,0.0,30.03,15.204,9.107,78163000.0,-105488000.0,243712000.0,243712000.0,39333000.0,-0.121,-0.429,-0.725,-0.149,26243000.0,137954000.0,1.0,123391232.0,73908631,73908631.0,3.297,477518000.0,0.0,1368000.0,0.0,6.461,210462000.0
9,NOW,MRY,2011-12-31,2011-06-30,2011-06-30,2021-07-29,118000.0,108746000.0,80057500.0,96893000.0,11853000.0,1.157,-3.214,-8733000.0,59898000.0,59898000.0,31575000.0,9830000.0,1.101,-1.7,0.0,0.0,0.0,0.0,77778000.0,1472000.0,0.0,,0.0,2975000.0,4447000.0,0.048,4447000.0,2975000.0,2975000.0,0.09,0.08,0.09,-58381000.0,-64821500.0,-58381000.0,,,,28735000.0,1.582,1.0,61066000.0,0.659,0.0,0.0,-39138000.0,-31630000.0,0.0,0.0,0.0,0.0,99267000.0,87986000.0,11281000.0,,30451000.0,0.0,1089000.0,0.0,0.0,1227000.0,-8383000.0,0.0,37468000.0,139000.0,1639000.0,1639000.0,1639000.0,0.0,8191000.0,0.018,50506000.0,10560000.0,2098000.0,0.0,,,,9467000.0,0.0,,,,24495000.0,-61456000.0,92641000.0,92641000.0,7004000.0,0.02,-0.025,-0.094,0.032,2816000.0,43502000.0,1.0,,18163977,28095486.0,5.1,108746000.0,0.0,1336000.0,0.0,5.987,8907000.0
10,NOW,MRY,2010-12-31,2010-06-30,2010-06-30,2021-07-29,8000.0,51369000.0,,47492000.0,3877000.0,,-3.077,-1584000.0,29797000.0,29797000.0,16190000.0,-29705000.0,1.039,-0.777,0.0,0.0,0.0,0.0,40980000.0,369000.0,0.0,,0.0,-30065000.0,-29696000.0,-0.685,-29696000.0,-30065000.0,-30065000.0,-1.31,-1.31,-1.31,-71262000.0,,-71262000.0,,,,-9116000.0,-0.394,1.0,27139000.0,0.626,0.0,0.0,-24122000.0,,0.0,0.0,0.0,0.0,55404000.0,45694000.0,9710000.0,,21614000.0,0.0,-20573000.0,0.0,0.0,30672000.0,-1455000.0,0.0,-7532000.0,-71000.0,-30345000.0,-30345000.0,-30345000.0,0.0,640000.0,-0.7,55338000.0,-28199000.0,1570000.0,0.0,,,,1698000.0,0.0,,,,9732000.0,-71286000.0,43329000.0,43329000.0,7194000.0,,,,-0.694,545000.0,48144000.0,1.0,,23157576,23157576.0,1.871,51369000.0,0.0,280000.0,0.0,2.218,1798000.0
11,NOW,MRY,2009-12-31,2009-06-30,2009-06-30,2021-07-29,,,,,,,,-327000.0,,,7851000.0,-5906000.0,,,,,,,,164000.0,,,0.0,-5858000.0,-5694000.0,-0.295,-5694000.0,-5858000.0,-5858000.0,-0.17,-0.17,-0.17,,,,,,,-167000.0,-0.004,1.0,11464000.0,0.594,,0.0,,,,,,,,,,,3016000.0,0.0,-2206000.0,0.0,0.0,3701000.0,-851000.0,0.0,160000.0,6000.0,-5906000.0,-5906000.0,-5906000.0,0.0,0.0,-0.306,17295000.0,-5831000.0,,0.0,,,,,0.0,,,,,,19315000.0,19315000.0,2433000.0,,,,-0.303,127000.0,14862000.0,1.0,,39039066,39039066.0,0.495,,,48000.0,,,
0,NOW,MRQ,2021-06-30,2021-06-30,2021-06-30,2021-07-29,70000000.0,9187000000.0,,4225000000.0,4962000000.0,,16.556,-91000000.0,1362000000.0,1362000000.0,329000000.0,59000000.0,1.081,1.805,2089000000.0,179000000.0,1910000000.0,2089000000.0,3072000000.0,115000000.0,0.0,0.0,0.0,57000000.0,172000000.0,0.122,172000000.0,57000000.0,50000000.0,0.3,0.29,0.3,3275000000.0,,3275000000.0,108768170000.0,500.0,176.505,209000000.0,1.057,1.0,1080000000.0,0.767,1103000000.0,7000000.0,4903000000.0,,0.0,2972000000.0,1622000000.0,1350000000.0,5912000000.0,3908000000.0,2004000000.0,108481170000.0,-456000000.0,-513000000.0,0.0,-25000000.0,0.0,-149000000.0,-614000000.0,-4000000.0,300000000.0,7000000.0,59000000.0,59000000.0,59000000.0,0.0,0.0,0.042,1029000000.0,51000000.0,98000000.0,0.0,33.124,636.231,631.667,1198000000.0,0.0,549.55,20.978,21.022,781000000.0,-93000000.0,1409000000.0,1409000000.0,333000000.0,,,,,281000000.0,696000000.0,1.0,197400000.0,197815000,202273000.0,7.123,8084000000.0,665000000.0,-9000000.0,0.0,40.866,317000000.0
1,NOW,MRQ,2021-03-31,2021-03-31,2021-03-31,2021-07-29,56000000.0,8822000000.0,,4524000000.0,4298000000.0,,15.446,-107000000.0,1821000000.0,1821000000.0,299000000.0,82000000.0,1.235,1.905,2108000000.0,77000000.0,2031000000.0,2108000000.0,3044000000.0,106000000.0,0.0,0.0,0.0,106000000.0,212000000.0,0.156,212000000.0,106000000.0,99000000.0,0.42,0.41,0.42,3037000000.0,,3037000000.0,98529945000.0,427.0,164.977,620000000.0,3.153,1.0,1061000000.0,0.78,582000000.0,7000000.0,4863000000.0,,0.0,2983000000.0,1635000000.0,1348000000.0,5785000000.0,3664000000.0,2121000000.0,98071571000.0,148000000.0,-225000000.0,95000000.0,-28000000.0,0.0,-124000000.0,-437000000.0,-112000000.0,727000000.0,-18000000.0,82000000.0,82000000.0,82000000.0,0.0,0.0,0.06,964000000.0,97000000.0,109000000.0,0.0,32.292,643.067,641.167,1148000000.0,0.0,500.11,20.291,20.345,645000000.0,-152000000.0,1360000000.0,1360000000.0,314000000.0,,,,,256000000.0,650000000.0,1.0,196100000.0,196624000,202268000.0,6.917,8240000000.0,643000000.0,17000000.0,0.0,41.907,860000000.0
2,NOW,MRQ,2020-12-31,2020-12-31,2020-12-31,2021-07-29,94000000.0,8715000000.0,,4522000000.0,4193000000.0,,14.701,-140690000.0,1677000000.0,1677000000.0,279104000.0,16648000.0,1.21,2.075,2135000000.0,72000000.0,2063000000.0,2135000000.0,3008000000.0,93033000.0,0.0,0.0,0.0,21068000.0,114101000.0,0.091,114101000.0,21068000.0,13360000.0,0.08,0.09,0.08,2834000000.0,,2834000000.0,108243727000.0,595.0,208.839,544835000.0,2.826,1.0,971226000.0,0.777,394000000.0,7708000.0,5042000000.0,,0.0,2883000000.0,1415000000.0,1468000000.0,5881000000.0,3737000000.0,2144000000.0,107388893000.0,327620000.0,411000.0,3266000.0,-58824000.0,0.0,-203492000.0,-176519000.0,-38331000.0,685525000.0,22106000.0,16648000.0,16648000.0,16648000.0,0.0,0.0,0.013,953296000.0,17930000.0,34000000.0,0.0,37.893,906.212,902.344,1114000000.0,0.0,550.43,23.761,23.517,1009000000.0,-234000000.0,1250330000.0,1250330000.0,284297000.0,,,,,245399000.0,668999000.0,1.0,195100000.0,192775000,201401000.0,6.486,8321000000.0,673000000.0,-3288000.0,0.0,43.164,785000000.0
3,NOW,MRQ,2020-09-30,2020-09-30,2020-09-30,2021-07-29,51575000.0,7705459000.0,,3966881000.0,3738578000.0,,13.836,-91656000.0,1348294000.0,1348294000.0,251704000.0,12858000.0,1.399,1.882,2203128000.0,67934000.0,2135194000.0,2203128000.0,2312018000.0,84720000.0,0.0,0.0,0.0,33413000.0,118133000.0,0.103,118133000.0,33413000.0,25433000.0,0.07,0.06,0.07,2673716000.0,,2673716000.0,93384055000.0,460.0,179.887,149796000.0,0.775,1.0,900268000.0,0.782,387775000.0,7980000.0,5336571000.0,,0.0,2863268000.0,1603317000.0,1259951000.0,5031743000.0,2835947000.0,2195796000.0,93023000000.0,510407000.0,-24699000.0,51444000.0,1034047000.0,0.0,963378000.0,-702244000.0,-587762000.0,241452000.0,7821000.0,12858000.0,12858000.0,12858000.0,0.0,0.0,0.011,830936000.0,69332000.0,51456000.0,0.0,34.792,132.78,129.679,1021733000.0,0.0,485.0,22.039,22.205,631055000.0,-250389000.0,1151972000.0,1151972000.0,268292000.0,,,,,219929000.0,562644000.0,1.0,191800000.0,193237000,201861000.0,5.961,7317684000.0,620890000.0,12575000.0,0.0,37.869,1130934000.0
4,NOW,MRQ,2020-06-30,2020-06-30,2020-06-30,2021-07-29,29772000.0,6521309000.0,,3337122000.0,3184187000.0,,12.956,-111000000.0,837309000.0,837309000.0,233000000.0,41000000.0,1.171,1.631,1198364000.0,65742000.0,1132622000.0,1198364000.0,2282118000.0,83000000.0,0.0,0.0,0.0,70000000.0,153000000.0,0.143,153000000.0,70000000.0,62000000.0,0.21,0.2,0.21,2478806000.0,,2478806000.0,77639338000.0,325.0,145.354,257000000.0,1.343,1.0,838000000.0,0.782,375273000.0,8000000.0,3658220000.0,,0.0,2282169000.0,1505362000.0,776807000.0,4042503000.0,2848871000.0,1193632000.0,77244942000.0,28000000.0,0.0,24000000.0,-14000000.0,0.0,-103000000.0,-243000000.0,-127000000.0,368000000.0,6000000.0,41000000.0,41000000.0,41000000.0,0.0,0.0,0.038,775000000.0,63000000.0,85757000.0,0.0,31.162,106.059,104.129,1010473000.0,0.0,405.06,19.533,19.596,631992000.0,-263247000.0,1071000000.0,1071000000.0,245000000.0,,,,,217000000.0,530000000.0,1.0,190700000.0,191319000,201453000.0,5.598,6146036000.0,594155000.0,21000000.0,0.0,32.125,488251000.0
5,NOW,MRQ,2020-03-31,2020-03-31,2020-03-31,2021-07-29,-14380000.0,6197416000.0,,2805861000.0,3391555000.0,,11.917,-83000000.0,808725000.0,808725000.0,223000000.0,48000000.0,1.031,1.735,1203121000.0,60895000.0,1142226000.0,1203121000.0,2255742000.0,76000000.0,0.0,0.0,0.0,57000000.0,133000000.0,0.127,133000000.0,57000000.0,48000000.0,0.25,0.24,0.25,2266095000.0,,2266095000.0,54747976000.0,341.0,126.316,409000000.0,2.151,1.0,823000000.0,0.787,378654000.0,9000000.0,3492097000.0,,0.0,2127918000.0,1049980000.0,1077938000.0,3931321000.0,2721061000.0,1210260000.0,54392884000.0,35000000.0,-83000000.0,67000000.0,-2000000.0,0.0,-61000000.0,-385000000.0,-215000000.0,492000000.0,-11000000.0,48000000.0,48000000.0,48000000.0,0.0,0.0,0.046,774000000.0,49000000.0,73904000.0,0.0,24.003,80.434,79.166,935545000.0,0.0,286.58,14.632,14.66,615234000.0,-304013000.0,1046000000.0,1046000000.0,227000000.0,,,,,188000000.0,547000000.0,1.0,189800000.0,190163000,199938000.0,5.501,5818762000.0,586021000.0,0.0,0.0,30.599,84800000.0
6,NOW,MRQ,2019-12-31,2019-12-31,2019-12-31,2021-07-29,25255000.0,6022430000.0,,2826901000.0,3195529000.0,,11.269,-114332000.0,775778000.0,775778000.0,211453000.0,598724000.0,1.027,1.83,1130870000.0,52668000.0,1078202000.0,1130870000.0,2225792000.0,72331000.0,0.0,0.0,0.0,42661000.0,114992000.0,0.121,114992000.0,42661000.0,34186000.0,3.21,3.04,3.21,2127941000.0,,2127941000.0,53746957000.0,535.0,152.438,306879000.0,1.625,1.0,740321000.0,0.778,300606000.0,8475000.0,3324131000.0,,0.0,1928649000.0,915317000.0,1013332000.0,3894489000.0,2752785000.0,1141704000.0,53245552000.0,152451000.0,-7414000.0,2641000.0,-9000.0,0.0,-76281000.0,-198732000.0,-78679000.0,421211000.0,6253000.0,598724000.0,598724000.0,598724000.0,0.0,0.0,0.629,711809000.0,28512000.0,52960000.0,0.0,25.022,84.962,84.024,870513000.0,0.0,282.32,15.387,15.213,835279000.0,-352244000.0,951774000.0,951774000.0,202328000.0,,,,,170051000.0,509481000.0,1.0,188600000.0,188836000,198675000.0,5.04,5721824000.0,599633000.0,-564538000.0,0.0,30.3,74116000.0
7,NOW,MRQ,2019-09-30,2019-09-30,2019-09-30,2021-07-29,19631000.0,4756808000.0,,2297213000.0,2459595000.0,,7.601,-90069000.0,622925000.0,622925000.0,200793000.0,40598000.0,1.048,2.328,1124330000.0,49331000.0,1074999000.0,1124330000.0,1802818000.0,64006000.0,0.0,0.0,0.0,69141000.0,133147000.0,0.15,133147000.0,69141000.0,60770000.0,0.22,0.21,0.22,1429473000.0,,1429473000.0,48120383000.0,700.0,165.025,120109000.0,0.639,1.0,685040000.0,0.773,266849000.0,8371000.0,2798803000.0,,0.0,1849661000.0,848148000.0,1001513000.0,3327335000.0,2192561000.0,1134774000.0,47596875000.0,38842000.0,0.0,41927000.0,0.0,0.0,-41256000.0,-122355000.0,-31915000.0,210178000.0,-7725000.0,40598000.0,40598000.0,40598000.0,0.0,0.0,0.046,628716000.0,56324000.0,61906000.0,0.0,33.297,1360.338,1336.053,806282000.0,0.0,253.85,14.763,14.808,539416000.0,-950968000.0,885833000.0,885833000.0,190099000.0,,,,,162934000.0,438617000.0,1.0,187500000.0,188074000,197878000.0,4.71,4489959000.0,0.0,20172000.0,0.0,23.873,104652000.0
8,NOW,MRQ,2019-06-30,2019-06-30,2019-06-30,2021-07-29,13542000.0,4602703000.0,,2442287000.0,2160416000.0,,6.755,-86056000.0,583581000.0,583581000.0,198147000.0,-11079000.0,1.098,2.65,1107089000.0,46132000.0,1060957000.0,1107089000.0,1789379000.0,60328000.0,0.0,0.0,0.0,-8046000.0,52282000.0,0.063,52282000.0,-8046000.0,-16315000.0,-0.06,-0.06,-0.06,1260946000.0,,1260946000.0,51166128000.0,2839.0,238.22,157679000.0,0.845,1.0,635757000.0,0.762,274071000.0,8269000.0,2627161000.0,,0.0,1816519000.0,1069803000.0,746716000.0,3341757000.0,2224979000.0,1116778000.0,50713079000.0,-56494000.0,0.0,10207000.0,0.0,0.0,-97919000.0,-202517000.0,-116426000.0,243735000.0,207000.0,-11079000.0,-11079000.0,-11079000.0,0.0,0.0,-0.013,662757000.0,-27000000.0,65711000.0,0.0,40.218,18137.725,13728.5,761957000.0,0.0,274.57,16.841,17.021,503376000.0,-991566000.0,833904000.0,833904000.0,183420000.0,,,,,171760000.0,479337000.0,1.0,184700000.0,186678000,186678000.0,4.467,4328632000.0,0.0,-5236000.0,0.0,23.188,217308000.0
9,NOW,MRQ,2019-03-31,2019-03-31,2019-03-31,2021-07-29,10323000.0,4398895000.0,,2374486000.0,2024409000.0,,6.563,-47124000.0,639722000.0,639722000.0,186252000.0,-1545000.0,1.132,2.681,1092771000.0,41952000.0,1050819000.0,1092771000.0,1747782000.0,55449000.0,0.0,0.0,0.0,-3288000.0,52161000.0,0.066,52161000.0,-3288000.0,-11456000.0,-0.01,-0.01,-0.01,1194951000.0,,1194951000.0,44586948000.0,62185.0,258.687,313724000.0,1.723,1.0,602674000.0,0.764,244436000.0,8168000.0,2509667000.0,,0.0,1697024000.0,1022391000.0,674633000.0,3203944000.0,2097841000.0,1106103000.0,44491445000.0,74654000.0,0.0,53093000.0,0.0,0.0,-86400000.0,-200873000.0,-175897000.0,360848000.0,1079000.0,-1545000.0,-1545000.0,-1545000.0,0.0,0.0,-0.002,618387000.0,-15713000.0,38668000.0,0.0,37.233,-1144.592,-1120.409,744212000.0,0.0,246.49,15.842,15.979,422559000.0,-980487000.0,788926000.0,788926000.0,172522000.0,,,,,157450000.0,445865000.0,1.0,180500000.0,182062000,182062000.0,4.333,4154459000.0,0.0,-9911000.0,0.0,22.819,276645000.0
10,NOW,MRQ,2018-12-31,2018-12-31,2018-12-31,2021-07-29,-4035000.0,3879140000.0,,2344693000.0,1534447000.0,,6.181,-112513000.0,566204000.0,566204000.0,168162000.0,7015000.0,1.165,2.491,661707000.0,0.0,661707000.0,661707000.0,1690191000.0,43112000.0,0.0,0.0,0.0,10893000.0,54005000.0,0.075,54005000.0,10893000.0,1955000.0,0.04,0.04,0.04,1111199000.0,,1111199000.0,32035346000.0,2337.0,196.159,177099000.0,0.985,1.0,547279000.0,0.765,249427000.0,8938000.0,1712643000.0,,0.0,1513574000.0,931718000.0,581856000.0,2767941000.0,2012573000.0,755368000.0,31924365000.0,-137785000.0,-12500000.0,3723000.0,-118302000.0,0.0,-174321000.0,-247139000.0,-135726000.0,289612000.0,-5937000.0,7015000.0,7015000.0,7015000.0,0.0,0.0,0.01,547001000.0,278000.0,30733000.0,0.0,28.73,-1195.49,-1187.0,347216000.0,0.0,178.05,12.237,12.138,574810000.0,-978780000.0,715441000.0,715441000.0,148662000.0,,,,,142644000.0,398339000.0,1.0,179300000.0,179789463,179789463.0,3.979,3629713000.0,20642000.0,-5060000.0,0.0,20.189,332120000.0
11,NOW,MRQ,2018-09-30,2018-09-30,2018-09-30,2021-07-29,-1418000.0,3581442000.0,,2292185000.0,1289257000.0,,5.708,-47987000.0,703629000.0,703629000.0,157858000.0,8405000.0,1.26,2.511,814610000.0,160972000.0,653638000.0,814610000.0,1404461000.0,37874000.0,0.0,0.0,0.0,18463000.0,56337000.0,0.084,56337000.0,18463000.0,7230000.0,0.05,0.04,0.05,1020184000.0,,1020184000.0,34954862000.0,5397.0,241.008,97514000.0,0.546,1.0,515239000.0,0.765,227139000.0,11233000.0,1646327000.0,,0.0,1379972000.0,922411000.0,457561000.0,2561258000.0,1818957000.0,742301000.0,34802577000.0,-14170000.0,0.0,39018000.0,-40515000.0,0.0,-68234000.0,-89349000.0,-38612000.0,145501000.0,-2088000.0,8405000.0,8405000.0,8405000.0,0.0,0.0,0.012,505671000.0,9568000.0,43223000.0,0.0,34.114,-681.535,-674.586,297371000.0,0.0,195.63,14.249,14.315,424698000.0,-985795000.0,673097000.0,673097000.0,135655000.0,,,,,144408000.0,370016000.0,1.0,177900000.0,178719694,192190899.0,3.766,3354303000.0,0.0,-1175000.0,0.0,18.769,473228000.0
12,NOW,MRQ,2018-06-30,2018-06-30,2018-06-30,2021-07-29,-3995000.0,3472884000.0,,2351629000.0,1121255000.0,,5.028,-52991000.0,704846000.0,704846000.0,153165000.0,-52746000.0,1.28,2.895,857131000.0,211463000.0,645668000.0,857131000.0,1365317000.0,35207000.0,0.0,0.0,0.0,-25351000.0,9856000.0,0.016,9856000.0,-25351000.0,-40849000.0,-0.3,-0.3,-0.3,891710000.0,,891710000.0,30930068000.0,-2019.0,269.498,72905000.0,0.411,1.0,477891000.0,0.757,230733000.0,15498000.0,1557395000.0,,0.0,1349441000.0,1044812000.0,304629000.0,2581174000.0,1837041000.0,744133000.0,30458202000.0,35131000.0,-24940000.0,8762000.0,-242867000.0,0.0,-303081000.0,226312000.0,307243000.0,125896000.0,-13996000.0,-52746000.0,-52746000.0,-52746000.0,0.0,0.0,-0.084,509880000.0,-31989000.0,30656000.0,0.0,34.157,-373.025,-366.957,286953000.0,0.0,172.47,13.467,13.523,367598000.0,-994200000.0,631056000.0,631056000.0,127916000.0,,,,,135560000.0,381964000.0,1.0,176600000.0,177343176,177343176.0,3.558,3242151000.0,0.0,11897000.0,0.0,18.282,514588000.0
13,NOW,MRQ,2018-03-31,2018-03-31,2018-03-31,2021-07-29,-12970000.0,3704485000.0,,2489926000.0,1214559000.0,,4.93,-35371000.0,682854000.0,682854000.0,143473000.0,10622000.0,1.187,3.282,1154720000.0,516925000.0,637795000.0,1154720000.0,1342882000.0,33411000.0,0.0,0.0,0.0,9704000.0,43115000.0,0.073,43115000.0,9704000.0,-7360000.0,0.06,0.06,0.06,865163000.0,,865163000.0,29351056000.0,-810.0,342.027,214709000.0,1.224,1.0,445749000.0,0.757,211238000.0,17064000.0,1867097000.0,,0.0,1654314000.0,1203105000.0,451209000.0,2839322000.0,2098016000.0,741306000.0,28904115000.0,-42467000.0,0.0,52657000.0,-28894000.0,0.0,-61792000.0,-237246000.0,-194025000.0,250080000.0,6491000.0,10622000.0,10622000.0,10622000.0,0.0,0.0,0.018,466032000.0,-20283000.0,37715000.0,0.0,33.409,-341.213,-330.9,267454000.0,0.0,165.45,13.903,13.966,371008000.0,-941454000.0,589222000.0,589222000.0,117268000.0,,,,,121341000.0,348764000.0,1.0,174700000.0,175482833,190249786.0,3.358,3493247000.0,0.0,-17982000.0,0.0,19.906,391910000.0
14,NOW,MRQ,2017-12-31,2017-12-31,2017-12-31,2021-07-29,5767000.0,3550245000.0,,2421951000.0,1128294000.0,,4.485,-34654000.0,726495000.0,726495000.0,134164000.0,-17346000.0,1.188,3.559,1173436000.0,543418000.0,630018000.0,1173436000.0,1246815000.0,32067000.0,0.0,0.0,0.0,3661000.0,35728000.0,0.065,35728000.0,3661000.0,-13152000.0,-0.1,-0.1,-0.1,778744000.0,,778744000.0,22570111000.0,-376.0,419.028,150129000.0,0.865,1.0,414929000.0,0.756,215644000.0,16813000.0,1742063000.0,,0.0,1444245000.0,1052803000.0,391442000.0,2771501000.0,2039479000.0,732022000.0,22518353000.0,-378479000.0,-31666000.0,5819000.0,-2237000.0,0.0,-47226000.0,-518284000.0,-451464000.0,184783000.0,2248000.0,-17346000.0,-17346000.0,-17346000.0,0.0,0.0,-0.032,415829000.0,-900000.0,32109000.0,0.0,28.916,-192.718,-191.75,245124000.0,0.0,130.39,11.738,11.634,437051000.0,-958564000.0,549093000.0,549093000.0,104559000.0,,,,,105627000.0,311270000.0,1.0,172700000.0,173624849,173624849.0,3.163,3334601000.0,0.0,4194000.0,0.0,19.206,382472000.0
15,NOW,MRQ,2017-09-30,2017-09-30,2017-09-30,2021-07-29,-408000.0,3069515000.0,,2127492000.0,942023000.0,,3.208,-46753000.0,1104871000.0,1104871000.0,127486000.0,-22182000.0,1.661,4.567,1156629000.0,0.0,1156629000.0,1156629000.0,1124644000.0,29401000.0,0.0,0.0,0.0,-3331000.0,26070000.0,0.053,26070000.0,-3331000.0,-19897000.0,-0.13,-0.13,-0.13,551391000.0,,551391000.0,20028977000.0,-432.0,340.513,95071000.0,0.553,1.0,364886000.0,0.741,177067000.0,16566000.0,1663555000.0,,0.0,991884000.0,567026000.0,424858000.0,2518124000.0,1280651000.0,1237473000.0,20062371000.0,-68678000.0,-5000000.0,35856000.0,-121000.0,0.0,-8046000.0,-210181000.0,-158428000.0,141824000.0,7725000.0,-22182000.0,-22182000.0,-22182000.0,0.0,0.0,-0.045,368796000.0,-3910000.0,20752000.0,0.0,36.385,-212.224,-213.691,231304000.0,0.0,117.53,11.428,11.507,291903000.0,-1118713000.0,492372000.0,492372000.0,98465000.0,,,,,100442000.0,270331000.0,1.0,170700000.0,171883190,171883190.0,2.865,2892448000.0,0.0,2285000.0,0.0,16.828,846841000.0
16,NOW,MRQ,2017-06-30,2017-06-30,2017-06-30,2021-07-29,-933000.0,2924406000.0,,2111027000.0,813379000.0,,2.831,-35917000.0,1173457000.0,1173457000.0,122128000.0,-55804000.0,1.734,5.062,1140063000.0,0.0,1140063000.0,1140063000.0,1066795000.0,27181000.0,0.0,0.0,0.0,-46279000.0,-19098000.0,-0.043,-19098000.0,-46279000.0,-57616000.0,-0.33,-0.33,-0.33,482426000.0,,482426000.0,18064775000.0,-266.0,601.718,92808000.0,0.545,1.0,326130000.0,0.728,177017000.0,11337000.0,1496705000.0,,0.0,838514000.0,518719000.0,319795000.0,2441980000.0,1217290000.0,1224690000.0,17988200000.0,733685000.0,-6502000.0,5156000.0,770982000.0,0.0,613795000.0,-27718000.0,20871000.0,128725000.0,18883000.0,-55804000.0,-55804000.0,-55804000.0,0.0,0.0,-0.124,363924000.0,-37794000.0,24478000.0,0.0,37.287,-165.622,-165.625,213501000.0,0.0,106.0,11.098,11.145,279088000.0,-1094525000.0,448258000.0,448258000.0,90005000.0,,,,,98066000.0,273919000.0,1.0,169700000.0,170419083,170419083.0,2.63,2747389000.0,0.0,-1812000.0,0.0,16.121,893737000.0
17,NOW,MRQ,2017-03-31,2017-03-31,2017-03-31,2021-07-29,-11678000.0,2170263000.0,,1396255000.0,774008000.0,,2.532,-33186000.0,439915000.0,439915000.0,116084000.0,-21514000.0,1.225,4.079,516490000.0,0.0,516490000.0,516490000.0,1011993000.0,25226000.0,0.0,0.0,0.0,-14063000.0,11163000.0,0.026,11163000.0,-14063000.0,-22741000.0,-0.13,-0.13,-0.13,427339000.0,,427339000.0,14801534000.0,-218.0,640.704,154422000.0,0.915,1.0,312687000.0,0.729,164669000.0,8678000.0,942364000.0,,0.0,861660000.0,535399000.0,326261000.0,1742924000.0,1139805000.0,603119000.0,14694960000.0,39369000.0,-15035000.0,34807000.0,-1415000.0,0.0,-19631000.0,-127765000.0,-79544000.0,187608000.0,-843000.0,-21514000.0,-21514000.0,-21514000.0,0.0,0.0,-0.05,334479000.0,-21792000.0,33658000.0,0.0,34.387,-143.462,-143.393,189659000.0,0.0,87.47,9.707,9.75,278107000.0,-1038052000.0,428771000.0,428771000.0,84489000.0,,,,,89869000.0,249990000.0,1.0,168000000.0,168742366,168742366.0,2.541,2005594000.0,0.0,-1227000.0,0.0,11.886,256450000.0
18,NOW,MRQ,2016-12-31,2016-12-31,2016-12-31,2021-07-29,-21133000.0,2033767000.0,,1342535000.0,691232000.0,,2.319,-21450000.0,401238000.0,401238000.0,105249000.0,4966000.0,1.253,4.256,507812000.0,0.0,507812000.0,507812000.0,895101000.0,23366000.0,0.0,0.0,0.0,17319000.0,40685000.0,0.105,40685000.0,17319000.0,8787000.0,0.04,0.04,0.04,386961000.0,,386961000.0,12514653000.0,-33.0,-42.558,110397000.0,0.662,1.0,280889000.0,0.727,148388000.0,8532000.0,920455000.0,,0.0,760782000.0,498124000.0,262658000.0,1646806000.0,1071498000.0,575308000.0,12340440000.0,76384000.0,0.0,11315000.0,-862000.0,0.0,-20887000.0,-29100000.0,28000.0,131847000.0,-5476000.0,4966000.0,4966000.0,4966000.0,0.0,0.0,0.013,263852000.0,17037000.0,38080000.0,0.0,31.891,-29.79,-29.5,181620000.0,0.0,74.34,8.872,8.793,322757000.0,-997390000.0,386138000.0,386138000.0,73933000.0,,,,,83194000.0,189919000.0,1.0,166000000.0,166833305,166833305.0,2.315,1885379000.0,0.0,3821000.0,0.0,11.301,271037000.0
19,NOW,MRQ,2016-09-30,2016-09-30,2016-09-30,2021-07-29,-16465000.0,1813114000.0,,1126907000.0,686207000.0,,2.192,-31183000.0,325067000.0,325067000.0,102837000.0,-36258000.0,1.254,4.002,499280000.0,0.0,499280000.0,499280000.0,761705000.0,22264000.0,0.0,0.0,0.0,-24992000.0,-2728000.0,-0.008,-2728000.0,-24992000.0,-33381000.0,-0.22,-0.22,-0.22,362503000.0,,362503000.0,13221953000.0,-31.0,-38.211,65535000.0,0.396,1.0,254819000.0,0.712,145151000.0,8389000.0,943837000.0,,0.0,763166000.0,481813000.0,281353000.0,1450611000.0,898339000.0,552272000.0,13020175000.0,35954000.0,0.0,20912000.0,-1138000.0,0.0,-9007000.0,-51591000.0,-20697000.0,96718000.0,-166000.0,-36258000.0,-36258000.0,-36258000.0,0.0,0.0,-0.101,281594000.0,-26775000.0,30012000.0,0.0,35.917,-28.516,-28.167,176106000.0,0.0,79.15,10.089,10.143,220089000.0,-964801000.0,357656000.0,357656000.0,75018000.0,,,,,81087000.0,206576000.0,1.0,164500000.0,165378836,165378836.0,2.163,1667963000.0,0.0,2877000.0,0.0,10.086,228568000.0
20,NOW,MRQ,2016-06-30,2016-06-30,2016-06-30,2021-07-29,-16053000.0,1714338000.0,,1097889000.0,616449000.0,,1.979,-23852000.0,289113000.0,289113000.0,96649000.0,-49625000.0,1.288,4.287,490891000.0,0.0,490891000.0,490891000.0,712985000.0,20000000.0,0.0,0.0,0.0,-46018000.0,-26018000.0,-0.076,-26018000.0,-46018000.0,-54266000.0,-0.3,-0.3,-0.3,324282000.0,,324282000.0,10839113000.0,-25.0,-30.093,-172023000.0,-1.05,1.0,244663000.0,0.717,147988000.0,8248000.0,916047000.0,,0.0,742040000.0,517601000.0,224439000.0,1390056000.0,852081000.0,537975000.0,10809920000.0,-164337000.0,-33797000.0,14278000.0,-113000.0,0.0,-17168000.0,3859000.0,66662000.0,-148171000.0,-2857000.0,-49625000.0,-49625000.0,-49625000.0,0.0,0.0,-0.145,292941000.0,-48278000.0,41095000.0,0.0,33.335,-23.43,-23.298,166551000.0,0.0,66.4,9.054,9.111,197296000.0,-928543000.0,341312000.0,341312000.0,70364000.0,,,,,78065000.0,222577000.0,1.0,162800000.0,163838755,163838755.0,2.083,1566350000.0,0.0,-4641000.0,0.0,9.56,245808000.0
21,NOW,MRQ,2016-03-31,2016-03-31,2016-03-31,2021-07-29,-14569000.0,1874043000.0,,1193258000.0,680785000.0,,1.866,-29077000.0,453450000.0,453450000.0,94260000.0,-333332000.0,1.138,5.198,482643000.0,0.0,482643000.0,482643000.0,682517000.0,17452000.0,0.0,0.0,0.0,-323450000.0,-305998000.0,-1.0,-305998000.0,-323450000.0,-331559000.0,-2.06,-2.06,-2.06,302356000.0,,302356000.0,9936681000.0,-23.0,-26.722,49610000.0,0.306,1.0,211619000.0,0.692,103610000.0,8109000.0,751343000.0,,0.0,809254000.0,447423000.0,361831000.0,1571687000.0,1048283000.0,523404000.0,9874452000.0,41145000.0,-500000.0,19873000.0,-110000.0,0.0,-8690000.0,-31406000.0,4378000.0,78687000.0,2554000.0,-333332000.0,-333332000.0,-333332000.0,0.0,0.0,-1.09,535771000.0,-324152000.0,39621000.0,0.0,32.658,-20.847,-20.739,154244000.0,0.0,61.18,8.982,9.019,190263000.0,-890341000.0,305879000.0,305879000.0,65924000.0,,,,,75308000.0,199847000.0,1.0,161400000.0,162067108,162067108.0,1.887,1770433000.0,0.0,1773000.0,0.0,10.924,144975000.0
22,NOW,MRQ,2015-12-31,2015-12-31,2015-12-31,2021-07-29,-16882000.0,1807052000.0,,1085635000.0,721417000.0,,3.548,-24893000.0,412305000.0,412305000.0,90909000.0,-37378000.0,1.484,2.188,474534000.0,0.0,474534000.0,474534000.0,603754000.0,16399000.0,0.0,0.0,0.0,-27681000.0,-11282000.0,-0.039,-11282000.0,-27681000.0,-35654000.0,-0.23,-0.23,-0.23,566814000.0,,566814000.0,13880798000.0,-86.0,-136.677,81661000.0,0.511,1.0,194741000.0,0.682,98674000.0,7973000.0,1038971000.0,,0.0,811612000.0,388945000.0,422667000.0,1240238000.0,731636000.0,508602000.0,13763040000.0,63432000.0,0.0,20001000.0,-111000.0,0.0,19698000.0,-60521000.0,-34286000.0,106554000.0,-2299000.0,-37378000.0,-37378000.0,-37378000.0,0.0,0.0,-0.131,225599000.0,-30858000.0,37369000.0,0.0,24.281,-69.361,-68.157,144714000.0,0.0,86.56,13.688,13.405,203333000.0,-557009000.0,285650000.0,285650000.0,58443000.0,,,,,68182000.0,167156000.0,1.0,159000000.0,159770461,159770461.0,1.788,1708378000.0,0.0,1724000.0,0.0,10.693,353999000.0
23,NOW,MRQ,2015-09-30,2015-09-30,2015-09-30,2021-07-29,-15072000.0,1662888000.0,,981607000.0,681281000.0,,3.294,-20768000.0,349073000.0,349073000.0,81888000.0,-41030000.0,1.546,2.217,466831000.0,0.0,466831000.0,466831000.0,528403000.0,15100000.0,0.0,0.0,0.0,-31992000.0,-16892000.0,-0.065,-16892000.0,-31992000.0,-39831000.0,-0.26,-0.26,-0.26,516934000.0,,516934000.0,10974802000.0,-66.0,-101.354,42881000.0,0.273,1.0,179262000.0,0.686,100074000.0,7839000.0,1045751000.0,,0.0,780390000.0,379878000.0,400512000.0,1145954000.0,634821000.0,511133000.0,10841145000.0,23719000.0,0.0,31663000.0,-112000.0,0.0,31394000.0,-71672000.0,-50430000.0,63649000.0,348000.0,-41030000.0,-41030000.0,-41030000.0,0.0,0.0,-0.157,207302000.0,-28040000.0,30654000.0,0.0,20.972,-52.701,-51.828,132713000.0,0.0,69.45,11.812,11.875,159768000.0,-519631000.0,261150000.0,261150000.0,55822000.0,,,,,65111000.0,151480000.0,1.0,156100000.0,156930506,156930506.0,1.664,1562814000.0,0.0,1199000.0,0.0,9.959,346786000.0
24,NOW,MRQ,2015-06-30,2015-06-30,2015-06-30,2021-07-29,-12272000.0,1563311000.0,,954074000.0,609237000.0,,2.998,-15121000.0,325354000.0,325354000.0,79717000.0,-61925000.0,1.613,2.376,459011000.0,0.0,459011000.0,459011000.0,502694000.0,15033000.0,0.0,0.0,0.0,-52714000.0,-37681000.0,-0.153,-37681000.0,-52714000.0,-60421000.0,-0.4,-0.4,-0.4,463113000.0,,463113000.0,11572220000.0,-69.0,-101.703,65064000.0,0.421,1.0,166999000.0,0.677,104844000.0,7707000.0,1000491000.0,,0.0,730454000.0,397170000.0,333284000.0,1100198000.0,591633000.0,508565000.0,11428878000.0,17373000.0,0.0,11210000.0,0.0,0.0,-501000.0,-64994000.0,-49908000.0,80185000.0,2683000.0,-61925000.0,-61925000.0,-61925000.0,0.0,0.0,-0.251,220234000.0,-53235000.0,20966000.0,0.0,24.678,-55.553,-54.64,124902000.0,0.0,74.31,13.681,13.74,143206000.0,-478601000.0,246716000.0,246716000.0,53276000.0,,,,,66346000.0,166958000.0,1.0,153800000.0,154465367,154465367.0,1.597,1458467000.0,0.0,1504000.0,0.0,9.442,362441000.0
25,NOW,MRQ,2015-03-31,2015-03-31,2015-03-31,2021-07-29,-15678000.0,1493642000.0,,983934000.0,509708000.0,,3.001,-26699000.0,307981000.0,307981000.0,76899000.0,-58093000.0,1.819,2.283,451323000.0,0.0,451323000.0,451323000.0,463333000.0,13824000.0,0.0,0.0,0.0,-49528000.0,-35704000.0,-0.168,-35704000.0,-49528000.0,-57106000.0,-0.38,-0.38,-0.38,454910000.0,,454910000.0,12047699000.0,-75.0,-107.681,40667000.0,0.268,1.0,135065000.0,0.637,104829000.0,7578000.0,991229000.0,,0.0,690654000.0,437029000.0,253625000.0,1038732000.0,540926000.0,497806000.0,11856390000.0,55526000.0,-1100000.0,30474000.0,0.0,0.0,29739000.0,-34334000.0,-6566000.0,67366000.0,-7245000.0,-58093000.0,-58093000.0,-58093000.0,0.0,0.0,-0.274,189297000.0,-54232000.0,18192000.0,0.0,26.063,-61.062,-60.137,115438000.0,0.0,78.78,15.695,15.81,142720000.0,-416676000.0,211964000.0,211964000.0,49848000.0,,,,,58074000.0,139449000.0,1.0,150500000.0,151601880,151601880.0,1.398,1388813000.0,0.0,987000.0,0.0,9.161,443008000.0
26,NOW,MRQ,2014-12-31,2014-12-31,2014-12-31,2021-07-29,-12113000.0,1424752000.0,,906986000.0,517766000.0,,2.883,-8880000.0,252455000.0,252455000.0,70638000.0,-44663000.0,1.789,2.324,443437000.0,0.0,443437000.0,443437000.0,422238000.0,13325000.0,0.0,0.0,0.0,-31330000.0,-18005000.0,-0.091,-18005000.0,-31330000.0,-43246000.0,-0.3,-0.3,-0.3,428675000.0,,428675000.0,10263401000.0,-70.0,-98.288,40781000.0,0.274,1.0,127366000.0,0.643,109542000.0,11916000.0,999195000.0,,0.0,683108000.0,416336000.0,266772000.0,996077000.0,506997000.0,489080000.0,10062155000.0,17369000.0,0.0,14998000.0,0.0,0.0,13641000.0,-43203000.0,-34323000.0,49661000.0,-2730000.0,-44663000.0,-44663000.0,-44663000.0,0.0,0.0,-0.226,164050000.0,-36684000.0,17829000.0,0.0,23.473,-56.092,-55.163,104237000.0,0.0,67.85,14.742,14.449,159171000.0,-358583000.0,198004000.0,198004000.0,42026000.0,,,,,47186000.0,122024000.0,1.0,148300000.0,148702640,148702640.0,1.332,1315210000.0,0.0,1417000.0,0.0,8.845,399989000.0
27,NOW,MRQ,2014-09-30,2014-09-30,2014-09-30,2021-07-29,-6322000.0,1304612000.0,,821399000.0,483213000.0,,2.852,-18094000.0,235086000.0,235086000.0,66086000.0,-41050000.0,1.959,2.125,436332000.0,0.0,436332000.0,436332000.0,350795000.0,12104000.0,0.0,0.0,0.0,-34499000.0,-22395000.0,-0.125,-22395000.0,-34499000.0,-40448000.0,-0.28,-0.28,-0.28,417415000.0,,417415000.0,8663996000.0,-64.0,-87.719,6906000.0,0.047,1.0,112626000.0,0.63,116648000.0,5949000.0,969933000.0,,0.0,649037000.0,410986000.0,238051000.0,887197000.0,419277000.0,467920000.0,8564246000.0,-94189000.0,-99813000.0,25587000.0,0.0,0.0,25666000.0,-141014000.0,-23107000.0,25000000.0,-3841000.0,-41050000.0,-41050000.0,-41050000.0,0.0,0.0,-0.23,147125000.0,-34499000.0,11416000.0,0.0,20.517,-53.878,-53.436,96977000.0,0.0,58.78,14.045,14.106,111164000.0,-313920000.0,178712000.0,178712000.0,39683000.0,,,,,40917000.0,107442000.0,1.0,145700000.0,146335519,146335519.0,1.221,1187964000.0,0.0,602000.0,0.0,8.118,402122000.0
28,NOW,MRQ,2014-06-30,2014-06-30,2014-06-30,2021-07-29,600000.0,1262243000.0,,844659000.0,417584000.0,,2.756,-16437000.0,329275000.0,329275000.0,58938000.0,-50363000.0,2.096,2.171,429025000.0,0.0,429025000.0,429025000.0,328852000.0,8692000.0,0.0,0.0,0.0,-44471000.0,-35779000.0,-0.215,-35779000.0,-44471000.0,-49702000.0,-0.35,-0.35,-0.35,398117000.0,,398117000.0,8968984000.0,-78.0,-107.013,25622000.0,0.177,1.0,107819000.0,0.647,13912000.0,5231000.0,945034000.0,,0.0,627785000.0,348205000.0,279580000.0,864126000.0,403047000.0,461079000.0,8885064000.0,-8645000.0,0.0,6597000.0,0.0,0.0,6274000.0,-57028000.0,-40591000.0,42059000.0,50000.0,-50363000.0,-50363000.0,-50363000.0,0.0,0.0,-0.302,152290000.0,-44471000.0,22463000.0,0.0,22.318,-66.997,-66.624,96483000.0,0.0,61.96,16.383,16.504,109246000.0,-272870000.0,166757000.0,166757000.0,35439000.0,,,,,37927000.0,116851000.0,1.0,143400000.0,144456675,144456675.0,1.154,1248331000.0,0.0,661000.0,0.0,8.642,441612000.0
29,NOW,MRQ,2014-03-31,2014-03-31,2014-03-31,2021-07-29,-276000.0,1224261000.0,,828625000.0,395636000.0,,2.842,-10968000.0,337920000.0,337920000.0,53114000.0,-43311000.0,2.267,2.032,421840000.0,0.0,421840000.0,421840000.0,308472000.0,7938000.0,0.0,0.0,0.0,-36181000.0,-28243000.0,-0.203,-28243000.0,-36181000.0,-42144000.0,-0.3,-0.3,-0.3,403742000.0,,403742000.0,8503186000.0,-93.0,-134.204,13249000.0,0.093,1.0,85976000.0,0.618,14460000.0,5963000.0,928215000.0,,0.0,586477000.0,317842000.0,268635000.0,820519000.0,365506000.0,455013000.0,8454712000.0,-28383000.0,0.0,22214000.0,0.0,0.0,23154000.0,-75683000.0,-64660000.0,24217000.0,-71000.0,-43311000.0,-43311000.0,-43311000.0,0.0,0.0,-0.311,122157000.0,-36181000.0,22664000.0,0.0,20.941,-81.561,-80.973,86200000.0,0.0,59.92,17.695,17.815,107932000.0,-222507000.0,139090000.0,139090000.0,31110000.0,,,,,28289000.0,91047000.0,1.0,141100000.0,142060025,142060025.0,0.979,1209801000.0,0.0,1167000.0,0.0,8.516,463119000.0
30,NOW,MRQ,2013-12-31,2013-12-31,2013-12-31,2021-07-29,-476000.0,1168476000.0,,797749000.0,370727000.0,,2.825,-16262000.0,366303000.0,366303000.0,45378000.0,-24232000.0,2.432,1.964,414777000.0,0.0,414777000.0,414777000.0,266722000.0,7836000.0,0.0,0.0,0.0,-20189000.0,-12353000.0,-0.099,-12353000.0,-20189000.0,-23687000.0,-0.17,-0.17,-0.17,394259000.0,,394259000.0,7647493000.0,-113.0,-175.615,20005000.0,0.143,1.0,79852000.0,0.638,14520000.0,3498000.0,874342000.0,,0.0,523607000.0,268251000.0,255356000.0,774217000.0,328088000.0,446129000.0,7768587000.0,245209000.0,0.0,91953000.0,427126000.0,0.0,519618000.0,-309647000.0,-293382000.0,36267000.0,-1029000.0,-24232000.0,-24232000.0,-24232000.0,0.0,0.0,-0.193,99213000.0,-19361000.0,7405000.0,0.0,19.704,-105.397,-103.722,75560000.0,0.0,56.01,18.294,17.861,108339000.0,-179196000.0,125230000.0,125230000.0,23869000.0,,,,,21015000.0,75344000.0,1.0,138700000.0,139553838,139553838.0,0.897,1153956000.0,0.0,545000.0,0.0,8.269,469661000.0
31,NOW,MRQ,2013-09-30,2013-09-30,2013-09-30,2021-07-29,-662000.0,578736000.0,,342419000.0,236317000.0,,2.092,-16824000.0,121094000.0,121094000.0,41575000.0,-14713000.0,1.277,1.012,0.0,0.0,0.0,0.0,225801000.0,6613000.0,0.0,0.0,0.0,-14050000.0,-7437000.0,-0.067,-7437000.0,-14050000.0,-14050000.0,-0.11,-0.11,-0.11,287596000.0,,287596000.0,6986527000.0,-123.0,-196.19,3896000.0,0.028,1.0,69684000.0,0.626,14715000.0,0.0,174788000.0,,0.0,231663000.0,99044000.0,132619000.0,291140000.0,268139000.0,23001000.0,7106760000.0,861000.0,-13330000.0,16003000.0,0.0,0.0,15249000.0,-36736000.0,-6571000.0,20720000.0,1628000.0,-14713000.0,-14713000.0,-14713000.0,0.0,0.0,-0.132,84334000.0,-14650000.0,7930000.0,0.0,24.711,-119.628,-133.205,68642000.0,0.0,51.95,18.973,19.064,84527000.0,-154964000.0,111259000.0,111259000.0,20819000.0,,,,,18605000.0,63515000.0,1.0,136800000.0,137456531,137456531.0,0.809,564021000.0,0.0,663000.0,0.0,4.103,74280000.0
32,NOW,MRQ,2013-06-30,2013-06-30,2013-06-30,2021-07-29,-1832000.0,542333000.0,,376809000.0,165524000.0,,1.992,-11820000.0,120233000.0,120233000.0,35998000.0,-21405000.0,1.512,1.024,0.0,0.0,0.0,0.0,210040000.0,5339000.0,0.0,0.0,0.0,-20666000.0,-15327000.0,-0.15,-15327000.0,-20666000.0,-20666000.0,-0.16,-0.16,-0.16,267895000.0,,267895000.0,5279595000.0,-96.0,-142.935,-2084000.0,-0.015,1.0,66224000.0,0.648,0.0,0.0,172928000.0,,0.0,225889000.0,133547000.0,92342000.0,274438000.0,249172000.0,25266000.0,5424377000.0,-24549000.0,0.0,10362000.0,0.0,0.0,11082000.0,-45401000.0,-33418000.0,9736000.0,34000.0,-21405000.0,-21405000.0,-21405000.0,0.0,0.0,-0.209,85567000.0,-19343000.0,10016000.0,0.0,20.248,-93.933,-103.564,57253000.0,0.0,40.39,16.554,16.573,92765000.0,-140251000.0,102222000.0,102222000.0,17951000.0,,,,,14108000.0,67616000.0,1.0,134300000.0,134454085,134454085.0,0.76,542333000.0,0.0,739000.0,0.0,4.034,127637000.0
33,NOW,MRQ,2013-03-31,2013-03-31,2013-03-31,2021-07-29,-1156000.0,515953000.0,,447236000.0,68717000.0,,2.034,-10415000.0,144782000.0,144782000.0,32308000.0,-13358000.0,1.952,0.955,0.0,0.0,0.0,0.0,194765000.0,4364000.0,0.0,0.0,0.0,-12794000.0,-8430000.0,-0.098,-8430000.0,-12794000.0,-12794000.0,-0.1,-0.1,-0.1,263927000.0,,263927000.0,4655791000.0,-106.0,-166.195,4608000.0,0.036,1.0,53631000.0,0.624,0.0,0.0,142058000.0,,0.0,194084000.0,194084000.0,0.0,252026000.0,229113000.0,22913000.0,4774780000.0,25793000.0,0.0,21468000.0,0.0,0.0,22621000.0,-11011000.0,-596000.0,15023000.0,-840000.0,-13358000.0,-13358000.0,-13358000.0,0.0,0.0,-0.155,66544000.0,-12913000.0,9770000.0,0.0,18.091,-105.59,-65.818,54284000.0,0.0,36.2,16.919,16.647,79844000.0,-118846000.0,85939000.0,85939000.0,16039000.0,,,,,10195000.0,50505000.0,1.0,131900000.0,129782029,129782029.0,0.662,515953000.0,660000.0,564000.0,0.0,3.976,218123000.0
34,NOW,MRQ,2012-12-31,2012-12-31,2012-12-31,2021-07-29,-36000.0,478114000.0,,422089000.0,56025000.0,,3.293,-9910000.0,118989000.0,118989000.0,32308000.0,-9931000.0,1.994,0.964,0.0,0.0,0.0,0.0,170361000.0,4665000.0,0.0,0.0,0.0,-9082000.0,-4417000.0,-0.059,-4417000.0,-9082000.0,-9082000.0,-0.02,-0.02,-0.02,243405000.0,,243405000.0,3588425697.0,-99.0,-157.511,6761000.0,0.091,1.0,42854000.0,0.57,596000.0,0.0,146902000.0,,0.0,195702000.0,195702000.0,0.0,234709000.0,211627000.0,23082000.0,3705438697.0,2013000.0,0.0,51085000.0,0.0,0.0,52246000.0,-66904000.0,-57031000.0,16671000.0,0.0,-9931000.0,-9931000.0,-9931000.0,0.0,0.0,-0.132,52392000.0,-9538000.0,9604000.0,0.0,15.223,-98.402,-58.882,42342000.0,0.0,30.03,15.204,9.107,78163000.0,-105488000.0,75162000.0,75162000.0,13235000.0,,,,,8188000.0,39157000.0,1.0,123391232.0,73908631,73908631.0,1.017,477518000.0,0.0,849000.0,0.0,6.461,210462000.0
35,NOW,MRQ,2012-09-30,2012-09-30,2012-09-30,2021-07-29,326000.0,382204000.0,,331877000.0,50327000.0,,1.625,-11930000.0,117013000.0,117013000.0,27574000.0,-13053000.0,1.991,0.998,0.0,0.0,0.0,0.0,148379000.0,3969000.0,0.0,0.0,0.0,-12732000.0,-8763000.0,-0.136,-8763000.0,-12732000.0,-12732000.0,-0.11,-0.11,-0.11,191268000.0,,191268000.0,4699931111.0,-141.0,-201.239,-2853000.0,-0.024,1.0,36771000.0,0.571,0.0,0.0,98503000.0,,0.0,139485000.0,139485000.0,0.0,190936000.0,166688000.0,24248000.0,4765450111.0,51494000.0,0.0,170015000.0,0.0,0.0,171455000.0,-129133000.0,-117203000.0,9077000.0,95000.0,-13053000.0,-13053000.0,-13053000.0,0.0,0.0,-0.203,50118000.0,-13347000.0,5680000.0,0.0,24.915,-136.773,-39.071,39086000.0,0.0,38.68,22.941,21.916,55924000.0,-95557000.0,64345000.0,64345000.0,10783000.0,,,,,7937000.0,39335000.0,1.0,123201916.0,117698005,117698005.0,0.547,382204000.0,1544000.0,321000.0,0.0,3.247,165189000.0
36,NOW,MRQ,2012-06-30,2012-06-30,2012-06-30,2021-07-29,286000.0,200472000.0,,152082000.0,48390000.0,,-1.552,-11668000.0,65519000.0,65519000.0,22891000.0,-8724000.0,1.002,-4.06,0.0,0.0,0.0,0.0,133971000.0,2826000.0,0.0,0.0,0.0,-9230000.0,-6404000.0,-0.113,-6404000.0,-9230000.0,-9230000.0,-0.32,-0.32,-0.32,-43128000.0,,-43128000.0,2878951342.0,-141.0,-213.604,-4729000.0,-0.17,1.0,33883000.0,0.597,0.0,0.0,-16852000.0,,0.0,22795000.0,22795000.0,0.0,175119000.0,151805000.0,23314000.0,2959128342.0,-14658000.0,0.0,78000.0,0.0,0.0,-1789000.0,-19218000.0,-7550000.0,6939000.0,-590000.0,-8878000.0,-8878000.0,-8878000.0,0.0,154000.0,-0.156,43000000.0,-9117000.0,8550000.0,0.0,-68.613,-136.567,-27.955,35452000.0,0.0,24.6,16.664,3.85,47334000.0,-82504000.0,56774000.0,56774000.0,9272000.0,,,,,7160000.0,33728000.0,1.0,120289770.0,27788547,27788547.0,2.043,200472000.0,1718000.0,-352000.0,0.0,7.214,277000.0
37,NOW,MRQ,2012-03-31,2012-03-31,2012-03-31,2021-07-29,771000.0,184998000.0,,153321000.0,31677000.0,,-1.6,-8558000.0,80177000.0,80177000.0,21236000.0,-5640000.0,1.151,-3.902,0.0,0.0,0.0,0.0,118660000.0,2046000.0,0.0,,0.0,-5244000.0,-3198000.0,-0.067,-3198000.0,-5244000.0,-5244000.0,-0.23,-0.23,-0.23,-40198000.0,,-40198000.0,,,,7521000.0,0.299,1.0,26195000.0,0.552,0.0,0.0,-28351000.0,,0.0,15344000.0,15344000.0,0.0,156869000.0,133172000.0,23697000.0,,12052000.0,0.0,18967000.0,0.0,0.0,19927000.0,-23894000.0,-15344000.0,16079000.0,-60000.0,-5794000.0,-5794000.0,-5794000.0,0.0,154000.0,-0.122,31777000.0,-5582000.0,7089000.0,0.0,,,,24091000.0,0.0,,,,42894000.0,-73780000.0,47431000.0,47431000.0,6043000.0,,,,,2958000.0,25734000.0,1.0,120289770.0,25123582,25123582.0,1.888,184998000.0,1544000.0,550000.0,0.0,7.364,20149000.0
38,NOW,MRQ,2011-12-31,2011-12-31,2011-12-31,2021-07-29,899000.0,156323000.0,,130507000.0,25816000.0,,-2.671,-5442000.0,68133000.0,68133000.0,15991000.0,-6805000.0,1.031,-2.535,0.0,0.0,0.0,0.0,107571000.0,1221000.0,0.0,,0.0,-6211000.0,-4990000.0,-0.127,-4990000.0,-6211000.0,-6211000.0,-0.33,-0.33,-0.33,-57426000.0,,-57426000.0,,,,-1906000.0,-0.089,1.0,23187000.0,0.592,0.0,0.0,-38371000.0,,0.0,0.0,0.0,0.0,145577000.0,126561000.0,19016000.0,,-948000.0,0.0,331000.0,0.0,0.0,372000.0,-5442000.0,0.0,3536000.0,586000.0,-7117000.0,-7117000.0,-7117000.0,0.0,312000.0,-0.182,28369000.0,-5182000.0,9411000.0,0.0,,,,20695000.0,0.0,,,,44860000.0,-68140000.0,39178000.0,39178000.0,4273000.0,,,,,3205000.0,24096000.0,1.0,,21498538,21104219.0,1.822,156323000.0,1544000.0,906000.0,0.0,7.271,3946000.0
39,NOW,MRQ,2011-09-30,2011-09-30,2011-09-30,2021-07-29,,,,,,,,-2517000.0,,,11932000.0,121000.0,,,,,,,,824000.0,,,0.0,290000.0,1114000.0,0.033,1114000.0,290000.0,290000.0,0.0,0.0,0.0,,,,,,,7167000.0,0.346,1.0,22265000.0,0.651,,0.0,,,,,,,,,,,9183000.0,0.0,1782000.0,0.0,0.0,1782000.0,-2517000.0,0.0,9684000.0,234000.0,121000.0,121000.0,121000.0,0.0,0.0,0.004,21246000.0,1019000.0,,,,,,,0.0,,,,,,34197000.0,34197000.0,2757000.0,,,,,2391000.0,18489000.0,1.0,,20709900,33970469.0,1.651,,,169000.0,,,
40,NOW,MRQ,2011-06-30,2011-06-30,2011-06-30,2021-07-29,118000.0,108746000.0,,96893000.0,11853000.0,,-2.972,-2850000.0,59898000.0,59898000.0,9487000.0,2036000.0,1.101,-1.7,0.0,0.0,0.0,0.0,77778000.0,564000.0,0.0,,0.0,-1816000.0,-1252000.0,-0.042,-1252000.0,-1816000.0,-1816000.0,0.02,0.01,0.02,-58381000.0,,-58381000.0,,,,9821000.0,0.5,1.0,19998000.0,0.678,0.0,0.0,-39138000.0,,0.0,0.0,0.0,0.0,99267000.0,87986000.0,11281000.0,,10180000.0,0.0,462000.0,0.0,0.0,440000.0,-2850000.0,0.0,12671000.0,-81000.0,-2114000.0,-2114000.0,-2114000.0,0.0,4150000.0,-0.072,17729000.0,2269000.0,2098000.0,0.0,,,,9467000.0,0.0,,,,24495000.0,-61456000.0,29485000.0,29485000.0,2361000.0,,,,,1100000.0,15368000.0,1.0,,19640789,28769125.0,1.501,108746000.0,0.0,298000.0,0.0,5.537,8907000.0
41,NOW,MRQ,2011-03-31,2011-03-31,2011-03-31,2021-07-29,,,,,,,,-3826000.0,,,9214000.0,2991000.0,,,,,,,,406000.0,,,0.0,3376000.0,3782000.0,0.15,3782000.0,3376000.0,3376000.0,0.03,0.03,0.03,,,,,,,10260000.0,0.549,1.0,15998000.0,0.635,,0.0,,,,,,,,,,,11216000.0,0.0,522000.0,0.0,0.0,565000.0,-3676000.0,0.0,14086000.0,241000.0,2991000.0,2991000.0,2991000.0,0.0,0.0,0.119,12874000.0,3124000.0,,0.0,,,,,0.0,,,,,,25212000.0,25212000.0,1885000.0,,,,,712000.0,10989000.0,1.0,,18702229,28368105.0,1.348,,,385000.0,,,
42,NOW,MRQ,2010-06-30,2010-06-30,2010-06-30,2021-07-29,8000.0,51369000.0,,47492000.0,3877000.0,,-3.077,,29797000.0,29797000.0,,,1.039,-0.777,0.0,0.0,0.0,0.0,40980000.0,,0.0,,0.0,,,,,,,,,,-71262000.0,,-71262000.0,,,,,,1.0,,,0.0,,-24122000.0,,0.0,0.0,0.0,0.0,55404000.0,45694000.0,9710000.0,,,,,,,,,,,,,,,,,,,,1570000.0,,,,,1698000.0,,,,,9732000.0,-71286000.0,,,,,,,,,,1.0,,23157576,,,51369000.0,0.0,,0.0,2.218,1798000.0
0,NOW,MRT,2021-06-30,2021-06-30,2021-06-30,2021-07-29,70000000.0,9187000000.0,8607364750.0,4225000000.0,4962000000.0,0.601,16.556,-430346000.0,1362000000.0,1362000000.0,1158808000.0,170506000.0,1.081,1.805,2089000000.0,179000000.0,1910000000.0,2089000000.0,3072000000.0,398753000.0,0.0,0.0,0.0,217481000.0,616234000.0,0.119,616234000.0,217481000.0,187793000.0,0.87,0.85,0.87,3275000000.0,2954929000.0,3275000000.0,108768170000.0,500.0,176.505,1523631000.0,7.702,1.0,4012494000.0,0.776,1103000000.0,29688000.0,4903000000.0,5036142750.0,0.0,2972000000.0,1622000000.0,1350000000.0,5912000000.0,3908000000.0,2004000000.0,108481170000.0,530027000.0,-762288000.0,149710000.0,922223000.0,0.0,486886000.0,-1929763000.0,-742093000.0,1953977000.0,18927000.0,170506000.0,170506000.0,170506000.0,0.0,0.0,0.033,3777232000.0,235262000.0,98000000.0,0.0,33.124,636.231,631.667,1198000000.0,0.0,549.55,20.978,21.022,781000000.0,-93000000.0,5171302000.0,5171302000.0,1199589000.0,0.02,0.058,0.043,0.042,1002328000.0,2577643000.0,1.0,197400000.0,197815000,202273000.0,26.142,8084000000.0,665000000.0,17287000.0,0.0,40.866,317000000.0
1,NOW,MRT,2021-03-31,2021-03-31,2021-03-31,2021-07-29,56000000.0,8822000000.0,7940942000.0,4524000000.0,4298000000.0,0.609,15.446,-450346000.0,1821000000.0,1821000000.0,1062808000.0,152506000.0,1.235,1.905,2108000000.0,77000000.0,2031000000.0,2108000000.0,3044000000.0,366753000.0,0.0,0.0,0.0,230481000.0,597234000.0,0.124,597234000.0,230481000.0,199793000.0,0.78,0.76,0.78,3037000000.0,2755880500.0,3037000000.0,98529945000.0,427.0,164.977,1571631000.0,7.993,1.0,3770494000.0,0.78,582000000.0,30688000.0,4863000000.0,4724947750.0,0.0,2983000000.0,1635000000.0,1348000000.0,5785000000.0,3664000000.0,2121000000.0,98071571000.0,1014027000.0,-249288000.0,173710000.0,933223000.0,0.0,532886000.0,-1558763000.0,-865093000.0,2021977000.0,17927000.0,152506000.0,152506000.0,152506000.0,0.0,0.0,0.032,3523232000.0,247262000.0,109000000.0,0.0,32.292,643.067,641.167,1148000000.0,0.0,500.11,20.291,20.345,645000000.0,-152000000.0,4833302000.0,4833302000.0,1111589000.0,0.019,0.055,0.049,0.048,938328000.0,2411643000.0,1.0,196100000.0,196624000,202268000.0,24.581,8240000000.0,643000000.0,47287000.0,0.0,41.907,860000000.0
2,NOW,MRT,2020-12-31,2020-12-31,2020-12-31,2021-07-29,94000000.0,8715000000.0,7284796000.0,4522000000.0,4193000000.0,0.62,14.677,-432517000.0,1677000000.0,1677000000.0,987113000.0,118503000.0,1.21,2.075,2135000000.0,72000000.0,2063000000.0,2135000000.0,3008000000.0,336381000.0,0.0,0.0,0.0,181931000.0,518312000.0,0.115,518312000.0,181931000.0,149185000.0,0.61,0.59,0.61,2834000000.0,2563154250.0,2834000000.0,108243727000.0,595.0,208.839,1354082000.0,7.012,1.0,3532371000.0,0.782,394000000.0,32746000.0,5042000000.0,4382222000.0,0.0,2883000000.0,1415000000.0,1468000000.0,5881000000.0,3737000000.0,2144000000.0,107388893000.0,901439000.0,-107236000.0,145766000.0,959485000.0,0.0,596647000.0,-1506872000.0,-968447000.0,1786599000.0,25065000.0,118503000.0,118503000.0,118503000.0,0.0,0.0,0.026,3333508000.0,198863000.0,34000000.0,0.0,37.893,906.212,902.344,1114000000.0,0.0,550.43,23.761,23.517,1009000000.0,-234000000.0,4519484000.0,4519484000.0,1024327000.0,0.016,0.046,0.042,0.04,870453000.0,2309181000.0,1.0,195100000.0,193096000,202478000.0,23.405,8321000000.0,673000000.0,30682000.0,0.0,43.093,785000000.0
3,NOW,MRT,2020-09-30,2020-09-30,2020-09-30,2021-07-29,51575000.0,7705459000.0,6611653500.0,3966881000.0,3738578000.0,0.638,13.836,-399988000.0,1348294000.0,1348294000.0,919157000.0,700582000.0,1.399,1.882,2203128000.0,67934000.0,2135194000.0,2203128000.0,2312018000.0,316051000.0,0.0,0.0,0.0,203074000.0,519125000.0,0.123,519125000.0,203074000.0,169619000.0,3.74,3.54,3.74,2673716000.0,2386639500.0,2673716000.0,93384055000.0,460.0,179.887,1122675000.0,5.81,1.0,3301589000.0,0.782,387775000.0,33455000.0,5336571000.0,3952754750.0,0.0,2863268000.0,1603317000.0,1259951000.0,5031743000.0,2835947000.0,2195796000.0,93023000000.0,725858000.0,-115113000.0,145085000.0,1018038000.0,0.0,723097000.0,-1528976000.0,-1008441000.0,1522663000.0,9074000.0,700582000.0,700582000.0,700582000.0,0.0,0.0,0.166,3091745000.0,209844000.0,51456000.0,0.0,34.792,132.78,129.679,1021733000.0,0.0,485.0,22.039,22.205,631055000.0,-250389000.0,4220746000.0,4220746000.0,942620000.0,0.106,0.294,0.051,0.048,794980000.0,2149125000.0,1.0,191800000.0,193237000,201861000.0,21.842,7317684000.0,620890000.0,-530963000.0,0.0,37.869,1130934000.0
4,NOW,MRT,2020-06-30,2020-06-30,2020-06-30,2021-07-29,29772000.0,6521309000.0,5874490750.0,3337122000.0,3184187000.0,0.673,12.956,-398401000.0,837309000.0,837309000.0,868246000.0,728322000.0,1.171,1.631,1198364000.0,65742000.0,1132622000.0,1198364000.0,2282118000.0,295337000.0,0.0,0.0,0.0,238802000.0,534139000.0,0.135,534139000.0,238802000.0,204956000.0,3.89,3.69,3.89,2478806000.0,2075578750.0,2478806000.0,77639338000.0,325.0,145.354,1092988000.0,5.713,1.0,3086361000.0,0.78,375273000.0,33846000.0,3658220000.0,3318312750.0,0.0,2282169000.0,1505362000.0,776807000.0,4042503000.0,2848871000.0,1193632000.0,77244942000.0,254293000.0,-90414000.0,135568000.0,-16009000.0,0.0,-281537000.0,-949087000.0,-452594000.0,1491389000.0,-6472000.0,728322000.0,728322000.0,728322000.0,0.0,0.0,0.184,2889525000.0,196836000.0,85757000.0,0.0,31.162,106.059,104.129,1010473000.0,0.0,405.06,19.533,19.596,631992000.0,-263247000.0,3954607000.0,3954607000.0,864427000.0,0.124,0.351,0.072,0.06,737985000.0,2025098000.0,1.0,190700000.0,191319000,201453000.0,20.67,6146036000.0,594155000.0,-523366000.0,0.0,32.125,488251000.0
5,NOW,MRT,2020-03-31,2020-03-31,2020-03-31,2021-07-29,-14380000.0,6197416000.0,5394839250.0,2805861000.0,3391555000.0,0.689,11.917,-373457000.0,808725000.0,808725000.0,833393000.0,676243000.0,1.031,1.735,1203121000.0,60895000.0,1142226000.0,1203121000.0,2255742000.0,272665000.0,0.0,0.0,0.0,160756000.0,433421000.0,0.117,433421000.0,160756000.0,126641000.0,3.62,3.43,3.62,2266095000.0,1771113750.0,2266095000.0,54747976000.0,341.0,126.316,993667000.0,5.225,1.0,2884118000.0,0.776,378654000.0,34115000.0,3492097000.0,3060548000.0,0.0,2127918000.0,1049980000.0,1077938000.0,3931321000.0,2721061000.0,1210260000.0,54392884000.0,169799000.0,-90414000.0,121775000.0,-2009000.0,0.0,-276456000.0,-908604000.0,-442020000.0,1367124000.0,-12265000.0,676243000.0,676243000.0,676243000.0,0.0,0.0,0.182,2777282000.0,106836000.0,73904000.0,0.0,24.003,80.434,79.166,935545000.0,0.0,286.58,14.632,14.66,615234000.0,-304013000.0,3717511000.0,3717511000.0,802847000.0,0.125,0.382,0.053,0.043,692745000.0,1974435000.0,1.0,189800000.0,190163000,199938000.0,19.549,5818762000.0,586021000.0,-549602000.0,0.0,30.599,84800000.0
6,NOW,MRT,2019-12-31,2019-12-31,2019-12-31,2021-07-29,25255000.0,6022430000.0,4945209000.0,2826901000.0,3195529000.0,0.7,11.412,-337581000.0,775778000.0,775778000.0,796645000.0,626698000.0,1.027,1.83,1130870000.0,52668000.0,1078202000.0,1130870000.0,2225792000.0,252114000.0,0.0,0.0,0.0,100468000.0,352582000.0,0.102,352582000.0,100468000.0,67185000.0,3.36,3.18,3.36,2127941000.0,1503327750.0,2127941000.0,53746957000.0,535.0,152.438,898391000.0,4.818,1.0,2663792000.0,0.77,300606000.0,33283000.0,3324131000.0,2814940500.0,0.0,1928649000.0,915317000.0,1013332000.0,3894489000.0,2752785000.0,1141704000.0,53245552000.0,209453000.0,-7414000.0,107868000.0,-9000.0,0.0,-301856000.0,-724477000.0,-402917000.0,1235972000.0,-186000.0,626698000.0,626698000.0,626698000.0,0.0,0.0,0.181,2621669000.0,42123000.0,52960000.0,0.0,25.022,84.962,84.024,870513000.0,0.0,282.32,15.387,15.213,835279000.0,-352244000.0,3460437000.0,3460437000.0,748369000.0,0.127,0.417,0.036,0.029,662195000.0,1873300000.0,1.0,188600000.0,186466000,197223000.0,18.558,5721824000.0,599633000.0,-559513000.0,0.0,30.686,74116000.0
7,NOW,MRT,2019-09-30,2019-09-30,2019-09-30,2021-07-29,19631000.0,4756808000.0,4409386500.0,2297213000.0,2459595000.0,0.731,7.601,-335762000.0,622925000.0,622925000.0,753354000.0,34989000.0,1.048,2.328,1124330000.0,49331000.0,1074999000.0,1124330000.0,1802818000.0,222895000.0,0.0,0.0,0.0,68700000.0,291595000.0,0.09,291595000.0,68700000.0,34954000.0,0.19,0.18,0.19,1429473000.0,1249142250.0,1429473000.0,48120383000.0,700.0,165.025,768611000.0,4.087,1.0,2470750000.0,0.766,266849000.0,33746000.0,2798803000.0,2412068500.0,0.0,1849661000.0,848148000.0,1001513000.0,3327335000.0,2192561000.0,1134774000.0,47596875000.0,-80783000.0,-12500000.0,108950000.0,-118302000.0,0.0,-399896000.0,-772884000.0,-459964000.0,1104373000.0,-12376000.0,34989000.0,34989000.0,34989000.0,0.0,0.0,0.011,2456861000.0,13889000.0,61906000.0,0.0,33.297,1360.338,1336.053,806282000.0,0.0,253.85,14.763,14.808,539416000.0,-950968000.0,3224104000.0,3224104000.0,694703000.0,0.008,0.028,0.028,0.021,634788000.0,1762158000.0,1.0,187500000.0,188074000,197878000.0,17.143,4489959000.0,0.0,-35000.0,0.0,23.873,104652000.0
8,NOW,MRT,2019-06-30,2019-06-30,2019-06-30,2021-07-29,13542000.0,4602703000.0,4115545000.0,2442287000.0,2160416000.0,0.732,6.755,-293680000.0,583581000.0,583581000.0,710419000.0,2796000.0,1.098,2.65,1107089000.0,46132000.0,1060957000.0,1107089000.0,1789379000.0,196763000.0,0.0,0.0,0.0,18022000.0,214785000.0,0.071,214785000.0,18022000.0,-18586000.0,0.02,0.01,0.02,1260946000.0,1146820000.0,1260946000.0,51166128000.0,2839.0,238.22,746016000.0,3.996,1.0,2300949000.0,0.764,274071000.0,36608000.0,2627161000.0,2123949500.0,0.0,1816519000.0,1069803000.0,746716000.0,3341757000.0,2224979000.0,1116778000.0,50713079000.0,-133795000.0,-12500000.0,106041000.0,-158817000.0,0.0,-426874000.0,-739878000.0,-466661000.0,1039696000.0,-6739000.0,2796000.0,2796000.0,2796000.0,0.0,0.0,0.001,2333816000.0,-32867000.0,65711000.0,0.0,40.218,18137.725,13728.5,761957000.0,0.0,274.57,16.841,17.021,503376000.0,-991566000.0,3011368000.0,3011368000.0,640259000.0,0.001,0.002,0.008,0.006,616262000.0,1693557000.0,1.0,184700000.0,186678000,186678000.0,16.131,4328632000.0,0.0,-21382000.0,0.0,23.188,217308000.0
9,NOW,MRT,2019-03-31,2019-03-31,2019-03-31,2021-07-29,10323000.0,4398895000.0,3833090250.0,2374486000.0,2024409000.0,0.733,6.563,-260615000.0,639722000.0,639722000.0,665437000.0,-38871000.0,1.132,2.681,1092771000.0,41952000.0,1050819000.0,1092771000.0,1747782000.0,171642000.0,0.0,0.0,0.0,717000.0,172359000.0,0.061,172359000.0,717000.0,-43120000.0,-0.22,-0.23,-0.22,1194951000.0,1054511000.0,1194951000.0,44586948000.0,62185.0,258.687,661242000.0,3.632,1.0,2143083000.0,0.763,244436000.0,43837000.0,2509667000.0,1856508000.0,0.0,1697024000.0,1022391000.0,674633000.0,3203944000.0,2097841000.0,1106103000.0,44491445000.0,-42170000.0,-37440000.0,104596000.0,-401684000.0,0.0,-632036000.0,-311049000.0,-42992000.0,921857000.0,-20942000.0,-38871000.0,-38871000.0,-38871000.0,0.0,0.0,-0.014,2180939000.0,-37856000.0,38668000.0,0.0,37.233,-1144.592,-1120.409,744212000.0,0.0,246.49,15.842,15.979,422559000.0,-980487000.0,2808520000.0,2808520000.0,584755000.0,-0.01,-0.037,0.0,0.0,580062000.0,1596184000.0,1.0,180500000.0,182062000,182062000.0,15.426,4154459000.0,0.0,-4249000.0,0.0,22.819,276645000.0
10,NOW,MRT,2018-12-31,2018-12-31,2018-12-31,2021-07-29,-4035000.0,3879140000.0,3659487750.0,2344693000.0,1534447000.0,0.713,6.248,-248862000.0,566204000.0,566204000.0,622658000.0,-26704000.0,1.165,2.491,661707000.0,0.0,661707000.0,661707000.0,1690191000.0,149604000.0,0.0,0.0,0.0,13709000.0,163313000.0,0.063,163313000.0,13709000.0,-39024000.0,-0.15,-0.15,-0.15,1111199000.0,972064000.0,1111199000.0,32035346000.0,2337.0,196.159,562227000.0,3.161,1.0,1986158000.0,0.761,249427000.0,52733000.0,1712643000.0,1695865500.0,0.0,1513574000.0,931718000.0,581856000.0,2767941000.0,2012573000.0,755368000.0,31924365000.0,-159291000.0,-37440000.0,104160000.0,-430578000.0,0.0,-607428000.0,-347422000.0,-61120000.0,811089000.0,-15530000.0,-26704000.0,-26704000.0,-26704000.0,0.0,0.0,-0.01,2028584000.0,-42426000.0,30733000.0,0.0,28.73,-1195.49,-1187.0,347216000.0,0.0,178.05,12.237,12.138,574810000.0,-978780000.0,2608816000.0,2608816000.0,529501000.0,-0.007,-0.027,0.008,0.005,543953000.0,1499083000.0,1.0,179300000.0,177846000,177846000.0,14.669,3629713000.0,20642000.0,-12320000.0,0.0,20.409,332120000.0
11,NOW,MRT,2018-09-30,2018-09-30,2018-09-30,2021-07-29,-1418000.0,3581442000.0,3577264000.0,2292185000.0,1289257000.0,0.683,5.708,-171003000.0,703629000.0,703629000.0,588660000.0,-51065000.0,1.26,2.511,814610000.0,160972000.0,653638000.0,814610000.0,1404461000.0,138559000.0,0.0,0.0,0.0,6477000.0,145036000.0,0.059,145036000.0,6477000.0,-54131000.0,-0.29,-0.3,-0.29,1020184000.0,888950250.0,1020184000.0,34954862000.0,5397.0,241.008,535257000.0,2.995,1.0,1853808000.0,0.759,227139000.0,60608000.0,1646327000.0,1703220500.0,0.0,1379972000.0,922411000.0,457561000.0,2561258000.0,1818957000.0,742301000.0,34802577000.0,-399985000.0,-56606000.0,106256000.0,-314513000.0,0.0,-480333000.0,-618567000.0,-376858000.0,706260000.0,-7345000.0,-51065000.0,-51065000.0,-51065000.0,0.0,0.0,-0.021,1897412000.0,-43604000.0,43223000.0,0.0,34.114,-681.535,-674.586,297371000.0,0.0,195.63,14.249,14.315,424698000.0,-985795000.0,2442468000.0,2442468000.0,485398000.0,-0.014,-0.057,0.004,0.003,506936000.0,1412014000.0,1.0,177900000.0,178719694,192190899.0,13.666,3354303000.0,0.0,-3066000.0,0.0,18.769,473228000.0
12,NOW,MRT,2018-06-30,2018-06-30,2018-06-30,2021-07-29,-3995000.0,3472884000.0,3449282250.0,2351629000.0,1121255000.0,0.656,5.028,-169769000.0,704846000.0,704846000.0,558288000.0,-81652000.0,1.28,2.895,857131000.0,211463000.0,645668000.0,857131000.0,1365317000.0,130086000.0,0.0,0.0,0.0,-15317000.0,114769000.0,0.051,114769000.0,-15317000.0,-81258000.0,-0.47,-0.47,-0.47,891710000.0,771752000.0,891710000.0,30930068000.0,-2019.0,269.498,532814000.0,3.004,1.0,1703455000.0,0.753,230733000.0,65941000.0,1557395000.0,1707527500.0,0.0,1349441000.0,1044812000.0,304629000.0,2581174000.0,1837041000.0,744133000.0,30458202000.0,-454493000.0,-61606000.0,103094000.0,-274119000.0,0.0,-420145000.0,-739399000.0,-496674000.0,702583000.0,2468000.0,-81652000.0,-81652000.0,-81652000.0,0.0,0.0,-0.036,1760537000.0,-57082000.0,30656000.0,0.0,34.157,-373.025,-366.957,286953000.0,0.0,172.47,13.467,13.523,367598000.0,-994200000.0,2261743000.0,2261743000.0,448208000.0,-0.024,-0.106,-0.009,-0.007,462970000.0,1312329000.0,1.0,176600000.0,177343176,177343176.0,12.753,3242151000.0,0.0,394000.0,0.0,18.282,514588000.0
13,NOW,MRT,2018-03-31,2018-03-31,2018-03-31,2021-07-29,-12970000.0,3704485000.0,3312162750.0,2489926000.0,1214559000.0,0.628,4.93,-152695000.0,682854000.0,682854000.0,527251000.0,-84710000.0,1.187,3.282,1154720000.0,516925000.0,637795000.0,1154720000.0,1342882000.0,122060000.0,0.0,0.0,0.0,-36245000.0,85815000.0,0.041,85815000.0,-36245000.0,-98025000.0,-0.5,-0.5,-0.5,865163000.0,669431000.0,865163000.0,29351056000.0,-810.0,342.027,552717000.0,3.15,1.0,1551694000.0,0.746,211238000.0,61780000.0,1867097000.0,1692355000.0,0.0,1654314000.0,1203105000.0,451209000.0,2839322000.0,2098016000.0,741306000.0,28904115000.0,244061000.0,-43168000.0,99488000.0,739730000.0,0.0,496731000.0,-993429000.0,-783046000.0,705412000.0,35347000.0,-84710000.0,-84710000.0,-84710000.0,0.0,0.0,-0.041,1614581000.0,-62887000.0,37715000.0,0.0,33.409,-341.213,-330.9,267454000.0,0.0,165.45,13.903,13.966,371008000.0,-941454000.0,2078945000.0,2078945000.0,410297000.0,-0.026,-0.127,-0.021,-0.017,425476000.0,1204284000.0,1.0,174700000.0,175482833,190249786.0,11.847,3493247000.0,0.0,-13315000.0,0.0,19.906,391910000.0
14,NOW,MRT,2017-12-31,2017-12-31,2017-12-31,2021-07-29,5767000.0,3550245000.0,2928607250.0,2421951000.0,1128294000.0,0.655,4.549,-150510000.0,726495000.0,726495000.0,499862000.0,-116846000.0,1.188,3.559,1173436000.0,543418000.0,630018000.0,1173436000.0,1246815000.0,113875000.0,0.0,0.0,0.0,-60012000.0,53863000.0,0.028,53863000.0,-60012000.0,-113406000.0,-0.68,-0.68,-0.68,778744000.0,559975000.0,778744000.0,22570111000.0,-376.0,419.028,492430000.0,2.877,1.0,1418632000.0,0.739,215644000.0,53394000.0,1742063000.0,1461171750.0,0.0,1444245000.0,1052803000.0,391442000.0,2771501000.0,2039479000.0,732022000.0,22518353000.0,325897000.0,-58203000.0,81638000.0,767209000.0,0.0,538892000.0,-883948000.0,-668565000.0,642940000.0,28013000.0,-116846000.0,-116846000.0,-116846000.0,0.0,0.0,-0.061,1483028000.0,-64396000.0,32109000.0,0.0,28.916,-192.718,-191.75,245124000.0,0.0,130.39,11.738,11.634,437051000.0,-958564000.0,1918494000.0,1918494000.0,377518000.0,-0.04,-0.209,-0.041,-0.031,394004000.0,1105510000.0,1.0,172700000.0,171176000,171176000.0,11.208,3334601000.0,0.0,3440000.0,0.0,19.481,382472000.0
15,NOW,MRT,2017-09-30,2017-09-30,2017-09-30,2021-07-29,-408000.0,3069515000.0,2549487750.0,2127492000.0,942023000.0,0.689,3.208,-137306000.0,1104871000.0,1104871000.0,470947000.0,-94534000.0,1.661,4.567,1156629000.0,0.0,1156629000.0,1156629000.0,1124644000.0,105174000.0,0.0,0.0,0.0,-46354000.0,58820000.0,0.034,58820000.0,-46354000.0,-91467000.0,-0.55,-0.55,-0.55,551391000.0,462029250.0,551391000.0,20028977000.0,-432.0,340.513,452698000.0,2.634,1.0,1284592000.0,0.732,177067000.0,45113000.0,1663555000.0,1255769750.0,0.0,991884000.0,567026000.0,424858000.0,2518124000.0,1280651000.0,1237473000.0,20062371000.0,780760000.0,-26537000.0,87134000.0,768584000.0,0.0,565231000.0,-394764000.0,-217073000.0,590004000.0,20289000.0,-94534000.0,-94534000.0,-94534000.0,0.0,0.0,-0.054,1331051000.0,-46459000.0,20752000.0,0.0,36.385,-212.224,-213.691,231304000.0,0.0,117.53,11.428,11.507,291903000.0,-1118713000.0,1755539000.0,1755539000.0,346892000.0,-0.037,-0.205,-0.037,-0.026,371571000.0,984159000.0,1.0,170700000.0,171883190,171883190.0,10.214,2892448000.0,0.0,3067000.0,0.0,16.828,846841000.0
16,NOW,MRT,2017-06-30,2017-06-30,2017-06-30,2021-07-29,-933000.0,2924406000.0,2235387500.0,2111027000.0,813379000.0,0.725,2.831,-121736000.0,1173457000.0,1173457000.0,446298000.0,-108610000.0,1.734,5.062,1140063000.0,0.0,1140063000.0,1140063000.0,1066795000.0,98037000.0,0.0,0.0,0.0,-68015000.0,30022000.0,0.019,30022000.0,-68015000.0,-104951000.0,-0.64,-0.64,-0.64,482426000.0,414807250.0,482426000.0,18064775000.0,-266.0,601.718,423162000.0,2.483,1.0,1174525000.0,0.725,177017000.0,36936000.0,1496705000.0,1075840250.0,0.0,838514000.0,518719000.0,319795000.0,2441980000.0,1217290000.0,1224690000.0,17988200000.0,885392000.0,-21537000.0,72190000.0,767567000.0,0.0,564270000.0,-236174000.0,-79342000.0,544898000.0,12398000.0,-108610000.0,-108610000.0,-108610000.0,0.0,0.0,-0.067,1243849000.0,-69324000.0,24478000.0,0.0,37.287,-165.622,-165.625,213501000.0,0.0,106.0,11.098,11.145,279088000.0,-1094525000.0,1620823000.0,1620823000.0,323445000.0,-0.049,-0.262,-0.063,-0.042,352216000.0,920404000.0,1.0,169700000.0,170419083,170419083.0,9.511,2747389000.0,0.0,3659000.0,0.0,16.121,893737000.0
17,NOW,MRT,2017-03-31,2017-03-31,2017-03-31,2021-07-29,-11678000.0,2170263000.0,1932870500.0,1396255000.0,774008000.0,0.783,2.532,-109671000.0,439915000.0,439915000.0,420819000.0,-102431000.0,1.225,4.079,516490000.0,0.0,516490000.0,516490000.0,1011993000.0,90856000.0,0.0,0.0,0.0,-67754000.0,23102000.0,0.015,23102000.0,-67754000.0,-101601000.0,-0.61,-0.61,-0.61,427339000.0,375271250.0,427339000.0,14801534000.0,-218.0,640.704,158331000.0,0.938,1.0,1093058000.0,0.722,164669000.0,33847000.0,942364000.0,930675750.0,0.0,861660000.0,535399000.0,326261000.0,1742924000.0,1139805000.0,603119000.0,14694960000.0,-12630000.0,-48832000.0,81312000.0,-3528000.0,0.0,-66693000.0,-204597000.0,-33551000.0,268002000.0,-9342000.0,-102431000.0,-102431000.0,-102431000.0,0.0,0.0,-0.068,1172866000.0,-79808000.0,33658000.0,0.0,34.387,-143.462,-143.393,189659000.0,0.0,87.47,9.707,9.75,278107000.0,-1038052000.0,1513877000.0,1513877000.0,303804000.0,-0.053,-0.273,-0.073,-0.045,332215000.0,869062000.0,1.0,168000000.0,168742366,168742366.0,8.972,2005594000.0,0.0,830000.0,0.0,11.886,256450000.0
18,NOW,MRT,2016-12-31,2016-12-31,2016-12-31,2021-07-29,-21133000.0,2033767000.0,1858815500.0,1342535000.0,691232000.0,0.748,2.352,-105562000.0,401238000.0,401238000.0,398995000.0,-414249000.0,1.253,4.256,507812000.0,0.0,507812000.0,507812000.0,895101000.0,83082000.0,0.0,0.0,0.0,-377141000.0,-294059000.0,-0.211,-294059000.0,-377141000.0,-410419000.0,-2.52,-2.52,-2.52,386961000.0,344025500.0,386961000.0,12514653000.0,-33.0,-42.558,53519000.0,0.325,1.0,991990000.0,0.713,148388000.0,33278000.0,920455000.0,882920500.0,0.0,760782000.0,498124000.0,262658000.0,1646806000.0,1071498000.0,575308000.0,12340440000.0,-10854000.0,-34297000.0,66378000.0,-2223000.0,0.0,-55752000.0,-108238000.0,50371000.0,159081000.0,-5945000.0,-414249000.0,-414249000.0,-414249000.0,0.0,0.0,-0.298,1374158000.0,-382168000.0,38080000.0,0.0,31.891,-29.79,-29.5,181620000.0,0.0,74.34,8.872,8.793,322757000.0,-997390000.0,1390985000.0,1390985000.0,285239000.0,-0.223,-1.204,-0.427,-0.271,317654000.0,818919000.0,1.0,166000000.0,164533823,164533823.0,8.454,1885379000.0,0.0,3830000.0,0.0,11.459,271037000.0
19,NOW,MRT,2016-09-30,2016-09-30,2016-09-30,2021-07-29,-16465000.0,1813114000.0,1802136750.0,1126907000.0,686207000.0,0.716,2.192,-109005000.0,325067000.0,325067000.0,384655000.0,-456593000.0,1.254,4.002,499280000.0,0.0,499280000.0,499280000.0,761705000.0,76115000.0,0.0,0.0,0.0,-422141000.0,-346026000.0,-0.268,-346026000.0,-422141000.0,-454860000.0,-2.81,-2.81,-2.81,362503000.0,388988750.0,362503000.0,13221953000.0,-31.0,-38.211,24783000.0,0.15,1.0,905842000.0,0.702,145151000.0,32719000.0,943837000.0,912549500.0,0.0,763166000.0,481813000.0,281353000.0,1450611000.0,898339000.0,552272000.0,13020175000.0,-23806000.0,-34297000.0,75064000.0,-1472000.0,0.0,-15167000.0,-139659000.0,16057000.0,133788000.0,-2768000.0,-456593000.0,-456593000.0,-456593000.0,0.0,0.0,-0.354,1335905000.0,-430063000.0,30012000.0,0.0,35.917,-28.516,-28.167,176106000.0,0.0,79.15,10.089,10.143,220089000.0,-964801000.0,1290497000.0,1290497000.0,269749000.0,-0.253,-1.174,-0.463,-0.327,302642000.0,796156000.0,1.0,164500000.0,165378836,165378836.0,7.803,1667963000.0,0.0,1733000.0,0.0,10.086,228568000.0
20,NOW,MRT,2016-06-30,2016-06-30,2016-06-30,2021-07-29,-16053000.0,1714338000.0,1764580250.0,1097889000.0,616449000.0,0.677,1.979,-98590000.0,289113000.0,289113000.0,363706000.0,-461365000.0,1.288,4.287,490891000.0,0.0,490891000.0,490891000.0,712985000.0,68951000.0,0.0,0.0,0.0,-429141000.0,-360190000.0,-0.302,-360190000.0,-429141000.0,-461310000.0,-2.85,-2.85,-2.85,324282000.0,427596500.0,324282000.0,10839113000.0,-25.0,-30.093,2129000.0,0.013,1.0,830285000.0,0.695,147988000.0,32169000.0,916047000.0,938028000.0,0.0,742040000.0,517601000.0,224439000.0,1390056000.0,852081000.0,537975000.0,10809920000.0,-36041000.0,-34297000.0,85815000.0,-446000.0,0.0,25234000.0,-159740000.0,-13676000.0,100719000.0,-2254000.0,-461365000.0,-461365000.0,-461365000.0,0.0,0.0,-0.386,1261613000.0,-431328000.0,41095000.0,0.0,33.335,-23.43,-23.298,166551000.0,0.0,66.4,9.054,9.111,197296000.0,-928543000.0,1193991000.0,1193991000.0,250553000.0,-0.261,-1.079,-0.457,-0.359,286666000.0,741060000.0,1.0,162800000.0,163838755,163838755.0,7.288,1566350000.0,0.0,55000.0,0.0,9.56,245808000.0
21,NOW,MRT,2016-03-31,2016-03-31,2016-03-31,2021-07-29,-14569000.0,1874043000.0,1726823500.0,1193258000.0,680785000.0,0.637,1.866,-89859000.0,453450000.0,453450000.0,346774000.0,-473665000.0,1.138,5.198,482643000.0,0.0,482643000.0,482643000.0,682517000.0,63984000.0,0.0,0.0,0.0,-435837000.0,-371853000.0,-0.338,-371853000.0,-435837000.0,-467465000.0,-2.95,-2.95,-2.95,302356000.0,462304250.0,302356000.0,9936681000.0,-23.0,-26.722,239216000.0,1.476,1.0,752621000.0,0.685,103610000.0,31628000.0,751343000.0,959139000.0,0.0,809254000.0,447423000.0,361831000.0,1571687000.0,1048283000.0,523404000.0,9874452000.0,145669000.0,-500000.0,82747000.0,-333000.0,0.0,41901000.0,-228593000.0,-130246000.0,329075000.0,3286000.0,-473665000.0,-473665000.0,-473665000.0,0.0,0.0,-0.431,1188906000.0,-436285000.0,39621000.0,0.0,32.658,-20.847,-20.739,154244000.0,0.0,61.18,8.982,9.019,190263000.0,-890341000.0,1099395000.0,1099395000.0,233465000.0,-0.274,-1.025,-0.454,-0.396,274947000.0,685441000.0,1.0,161400000.0,162067108,162067108.0,6.784,1770433000.0,0.0,6200000.0,0.0,10.924,144975000.0
22,NOW,MRT,2015-12-31,2015-12-31,2015-12-31,2021-07-29,-16882000.0,1807052000.0,1631723250.0,1085635000.0,721417000.0,0.616,3.64,-87481000.0,412305000.0,412305000.0,329413000.0,-198426000.0,1.484,2.188,474534000.0,0.0,474534000.0,474534000.0,603754000.0,60356000.0,0.0,0.0,0.0,-161915000.0,-101559000.0,-0.101,-101559000.0,-161915000.0,-193012000.0,-1.27,-1.27,-1.27,566814000.0,500442750.0,566814000.0,13880798000.0,-86.0,-136.677,230273000.0,1.479,1.0,676067000.0,0.672,98674000.0,31097000.0,1038971000.0,1019110500.0,0.0,811612000.0,388945000.0,422667000.0,1240238000.0,731636000.0,508602000.0,13763040000.0,160050000.0,-1100000.0,93348000.0,-223000.0,0.0,80330000.0,-231521000.0,-141190000.0,317754000.0,-6513000.0,-198426000.0,-198426000.0,-198426000.0,0.0,0.0,-0.197,842432000.0,-166365000.0,37369000.0,0.0,24.281,-69.361,-68.157,144714000.0,0.0,86.56,13.688,13.405,203333000.0,-557009000.0,1005480000.0,1005480000.0,217389000.0,-0.122,-0.397,-0.159,-0.161,257713000.0,625043000.0,1.0,159000000.0,155706643,155706643.0,6.458,1708378000.0,0.0,5414000.0,0.0,10.972,353999000.0
23,NOW,MRT,2015-09-30,2015-09-30,2015-09-30,2021-07-29,-15072000.0,1662888000.0,1536148250.0,981607000.0,681281000.0,0.597,3.294,-71468000.0,349073000.0,349073000.0,309142000.0,-205711000.0,1.546,2.217,466831000.0,0.0,466831000.0,466831000.0,528403000.0,57282000.0,0.0,0.0,0.0,-165564000.0,-108282000.0,-0.118,-108282000.0,-165564000.0,-200604000.0,-1.34,-1.34,-1.34,516934000.0,465908000.0,516934000.0,10974802000.0,-66.0,-101.354,189393000.0,1.207,1.0,608692000.0,0.663,100074000.0,35040000.0,1045751000.0,1009166500.0,0.0,780390000.0,379878000.0,400512000.0,1145954000.0,634821000.0,511133000.0,10841145000.0,113987000.0,-1100000.0,88345000.0,-112000.0,0.0,74273000.0,-214203000.0,-141227000.0,260861000.0,-6944000.0,-205711000.0,-205711000.0,-205711000.0,0.0,0.0,-0.224,780883000.0,-172191000.0,30654000.0,0.0,20.972,-52.701,-51.828,132713000.0,0.0,69.45,11.812,11.875,159768000.0,-519631000.0,917834000.0,917834000.0,200972000.0,-0.134,-0.442,-0.164,-0.18,236717000.0,579911000.0,1.0,156100000.0,156930506,156930506.0,5.849,1562814000.0,0.0,5107000.0,0.0,9.959,346786000.0
24,NOW,MRT,2015-06-30,2015-06-30,2015-06-30,2021-07-29,-12272000.0,1563311000.0,1446579250.0,954074000.0,609237000.0,0.577,2.998,-68794000.0,325354000.0,325354000.0,293340000.0,-205731000.0,1.613,2.376,459011000.0,0.0,459011000.0,459011000.0,502694000.0,54286000.0,0.0,0.0,0.0,-168071000.0,-113785000.0,-0.136,-113785000.0,-168071000.0,-201221000.0,-1.36,-1.36,-1.36,463113000.0,441028250.0,463113000.0,11572220000.0,-69.0,-101.703,153418000.0,0.993,1.0,542056000.0,0.649,104844000.0,33150000.0,1000491000.0,990212000.0,0.0,730454000.0,397170000.0,333284000.0,1100198000.0,591633000.0,508565000.0,11428878000.0,-3921000.0,-100913000.0,82269000.0,0.0,0.0,68545000.0,-283545000.0,-113904000.0,222212000.0,-11133000.0,-205731000.0,-205731000.0,-205731000.0,0.0,0.0,-0.246,720706000.0,-178650000.0,20966000.0,0.0,24.678,-55.553,-54.64,124902000.0,0.0,74.31,13.681,13.74,143206000.0,-478601000.0,835396000.0,835396000.0,184833000.0,-0.142,-0.466,-0.17,-0.201,212523000.0,535873000.0,1.0,153800000.0,154465367,154465367.0,5.408,1458467000.0,0.0,4510000.0,0.0,9.442,362441000.0
25,NOW,MRT,2015-03-31,2015-03-31,2015-03-31,2021-07-29,-15678000.0,1493642000.0,1371312250.0,983934000.0,509708000.0,0.551,3.001,-70110000.0,307981000.0,307981000.0,272561000.0,-194169000.0,1.819,2.283,451323000.0,0.0,451323000.0,451323000.0,463333000.0,47945000.0,0.0,0.0,0.0,-159828000.0,-111883000.0,-0.148,-111883000.0,-159828000.0,-190502000.0,-1.31,-1.31,-1.31,454910000.0,424779250.0,454910000.0,12047699000.0,-75.0,-107.681,113976000.0,0.752,1.0,482876000.0,0.639,104829000.0,30674000.0,991229000.0,976347750.0,0.0,690654000.0,437029000.0,253625000.0,1038732000.0,540926000.0,497806000.0,11856390000.0,-29939000.0,-100913000.0,77656000.0,0.0,0.0,75320000.0,-275579000.0,-104587000.0,184086000.0,-13766000.0,-194169000.0,-194169000.0,-194169000.0,0.0,0.0,-0.257,652762000.0,-169886000.0,18192000.0,0.0,26.063,-61.062,-60.137,115438000.0,0.0,78.78,15.695,15.81,142720000.0,-416676000.0,755437000.0,755437000.0,166996000.0,-0.142,-0.457,-0.164,-0.212,184104000.0,485766000.0,1.0,150500000.0,151601880,151601880.0,4.983,1388813000.0,0.0,3667000.0,0.0,9.161,443008000.0
26,NOW,MRT,2014-12-31,2014-12-31,2014-12-31,2021-07-29,-12113000.0,1424752000.0,1303967000.0,906986000.0,517766000.0,0.523,2.949,-54379000.0,252455000.0,252455000.0,248776000.0,-179387000.0,1.789,2.324,443437000.0,0.0,443437000.0,443437000.0,422238000.0,42059000.0,0.0,0.0,0.0,-146481000.0,-104422000.0,-0.153,-104422000.0,-146481000.0,-175540000.0,-1.23,-1.23,-1.23,428675000.0,411987250.0,428675000.0,10263401000.0,-70.0,-98.288,86558000.0,0.595,1.0,433787000.0,0.636,109542000.0,29059000.0,999195000.0,960594250.0,0.0,683108000.0,416336000.0,266772000.0,996077000.0,506997000.0,489080000.0,10062155000.0,-113848000.0,-99813000.0,69396000.0,0.0,0.0,68735000.0,-316928000.0,-162681000.0,140937000.0,-6592000.0,-179387000.0,-179387000.0,-179387000.0,0.0,0.0,-0.263,585622000.0,-151835000.0,17829000.0,0.0,23.473,-56.092,-55.163,104237000.0,0.0,67.85,14.742,14.449,159171000.0,-358583000.0,682563000.0,682563000.0,148258000.0,-0.138,-0.435,-0.152,-0.215,154319000.0,437364000.0,1.0,148300000.0,145355543,145355543.0,4.696,1315210000.0,0.0,3847000.0,0.0,9.048,399989000.0
27,NOW,MRT,2014-09-30,2014-09-30,2014-09-30,2021-07-29,-6322000.0,1304612000.0,1239898000.0,821399000.0,483213000.0,0.492,2.852,-61761000.0,235086000.0,235086000.0,223516000.0,-158956000.0,1.959,2.125,436332000.0,0.0,436332000.0,436332000.0,350795000.0,36570000.0,0.0,0.0,0.0,-135340000.0,-98770000.0,-0.162,-98770000.0,-135340000.0,-155981000.0,-1.1,-1.1,-1.1,417415000.0,403383250.0,417415000.0,8663996000.0,-64.0,-87.719,65782000.0,0.45,1.0,386273000.0,0.633,116648000.0,20641000.0,969933000.0,929381000.0,0.0,649037000.0,410986000.0,238051000.0,887197000.0,419277000.0,467920000.0,8564246000.0,113992000.0,-99813000.0,146351000.0,427126000.0,0.0,574712000.0,-583372000.0,-421740000.0,127543000.0,-4891000.0,-158956000.0,-158956000.0,-158956000.0,0.0,0.0,-0.261,520785000.0,-134512000.0,11416000.0,0.0,20.517,-53.878,-53.436,96977000.0,0.0,58.78,14.045,14.106,111164000.0,-313920000.0,609789000.0,609789000.0,130101000.0,-0.128,-0.394,-0.146,-0.222,128148000.0,390684000.0,1.0,145700000.0,146335519,146335519.0,4.167,1187964000.0,0.0,2975000.0,0.0,8.118,402122000.0
28,NOW,MRT,2014-06-30,2014-06-30,2014-06-30,2021-07-29,600000.0,1262243000.0,1058429000.0,844659000.0,417584000.0,0.512,2.756,-60491000.0,329275000.0,329275000.0,199005000.0,-132619000.0,2.096,2.171,429025000.0,0.0,429025000.0,429025000.0,328852000.0,31079000.0,0.0,0.0,0.0,-114891000.0,-83812000.0,-0.155,-83812000.0,-114891000.0,-129583000.0,-0.93,-0.93,-0.93,398117000.0,370928500.0,398117000.0,8968984000.0,-78.0,-107.013,62772000.0,0.435,1.0,343331000.0,0.633,13912000.0,14692000.0,945034000.0,730594750.0,0.0,627785000.0,348205000.0,279580000.0,864126000.0,403047000.0,461079000.0,8885064000.0,209042000.0,-13330000.0,136767000.0,427126000.0,0.0,564295000.0,-479094000.0,-405204000.0,123263000.0,578000.0,-132619000.0,-132619000.0,-132619000.0,0.0,0.0,-0.245,457994000.0,-114663000.0,22463000.0,0.0,22.318,-66.997,-66.624,96483000.0,0.0,61.96,16.383,16.504,109246000.0,-272870000.0,542336000.0,542336000.0,111237000.0,-0.125,-0.358,-0.157,-0.212,105836000.0,346757000.0,1.0,143400000.0,144456675,144456675.0,3.754,1248331000.0,0.0,3036000.0,0.0,8.642,441612000.0
29,NOW,MRT,2014-03-31,2014-03-31,2014-03-31,2021-07-29,-276000.0,1224261000.0,878451500.0,828625000.0,395636000.0,0.544,2.842,-55874000.0,337920000.0,337920000.0,176065000.0,-103661000.0,2.267,2.032,421840000.0,0.0,421840000.0,421840000.0,308472000.0,27726000.0,0.0,0.0,0.0,-91086000.0,-63360000.0,-0.133,-63360000.0,-91086000.0,-100547000.0,-0.74,-0.74,-0.74,403742000.0,338373000.0,403742000.0,8503186000.0,-93.0,-134.204,35066000.0,0.247,1.0,301736000.0,0.632,14460000.0,9461000.0,928215000.0,537568250.0,0.0,586477000.0,317842000.0,268635000.0,820519000.0,365506000.0,455013000.0,8454712000.0,193138000.0,-13330000.0,140532000.0,427126000.0,0.0,569103000.0,-467467000.0,-398031000.0,90940000.0,562000.0,-103661000.0,-103661000.0,-103661000.0,0.0,0.0,-0.217,391271000.0,-89535000.0,22664000.0,0.0,20.941,-81.561,-80.973,86200000.0,0.0,59.92,17.695,17.815,107932000.0,-222507000.0,477801000.0,477801000.0,93749000.0,-0.118,-0.306,-0.169,-0.191,82017000.0,297522000.0,1.0,141100000.0,142060025,142060025.0,3.363,1209801000.0,0.0,3114000.0,0.0,8.516,463119000.0
30,NOW,MRT,2013-12-31,2013-12-31,2013-12-31,2021-07-29,-476000.0,1168476000.0,701374500.0,797749000.0,370727000.0,0.605,2.911,-55321000.0,366303000.0,366303000.0,155259000.0,-73708000.0,2.432,1.964,414777000.0,0.0,414777000.0,414777000.0,266722000.0,24152000.0,0.0,0.0,0.0,-67699000.0,-43547000.0,-0.103,-43547000.0,-67699000.0,-71197000.0,-0.54,-0.54,-0.54,394259000.0,303419250.0,394259000.0,7647493000.0,-113.0,-175.615,26425000.0,0.195,1.0,269391000.0,0.634,14520000.0,3498000.0,874342000.0,341029000.0,0.0,523607000.0,268251000.0,255356000.0,774217000.0,328088000.0,446129000.0,7768587000.0,247314000.0,-13330000.0,139786000.0,427126000.0,0.0,568570000.0,-402795000.0,-333967000.0,81746000.0,-207000.0,-73708000.0,-73708000.0,-73708000.0,0.0,0.0,-0.174,335658000.0,-66267000.0,7405000.0,0.0,19.704,-105.397,-103.722,75560000.0,0.0,56.01,18.294,17.861,108339000.0,-179196000.0,424650000.0,424650000.0,78678000.0,-0.105,-0.243,-0.199,-0.159,63923000.0,256980000.0,1.0,138700000.0,135415809,135415809.0,3.136,1153956000.0,0.0,2511000.0,0.0,8.522,469661000.0
31,NOW,MRT,2013-09-30,2013-09-30,2013-09-30,2021-07-29,-662000.0,578736000.0,528784000.0,342419000.0,236317000.0,0.708,2.092,-48969000.0,121094000.0,121094000.0,142189000.0,-59407000.0,1.277,1.012,0.0,0.0,0.0,0.0,225801000.0,20981000.0,0.0,0.0,0.0,-56592000.0,-35611000.0,-0.095,-35611000.0,-56592000.0,-56592000.0,-0.39,-0.39,-0.39,287596000.0,265705750.0,287596000.0,6986527000.0,-123.0,-196.19,13181000.0,0.096,1.0,232393000.0,0.62,14715000.0,0.0,174788000.0,159169000.0,0.0,231663000.0,99044000.0,132619000.0,291140000.0,268139000.0,23001000.0,7106760000.0,4118000.0,-13330000.0,98918000.0,0.0,0.0,101198000.0,-160052000.0,-97616000.0,62150000.0,822000.0,-59407000.0,-59407000.0,-59407000.0,0.0,0.0,-0.159,288837000.0,-56444000.0,7930000.0,0.0,24.711,-119.628,-133.205,68642000.0,0.0,51.95,18.973,19.064,84527000.0,-154964000.0,374582000.0,374582000.0,68044000.0,-0.112,-0.224,-0.356,-0.151,51096000.0,220793000.0,1.0,136800000.0,137456531,137456531.0,2.725,564021000.0,0.0,2815000.0,0.0,4.103,74280000.0
32,NOW,MRT,2013-06-30,2013-06-30,2013-06-30,2021-07-29,-1832000.0,542333000.0,479651000.0,376809000.0,165524000.0,0.683,1.992,-44075000.0,120233000.0,120233000.0,128188000.0,-57747000.0,1.512,1.024,0.0,0.0,0.0,0.0,210040000.0,18337000.0,0.0,0.0,0.0,-55274000.0,-36937000.0,-0.113,-36937000.0,-55274000.0,-55274000.0,-0.39,-0.39,-0.39,267895000.0,241623750.0,267895000.0,5279595000.0,-96.0,-142.935,6432000.0,0.048,1.0,199480000.0,0.609,0.0,0.0,172928000.0,140097750.0,0.0,225889000.0,133547000.0,92342000.0,274438000.0,249172000.0,25266000.0,5424377000.0,54751000.0,0.0,252930000.0,0.0,0.0,257404000.0,-252449000.0,-208248000.0,50507000.0,-711000.0,-57747000.0,-57747000.0,-57747000.0,0.0,0.0,-0.176,254621000.0,-55141000.0,10016000.0,0.0,20.248,-93.933,-103.564,57253000.0,0.0,40.39,16.554,16.573,92765000.0,-140251000.0,327668000.0,327668000.0,58008000.0,-0.12,-0.239,-0.395,-0.169,40428000.0,196613000.0,1.0,134300000.0,134454085,134454085.0,2.437,542333000.0,0.0,2473000.0,0.0,4.034,127637000.0
33,NOW,MRT,2013-03-31,2013-03-31,2013-03-31,2021-07-29,-1156000.0,515953000.0,394185750.0,447236000.0,68717000.0,0.716,2.034,-43923000.0,144782000.0,144782000.0,115081000.0,-45066000.0,1.952,0.955,0.0,0.0,0.0,0.0,194765000.0,15824000.0,0.0,0.0,0.0,-43838000.0,-28014000.0,-0.099,-28014000.0,-43838000.0,-43838000.0,-0.55,-0.55,-0.55,263927000.0,163868000.0,263927000.0,4655791000.0,-106.0,-166.195,3787000.0,0.029,1.0,167139000.0,0.592,0.0,0.0,142058000.0,92652750.0,0.0,194084000.0,194084000.0,0.0,252026000.0,229113000.0,22913000.0,4774780000.0,64642000.0,0.0,242646000.0,0.0,0.0,244533000.0,-226266000.0,-182380000.0,47710000.0,-1335000.0,-45220000.0,-45220000.0,-45220000.0,0.0,154000.0,-0.16,212054000.0,-44915000.0,9770000.0,0.0,18.091,-105.59,-65.818,54284000.0,0.0,36.2,16.919,16.647,79844000.0,-118846000.0,282220000.0,282220000.0,49329000.0,-0.115,-0.276,-0.473,-0.155,33480000.0,162725000.0,1.0,131900000.0,129782029,129782029.0,2.175,515953000.0,660000.0,1382000.0,0.0,3.976,218123000.0
34,NOW,MRT,2012-12-31,2012-12-31,2012-12-31,2021-07-29,-36000.0,478114000.0,311447000.0,422089000.0,56025000.0,0.783,3.293,-42066000.0,118989000.0,118989000.0,104009000.0,-37348000.0,1.994,0.964,0.0,0.0,0.0,0.0,170361000.0,13506000.0,0.0,0.0,0.0,-36288000.0,-22782000.0,-0.093,-22782000.0,-36288000.0,-36288000.0,-0.51,-0.51,-0.51,243405000.0,87836750.0,243405000.0,3588425697.0,-99.0,-157.511,6700000.0,0.091,1.0,139703000.0,0.573,596000.0,0.0,146902000.0,50050500.0,0.0,195702000.0,195702000.0,0.0,234709000.0,211627000.0,23082000.0,3705438697.0,50901000.0,0.0,240145000.0,0.0,0.0,241839000.0,-239149000.0,-197128000.0,48766000.0,-555000.0,-37656000.0,-37656000.0,-37656000.0,0.0,308000.0,-0.155,177287000.0,-37584000.0,9604000.0,0.0,15.223,-98.402,-58.882,42342000.0,0.0,30.03,15.204,9.107,78163000.0,-105488000.0,243712000.0,243712000.0,39333000.0,-0.121,-0.429,-0.725,-0.149,26243000.0,137954000.0,1.0,123391232.0,73908631,73908631.0,3.297,477518000.0,0.0,1368000.0,0.0,6.461,210462000.0
35,NOW,MRT,2012-09-30,2012-09-30,2012-09-30,2021-07-29,326000.0,382204000.0,230999250.0,331877000.0,50327000.0,0.899,1.625,-37598000.0,117013000.0,117013000.0,87692000.0,-34222000.0,1.991,0.998,0.0,0.0,0.0,0.0,148379000.0,10062000.0,0.0,0.0,0.0,-33417000.0,-23355000.0,-0.112,-23355000.0,-33417000.0,-33417000.0,-0.99,-0.99,-0.99,191268000.0,12629000.0,191268000.0,4699931111.0,-141.0,-201.239,-1967000.0,-0.017,1.0,120036000.0,0.578,0.0,0.0,98503000.0,3732250.0,0.0,139485000.0,139485000.0,0.0,190936000.0,166688000.0,24248000.0,4765450111.0,47940000.0,0.0,189391000.0,0.0,0.0,189965000.0,-177687000.0,-140097000.0,35631000.0,31000.0,-34842000.0,-34842000.0,-34842000.0,0.0,620000.0,-0.168,153264000.0,-33228000.0,5680000.0,0.0,24.915,-136.773,-39.071,39086000.0,0.0,38.68,22.941,21.916,55924000.0,-95557000.0,207728000.0,207728000.0,30371000.0,-0.151,-2.759,-8.954,-0.161,21260000.0,122893000.0,1.0,123201916.0,117698005,117698005.0,1.765,382204000.0,1544000.0,1425000.0,0.0,3.247,165189000.0
36,NOW,MRT,2012-06-30,2012-06-30,2012-06-30,2021-07-29,286000.0,200472000.0,154609000.0,152082000.0,48390000.0,1.149,-1.552,-28185000.0,65519000.0,65519000.0,72050000.0,-21048000.0,1.002,-4.06,0.0,0.0,0.0,0.0,133971000.0,6917000.0,0.0,0.0,0.0,-20395000.0,-13478000.0,-0.076,-13478000.0,-20395000.0,-20395000.0,-0.88,-0.88,-0.88,-43128000.0,-50754500.0,-43128000.0,2878951342.0,-141.0,-213.604,8053000.0,0.29,1.0,105530000.0,0.594,0.0,0.0,-16852000.0,-27995000.0,0.0,22795000.0,22795000.0,0.0,175119000.0,151805000.0,23314000.0,2959128342.0,5629000.0,0.0,21158000.0,0.0,0.0,20292000.0,-51071000.0,-22894000.0,36238000.0,170000.0,-21668000.0,-21668000.0,-21668000.0,0.0,620000.0,-0.122,124392000.0,-18862000.0,8550000.0,0.0,-68.613,-136.567,-27.955,35452000.0,0.0,24.6,16.664,3.85,47334000.0,-82504000.0,177580000.0,177580000.0,22345000.0,-0.14,0.427,0.729,-0.115,15714000.0,102047000.0,1.0,120289770.0,27788547,27788547.0,6.39,200472000.0,1718000.0,1273000.0,0.0,7.214,277000.0
37,NOW,MRT,2012-03-31,2012-03-31,2012-03-31,2021-07-29,771000.0,184998000.0,,153321000.0,31677000.0,,-1.6,-19367000.0,80177000.0,80177000.0,58646000.0,-10288000.0,1.151,-3.902,0.0,0.0,0.0,0.0,118660000.0,4655000.0,0.0,,0.0,-12981000.0,-8326000.0,-0.055,-8326000.0,-12981000.0,-12981000.0,-0.54,-0.55,-0.54,-40198000.0,,-40198000.0,,,,22603000.0,0.9,1.0,91645000.0,0.61,0.0,0.0,-28351000.0,,0.0,15344000.0,15344000.0,0.0,156869000.0,133172000.0,23697000.0,,30467000.0,0.0,21542000.0,0.0,0.0,22521000.0,-34703000.0,-15344000.0,41970000.0,679000.0,-14904000.0,-14904000.0,-14904000.0,0.0,4616000.0,-0.099,99121000.0,-7476000.0,7089000.0,0.0,,,,24091000.0,0.0,,,,42894000.0,-73780000.0,150291000.0,150291000.0,15434000.0,,,,-0.086,9654000.0,83687000.0,1.0,120289770.0,25123582,25123582.0,5.982,184998000.0,1544000.0,1923000.0,0.0,7.364,20149000.0
38,NOW,MRT,2011-12-31,2011-12-31,2011-12-31,2021-07-29,899000.0,156323000.0,,130507000.0,25816000.0,,-2.671,-14635000.0,68133000.0,68133000.0,46624000.0,-1657000.0,1.031,-2.535,0.0,0.0,0.0,0.0,107571000.0,3015000.0,0.0,,0.0,-4361000.0,-1346000.0,-0.011,-1346000.0,-4361000.0,-4361000.0,-0.28,-0.29,-0.28,-57426000.0,,-57426000.0,,,,25342000.0,1.179,1.0,81448000.0,0.636,0.0,0.0,-38371000.0,,0.0,0.0,0.0,0.0,145577000.0,126561000.0,19016000.0,,29631000.0,0.0,3097000.0,0.0,0.0,3159000.0,-14485000.0,0.0,39977000.0,980000.0,-6119000.0,-6119000.0,-6119000.0,0.0,4462000.0,-0.048,80218000.0,1230000.0,9411000.0,0.0,,,,20695000.0,0.0,,,,44860000.0,-68140000.0,128072000.0,128072000.0,11276000.0,,,,-0.034,7408000.0,68942000.0,1.0,,21498538,21104219.0,5.957,156323000.0,1544000.0,1758000.0,0.0,7.271,3946000.0
39,NOW,MRT,2011-09-30,2011-09-30,2011-09-30,2021-07-29,,,,,,,,,,,,,,,,,,,,,,,0.0,,,,,,,,,,,,,,,,,,1.0,,,,,,,,,,,,,,,,,,,,,,,,,,,,,,,,,,,,,,,,,,,,,,,,,,,,,,1.0,,20709900,,,,,,,,
40,NOW,MRT,2011-06-30,2011-06-30,2011-06-30,2021-07-29,118000.0,108746000.0,80057500.0,96893000.0,11853000.0,1.157,-3.214,-8733000.0,59898000.0,59898000.0,31575000.0,9830000.0,1.101,-1.7,0.0,0.0,0.0,0.0,77778000.0,1472000.0,0.0,,0.0,2975000.0,4447000.0,0.048,4447000.0,2975000.0,2975000.0,0.09,0.08,0.09,-58381000.0,-64821500.0,-58381000.0,,,,28735000.0,1.582,1.0,61066000.0,0.659,0.0,0.0,-39138000.0,-31630000.0,0.0,0.0,0.0,0.0,99267000.0,87986000.0,11281000.0,,30451000.0,0.0,1089000.0,0.0,0.0,1227000.0,-8383000.0,0.0,37468000.0,139000.0,1639000.0,1639000.0,1639000.0,0.0,8191000.0,0.018,50506000.0,10560000.0,2098000.0,0.0,,,,9467000.0,0.0,,,,24495000.0,-61456000.0,92641000.0,92641000.0,7004000.0,0.02,-0.025,-0.094,0.032,2816000.0,43502000.0,1.0,,18163977,28095486.0,5.1,108746000.0,0.0,1336000.0,0.0,5.987,8907000.0
41,NOW,MRT,2011-03-31,2011-03-31,2011-03-31,2021-07-29,,,,,,,,,,,,,,,,,,,,,,,0.0,,,,,,,,,,,,,,,,,,1.0,,,,,,,,,,,,,,,,,,,,,,,,,,,,,,,,,,,,,,,,,,,,,,,,,,,,,,1.0,,18702229,,,,,,,,
42,NOW,MRT,2010-06-30,2010-06-30,2010-06-30,2021-07-29,8000.0,51369000.0,,47492000.0,3877000.0,,-3.077,-1584000.0,29797000.0,29797000.0,16190000.0,-29705000.0,1.039,-0.777,0.0,0.0,0.0,0.0,40980000.0,369000.0,0.0,,0.0,-30065000.0,-29696000.0,-0.685,-29696000.0,-30065000.0,-30065000.0,-1.31,-1.31,-1.31,-71262000.0,,-71262000.0,,,,-9116000.0,-0.394,1.0,27139000.0,0.626,0.0,0.0,-24122000.0,,0.0,0.0,0.0,0.0,55404000.0,45694000.0,9710000.0,,21614000.0,0.0,-20573000.0,0.0,0.0,30672000.0,-1455000.0,0.0,-7532000.0,-71000.0,-30345000.0,-30345000.0,-30345000.0,0.0,640000.0,-0.7,55338000.0,-28199000.0,1570000.0,0.0,,,,1698000.0,0.0,,,,9732000.0,-71286000.0,43329000.0,43329000.0,7194000.0,,,,-0.694,545000.0,48144000.0,1.0,,23157576,23157576.0,1.871,51369000.0,0.0,280000.0,0.0,2.218,1798000.0
43,NOW,MRT,2009-06-30,2009-06-30,2009-06-30,2021-07-29,,,,,,,,-327000.0,,,7851000.0,-5906000.0,,,,,,,,164000.0,,,0.0,-5858000.0,-5694000.0,-0.295,-5694000.0,-5858000.0,-5858000.0,-0.17,-0.17,-0.17,,,,,,,-167000.0,-0.004,1.0,11464000.0,0.594,,0.0,,,,,,,,,,,3016000.0,0.0,-2206000.0,0.0,0.0,3701000.0,-851000.0,0.0,160000.0,6000.0,-5906000.0,-5906000.0,-5906000.0,0.0,0.0,-0.306,17295000.0,-5831000.0,,0.0,,,,,0.0,,,,,,19315000.0,19315000.0,2433000.0,,,,-0.303,127000.0,14862000.0,1.0,,39039066,39039066.0,0.495,,,48000.0,,,
