None,ticker,dimension,calendardate,datekey,reportperiod,lastupdated,accoci,assets,assetsavg,assetsc,assetsnc,assetturnover,bvps,capex,cashneq,cashnequsd,cor,consolinc,currentratio,de,debt,debtc,debtnc,debtusd,deferredrev,depamor,deposits,divyield,dps,ebit,ebitda,ebitdamargin,ebitdausd,ebitusd,ebt,eps,epsdil,epsusd,equity,equityavg,equityusd,ev,evebit,evebitda,fcf,fcfps,fxusd,gp,grossmargin,intangibles,intexp,invcap,invcapavg,inventory,investments,investmentsc,investmentsnc,liabilities,liabilitiesc,liabilitiesnc,marketcap,ncf,ncfbus,ncfcommon,ncfdebt,ncfdiv,ncff,ncfi,ncfinv,ncfo,ncfx,netinc,netinccmn,netinccmnusd,netincdis,netincnci,netmargin,opex,opinc,payables,payoutratio,pb,pe,pe1,ppnenet,prefdivis,price,ps,ps1,receivables,retearn,revenue,revenueusd,rnd,roa,roe,roic,ros,sbcomp,sgna,sharefactor,sharesbas,shareswa,shareswadil,sps,tangibles,taxassets,taxexp,taxliabilities,tbvps,workingcapital
0,NOW,ARY,2020-12-31,2021-02-12,2020-12-31,2021-07-29,94229000,8715057000,7284810250,4521842000,4193215000,0.62,14.679,-432517000.0,1676794000,1676794000,987113000.0,118503000.0,1.21,2.075,2135168000,72236000,2062932000,2135168000,3007925000,336381000.0,0,0.0,0.0,181931000.0,518312000.0,0.115,518312000.0,181931000.0,149185000.0,0.61,0.59,0.61,2834481000,2563274500,2834481000,116410343000.0,640.0,224.595,1354082000.0,7.012,1.0,3532371000.0,0.782,394131000,32746000.0,5042156000,4382261000,0,2883248000,1415242000,1468006000,5880576000,3737144000,2143432000,115951969000.0,901439000.0,-107236000.0,145766000.0,959485000.0,0.0,596647000.0,-1506872000.0,-968447000.0,1786599000.0,25065000.0,118503000.0,118503000.0,118503000.0,0.0,0.0,0.026,3333508000.0,198863000.0,34236000,0.0,40.908,978.473,969.328,1113859000,0.0,591.29,25.656,25.263,1009415000,-233741000,4519484000.0,4519484000.0,1024327000.0,0.016,0.046,0.042,0.04,870453000.0,2309181000.0,1.0,196100000,193096000,202478000.0,23.405,8320926000,673111000,30682000.0,0,43.092,784698000
1,NOW,ARY,2019-12-31,2020-02-20,2019-12-31,2021-07-29,25255000,6022430000,4945209000,2826901000,3195529000,0.7,11.412,-264892000.0,775778000,775778000,796645000.0,626698000.0,1.027,1.83,1130870000,52668000,1078202000,1130870000,2225792000,252114000.0,0,0.0,0.0,100468000.0,352582000.0,0.102,352582000.0,100468000.0,67185000.0,3.36,3.18,3.36,2127941000,1503327750,2127941000,67343104000.0,670.0,191.0,971080000.0,5.208,1.0,2663792000.0,0.77,300606000,33283000.0,3324131000,2814940500,0,1928649000,915317000,1013332000,3894489000,2752785000,1141704000,66988012000.0,209453000.0,-7414000.0,107868000.0,-9000.0,0.0,-301856000.0,-724477000.0,-402917000.0,1235972000.0,-186000.0,626698000.0,626698000.0,626698000.0,0.0,0.0,0.181,2621669000.0,42123000.0,52960000,0.0,31.48,106.89,105.042,870513000,0.0,352.94,19.358,19.018,835279000,-352244000,3460437000.0,3460437000.0,748369000.0,0.127,0.417,0.036,0.029,662195000.0,1873300000.0,1.0,189800000,186466000,197223000.0,18.558,5721824000,599633000,-559513000.0,0,30.686,74116000
2,NOW,ARY,2018-12-31,2019-02-27,2018-12-31,2021-07-29,-4035000,3879140000,3659487750,2344693000,1534447000,0.713,6.248,-224462000.0,566204000,566204000,622658000.0,-26704000.0,1.165,2.491,661707000,0,661707000,661707000,1690191000,149604000.0,0,0.0,0.0,13709000.0,163313000.0,0.063,163313000.0,13709000.0,-39024000.0,-0.15,-0.15,-0.15,1111199000,972064000,1111199000,43471458000.0,3171.0,266.185,586627000.0,3.299,1.0,1986158000.0,0.761,249427000,52733000.0,1712643000,1695865500,0,1513574000,931718000,581856000,2767941000,2012573000,755368000,43375955000.0,-159291000.0,-37440000.0,104160000.0,-430578000.0,0.0,-607428000.0,-347422000.0,-61120000.0,811089000.0,-15530000.0,-26704000.0,-26704000.0,-26704000.0,0.0,0.0,-0.01,2028584000.0,-42426000.0,30733000,0.0,39.035,-1624.324,-1602.067,347216000,0.0,240.31,16.627,16.382,574810000,-978780000,2608816000.0,2608816000.0,529501000.0,-0.007,-0.027,0.008,0.005,543953000.0,1499083000.0,1.0,180500000,177846023,177846023.0,14.669,3629713000,0,-12320000.0,0,20.409,332120000
3,NOW,ARY,2017-12-31,2018-02-28,2017-12-31,2021-07-29,-889000,3397904000,2890522000,2410564000,987340000,0.669,3.412,-150510000.0,726495000,726495000,499772000.0,-149130000.0,1.148,4.817,1173436000,543418000,630018000,1173436000,1320383000,113875000.0,0,0.0,0.0,-95610000.0,18265000.0,0.009,18265000.0,-95610000.0,-149004000.0,-0.87,-0.87,-0.87,584132000,511322000,584132000,28575388000.0,-299.0,1564.489,492315000.0,2.876,1.0,1433254000.0,0.741,215644000,53394000.0,1528570000,1407798500,0,1444245000,1052803000,391442000,2813772000,2100631000,713141000,28128447000.0,325897000.0,-58203000.0,81638000.0,767209000.0,0.0,538892000.0,-883948000.0,-668565000.0,642825000.0,28128000.0,-149130000.0,-149130000.0,-149130000.0,0.0,0.0,-0.077,1534668000.0,-101414000.0,32109000,0.0,48.154,-188.617,-185.069,245124000,0.0,161.01,14.552,14.258,434895000,-1146520000,1933026000.0,1933026000.0,377518000.0,-0.052,-0.292,-0.068,-0.049,394078000.0,1157150000.0,1.0,174700000,171175577,171175577.0,11.293,3182260000,0,126000.0,0,18.591,309933000
4,NOW,ARY,2016-12-31,2017-02-28,2016-12-31,2021-07-29,-21133000,2033767000,1858815500,1342535000,691232000,0.748,2.352,-105562000.0,401238000,401238000,398682000.0,-451804000.0,1.253,4.256,507812000,0,507812000,507812000,895101000,83082000.0,0,0.0,0.0,-416773000.0,-333691000.0,-0.24,-333691000.0,-416773000.0,-450051000.0,-2.75,-2.75,-2.75,386961000,344025500,386961000,14709134000.0,-35.0,-44.08,54359000.0,0.33,1.0,991831000.0,0.713,148388000,33278000.0,920455000,882920500,0,760782000,498124000,262658000,1646806000,1071498000,575308000,14602560000.0,-11067000.0,-34297000.0,66378000.0,-2223000.0,0.0,-55752000.0,-108448000.0,50371000.0,159921000.0,-6788000.0,-451804000.0,-451804000.0,-451804000.0,0.0,0.0,-0.325,1414639000.0,-422808000.0,38080000,0.0,37.737,-32.321,-31.607,181620000,0.0,86.92,10.502,10.285,322757000,-997390000,1390513000.0,1390513000.0,285239000.0,-0.243,-1.313,-0.472,-0.3,317580000.0,859400000.0,1.0,168000000,164533823,164533823.0,8.451,1885379000,0,1753000.0,0,11.459,271037000
5,NOW,ARY,2015-12-31,2016-02-25,2015-12-31,2021-07-29,-16882000,1807052000,1631723250,1085635000,721417000,0.616,3.64,-87481000.0,412305000,412305000,329413000.0,-198426000.0,1.484,2.188,474534000,0,474534000,474534000,603754000,60356000.0,0,0.0,0.0,-161915000.0,-101559000.0,-0.101,-101559000.0,-161915000.0,-193012000.0,-1.27,-1.27,-1.27,566814000,500442750,566814000,8803653000.0,-54.0,-86.685,227610000.0,1.462,1.0,676067000.0,0.672,98674000,31097000.0,1038971000,1019110500,0,811612000,388945000,422667000,1240238000,731636000,508602000,8741424000.0,159850000.0,-1100000.0,93348000.0,-223000.0,0.0,82993000.0,-231743000.0,-141190000.0,315091000.0,-6491000.0,-198426000.0,-198426000.0,-198426000.0,0.0,0.0,-0.197,842432000.0,-166365000.0,37369000,0.0,15.422,-44.054,-42.646,144714000,0.0,54.16,8.694,8.387,203333000,-557009000,1005480000.0,1005480000.0,217389000.0,-0.122,-0.397,-0.159,-0.161,255050000.0,625043000.0,1.0,161400000,155706643,155706643.0,6.458,1708378000,0,5414000.0,0,10.972,353999000
6,NOW,ARY,2014-12-31,2015-02-27,2014-12-31,2021-07-29,-12113000,1425079000,1304048750,906986000,518093000,0.523,2.949,-54379000.0,252455000,252455000,248776000.0,-179387000.0,1.789,2.324,443764000,0,443764000,443764000,422238000,42059000.0,0,0.0,0.0,-175540000.0,-133481000.0,-0.196,-133481000.0,-175540000.0,-175540000.0,-1.23,-1.23,-1.23,428675000,411987250,428675000,11668439000.0,-66.0,-87.416,84521000.0,0.581,1.0,433787000.0,0.636,109542000,0.0,999849000,960757750,0,683108000,416336000,266772000,996404000,506997000,489407000,11477130000.0,-113848000.0,-99813000.0,68735000.0,0.0,0.0,70772000.0,-316928000.0,-162681000.0,138900000.0,-6592000.0,-179387000.0,-179387000.0,-179387000.0,0.0,0.0,-0.263,585622000.0,-151835000.0,17829000,0.0,26.773,-63.98,-62.0,104237000,0.0,76.26,16.815,16.24,159171000,-358583000,682563000.0,682563000.0,148258000.0,-0.138,-0.435,-0.183,-0.257,152282000.0,437364000.0,1.0,150500000,145355543,145355543.0,4.696,1315537000,0,3847000.0,0,9.05,399989000
7,NOW,ARY,2013-12-31,2014-02-28,2013-12-31,2021-07-29,-476000,1168476000,701374500,797749000,370727000,0.605,2.911,-55321000.0,366303000,366303000,155259000.0,-73708000.0,2.432,1.964,414777000,0,414777000,414777000,266722000,24152000.0,0,0.0,0.0,-71197000.0,-47045000.0,-0.111,-47045000.0,-71197000.0,-71197000.0,-0.54,-0.54,-0.54,394259000,303419250,394259000,9651740000.0,-136.0,-205.16,26425000.0,0.195,1.0,269391000.0,0.634,14520000,0.0,874342000,341029000,0,523607000,268251000,255356000,774217000,328088000,446129000,9603266000.0,247314000.0,-13330000.0,139786000.0,427126000.0,0.0,568570000.0,-402795000.0,-333967000.0,81746000.0,-207000.0,-73708000.0,-73708000.0,-73708000.0,0.0,0.0,-0.174,335658000.0,-66267000.0,7405000,0.0,24.358,-130.288,-126.037,75560000,0.0,68.06,22.615,21.704,108339000,-179196000,424650000.0,424650000.0,78678000.0,-0.105,-0.243,-0.209,-0.168,63923000.0,256980000.0,1.0,141100000,135415809,135415809.0,3.136,1153956000,0,2511000.0,0,8.522,469661000
8,NOW,ARY,2012-12-31,2013-03-08,2012-12-31,2021-07-29,-36000,478114000,311447000,422089000,56025000,0.783,3.293,-42066000.0,118989000,118989000,104009000.0,-37348000.0,1.994,0.964,0,0,0,0,171509000,13506000.0,0,0.0,0.0,-36288000.0,-22782000.0,-0.093,-22782000.0,-36288000.0,-36288000.0,-0.51,-0.51,-0.51,243405000,87836750,243405000,4716465000.0,-130.0,-207.026,6700000.0,0.091,1.0,139703000.0,0.573,0,0.0,147498000,50199500,0,195702000,195702000,0,234709000,211627000,23082000,4835454000.0,50901000.0,0.0,240145000.0,0.0,0.0,241839000.0,-239149000.0,-197128000.0,48766000.0,-555000.0,-37656000.0,-37656000.0,-37656000.0,0.0,308000.0,-0.155,177287000.0,-37584000.0,9604000,0.0,19.866,-128.411,-71.882,42342000,0.0,36.66,19.841,11.118,78163000,-105488000,243712000.0,243712000.0,39333000.0,-0.121,-0.429,-0.723,-0.149,26243000.0,137954000.0,1.0,131900000,73908631,73908631.0,3.297,478114000,660000,1368000.0,0,6.469,210462000
0,NOW,ARQ,2021-06-30,2021-07-29,2021-06-30,2021-07-29,70000000,9187000000,,4225000000,4962000000,,16.556,-91000000.0,1362000000,1362000000,329000000.0,59000000.0,1.081,1.805,2089000000,179000000,1910000000,2089000000,3072000000,115000000.0,0,0.0,0.0,57000000.0,172000000.0,0.122,172000000.0,57000000.0,50000000.0,0.3,0.29,0.3,3275000000,,3275000000,116288635000.0,535.0,188.709,209000000.0,1.057,1.0,1080000000.0,0.767,1103000000,7000000.0,4903000000,,0,2972000000,1622000000,1350000000,5912000000,3908000000,2004000000,115561635000.0,-456000000.0,-513000000.0,0.0,-25000000.0,0.0,-149000000.0,-614000000.0,-4000000.0,300000000.0,7000000.0,59000000.0,59000000.0,59000000.0,0.0,0.0,0.042,1029000000.0,51000000.0,98000000,0.0,35.286,677.757,670.517,1198000000,0.0,583.35,22.347,22.315,781000000,-93000000,1409000000.0,1409000000.0,333000000.0,,,,,281000000.0,696000000.0,1.0,198100000,197815000,202273000.0,7.123,8084000000,665000000,-9000000.0,0,40.866,317000000
1,NOW,ARQ,2021-03-31,2021-04-29,2021-03-31,2021-07-29,56000000,8822000000,,4524000000,4298000000,,15.446,-107000000.0,1821000000,1821000000,299000000.0,82000000.0,1.235,1.905,2108000000,77000000,2031000000,2108000000,3044000000,106000000.0,0,0.0,0.0,106000000.0,212000000.0,0.156,212000000.0,106000000.0,99000000.0,0.42,0.41,0.42,3037000000,,3037000000,99974000000.0,433.0,167.421,620000000.0,3.153,1.0,1061000000.0,0.78,582000000,7000000.0,4863000000,,0,2983000000,1635000000,1348000000,5785000000,3664000000,2121000000,99687000000.0,148000000.0,-225000000.0,95000000.0,-28000000.0,0.0,-124000000.0,-437000000.0,-112000000.0,727000000.0,-18000000.0,82000000.0,82000000.0,82000000.0,0.0,0.0,0.06,964000000.0,97000000.0,109000000,0.0,32.824,654.664,647.436,1148000000,0.0,505.0,20.626,20.545,645000000,-152000000,1360000000.0,1360000000.0,314000000.0,,,,,256000000.0,650000000.0,1.0,197400000,196624000,202268000.0,6.917,8240000000,643000000,17000000.0,0,41.907,860000000
2,NOW,ARQ,2020-12-31,2021-02-12,2020-12-31,2021-07-29,94229000,8715057000,,4521842000,4193215000,,14.704,-140690000.0,1676794000,1676794000,279104000.0,16648000.0,1.21,2.075,2135168000,72236000,2062932000,2135168000,3007925000,93033000.0,0,0.0,0.0,21068000.0,114101000.0,0.091,114101000.0,21068000.0,13360000.0,0.08,0.09,0.08,2834481000,,2834481000,116410343000.0,640.0,224.595,544835000.0,2.826,1.0,971226000.0,0.777,394131000,7708000.0,5042156000,,0,2883248000,1415242000,1468006000,5880576000,3737144000,2143432000,115951969000.0,327620000.0,411000.0,3266000.0,-58824000.0,0.0,-203492000.0,-176519000.0,-38331000.0,685525000.0,22106000.0,16648000.0,16648000.0,16648000.0,0.0,0.0,0.013,953296000.0,17930000.0,34236000,0.0,40.908,978.473,969.328,1113859000,0.0,591.29,25.656,25.263,1009415000,-233741000,1250330000.0,1250330000.0,284297000.0,,,,,245399000.0,668999000.0,1.0,196100000,192775000,201401000.0,6.486,8320926000,673111000,-3288000.0,0,43.164,784698000
3,NOW,ARQ,2020-09-30,2020-10-29,2020-09-30,2021-07-29,51575000,7705459000,,3966881000,3738578000,,13.836,-91656000.0,1348294000,1348294000,251704000.0,12858000.0,1.399,1.882,2203128000,67934000,2135194000,2203128000,2312018000,84720000.0,0,0.0,0.0,33413000.0,118133000.0,0.103,118133000.0,33413000.0,25433000.0,0.07,0.06,0.07,2673716000,,2673716000,100470943000.0,494.0,193.51,149796000.0,0.775,1.0,900268000.0,0.782,387775000,7980000.0,5336571000,,0,2863268000,1603317000,1259951000,5031743000,2835947000,2195796000,99616109000.0,510407000.0,-24699000.0,51444000.0,1034047000.0,0.0,963378000.0,-702244000.0,-587762000.0,241452000.0,7821000.0,12858000.0,12858000.0,12858000.0,0.0,0.0,0.011,830936000.0,69332000.0,51456000,0.0,37.258,142.191,136.521,1021733000,0.0,510.59,23.601,23.375,631055000,-250389000,1151972000.0,1151972000.0,268292000.0,,,,,219929000.0,562644000.0,1.0,195100000,193237000,201861000.0,5.961,7317684000,620890000,12575000.0,0,37.869,1130934000
4,NOW,ARQ,2020-06-30,2020-07-30,2020-06-30,2021-07-29,29772000,6521309000,,3337122000,3184187000,,12.956,-116964000.0,837309000,837309000,232939000.0,40766000.0,1.171,1.631,1198364000,65742000,1132622000,1198364000,2282118000,82390000.0,0,0.0,0.0,70518000.0,152908000.0,0.143,152908000.0,70518000.0,62030000.0,0.21,0.2,0.21,2478806000,,2478806000,83103575000.0,347.0,155.561,251090000.0,1.312,1.0,837903000.0,0.782,375273000,8488000.0,3658220000,,0,2282169000,1505362000,776807000,4042503000,2848871000,1193632000,82742520000.0,28555000.0,0.0,24148000.0,-13502000.0,0.0,-102211000.0,-243075000.0,-127095000.0,368054000.0,5787000.0,40766000.0,40766000.0,40766000.0,0.0,0.0,0.038,775637000.0,62266000.0,85757000,0.0,33.38,113.608,110.9,1010473000,0.0,431.4,20.922,20.87,631992000,-263247000,1070842000.0,1070842000.0,245081000.0,,,,,216840000.0,530556000.0,1.0,191800000,191319000,201453000.0,5.597,6146036000,594155000,21264000.0,0,32.125,488251000
5,NOW,ARQ,2020-03-31,2020-04-30,2020-03-31,2021-07-29,-14380000,6197416000,,2805861000,3391555000,,11.917,-83207000.0,808725000,808725000,223366000.0,48231000.0,1.031,1.735,1203121000,60895000,1142226000,1203121000,2255742000,76238000.0,0,0.0,0.0,56932000.0,133170000.0,0.127,133170000.0,56932000.0,48362000.0,0.25,0.24,0.25,2266095000,,2266095000,67433074000.0,420.0,155.522,408361000.0,2.147,1.0,822974000.0,0.787,378654000,8570000.0,3492097000,,0,2127918000,1049980000,1077938000,3931321000,2721061000,1210260000,67038678000.0,34857000.0,-82948000.0,66908000.0,-2236000.0,0.0,-61028000.0,-385034000.0,-215259000.0,491568000.0,-10649000.0,48231000.0,48231000.0,48231000.0,0.0,0.0,0.046,773639000.0,49335000.0,73904000,0.0,29.583,99.1,97.11,935545000,0.0,351.54,18.032,17.981,615234000,-304013000,1046340000.0,1046340000.0,226657000.0,,,,,188285000.0,546982000.0,1.0,190700000,190163000,199938000.0,5.502,5818762000,586021000,131000.0,0,30.599,84800000
6,NOW,ARQ,2019-12-31,2020-02-20,2019-12-31,2021-07-29,25255000,6022430000,,2826901000,3195529000,,11.269,-79003000.0,775778000,775778000,211453000.0,598724000.0,1.027,1.83,1130870000,52668000,1078202000,1130870000,2225792000,72331000.0,0,0.0,0.0,42661000.0,114992000.0,0.121,114992000.0,42661000.0,34186000.0,3.21,3.04,3.21,2127941000,,2127941000,67343104000.0,670.0,191.0,342208000.0,1.812,1.0,740321000.0,0.778,300606000,8475000.0,3324131000,,0,1928649000,915317000,1013332000,3894489000,2752785000,1141704000,66988012000.0,152451000.0,-7414000.0,2641000.0,-9000.0,0.0,-76281000.0,-198732000.0,-78679000.0,421211000.0,6253000.0,598724000.0,598724000.0,598724000.0,0.0,0.0,0.629,711809000.0,28512000.0,52960000,0.0,31.48,106.89,105.042,870513000,0.0,352.94,19.358,19.018,835279000,-352244000,951774000.0,951774000.0,202328000.0,,,,,170051000.0,509481000.0,1.0,189800000,188835853,198675678.0,5.04,5721824000,599633000,-564538000.0,0,30.301,74116000
7,NOW,ARQ,2019-09-30,2019-10-25,2019-09-30,2021-07-29,19631000,4756808000,,2297213000,2459595000,,7.601,-88869000.0,622925000,622925000,200793000.0,40598000.0,1.048,2.328,1124330000,49331000,1074999000,1124330000,1802818000,64006000.0,0,0.0,0.0,69141000.0,133147000.0,0.15,133147000.0,69141000.0,60770000.0,0.22,0.21,0.22,1429473000,,1429473000,45995497000.0,670.0,157.738,121309000.0,0.645,1.0,685040000.0,0.773,266849000,8371000.0,2798803000,,0,1849661000,848148000,1001513000,3327335000,2192561000,1134774000,45494092000.0,38842000.0,0.0,41927000.0,0.0,0.0,-41256000.0,-122355000.0,-31915000.0,210178000.0,-7725000.0,40598000.0,40598000.0,40598000.0,0.0,0.0,0.046,628716000.0,56324000.0,61906000,0.0,31.826,1300.24,1269.579,806282000,0.0,241.22,14.111,14.071,539416000,-950968000,885833000.0,885833000.0,190099000.0,,,,,162934000.0,438617000.0,1.0,188600000,188074303,197878215.0,4.71,4489959000,0,20172000.0,0,23.873,104652000
8,NOW,ARQ,2019-06-30,2019-08-06,2019-06-30,2021-07-29,13542000,4602703000,,2442287000,2160416000,,6.755,-49896000.0,583581000,583581000,198147000.0,-11079000.0,1.098,2.65,1107089000,46132000,1060957000,1107089000,1789379000,60328000.0,0,0.0,0.0,-8046000.0,52282000.0,0.063,52282000.0,-8046000.0,-16315000.0,-0.06,-0.06,-0.06,1260946000,,1260946000,49594133000.0,2752.0,230.901,193839000.0,1.038,1.0,635757000.0,0.762,274071000,8269000.0,2627161000,,0,1816519000,1069803000,746716000,3341757000,2224979000,1116778000,49070625000.0,-56494000.0,0.0,10207000.0,0.0,0.0,-97919000.0,-202517000.0,-116426000.0,243735000.0,207000.0,-11079000.0,-11079000.0,-11079000.0,0.0,0.0,-0.013,662757000.0,-27000000.0,65711000,0.0,38.916,17550.295,13085.5,761957000,0.0,261.71,16.295,16.224,503376000,-991566000,833904000.0,833904000.0,183420000.0,,,,,171760000.0,479337000.0,1.0,187500000,186677622,186677622.0,4.467,4328632000,0,-5236000.0,0,23.188,217308000
9,NOW,ARQ,2019-03-31,2019-05-03,2019-03-31,2021-07-29,10323000,4398895000,,2374486000,2024409000,,6.563,-47124000.0,639722000,639722000,186252000.0,-1545000.0,1.132,2.681,1092771000,41952000,1050819000,1092771000,1747782000,55449000.0,0,0.0,0.0,-3288000.0,52161000.0,0.066,52161000.0,-3288000.0,-11456000.0,-0.01,-0.01,-0.01,1194951000,,1194951000,50048693000.0,69803.0,290.375,313724000.0,1.723,1.0,602674000.0,0.764,244436000,8168000.0,2509667000,,0,1697024000,1022391000,674633000,3203944000,2097841000,1106103000,49595644000.0,74654000.0,0.0,53093000.0,0.0,0.0,-86400000.0,-200873000.0,-175897000.0,360848000.0,1079000.0,-1545000.0,-1545000.0,-1545000.0,0.0,0.0,-0.002,618387000.0,-15713000.0,38668000,0.0,41.504,-1275.903,-1220.545,744212000,0.0,268.52,17.659,17.407,422559000,-980487000,788926000.0,788926000.0,172522000.0,,,,,157450000.0,445865000.0,1.0,184700000,182061579,182061579.0,4.333,4154459000,0,-9911000.0,0,22.819,276645000
10,NOW,ARQ,2018-12-31,2019-02-27,2018-12-31,2021-07-29,-4035000,3879140000,,2344693000,1534447000,,6.181,-88113000.0,566204000,566204000,168162000.0,7015000.0,1.165,2.491,661707000,0,661707000,661707000,1690191000,43112000.0,0,0.0,0.0,10893000.0,54005000.0,0.075,54005000.0,10893000.0,1955000.0,0.04,0.04,0.04,1111199000,,1111199000,43471458000.0,3171.0,266.185,201499000.0,1.121,1.0,547279000.0,0.765,249427000,8938000.0,1712643000,,0,1513574000,931718000,581856000,2767941000,2012573000,755368000,43375955000.0,-137785000.0,-12500000.0,3723000.0,-118302000.0,0.0,-174321000.0,-247139000.0,-135726000.0,289612000.0,-5937000.0,7015000.0,7015000.0,7015000.0,0.0,0.0,0.01,547001000.0,278000.0,30733000,0.0,39.035,-1624.324,-1602.067,347216000,0.0,240.31,16.627,16.382,574810000,-978780000,715441000.0,715441000.0,148662000.0,,,,,142644000.0,398339000.0,1.0,180500000,179789555,179789555.0,3.979,3629713000,0,-5060000.0,0,20.189,332120000
11,NOW,ARQ,2018-09-30,2018-11-07,2018-09-30,2021-07-29,-1418000,3581442000,,2292185000,1289257000,,5.708,-47987000.0,703629000,703629000,157858000.0,8405000.0,1.26,2.511,814610000,160972000,653638000,814610000,1404461000,37874000.0,0,0.0,0.0,18463000.0,56337000.0,0.084,56337000.0,18463000.0,7230000.0,0.05,0.04,0.05,1020184000,,1020184000,34326800000.0,-6537.0,257.5,97514000.0,0.546,1.0,515239000.0,0.765,227139000,11233000.0,1646327000,,0,1379972000,922411000,457561000,2561258000,1818957000,742301000,34215819000.0,-14170000.0,0.0,39018000.0,-40515000.0,0.0,-68234000.0,-89349000.0,-38612000.0,145501000.0,-2088000.0,8405000.0,8405000.0,8405000.0,0.0,0.0,0.012,505671000.0,9568000.0,43223000,0.0,33.539,-556.12,-545.229,297371000,0.0,190.83,14.024,13.979,424698000,-985795000,673097000.0,673097000.0,135655000.0,,,,,144408000.0,370016000.0,1.0,179300000,178719694,192190899.0,3.766,3354303000,0,-1175000.0,0,18.769,473228000
12,NOW,ARQ,2018-06-30,2018-08-08,2018-06-30,2021-07-29,-3995000,3472884000,,2351629000,1121255000,,5.028,-52991000.0,704846000,704846000,153165000.0,-52746000.0,1.28,2.895,857131000,211463000,645668000,857131000,1365317000,35207000.0,0,0.0,0.0,-25351000.0,9856000.0,0.016,9856000.0,-25351000.0,-40849000.0,-0.3,-0.3,-0.3,891710000,,891710000,33264812000.0,-1112.0,332.084,72905000.0,0.411,1.0,477891000.0,0.757,230733000,15498000.0,1557395000,,0,1349441000,1044812000,304629000,2581174000,1837041000,744133000,33112527000.0,35131000.0,-24940000.0,8762000.0,-242867000.0,0.0,-303081000.0,226312000.0,307243000.0,125896000.0,-13996000.0,-52746000.0,-52746000.0,-52746000.0,0.0,0.0,-0.084,509880000.0,-31989000.0,30656000,0.0,37.134,-351.816,-344.685,286953000,0.0,186.13,14.62,14.575,367598000,-994200000,631056000.0,631056000.0,127916000.0,,,,,135560000.0,381964000.0,1.0,177900000,177343176,177343176.0,3.558,3242151000,0,11897000.0,0,18.282,514588000
13,NOW,ARQ,2018-03-31,2018-05-08,2018-03-31,2021-07-29,-12970000,3704485000,,2489926000,1214559000,,4.93,-35371000.0,682854000,682854000,143473000.0,10622000.0,1.187,3.282,1154720000,516925000,637795000,1154720000,1342882000,33411000.0,0,0.0,0.0,9704000.0,43115000.0,0.073,43115000.0,9704000.0,-7360000.0,0.06,0.06,0.06,865163000,,865163000,31558764000.0,-617.0,444.941,214709000.0,1.224,1.0,445749000.0,0.757,211238000,17064000.0,1867097000,,0,1654314000,1203105000,451209000,2839322000,2098016000,741306000,31086898000.0,-42467000.0,0.0,52657000.0,-28894000.0,0.0,-61792000.0,-237246000.0,-194025000.0,250080000.0,6491000.0,10622000.0,10622000.0,10622000.0,0.0,0.0,0.018,466032000.0,-20283000.0,37715000,0.0,35.932,-317.713,-308.825,267454000,0.0,176.03,14.765,14.671,371008000,-941454000,589222000.0,589222000.0,117268000.0,,,,,121341000.0,348764000.0,1.0,176600000,175482833,190249786.0,3.358,3493247000,0,-17982000.0,0,19.906,391910000
14,NOW,ARQ,2017-12-31,2018-02-28,2017-12-31,2021-07-29,-889000,3397904000,,2410564000,987340000,,3.364,-34654000.0,726495000,726495000,134360000.0,-27807000.0,1.148,4.817,1173436000,543418000,630018000,1173436000,1320383000,32067000.0,0,0.0,0.0,-8067000.0,24000000.0,0.044,24000000.0,-8067000.0,-24880000.0,-0.16,-0.16,-0.16,584132000,,584132000,28575388000.0,-299.0,1564.489,150132000.0,0.865,1.0,412010000.0,0.754,215644000,16813000.0,1528570000,,0,1444245000,1052803000,391442000,2813772000,2100631000,713141000,28128447000.0,-377736000.0,-31666000.0,5819000.0,-2237000.0,0.0,-47226000.0,-517545000.0,-451464000.0,184786000.0,2249000.0,-27807000.0,-27807000.0,-27807000.0,0.0,0.0,-0.051,425142000.0,-13132000.0,32109000,0.0,48.154,-188.617,-185.069,245124000,0.0,161.01,14.552,14.258,434895000,-1146520000,546370000.0,546370000.0,104559000.0,,,,,105627000.0,320583000.0,1.0,174700000,173623157,173623157.0,3.147,3182260000,0,2927000.0,0,18.329,309933000
15,NOW,ARQ,2017-09-30,2017-11-06,2017-09-30,2021-07-29,-408000,3069515000,,2127492000,942023000,,3.208,-46753000.0,1104871000,1104871000,127280000.0,-24188000.0,1.661,4.567,1156629000,0,1156629000,1156629000,1124644000,29401000.0,0,0.0,0.0,-6202000.0,23199000.0,0.047,23199000.0,-6202000.0,-22768000.0,-0.14,-0.14,-0.14,551391000,,551391000,21592629000.0,-197.0,-4611.839,95137000.0,0.553,1.0,370890000.0,0.745,177067000,16566000.0,1663555000,,0,991884000,567026000,424858000,2518124000,1280651000,1237473000,21540871000.0,-68586000.0,-5000000.0,35856000.0,-121000.0,0.0,-8046000.0,-210090000.0,-158428000.0,141890000.0,7660000.0,-24188000.0,-24188000.0,-24188000.0,0.0,0.0,-0.049,377945000.0,-7055000.0,20752000,0.0,39.066,-139.956,-138.589,231304000,0.0,124.73,12.154,12.097,291903000,-1118713000,498170000.0,498170000.0,98465000.0,,,,,100442000.0,279480000.0,1.0,172700000,171883190,171883190.0,2.898,2892448000,0,1420000.0,0,16.828,846841000
16,NOW,ARQ,2017-06-30,2017-08-08,2017-06-30,2021-07-29,-933000,2924406000,,2111027000,813379000,,2.831,-35917000.0,1173457000,1173457000,121685000.0,-56473000.0,1.734,5.062,1140063000,0,1140063000,1140063000,1066795000,27181000.0,0,0.0,0.0,-46567000.0,-19386000.0,-0.041,-19386000.0,-46567000.0,-57904000.0,-0.33,-0.33,-0.33,482426000,,482426000,18347582000.0,-143.0,-599.418,92808000.0,0.545,1.0,350018000.0,0.742,177017000,11337000.0,1496705000,,0,838514000,518719000,319795000,2441980000,1217290000,1224690000,18380976000.0,733542000.0,-6502000.0,5156000.0,770982000.0,0.0,613795000.0,-27859000.0,20871000.0,128725000.0,18881000.0,-56473000.0,-56473000.0,-56473000.0,0.0,0.0,-0.12,388755000.0,-38737000.0,24478000,0.0,38.101,-110.741,-109.878,213501000,0.0,107.68,11.264,11.246,279088000,-1094525000,471703000.0,471703000.0,90005000.0,,,,,98066000.0,298750000.0,1.0,170700000,170419083,170419083.0,2.768,2747389000,0,-1431000.0,0,16.121,893737000
17,NOW,ARQ,2017-03-31,2017-05-05,2017-03-31,2021-07-29,-11678000,2170263000,,1396255000,774008000,,2.532,-33186000.0,439915000,439915000,116447000.0,-40662000.0,1.225,4.079,516490000,0,516490000,516490000,1011993000,25226000.0,0,0.0,0.0,-34774000.0,-9548000.0,-0.023,-9548000.0,-34774000.0,-43452000.0,-0.24,-0.24,-0.24,427339000,,427339000,16719054000.0,-131.0,-448.942,154238000.0,0.914,1.0,300336000.0,0.721,164669000,8678000.0,942364000,,0,861660000,535399000,326261000,1742924000,1139805000,603119000,16642479000.0,38677000.0,-15035000.0,34807000.0,-1415000.0,0.0,-19631000.0,-128454000.0,-79544000.0,187424000.0,-662000.0,-40662000.0,-40662000.0,-40662000.0,0.0,0.0,-0.098,342826000.0,-42490000.0,33658000,0.0,38.944,-104.582,-103.232,189659000,0.0,98.07,11.085,11.022,278107000,-1038052000,416783000.0,416783000.0,84489000.0,,,,,89943000.0,258337000.0,1.0,169700000,168742366,168742366.0,2.47,2005594000,0,-2790000.0,0,11.886,256450000
18,NOW,ARQ,2016-12-31,2017-02-28,2016-12-31,2021-07-29,-21133000,2033767000,,1342535000,691232000,,2.319,-21450000.0,401238000,401238000,104936000.0,-32589000.0,1.253,4.256,507812000,0,507812000,507812000,895101000,23366000.0,0,0.0,0.0,-22313000.0,1053000.0,0.003,1053000.0,-22313000.0,-30845000.0,-0.19,-0.19,-0.19,386961000,,386961000,14709134000.0,-35.0,-44.08,111237000.0,0.667,1.0,280730000.0,0.728,148388000,8532000.0,920455000,,0,760782000,498124000,262658000,1646806000,1071498000,575308000,14602560000.0,76171000.0,0.0,11315000.0,-1887000.0,0.0,-24987000.0,-25210000.0,28000.0,132687000.0,-6319000.0,-32589000.0,-32589000.0,-32589000.0,0.0,0.0,-0.085,304333000.0,-23603000.0,38080000,0.0,37.737,-32.321,-31.607,181620000,0.0,86.92,10.502,10.285,322757000,-997390000,385666000.0,385666000.0,73933000.0,,,,,83120000.0,230400000.0,1.0,168000000,166833305,166833305.0,2.312,1885379000,0,1744000.0,0,11.301,271037000
19,NOW,ARQ,2016-09-30,2016-11-04,2016-09-30,2021-07-29,-16465000,1813114000,,1126907000,686207000,,2.192,-31183000.0,325067000,325067000,102837000.0,-36258000.0,1.254,4.002,499280000,0,499280000,499280000,761705000,22264000.0,0,0.0,0.0,-24992000.0,-2728000.0,-0.008,-2728000.0,-24992000.0,-33381000.0,-0.22,-0.22,-0.22,362503000,,362503000,13987073000.0,-33.0,-40.571,65535000.0,0.396,1.0,254819000.0,0.712,145151000,8389000.0,943837000,,0,763166000,481813000,281353000,1450611000,898339000,552272000,13812860000.0,35954000.0,0.0,20912000.0,-113000.0,0.0,-9007000.0,-51591000.0,-20697000.0,96718000.0,-166000.0,-36258000.0,-36258000.0,-36258000.0,0.0,0.0,-0.101,281594000.0,-26775000.0,30012000,0.0,38.104,-30.252,-29.612,176106000,0.0,83.21,10.704,10.663,220089000,-964801000,357656000.0,357656000.0,75018000.0,,,,,81087000.0,206576000.0,1.0,166000000,165378836,165378836.0,2.163,1667963000,0,2877000.0,0,10.086,228568000
20,NOW,ARQ,2016-06-30,2016-08-03,2016-06-30,2021-07-29,-16053000,1714338000,,1097889000,616449000,,1.979,-23852000.0,289113000,289113000,96649000.0,-49625000.0,1.288,4.287,490891000,0,490891000,490891000,712985000,20000000.0,0,0.0,0.0,-46018000.0,-26018000.0,-0.076,-26018000.0,-46018000.0,-54266000.0,-0.3,-0.3,-0.3,324282000,,324282000,12419193000.0,-29.0,-34.987,-172023000.0,-1.05,1.0,244663000.0,0.717,147988000,8248000.0,916047000,,0,742040000,517601000,224439000,1390056000,852081000,537975000,12217415000.0,-164337000.0,-33797000.0,14278000.0,-113000.0,0.0,-13068000.0,-241000.0,66662000.0,-148171000.0,-2857000.0,-49625000.0,-49625000.0,-49625000.0,0.0,0.0,-0.145,292941000.0,-48278000.0,41095000,0.0,37.675,-26.481,-26.06,166551000,0.0,74.27,10.232,10.191,197296000,-928543000,341312000.0,341312000.0,70364000.0,,,,,78065000.0,222577000.0,1.0,164500000,163838755,163838755.0,2.083,1566350000,0,-4641000.0,0,9.56,245808000
21,NOW,ARQ,2016-03-31,2016-05-06,2016-03-31,2021-07-29,-14569000,1874043000,,1193258000,680785000,,1.866,-29077000.0,453450000,453450000,94260000.0,-333332000.0,1.138,5.198,482643000,0,482643000,482643000,682517000,17452000.0,0,0.0,0.0,-323450000.0,-305998000.0,-1.0,-305998000.0,-323450000.0,-331559000.0,-2.06,-2.06,-2.06,302356000,,302356000,10982377000.0,-25.0,-29.913,49610000.0,0.306,1.0,211619000.0,0.692,103610000,8109000.0,751343000,,0,809254000,447423000,361831000,1571687000,1048283000,523404000,10953184000.0,41145000.0,-500000.0,19873000.0,-110000.0,0.0,-8690000.0,-31406000.0,4378000.0,78687000.0,2554000.0,-333332000.0,-333332000.0,-333332000.0,0.0,0.0,-1.09,535771000.0,-324152000.0,39621000,0.0,36.226,-23.124,-22.807,154244000,0.0,67.28,9.963,9.918,190263000,-890341000,305879000.0,305879000.0,65924000.0,,,,,75308000.0,199847000.0,1.0,162800000,162067108,162067108.0,1.887,1770433000,0,1773000.0,0,10.924,144975000
22,NOW,ARQ,2015-12-31,2016-02-25,2015-12-31,2021-07-29,-16882000,1807052000,,1085635000,721417000,,3.548,-24893000.0,412305000,412305000,90909000.0,-37378000.0,1.484,2.188,474534000,0,474534000,474534000,603754000,16399000.0,0,0.0,0.0,-26408000.0,-10009000.0,-0.035,-10009000.0,-26408000.0,-35654000.0,-0.23,-0.23,-0.23,566814000,,566814000,8803653000.0,-54.0,-86.685,80179000.0,0.502,1.0,194741000.0,0.682,98674000,9246000.0,1038971000,,0,811612000,388945000,422667000,1240238000,731636000,508602000,8741424000.0,63232000.0,0.0,20001000.0,-111000.0,0.0,21180000.0,-60743000.0,-34286000.0,105072000.0,-2277000.0,-37378000.0,-37378000.0,-37378000.0,0.0,0.0,-0.131,225599000.0,-30858000.0,37369000,0.0,15.422,-44.054,-42.646,144714000,0.0,54.16,8.694,8.387,203333000,-557009000,285650000.0,285650000.0,58443000.0,,,,,66700000.0,167156000.0,1.0,161400000,159770461,159770461.0,1.788,1708378000,0,1724000.0,0,10.693,353999000
23,NOW,ARQ,2015-09-30,2015-11-04,2015-09-30,2021-07-29,-15072000,1662888000,,981607000,681281000,,3.294,-20768000.0,349073000,349073000,81888000.0,-41030000.0,1.546,2.217,466831000,0,466831000,466831000,528403000,15100000.0,0,0.0,0.0,-28040000.0,-12940000.0,-0.05,-12940000.0,-28040000.0,-39831000.0,-0.26,-0.26,-0.26,516934000,,516934000,13448318000.0,-75.0,-110.712,42297000.0,0.27,1.0,179262000.0,0.686,100074000,11791000.0,1045751000,,0,780390000,379878000,400512000,1145954000,634821000,511133000,13330560000.0,23719000.0,0.0,31663000.0,-112000.0,0.0,31978000.0,-71672000.0,-50430000.0,63065000.0,348000.0,-41030000.0,-41030000.0,-41030000.0,0.0,0.0,-0.157,207302000.0,-28040000.0,30654000,0.0,25.788,-64.802,-62.567,132713000,0.0,83.84,14.524,14.335,159768000,-519631000,261150000.0,261150000.0,55822000.0,,,,,64527000.0,151480000.0,1.0,159000000,156930506,156930506.0,1.664,1562814000,0,1199000.0,0,9.959,346786000
24,NOW,ARQ,2015-06-30,2015-08-06,2015-06-30,2021-07-29,-12272000,1563311000,,954074000,609237000,,2.998,-15121000.0,325354000,325354000,79717000.0,-61925000.0,1.613,2.376,459011000,0,459011000,459011000,502694000,15033000.0,0,0.0,0.0,-53235000.0,-38202000.0,-0.155,-38202000.0,-53235000.0,-60421000.0,-0.4,-0.4,-0.4,463113000,,463113000,11995696000.0,-63.0,-87.64,64467000.0,0.417,1.0,166999000.0,0.677,104844000,7186000.0,1000491000,,0,730454000,397170000,333284000,1100198000,591633000,508565000,11862039000.0,17373000.0,0.0,11945000.0,0.0,0.0,96000.0,-64994000.0,-49908000.0,79588000.0,2683000.0,-61925000.0,-61925000.0,-61925000.0,0.0,0.0,-0.251,220234000.0,-53235000.0,20966000,0.0,25.614,-57.658,-55.875,124902000,0.0,75.99,14.199,14.051,143206000,-478601000,246716000.0,246716000.0,53276000.0,,,,,65749000.0,166958000.0,1.0,156100000,154465367,154465367.0,1.597,1458467000,0,1504000.0,0,9.442,362441000
25,NOW,ARQ,2015-03-31,2015-05-07,2015-03-31,2021-07-29,-15678000,1493642000,,983934000,509708000,,3.001,-26699000.0,307981000,307981000,76899000.0,-58093000.0,1.819,2.283,451323000,0,451323000,451323000,463333000,13824000.0,0,0.0,0.0,-54232000.0,-40408000.0,-0.191,-40408000.0,-54232000.0,-57106000.0,-0.38,-0.38,-0.38,454910000,,454910000,11526080000.0,-61.0,-82.516,40667000.0,0.268,1.0,135065000.0,0.637,104829000,2874000.0,991229000,,0,690654000,437029000,253625000,1038732000,540926000,497806000,11382738000.0,55526000.0,-1100000.0,29739000.0,0.0,0.0,29739000.0,-34334000.0,-6566000.0,67366000.0,-7245000.0,-58093000.0,-58093000.0,-58093000.0,0.0,0.0,-0.274,189297000.0,-54232000.0,18192000,0.0,25.022,-58.623,-56.496,115438000,0.0,74.01,15.068,14.852,142720000,-416676000,211964000.0,211964000.0,49848000.0,,,,,58074000.0,139449000.0,1.0,153800000,151601880,151601880.0,1.398,1388813000,0,987000.0,0,9.161,443008000
26,NOW,ARQ,2014-12-31,2015-02-27,2014-12-31,2021-07-29,-12113000,1425079000,,906986000,518093000,,2.883,-8880000.0,252455000,252455000,70638000.0,-44663000.0,1.789,2.324,443764000,0,443764000,443764000,422238000,13325000.0,0,0.0,0.0,-43246000.0,-29921000.0,-0.151,-29921000.0,-43246000.0,-43246000.0,-0.3,-0.3,-0.3,428675000,,428675000,11668439000.0,-66.0,-87.416,38744000.0,0.261,1.0,127366000.0,0.643,109542000,0.0,999849000,,0,683108000,416336000,266772000,996404000,506997000,489407000,11477130000.0,17369000.0,0.0,14831000.0,0.0,0.0,15678000.0,-43203000.0,-34323000.0,47624000.0,-2730000.0,-44663000.0,-44663000.0,-44663000.0,0.0,0.0,-0.226,164050000.0,-36684000.0,17829000,0.0,26.773,-63.98,-62.0,104237000,0.0,76.26,16.815,16.24,159171000,-358583000,198004000.0,198004000.0,42026000.0,,,,,45149000.0,122024000.0,1.0,150500000,148702640,148702640.0,1.332,1315537000,0,1417000.0,0,8.847,399989000
27,NOW,ARQ,2014-09-30,2014-11-05,2014-09-30,2021-07-29,-6322000,1304612000,,821399000,483213000,,2.852,-18094000.0,235086000,235086000,66086000.0,-41050000.0,1.959,2.125,436332000,0,436332000,436332000,350795000,12104000.0,0,0.0,0.0,-40448000.0,-28344000.0,-0.159,-28344000.0,-40448000.0,-40448000.0,-0.28,-0.28,-0.28,417415000,,417415000,9922311000.0,-64.0,-83.094,6906000.0,0.047,1.0,112626000.0,0.63,116648000,0.0,969933000,,0,649037000,410986000,238051000,887197000,419277000,467920000,9721065000.0,-94189000.0,-99813000.0,25093000.0,0.0,0.0,25666000.0,-141014000.0,-23107000.0,25000000.0,-3841000.0,-41050000.0,-41050000.0,-41050000.0,0.0,0.0,-0.23,147125000.0,-34499000.0,11416000,0.0,23.289,-61.156,-59.591,96977000,0.0,65.55,15.942,15.731,111164000,-313920000,178712000.0,178712000.0,39683000.0,,,,,40917000.0,107442000.0,1.0,148300000,146335519,146335519.0,1.221,1187964000,0,602000.0,0,8.118,402122000
28,NOW,ARQ,2014-06-30,2014-08-07,2014-06-30,2021-07-29,600000,1262243000,,844659000,417584000,,2.756,-16437000.0,329275000,329275000,58938000.0,-50363000.0,2.096,2.171,429025000,0,429025000,429025000,328852000,8692000.0,0,0.0,0.0,-49702000.0,-41010000.0,-0.246,-41010000.0,-49702000.0,-49702000.0,-0.35,-0.35,-0.35,398117000,,398117000,8165702000.0,-63.0,-82.897,25622000.0,0.177,1.0,107819000.0,0.647,13912000,0.0,945034000,,0,627785000,348205000,279580000,864126000,403047000,461079000,8065952000.0,-8645000.0,0.0,6597000.0,0.0,0.0,6274000.0,-57028000.0,-40591000.0,42059000.0,50000.0,-50363000.0,-50363000.0,-50363000.0,0.0,0.0,-0.302,152290000.0,-44471000.0,22463000,0.0,20.26,-60.82,-59.527,96483000,0.0,55.36,14.873,14.746,109246000,-272870000,166757000.0,166757000.0,35439000.0,,,,,37927000.0,116851000.0,1.0,145700000,144456675,144456675.0,1.154,1248331000,0,661000.0,0,8.642,441612000
29,NOW,ARQ,2014-03-31,2014-05-07,2014-03-31,2021-07-29,-276000,1224261000,,828625000,395636000,,2.842,-10968000.0,337920000,337920000,53114000.0,-43311000.0,2.267,2.032,421840000,0,421840000,421840000,308472000,7938000.0,0,0.0,0.0,-42144000.0,-34206000.0,-0.246,-34206000.0,-42144000.0,-42144000.0,-0.3,-0.3,-0.3,403742000,,403742000,6832324000.0,-68.0,-93.824,13249000.0,0.093,1.0,85976000.0,0.618,14460000,0.0,928215000,,0,586477000,317842000,268635000,820519000,365506000,455013000,6748404000.0,-28383000.0,0.0,22214000.0,0.0,0.0,23154000.0,-75683000.0,-64660000.0,24217000.0,-71000.0,-43311000.0,-43311000.0,-43311000.0,0.0,0.0,-0.311,122157000.0,-36181000.0,22664000,0.0,16.715,-65.101,-63.595,86200000,0.0,47.06,14.124,13.992,107932000,-222507000,139090000.0,139090000.0,31110000.0,,,,,28289000.0,91047000.0,1.0,143400000,142060025,142060025.0,0.979,1209801000,0,1167000.0,0,8.516,463119000
30,NOW,ARQ,2013-12-31,2014-02-28,2013-12-31,2021-07-29,-476000,1168476000,,797749000,370727000,,2.825,-16262000.0,366303000,366303000,45378000.0,-24232000.0,2.432,1.964,414777000,0,414777000,414777000,266722000,7836000.0,0,0.0,0.0,-23687000.0,-15851000.0,-0.127,-15851000.0,-23687000.0,-23687000.0,-0.17,-0.17,-0.17,394259000,,394259000,9651740000.0,-136.0,-205.16,20005000.0,0.143,1.0,79852000.0,0.638,14520000,0.0,874342000,,0,523607000,268251000,255356000,774217000,328088000,446129000,9603266000.0,245209000.0,0.0,91953000.0,427126000.0,0.0,519618000.0,-309647000.0,-293382000.0,36267000.0,-1029000.0,-24232000.0,-24232000.0,-24232000.0,0.0,0.0,-0.193,99213000.0,-19361000.0,7405000,0.0,24.358,-130.288,-126.037,75560000,0.0,68.06,22.615,21.704,108339000,-179196000,125230000.0,125230000.0,23869000.0,,,,,21015000.0,75344000.0,1.0,141100000,139553838,139553838.0,0.897,1153956000,0,545000.0,0,8.269,469661000
31,NOW,ARQ,2013-09-30,2013-11-04,2013-09-30,2021-07-29,-662000,578736000,,342419000,236317000,,2.092,-16824000.0,121094000,121094000,41575000.0,-14713000.0,1.277,1.012,0,0,0,0,225801000,6613000.0,0,0.0,0.0,-14050000.0,-7437000.0,-0.067,-7437000.0,-14050000.0,-14050000.0,-0.11,-0.11,-0.11,287596000,,287596000,7390898000.0,-130.0,-205.76,3896000.0,0.028,1.0,69684000.0,0.626,14715000,0.0,174788000,,0,231663000,99044000,132619000,291140000,268139000,23001000,7511992000.0,861000.0,-13330000.0,16003000.0,0.0,0.0,15249000.0,-36736000.0,-6571000.0,20720000.0,1628000.0,-14713000.0,-14713000.0,-14713000.0,0.0,0.0,-0.132,84334000.0,-14650000.0,7930000,0.0,26.12,-125.797,-138.872,68642000,0.0,54.16,20.054,19.875,84527000,-154964000,111259000.0,111259000.0,20819000.0,,,,,18605000.0,63515000.0,1.0,138700000,137456531,137456531.0,0.809,564021000,0,663000.0,0,4.103,74280000
32,NOW,ARQ,2013-06-30,2013-08-07,2013-06-30,2021-07-29,-1832000,542333000,,376809000,165524000,,1.992,-11820000.0,120233000,120233000,35998000.0,-21405000.0,1.512,1.024,0,0,0,0,210040000,5339000.0,0,0.0,0.0,-20666000.0,-15327000.0,-0.15,-15327000.0,-20666000.0,-20666000.0,-0.16,-0.16,-0.16,267895000,,267895000,5576119000.0,-100.0,-149.711,-2084000.0,-0.015,1.0,66224000.0,0.648,0,0.0,172928000,,0,225889000,133547000,92342000,274438000,249172000,25266000,5696352000.0,-24549000.0,0.0,11060000.0,0.0,0.0,11082000.0,-45401000.0,-33418000.0,9736000.0,34000.0,-21405000.0,-21405000.0,-21405000.0,0.0,0.0,-0.209,85567000.0,-19343000.0,10016000,0.0,21.263,-98.12,-189.273,57253000,0.0,41.64,17.385,17.086,92765000,-140251000,102222000.0,102222000.0,17951000.0,,,,,14108000.0,67616000.0,1.0,136800000,134454085,134454085.0,0.76,542333000,0,739000.0,0,4.034,127637000
33,NOW,ARQ,2013-03-31,2013-05-08,2013-03-31,2021-07-29,-1156000,515953000,,447236000,68717000,,2.034,-10415000.0,144782000,144782000,32308000.0,-13358000.0,1.952,0.955,0,0,0,0,194765000,4364000.0,0,0.0,0.0,-12794000.0,-8430000.0,-0.098,-8430000.0,-12794000.0,-12794000.0,-0.1,-0.1,-0.1,263927000,,263927000,5170812000.0,-118.0,-183.564,4608000.0,0.036,1.0,53631000.0,0.624,0,0.0,142058000,,0,194084000,194084000,0,252026000,229113000,22913000,5315594000.0,25793000.0,0.0,20770000.0,0.0,0.0,22621000.0,-11011000.0,-596000.0,15023000.0,-840000.0,-13358000.0,-13358000.0,-13358000.0,0.0,0.0,-0.155,66544000.0,-12913000.0,9770000,0.0,20.14,-117.151,-104.158,54284000,0.0,39.58,18.835,18.201,79844000,-118846000,85939000.0,85939000.0,16039000.0,,,,,10195000.0,50505000.0,1.0,134300000,129782029,129782029.0,0.662,515953000,660000,564000.0,0,3.976,218123000
34,NOW,ARQ,2012-12-31,2013-03-08,2012-12-31,2021-07-29,-36000,478114000,,422089000,56025000,,3.293,-9910000.0,118989000,118989000,32308000.0,-9931000.0,1.994,0.964,0,0,0,0,171509000,4664000.0,0,0.0,0.0,-9390000.0,-4726000.0,-0.063,-4726000.0,-9390000.0,-9390000.0,-0.02,-0.02,-0.02,243405000,,243405000,4716465000.0,-130.0,-207.026,6761000.0,0.091,1.0,42854000.0,0.57,0,0.0,147498000,,0,195702000,195702000,0,234709000,211627000,23082000,4835454000.0,2013000.0,0.0,51085000.0,0.0,0.0,52246000.0,-66904000.0,-57031000.0,16671000.0,0.0,-10239000.0,-10239000.0,-10239000.0,0.0,308000.0,-0.136,52392000.0,-9538000.0,9604000,0.0,19.866,-128.411,-71.882,42342000,0.0,36.66,19.841,11.118,78163000,-105488000,75162000.0,75162000.0,13235000.0,,,,,8188000.0,39157000.0,1.0,131900000,73908631,73908631.0,1.017,478114000,660000,849000.0,0,6.469,210462000
35,NOW,ARQ,2012-09-30,2012-11-09,2012-09-30,2021-07-29,326000,382204000,,331877000,50327000,,3.35,-11930000.0,117013000,117013000,27574000.0,-13053000.0,1.991,0.998,0,0,0,0,148379000,3969000.0,0,0.0,0.0,-12732000.0,-8763000.0,-0.136,-8763000.0,-12732000.0,-12732000.0,0.06,0.06,0.06,191268000,,191268000,3593361346.0,-110.0,-158.061,-2853000.0,-0.05,1.0,36771000.0,0.571,0,0.0,98503000,,0,139485000,139485000,0,190936000,166688000,24248000,3710374346.0,51494000.0,0.0,170015000.0,0.0,0.0,171455000.0,-129133000.0,-117203000.0,9077000.0,95000.0,-13053000.0,-13053000.0,-13053000.0,0.0,0.0,-0.203,50118000.0,-13347000.0,5680000,0.0,19.399,-108.421,-36.671,39086000,0.0,30.07,17.862,8.264,55924000,-95557000,64345000.0,64345000.0,10783000.0,,,,,7937000.0,39335000.0,1.0,123391232,57089411,57089411.0,1.127,382204000,1544000,321000.0,0,6.695,165189000
36,NOW,ARQ,2012-09-30,2012-10-31,2012-09-30,2021-07-29,326000,382204000,,331877000,50327000,,1.625,-11930000.0,117013000,117013000,27574000.0,-13053000.0,1.991,0.998,0,0,0,0,148379000,3969000.0,0,0.0,0.0,-12732000.0,-8763000.0,-0.136,-8763000.0,-12732000.0,-12732000.0,-0.11,-0.11,-0.11,191268000,,191268000,3664928261.0,,,-2853000.0,-0.024,1.0,36771000.0,0.571,0,0.0,98503000,,0,139485000,139485000,0,190936000,166688000,24248000,3781941261.0,51494000.0,0.0,170015000.0,0.0,0.0,171455000.0,-129133000.0,-117203000.0,9077000.0,95000.0,-13053000.0,-13053000.0,-13053000.0,0.0,0.0,-0.203,50118000.0,-13347000.0,5680000,0.0,19.773,,,39086000,0.0,30.65,,,55924000,-95557000,64345000.0,64345000.0,10783000.0,,,,,7937000.0,39335000.0,1.0,123391232,117698005,117698005.0,0.547,382204000,1544000,321000.0,0,3.247,165189000
37,NOW,ARQ,2012-06-30,2012-08-10,2012-06-30,2021-07-29,286000,200472000,,152082000,48390000,,-1.552,-11668000.0,65519000,65519000,22891000.0,-8724000.0,1.002,-4.06,0,0,0,0,133971000,2826000.0,0,0.0,0.0,-9076000.0,-6250000.0,-0.11,-6250000.0,-9076000.0,-9076000.0,-0.32,-0.32,-0.32,-43128000,,-43128000,3833821641.0,-194.0,-298.189,-4729000.0,-0.17,1.0,33883000.0,0.597,0,0.0,-16852000,,0,22795000,22795000,0,175119000,151805000,23314000,3899340641.0,-14658000.0,0.0,78000.0,0.0,0.0,-1789000.0,-19218000.0,-7550000.0,6939000.0,-590000.0,-8724000.0,-8724000.0,-8724000.0,0.0,0.0,-0.154,43000000.0,-9117000.0,8550000,0.0,-90.413,-185.259,-35.966,35452000,0.0,31.65,21.958,4.715,47334000,-82504000,56774000.0,56774000.0,9272000.0,,,,,7160000.0,33728000.0,1.0,123201916,27788547,27788547.0,2.043,200472000,1718000,-352000.0,0,7.214,277000
38,NOW,ARQ,2012-03-31,2012-06-19,2012-03-31,2021-07-29,771000,184998000,,153321000,31677000,,-1.6,-8558000.0,80177000,80177000,21236000.0,-5640000.0,1.151,-3.902,0,0,0,0,118660000,2047000.0,0,,0.0,-5090000.0,-3043000.0,-0.064,-3043000.0,-5090000.0,-5090000.0,-0.23,-0.23,-0.23,-40198000,,-40198000,,,,7521000.0,0.299,1.0,26195000.0,0.552,0,0.0,-28351000,,0,15344000,15344000,0,156869000,133172000,23697000,,12052000.0,0.0,18967000.0,0.0,0.0,19927000.0,-23894000.0,-15344000.0,16079000.0,-60000.0,-5640000.0,-5640000.0,-5640000.0,0.0,0.0,-0.119,31777000.0,-5582000.0,7089000,0.0,,,,24091000,0.0,,,,42894000,-73780000,47431000.0,47431000.0,6043000.0,,,,,2958000.0,25734000.0,1.0,120289770,25123582,25123582.0,1.888,184998000,1544000,550000.0,0,7.364,20149000
0,NOW,ART,2021-06-30,2021-07-29,2021-06-30,2021-07-29,70000000,9187000000,8607379000.0,4225000000,4962000000,0.601,16.556,-430346000.0,1362000000,1362000000,1158808000.0,170506000.0,1.081,1.805,2089000000,179000000,1910000000,2089000000,3072000000,398753000.0,0,0.0,0.0,217481000.0,616234000.0,0.119,616234000.0,217481000.0,187793000.0,0.87,0.85,0.87,3275000000,2955049250.0,3275000000,116288635000.0,535.0,188.709,1523631000.0,7.702,1.0,4012494000.0,0.776,1103000000,29688000.0,4903000000,5036181750.0,0,2972000000,1622000000,1350000000,5912000000,3908000000,2004000000,115561635000.0,530027000.0,-762288000.0,149710000.0,922223000.0,0.0,486886000.0,-1929763000.0,-742093000.0,1953977000.0,18927000.0,170506000.0,170506000.0,170506000.0,0.0,0.0,0.033,3777232000.0,235262000.0,98000000,0.0,35.286,677.757,670.517,1198000000,0.0,583.35,22.347,22.315,781000000,-93000000,5171302000.0,5171302000.0,1199589000.0,0.02,0.058,0.043,0.042,1002328000.0,2577643000.0,1.0,198100000,197815000,202273000.0,26.142,8084000000,665000000,17287000.0,0,40.866,317000000
1,NOW,ART,2021-03-31,2021-04-29,2021-03-31,2021-07-29,56000000,8822000000,7940956250.0,4524000000,4298000000,0.609,15.446,-456310000.0,1821000000,1821000000,1062747000.0,152272000.0,1.235,1.905,2108000000,77000000,2031000000,2108000000,3044000000,366143000.0,0,0.0,0.0,230999000.0,597142000.0,0.124,597142000.0,230999000.0,199823000.0,0.78,0.76,0.78,3037000000,2756000750.0,3037000000,99974000000.0,433.0,167.421,1565721000.0,7.963,1.0,3770397000.0,0.78,582000000,31176000.0,4863000000,4724986750.0,0,2983000000,1635000000,1348000000,5785000000,3664000000,2121000000,99687000000.0,1014582000.0,-249288000.0,173858000.0,933721000.0,0.0,533675000.0,-1558838000.0,-865188000.0,2022031000.0,17714000.0,152272000.0,152272000.0,152272000.0,0.0,0.0,0.032,3523869000.0,246528000.0,109000000,0.0,32.824,654.664,647.436,1148000000,0.0,505.0,20.626,20.545,645000000,-152000000,4833144000.0,4833144000.0,1111670000.0,0.019,0.055,0.049,0.048,938168000.0,2412199000.0,1.0,197400000,196624000,202268000.0,24.581,8240000000,643000000,47551000.0,0,41.907,860000000
2,NOW,ART,2020-12-31,2021-02-12,2020-12-31,2021-07-29,94229000,8715057000,7284810250.0,4521842000,4193215000,0.62,14.679,-432517000.0,1676794000,1676794000,987113000.0,118503000.0,1.21,2.075,2135168000,72236000,2062932000,2135168000,3007925000,336381000.0,0,0.0,0.0,181931000.0,518312000.0,0.115,518312000.0,181931000.0,149185000.0,0.61,0.59,0.61,2834481000,2563274500.0,2834481000,116410343000.0,640.0,224.595,1354082000.0,7.012,1.0,3532371000.0,0.782,394131000,32746000.0,5042156000,4382261000.0,0,2883248000,1415242000,1468006000,5880576000,3737144000,2143432000,115951969000.0,901439000.0,-107236000.0,145766000.0,959485000.0,0.0,596647000.0,-1506872000.0,-968447000.0,1786599000.0,25065000.0,118503000.0,118503000.0,118503000.0,0.0,0.0,0.026,3333508000.0,198863000.0,34236000,0.0,40.908,978.473,969.328,1113859000,0.0,591.29,25.656,25.263,1009415000,-233741000,4519484000.0,4519484000.0,1024327000.0,0.016,0.046,0.042,0.04,870453000.0,2309181000.0,1.0,196100000,193096000,202478000.0,23.405,8320926000,673111000,30682000.0,0,43.092,784698000
3,NOW,ART,2020-09-30,2020-10-29,2020-09-30,2021-07-29,51575000,7705459000,6611653500.0,3966881000,3738578000,0.638,13.836,-370830000.0,1348294000,1348294000,919462000.0,700579000.0,1.399,1.882,2203128000,67934000,2135194000,2203128000,2312018000,315679000.0,0,0.0,0.0,203524000.0,519203000.0,0.123,519203000.0,203524000.0,170011000.0,3.74,3.54,3.74,2673716000,2386639500.0,2673716000,100470943000.0,494.0,193.51,1151455000.0,5.959,1.0,3301466000.0,0.782,387775000,33513000.0,5336571000,3952754750.0,0,2863268000,1603317000,1259951000,5031743000,2835947000,2195796000,99616109000.0,726270000.0,-115061000.0,145141000.0,1018300000.0,0.0,723858000.0,-1529085000.0,-1008795000.0,1522285000.0,9212000.0,700579000.0,700579000.0,700579000.0,0.0,0.0,0.166,3092021000.0,209445000.0,51456000,0.0,37.258,142.191,136.521,1021733000,0.0,510.59,23.601,23.375,631055000,-250389000,4220928000.0,4220928000.0,942358000.0,0.106,0.294,0.051,0.048,795105000.0,2149663000.0,1.0,195100000,193237000,201861000.0,21.843,7317684000,620890000,-530568000.0,0,37.869,1130934000
4,NOW,ART,2020-06-30,2020-07-30,2020-06-30,2021-07-29,29772000,6521309000,5874490750.0,3337122000,3184187000,0.673,12.956,-368043000.0,837309000,837309000,868551000.0,728319000.0,1.171,1.631,1198364000,65742000,1132622000,1198364000,2282118000,294965000.0,0,0.0,0.0,239252000.0,534217000.0,0.135,534217000.0,239252000.0,205348000.0,3.89,3.69,3.89,2478806000,2075578750.0,2478806000,83103575000.0,347.0,155.561,1122968000.0,5.87,1.0,3086238000.0,0.78,375273000,33904000.0,3658220000,3318312750.0,0,2282169000,1505362000,776807000,4042503000,2848871000,1193632000,82742520000.0,254705000.0,-90362000.0,135624000.0,-15747000.0,0.0,-280776000.0,-949196000.0,-452948000.0,1491011000.0,-6334000.0,728319000.0,728319000.0,728319000.0,0.0,0.0,0.184,2889801000.0,196437000.0,85757000,0.0,33.38,113.608,110.9,1010473000,0.0,431.4,20.922,20.87,631992000,-263247000,3954789000.0,3954789000.0,864165000.0,0.124,0.351,0.072,0.06,738110000.0,2025636000.0,1.0,191800000,191319000,201453000.0,20.671,6146036000,594155000,-522971000.0,0,32.125,488251000
5,NOW,ART,2020-03-31,2020-04-30,2020-03-31,2021-07-29,-14380000,6197416000,5394839250.0,2805861000,3391555000,0.689,11.917,-300975000.0,808725000,808725000,833759000.0,676474000.0,1.031,1.735,1203121000,60895000,1142226000,1203121000,2255742000,272903000.0,0,0.0,0.0,160688000.0,433591000.0,0.117,433591000.0,160688000.0,127003000.0,3.62,3.43,3.62,2266095000,1771113750.0,2266095000,67433074000.0,420.0,155.522,1065717000.0,5.604,1.0,2884092000.0,0.776,378654000,33685000.0,3492097000,3060548000.0,0,2127918000,1049980000,1077938000,3931321000,2721061000,1210260000,67038678000.0,169656000.0,-90362000.0,121683000.0,-2245000.0,0.0,-276484000.0,-908638000.0,-442279000.0,1366692000.0,-11914000.0,676474000.0,676474000.0,676474000.0,0.0,0.0,0.182,2776921000.0,107171000.0,73904000,0.0,29.583,99.1,97.11,935545000,0.0,351.54,18.032,17.981,615234000,-304013000,3717851000.0,3717851000.0,802504000.0,0.125,0.382,0.053,0.043,693030000.0,1974417000.0,1.0,190700000,190163000,199938000.0,19.551,5818762000,586021000,-549471000.0,0,30.599,84800000
6,NOW,ART,2019-12-31,2020-02-20,2019-12-31,2021-07-29,25255000,6022430000,4945209000.0,2826901000,3195529000,0.7,11.412,-264892000.0,775778000,775778000,796645000.0,626698000.0,1.027,1.83,1130870000,52668000,1078202000,1130870000,2225792000,252114000.0,0,0.0,0.0,100468000.0,352582000.0,0.102,352582000.0,100468000.0,67185000.0,3.36,3.18,3.36,2127941000,1503327750.0,2127941000,67343104000.0,670.0,191.0,971080000.0,5.208,1.0,2663792000.0,0.77,300606000,33283000.0,3324131000,2814940500.0,0,1928649000,915317000,1013332000,3894489000,2752785000,1141704000,66988012000.0,209453000.0,-7414000.0,107868000.0,-9000.0,0.0,-301856000.0,-724477000.0,-402917000.0,1235972000.0,-186000.0,626698000.0,626698000.0,626698000.0,0.0,0.0,0.181,2621669000.0,42123000.0,52960000,0.0,31.48,106.89,105.042,870513000,0.0,352.94,19.358,19.018,835279000,-352244000,3460437000.0,3460437000.0,748369000.0,0.127,0.417,0.036,0.029,662195000.0,1873300000.0,1.0,189800000,186466000,197223000.0,18.558,5721824000,599633000,-559513000.0,0,30.686,74116000
7,NOW,ART,2019-09-30,2019-10-25,2019-09-30,2021-07-29,19631000,4756808000,4409386500.0,2297213000,2459595000,0.731,7.601,-274002000.0,622925000,622925000,753354000.0,34989000.0,1.048,2.328,1124330000,49331000,1074999000,1124330000,1802818000,222895000.0,0,0.0,0.0,68700000.0,291595000.0,0.09,291595000.0,68700000.0,34954000.0,0.19,0.18,0.19,1429473000,1249142250.0,1429473000,45995497000.0,670.0,157.738,830371000.0,4.415,1.0,2470750000.0,0.766,266849000,33746000.0,2798803000,2412068500.0,0,1849661000,848148000,1001513000,3327335000,2192561000,1134774000,45494092000.0,-80783000.0,-12500000.0,108950000.0,-118302000.0,0.0,-399896000.0,-772884000.0,-459964000.0,1104373000.0,-12376000.0,34989000.0,34989000.0,34989000.0,0.0,0.0,0.011,2456861000.0,13889000.0,61906000,0.0,31.826,1300.24,1269.579,806282000,0.0,241.22,14.111,14.071,539416000,-950968000,3224104000.0,3224104000.0,694703000.0,0.008,0.028,0.028,0.021,634788000.0,1762158000.0,1.0,188600000,188074303,197878215.0,17.143,4489959000,0,-35000.0,0,23.873,104652000
8,NOW,ART,2019-06-30,2019-08-06,2019-06-30,2021-07-29,13542000,4602703000,4115545000.0,2442287000,2160416000,0.732,6.755,-233120000.0,583581000,583581000,710419000.0,2796000.0,1.098,2.65,1107089000,46132000,1060957000,1107089000,1789379000,196763000.0,0,0.0,0.0,18022000.0,214785000.0,0.071,214785000.0,18022000.0,-18586000.0,0.02,0.01,0.02,1260946000,1146820000.0,1260946000,49594133000.0,2752.0,230.901,806576000.0,4.321,1.0,2300949000.0,0.764,274071000,36608000.0,2627161000,2123949500.0,0,1816519000,1069803000,746716000,3341757000,2224979000,1116778000,49070625000.0,-133795000.0,-12500000.0,106041000.0,-158817000.0,0.0,-426874000.0,-739878000.0,-466661000.0,1039696000.0,-6739000.0,2796000.0,2796000.0,2796000.0,0.0,0.0,0.001,2333816000.0,-32867000.0,65711000,0.0,38.916,17550.295,13085.5,761957000,0.0,261.71,16.295,16.224,503376000,-991566000,3011368000.0,3011368000.0,640259000.0,0.001,0.002,0.008,0.006,616262000.0,1693557000.0,1.0,187500000,186677622,186677622.0,16.131,4328632000,0,-21382000.0,0,23.188,217308000
9,NOW,ART,2019-03-31,2019-05-03,2019-03-31,2021-07-29,10323000,4398895000,3833090250.0,2374486000,2024409000,0.733,6.563,-236215000.0,639722000,639722000,665437000.0,-38871000.0,1.132,2.681,1092771000,41952000,1050819000,1092771000,1747782000,171642000.0,0,0.0,0.0,717000.0,172359000.0,0.061,172359000.0,717000.0,-43120000.0,-0.22,-0.23,-0.22,1194951000,1054511000.0,1194951000,50048693000.0,69803.0,290.375,685642000.0,3.766,1.0,2143083000.0,0.763,244436000,43837000.0,2509667000,1856508000.0,0,1697024000,1022391000,674633000,3203944000,2097841000,1106103000,49595644000.0,-42170000.0,-37440000.0,104596000.0,-401684000.0,0.0,-632036000.0,-311049000.0,-42992000.0,921857000.0,-20942000.0,-38871000.0,-38871000.0,-38871000.0,0.0,0.0,-0.014,2180939000.0,-37856000.0,38668000,0.0,41.504,-1275.903,-1220.545,744212000,0.0,268.52,17.659,17.407,422559000,-980487000,2808520000.0,2808520000.0,584755000.0,-0.01,-0.037,0.0,0.0,580062000.0,1596184000.0,1.0,184700000,182061579,182061579.0,15.426,4154459000,0,-4249000.0,0,22.819,276645000
10,NOW,ART,2018-12-31,2019-02-27,2018-12-31,2021-07-29,-4035000,3879140000,3659487750.0,2344693000,1534447000,0.713,6.248,-224462000.0,566204000,566204000,622658000.0,-26704000.0,1.165,2.491,661707000,0,661707000,661707000,1690191000,149604000.0,0,0.0,0.0,13709000.0,163313000.0,0.063,163313000.0,13709000.0,-39024000.0,-0.15,-0.15,-0.15,1111199000,972064000.0,1111199000,43471458000.0,3171.0,266.185,586627000.0,3.299,1.0,1986158000.0,0.761,249427000,52733000.0,1712643000,1695865500.0,0,1513574000,931718000,581856000,2767941000,2012573000,755368000,43375955000.0,-159291000.0,-37440000.0,104160000.0,-430578000.0,0.0,-607428000.0,-347422000.0,-61120000.0,811089000.0,-15530000.0,-26704000.0,-26704000.0,-26704000.0,0.0,0.0,-0.01,2028584000.0,-42426000.0,30733000,0.0,39.035,-1624.324,-1602.067,347216000,0.0,240.31,16.627,16.382,574810000,-978780000,2608816000.0,2608816000.0,529501000.0,-0.007,-0.027,0.008,0.005,543953000.0,1499083000.0,1.0,180500000,177846023,177846023.0,14.669,3629713000,0,-12320000.0,0,20.409,332120000
11,NOW,ART,2018-09-30,2018-11-07,2018-09-30,2021-07-29,-1418000,3581442000,3539178750.0,2292185000,1289257000,0.689,5.708,-171003000.0,703629000,703629000,588856000.0,-61526000.0,1.26,2.511,814610000,160972000,653638000,814610000,1404461000,138559000.0,0,0.0,0.0,-5251000.0,133308000.0,0.055,133308000.0,-5251000.0,-65859000.0,-0.35,-0.36,-0.35,1020184000,840297250.0,1020184000,34326800000.0,-6537.0,257.5,535260000.0,2.995,1.0,1850889000.0,0.759,227139000,60608000.0,1646327000,1649847250.0,0,1379972000,922411000,457561000,2561258000,1818957000,742301000,34215819000.0,-399242000.0,-56606000.0,106256000.0,-314513000.0,0.0,-480333000.0,-617828000.0,-376858000.0,706263000.0,-7344000.0,-61526000.0,-61526000.0,-61526000.0,0.0,0.0,-0.025,1906725000.0,-55836000.0,43223000,0.0,33.539,-556.12,-545.229,297371000,0.0,190.83,14.024,13.979,424698000,-985795000,2439745000.0,2439745000.0,485398000.0,-0.017,-0.073,-0.003,-0.002,506936000.0,1421327000.0,1.0,179300000,178719694,192190899.0,13.651,3354303000,0,-4333000.0,0,18.769,473228000
12,NOW,ART,2018-06-30,2018-08-08,2018-06-30,2021-07-29,-3995000,3472884000,3411197000.0,2351629000,1121255000,0.664,5.028,-169769000.0,704846000,704846000,558278000.0,-94119000.0,1.28,2.895,857131000,211463000,645668000,857131000,1365317000,130086000.0,0,0.0,0.0,-29916000.0,100170000.0,0.044,100170000.0,-29916000.0,-95857000.0,-0.54,-0.54,-0.54,891710000,723099000.0,891710000,33264812000.0,-1112.0,332.084,532883000.0,3.005,1.0,1706540000.0,0.753,230733000,65941000.0,1557395000,1654154250.0,0,1349441000,1044812000,304629000,2581174000,1837041000,744133000,33112527000.0,-453658000.0,-61606000.0,103094000.0,-274119000.0,0.0,-420145000.0,-738569000.0,-496674000.0,702652000.0,2404000.0,-94119000.0,-94119000.0,-94119000.0,0.0,0.0,-0.042,1778999000.0,-72459000.0,30656000,0.0,37.134,-351.816,-344.685,286953000,0.0,186.13,14.62,14.575,367598000,-994200000,2264818000.0,2264818000.0,448208000.0,-0.028,-0.13,-0.018,-0.013,462970000.0,1330791000.0,1.0,177900000,177343176,177343176.0,12.771,3242151000,0,-1738000.0,0,18.282,514588000
13,NOW,ART,2018-03-31,2018-05-08,2018-03-31,2021-07-29,-12970000,3704485000,3274077500.0,2489926000,1214559000,0.643,4.93,-152695000.0,682854000,682854000,526798000.0,-97846000.0,1.187,3.282,1154720000,516925000,637795000,1154720000,1342882000,122060000.0,0,0.0,0.0,-51132000.0,70928000.0,0.034,70928000.0,-51132000.0,-112912000.0,-0.57,-0.57,-0.57,865163000,620778000.0,865163000,31558764000.0,-617.0,444.941,552786000.0,3.15,1.0,1578667000.0,0.75,211238000,61780000.0,1867097000,1638981750.0,0,1654314000,1203105000,451209000,2839322000,2098016000,741306000,31086898000.0,244753000.0,-43168000.0,99488000.0,739730000.0,0.0,496731000.0,-992740000.0,-783046000.0,705481000.0,35281000.0,-97846000.0,-97846000.0,-97846000.0,0.0,0.0,-0.046,1657874000.0,-79207000.0,37715000,0.0,35.932,-317.713,-308.825,267454000,0.0,176.03,14.765,14.671,371008000,-941454000,2105465000.0,2105465000.0,410297000.0,-0.03,-0.158,-0.031,-0.024,425476000.0,1247577000.0,1.0,176600000,175482833,190249786.0,11.998,3493247000,0,-15066000.0,0,19.906,391910000
14,NOW,ART,2017-12-31,2018-02-28,2017-12-31,2021-07-29,-889000,3397904000,2890522000.0,2410564000,987340000,0.669,3.412,-150510000.0,726495000,726495000,499772000.0,-149130000.0,1.148,4.817,1173436000,543418000,630018000,1173436000,1320383000,113875000.0,0,0.0,0.0,-95610000.0,18265000.0,0.009,18265000.0,-95610000.0,-149004000.0,-0.87,-0.87,-0.87,584132000,511322000.0,584132000,28575388000.0,-299.0,1564.489,492315000.0,2.876,1.0,1433254000.0,0.741,215644000,53394000.0,1528570000,1407798500.0,0,1444245000,1052803000,391442000,2813772000,2100631000,713141000,28128447000.0,325897000.0,-58203000.0,81638000.0,767209000.0,0.0,538892000.0,-883948000.0,-668565000.0,642825000.0,28128000.0,-149130000.0,-149130000.0,-149130000.0,0.0,0.0,-0.077,1534668000.0,-101414000.0,32109000,0.0,48.154,-188.617,-185.069,245124000,0.0,161.01,14.552,14.258,434895000,-1146520000,1933026000.0,1933026000.0,377518000.0,-0.052,-0.292,-0.068,-0.049,394078000.0,1157150000.0,1.0,174700000,171175577,171175577.0,11.293,3182260000,0,126000.0,0,18.591,309933000
15,NOW,ART,2017-09-30,2017-11-06,2017-09-30,2021-07-29,-408000,3069515000,2549487750.0,2127492000,942023000,0.695,3.208,-137306000.0,1104871000,1104871000,470348000.0,-153912000.0,1.661,4.567,1156629000,0,1156629000,1156629000,1124644000,105174000.0,0,0.0,0.0,-109856000.0,-4682000.0,-0.003,-4682000.0,-109856000.0,-154969000.0,-0.9,-0.9,-0.9,551391000,462029250.0,551391000,21592629000.0,-197.0,-4611.839,453420000.0,2.638,1.0,1301974000.0,0.735,177067000,45113000.0,1663555000,1255769750.0,0,991884000,567026000,424858000,2518124000,1280651000,1237473000,21540871000.0,779804000.0,-26537000.0,87134000.0,767559000.0,0.0,561131000.0,-391613000.0,-217073000.0,590726000.0,19560000.0,-153912000.0,-153912000.0,-153912000.0,0.0,0.0,-0.087,1413859000.0,-111885000.0,20752000,0.0,39.066,-139.956,-138.589,231304000,0.0,124.73,12.154,12.097,291903000,-1118713000,1772322000.0,1772322000.0,346892000.0,-0.06,-0.333,-0.087,-0.062,371571000.0,1066967000.0,1.0,172700000,171883190,171883190.0,10.311,2892448000,0,-1057000.0,0,16.828,846841000
16,NOW,ART,2017-06-30,2017-08-08,2017-06-30,2021-07-29,-933000,2924406000,2235387500.0,2111027000,813379000,0.73,2.831,-121736000.0,1173457000,1173457000,445905000.0,-165982000.0,1.734,5.062,1140063000,0,1140063000,1140063000,1066795000,98037000.0,0,0.0,0.0,-128646000.0,-30609000.0,-0.019,-30609000.0,-128646000.0,-165582000.0,-0.98,-0.98,-0.98,482426000,414807250.0,482426000,18347582000.0,-143.0,-599.418,423818000.0,2.487,1.0,1185903000.0,0.727,177017000,36936000.0,1496705000,1075840250.0,0,838514000,518719000,319795000,2441980000,1217290000,1224690000,18380976000.0,884344000.0,-21537000.0,72190000.0,767567000.0,0.0,560170000.0,-233114000.0,-79342000.0,545554000.0,11734000.0,-165982000.0,-165982000.0,-165982000.0,0.0,0.0,-0.102,1317508000.0,-131605000.0,24478000,0.0,38.101,-110.741,-109.878,213501000,0.0,107.68,11.264,11.246,279088000,-1094525000,1631808000.0,1631808000.0,323445000.0,-0.074,-0.4,-0.12,-0.079,352216000.0,994063000.0,1.0,170700000,170419083,170419083.0,9.575,2747389000,0,400000.0,0,16.121,893737000
17,NOW,ART,2017-03-31,2017-05-05,2017-03-31,2021-07-29,-11678000,2170263000,1932870500.0,1396255000,774008000,0.777,2.532,-109671000.0,439915000,439915000,420869000.0,-159134000.0,1.225,4.079,516490000,0,516490000,516490000,1011993000,90856000.0,0,0.0,0.0,-128097000.0,-37241000.0,-0.025,-37241000.0,-128097000.0,-161944000.0,-0.95,-0.95,-0.95,427339000,375271250.0,427339000,16719054000.0,-131.0,-448.942,158987000.0,0.942,1.0,1080548000.0,0.72,164669000,33847000.0,942364000,930675750.0,0,861660000,535399000,326261000,1742924000,1139805000,603119000,16642479000.0,-13535000.0,-48832000.0,81312000.0,-3528000.0,0.0,-66693000.0,-205496000.0,-33551000.0,268658000.0,-10004000.0,-159134000.0,-159134000.0,-159134000.0,0.0,0.0,-0.106,1221694000.0,-141146000.0,33658000,0.0,38.944,-104.582,-103.232,189659000,0.0,98.07,11.085,11.022,278107000,-1038052000,1501417000.0,1501417000.0,303804000.0,-0.082,-0.424,-0.138,-0.085,332215000.0,917890000.0,1.0,169700000,168742366,168742366.0,8.898,2005594000,0,-2810000.0,0,11.886,256450000
18,NOW,ART,2016-12-31,2017-02-28,2016-12-31,2021-07-29,-21133000,2033767000,1858815500.0,1342535000,691232000,0.748,2.352,-105562000.0,401238000,401238000,398682000.0,-451804000.0,1.253,4.256,507812000,0,507812000,507812000,895101000,83082000.0,0,0.0,0.0,-416773000.0,-333691000.0,-0.24,-333691000.0,-416773000.0,-450051000.0,-2.75,-2.75,-2.75,386961000,344025500.0,386961000,14709134000.0,-35.0,-44.08,54359000.0,0.33,1.0,991831000.0,0.713,148388000,33278000.0,920455000,882920500.0,0,760782000,498124000,262658000,1646806000,1071498000,575308000,14602560000.0,-11067000.0,-34297000.0,66378000.0,-2223000.0,0.0,-55752000.0,-108448000.0,50371000.0,159921000.0,-6788000.0,-451804000.0,-451804000.0,-451804000.0,0.0,0.0,-0.325,1414639000.0,-422808000.0,38080000,0.0,37.737,-32.321,-31.607,181620000,0.0,86.92,10.502,10.285,322757000,-997390000,1390513000.0,1390513000.0,285239000.0,-0.243,-1.313,-0.472,-0.3,317580000.0,859400000.0,1.0,168000000,164533823,164533823.0,8.451,1885379000,0,1753000.0,0,11.459,271037000
19,NOW,ART,2016-09-30,2016-11-04,2016-09-30,2021-07-29,-16465000,1813114000,1802136750.0,1126907000,686207000,0.716,2.192,-109005000.0,325067000,325067000,384655000.0,-456593000.0,1.254,4.002,499280000,0,499280000,499280000,761705000,76115000.0,0,0.0,0.0,-420868000.0,-344753000.0,-0.267,-344753000.0,-420868000.0,-454860000.0,-2.81,-2.81,-2.81,362503000,388988750.0,362503000,13987073000.0,-33.0,-40.571,23301000.0,0.141,1.0,905842000.0,0.702,145151000,33992000.0,943837000,912549500.0,0,763166000,481813000,281353000,1450611000,898339000,552272000,13812860000.0,-24006000.0,-34297000.0,75064000.0,-447000.0,0.0,-9585000.0,-143981000.0,16057000.0,132306000.0,-2746000.0,-456593000.0,-456593000.0,-456593000.0,0.0,0.0,-0.354,1335905000.0,-430063000.0,30012000,0.0,38.104,-30.252,-29.612,176106000,0.0,83.21,10.704,10.663,220089000,-964801000,1290497000.0,1290497000.0,269749000.0,-0.253,-1.174,-0.461,-0.326,301160000.0,796156000.0,1.0,166000000,165378836,165378836.0,7.803,1667963000,0,1733000.0,0,10.086,228568000
20,NOW,ART,2016-06-30,2016-08-03,2016-06-30,2021-07-29,-16053000,1714338000,1764580250.0,1097889000,616449000,0.677,1.979,-98590000.0,289113000,289113000,363706000.0,-461365000.0,1.288,4.287,490891000,0,490891000,490891000,712985000,68951000.0,0,0.0,0.0,-423916000.0,-354965000.0,-0.297,-354965000.0,-423916000.0,-461310000.0,-2.85,-2.85,-2.85,324282000,427596500.0,324282000,12419193000.0,-29.0,-34.987,63000.0,0.0,1.0,830285000.0,0.695,147988000,37394000.0,916047000,938028000.0,0,742040000,517601000,224439000,1390056000,852081000,537975000,12217415000.0,-36241000.0,-34297000.0,85815000.0,-446000.0,0.0,31400000.0,-164062000.0,-13676000.0,98653000.0,-2232000.0,-461365000.0,-461365000.0,-461365000.0,0.0,0.0,-0.386,1261613000.0,-431328000.0,41095000,0.0,37.675,-26.481,-26.06,166551000,0.0,74.27,10.232,10.191,197296000,-928543000,1193991000.0,1193991000.0,250553000.0,-0.261,-1.079,-0.452,-0.355,284600000.0,741060000.0,1.0,164500000,163838755,163838755.0,7.288,1566350000,0,55000.0,0,9.56,245808000
21,NOW,ART,2016-03-31,2016-05-06,2016-03-31,2021-07-29,-14569000,1874043000,1726823500.0,1193258000,680785000,0.637,1.866,-89859000.0,453450000,453450000,346774000.0,-473665000.0,1.138,5.198,482643000,0,482643000,482643000,682517000,63984000.0,0,0.0,0.0,-431133000.0,-367149000.0,-0.334,-367149000.0,-431133000.0,-467465000.0,-2.95,-2.95,-2.95,302356000,462304250.0,302356000,10982377000.0,-25.0,-29.913,236553000.0,1.46,1.0,752621000.0,0.685,103610000,36332000.0,751343000,959139000.0,0,809254000,447423000,361831000,1571687000,1048283000,523404000,10953184000.0,145469000.0,-500000.0,83482000.0,-333000.0,0.0,44564000.0,-228815000.0,-130246000.0,326412000.0,3308000.0,-473665000.0,-473665000.0,-473665000.0,0.0,0.0,-0.431,1188906000.0,-436285000.0,39621000,0.0,36.226,-23.124,-22.807,154244000,0.0,67.28,9.963,9.918,190263000,-890341000,1099395000.0,1099395000.0,233465000.0,-0.274,-1.025,-0.45,-0.392,272284000.0,685441000.0,1.0,162800000,162067108,162067108.0,6.784,1770433000,0,6200000.0,0,10.924,144975000
22,NOW,ART,2015-12-31,2016-02-25,2015-12-31,2021-07-29,-16882000,1807052000,1631723250.0,1085635000,721417000,0.616,3.64,-87481000.0,412305000,412305000,329413000.0,-198426000.0,1.484,2.188,474534000,0,474534000,474534000,603754000,60356000.0,0,0.0,0.0,-161915000.0,-101559000.0,-0.101,-101559000.0,-161915000.0,-193012000.0,-1.27,-1.27,-1.27,566814000,500442750.0,566814000,8803653000.0,-54.0,-86.685,227610000.0,1.462,1.0,676067000.0,0.672,98674000,31097000.0,1038971000,1019110500.0,0,811612000,388945000,422667000,1240238000,731636000,508602000,8741424000.0,159850000.0,-1100000.0,93348000.0,-223000.0,0.0,82993000.0,-231743000.0,-141190000.0,315091000.0,-6491000.0,-198426000.0,-198426000.0,-198426000.0,0.0,0.0,-0.197,842432000.0,-166365000.0,37369000,0.0,15.422,-44.054,-42.646,144714000,0.0,54.16,8.694,8.387,203333000,-557009000,1005480000.0,1005480000.0,217389000.0,-0.122,-0.397,-0.159,-0.161,255050000.0,625043000.0,1.0,161400000,155706643,155706643.0,6.458,1708378000,0,5414000.0,0,10.972,353999000
23,NOW,ART,2015-09-30,2015-11-04,2015-09-30,2021-07-29,-15072000,1662888000,1536230000.0,981607000,681281000,0.597,3.294,-71468000.0,349073000,349073000,309142000.0,-205711000.0,1.546,2.217,466831000,0,466831000,466831000,528403000,57282000.0,0,0.0,0.0,-178753000.0,-121471000.0,-0.132,-121471000.0,-178753000.0,-200604000.0,-1.34,-1.34,-1.34,516934000,465908000.0,516934000,13448318000.0,-75.0,-110.712,186175000.0,1.186,1.0,608692000.0,0.663,100074000,21851000.0,1045751000,1009330000.0,0,780390000,379878000,400512000,1145954000,634821000,511133000,13330560000.0,113987000.0,-1100000.0,88178000.0,-112000.0,0.0,77491000.0,-214203000.0,-141227000.0,257643000.0,-6944000.0,-205711000.0,-205711000.0,-205711000.0,0.0,0.0,-0.224,780883000.0,-172191000.0,30654000,0.0,25.788,-64.802,-62.567,132713000,0.0,83.84,14.524,14.335,159768000,-519631000,917834000.0,917834000.0,200972000.0,-0.134,-0.442,-0.177,-0.195,233499000.0,579911000.0,1.0,159000000,156930506,156930506.0,5.849,1562814000,0,5107000.0,0,9.959,346786000
24,NOW,ART,2015-06-30,2015-08-06,2015-06-30,2021-07-29,-12272000,1563311000,1446661000.0,954074000,609237000,0.577,2.998,-68794000.0,325354000,325354000,293340000.0,-205731000.0,1.613,2.376,459011000,0,459011000,459011000,502694000,54286000.0,0,0.0,0.0,-191161000.0,-136875000.0,-0.164,-136875000.0,-191161000.0,-201221000.0,-1.36,-1.36,-1.36,463113000,441028250.0,463113000,11995696000.0,-63.0,-87.64,150784000.0,0.976,1.0,542056000.0,0.649,104844000,10060000.0,1000491000,990375500.0,0,730454000,397170000,333284000,1100198000,591633000,508565000,11862039000.0,-3921000.0,-100913000.0,81608000.0,0.0,0.0,71179000.0,-283545000.0,-113904000.0,219578000.0,-11133000.0,-205731000.0,-205731000.0,-205731000.0,0.0,0.0,-0.246,720706000.0,-178650000.0,20966000,0.0,25.614,-57.658,-55.875,124902000,0.0,75.99,14.199,14.051,143206000,-478601000,835396000.0,835396000.0,184833000.0,-0.142,-0.466,-0.193,-0.229,209889000.0,535873000.0,1.0,156100000,154465367,154465367.0,5.408,1458467000,0,4510000.0,0,9.442,362441000
25,NOW,ART,2015-03-31,2015-05-07,2015-03-31,2021-07-29,-15678000,1493642000,1371394000.0,983934000,509708000,0.551,3.001,-70110000.0,307981000,307981000,272561000.0,-194169000.0,1.819,2.283,451323000,0,451323000,451323000,463333000,47945000.0,0,0.0,0.0,-187628000.0,-139683000.0,-0.185,-139683000.0,-187628000.0,-190502000.0,-1.31,-1.31,-1.31,454910000,424779250.0,454910000,11526080000.0,-61.0,-82.516,111939000.0,0.738,1.0,482876000.0,0.639,104829000,2874000.0,991229000,976511250.0,0,690654000,437029000,253625000,1038732000,540926000,497806000,11382738000.0,-29939000.0,-100913000.0,76260000.0,0.0,0.0,77357000.0,-275579000.0,-104587000.0,182049000.0,-13766000.0,-194169000.0,-194169000.0,-194169000.0,0.0,0.0,-0.257,652762000.0,-169886000.0,18192000,0.0,25.022,-58.623,-56.496,115438000,0.0,74.01,15.068,14.852,142720000,-416676000,755437000.0,755437000.0,166996000.0,-0.142,-0.457,-0.192,-0.248,182067000.0,485766000.0,1.0,153800000,151601880,151601880.0,4.983,1388813000,0,3667000.0,0,9.161,443008000
26,NOW,ART,2014-12-31,2015-02-27,2014-12-31,2021-07-29,-12113000,1425079000,1304048750.0,906986000,518093000,0.523,2.949,-54379000.0,252455000,252455000,248776000.0,-179387000.0,1.789,2.324,443764000,0,443764000,443764000,422238000,42059000.0,0,0.0,0.0,-175540000.0,-133481000.0,-0.196,-133481000.0,-175540000.0,-175540000.0,-1.23,-1.23,-1.23,428675000,411987250.0,428675000,11668439000.0,-66.0,-87.416,84521000.0,0.581,1.0,433787000.0,0.636,109542000,0.0,999849000,960757750.0,0,683108000,416336000,266772000,996404000,506997000,489407000,11477130000.0,-113848000.0,-99813000.0,68735000.0,0.0,0.0,70772000.0,-316928000.0,-162681000.0,138900000.0,-6592000.0,-179387000.0,-179387000.0,-179387000.0,0.0,0.0,-0.263,585622000.0,-151835000.0,17829000,0.0,26.773,-63.98,-62.0,104237000,0.0,76.26,16.815,16.24,159171000,-358583000,682563000.0,682563000.0,148258000.0,-0.138,-0.435,-0.183,-0.257,152282000.0,437364000.0,1.0,150500000,145355543,145355543.0,4.696,1315537000,0,3847000.0,0,9.05,399989000
27,NOW,ART,2014-09-30,2014-11-05,2014-09-30,2021-07-29,-6322000,1304612000,1239898000.0,821399000,483213000,0.492,2.852,-61761000.0,235086000,235086000,223516000.0,-158956000.0,1.959,2.125,436332000,0,436332000,436332000,350795000,36570000.0,0,0.0,0.0,-155981000.0,-119411000.0,-0.196,-119411000.0,-155981000.0,-155981000.0,-1.1,-1.1,-1.1,417415000,403383250.0,417415000,9922311000.0,-64.0,-83.094,65782000.0,0.45,1.0,386273000.0,0.633,116648000,0.0,969933000,929381000.0,0,649037000,410986000,238051000,887197000,419277000,467920000,9721065000.0,113992000.0,-99813000.0,145857000.0,427126000.0,0.0,574712000.0,-583372000.0,-421740000.0,127543000.0,-4891000.0,-158956000.0,-158956000.0,-158956000.0,0.0,0.0,-0.261,520785000.0,-134512000.0,11416000,0.0,23.289,-61.156,-59.591,96977000,0.0,65.55,15.942,15.731,111164000,-313920000,609789000.0,609789000.0,130101000.0,-0.128,-0.394,-0.168,-0.256,128148000.0,390684000.0,1.0,148300000,146335519,146335519.0,4.167,1187964000,0,2975000.0,0,8.118,402122000
28,NOW,ART,2014-06-30,2014-08-07,2014-06-30,2021-07-29,600000,1262243000,1058429000.0,844659000,417584000,0.512,2.756,-60491000.0,329275000,329275000,199005000.0,-132619000.0,2.096,2.171,429025000,0,429025000,429025000,328852000,31079000.0,0,0.0,0.0,-129583000.0,-98504000.0,-0.182,-98504000.0,-129583000.0,-129583000.0,-0.93,-0.93,-0.93,398117000,370928500.0,398117000,8165702000.0,-63.0,-82.897,62772000.0,0.435,1.0,343331000.0,0.633,13912000,0.0,945034000,730594750.0,0,627785000,348205000,279580000,864126000,403047000,461079000,8065952000.0,209042000.0,-13330000.0,136767000.0,427126000.0,0.0,564295000.0,-479094000.0,-405204000.0,123263000.0,578000.0,-132619000.0,-132619000.0,-132619000.0,0.0,0.0,-0.245,457994000.0,-114663000.0,22463000,0.0,20.26,-60.82,-59.527,96483000,0.0,55.36,14.873,14.746,109246000,-272870000,542336000.0,542336000.0,111237000.0,-0.125,-0.358,-0.177,-0.239,105836000.0,346757000.0,1.0,145700000,144456675,144456675.0,3.754,1248331000,0,3036000.0,0,8.642,441612000
29,NOW,ART,2014-03-31,2014-05-07,2014-03-31,2021-07-29,-276000,1224261000,878451500.0,828625000,395636000,0.544,2.842,-55874000.0,337920000,337920000,176065000.0,-103661000.0,2.267,2.032,421840000,0,421840000,421840000,308472000,27726000.0,0,0.0,0.0,-100547000.0,-72821000.0,-0.152,-72821000.0,-100547000.0,-100547000.0,-0.74,-0.74,-0.74,403742000,338373000.0,403742000,6832324000.0,-68.0,-93.824,35066000.0,0.247,1.0,301736000.0,0.632,14460000,0.0,928215000,537568250.0,0,586477000,317842000,268635000,820519000,365506000,455013000,6748404000.0,193138000.0,-13330000.0,141230000.0,427126000.0,0.0,569103000.0,-467467000.0,-398031000.0,90940000.0,562000.0,-103661000.0,-103661000.0,-103661000.0,0.0,0.0,-0.217,391271000.0,-89535000.0,22664000,0.0,16.715,-65.101,-63.595,86200000,0.0,47.06,14.124,13.992,107932000,-222507000,477801000.0,477801000.0,93749000.0,-0.118,-0.306,-0.187,-0.21,82017000.0,297522000.0,1.0,143400000,142060025,142060025.0,3.363,1209801000,0,3114000.0,0,8.516,463119000
30,NOW,ART,2013-12-31,2014-02-28,2013-12-31,2021-07-29,-476000,1168476000,701374500.0,797749000,370727000,0.605,2.911,-55321000.0,366303000,366303000,155259000.0,-73708000.0,2.432,1.964,414777000,0,414777000,414777000,266722000,24152000.0,0,0.0,0.0,-71197000.0,-47045000.0,-0.111,-47045000.0,-71197000.0,-71197000.0,-0.54,-0.54,-0.54,394259000,303419250.0,394259000,9651740000.0,-136.0,-205.16,26425000.0,0.195,1.0,269391000.0,0.634,14520000,0.0,874342000,341029000.0,0,523607000,268251000,255356000,774217000,328088000,446129000,9603266000.0,247314000.0,-13330000.0,139786000.0,427126000.0,0.0,568570000.0,-402795000.0,-333967000.0,81746000.0,-207000.0,-73708000.0,-73708000.0,-73708000.0,0.0,0.0,-0.174,335658000.0,-66267000.0,7405000,0.0,24.358,-130.288,-126.037,75560000,0.0,68.06,22.615,21.704,108339000,-179196000,424650000.0,424650000.0,78678000.0,-0.105,-0.243,-0.209,-0.168,63923000.0,256980000.0,1.0,141100000,135415809,135415809.0,3.136,1153956000,0,2511000.0,0,8.522,469661000
31,NOW,ART,2013-09-30,2013-11-04,2013-09-30,2021-07-29,-662000,578736000,528784000.0,342419000,236317000,0.708,2.092,-48969000.0,121094000,121094000,142189000.0,-59407000.0,1.277,1.012,0,0,0,0,225801000,20980000.0,0,0.0,0.0,-56900000.0,-35920000.0,-0.096,-35920000.0,-56900000.0,-56900000.0,-0.39,-0.39,-0.39,287596000,265705750.0,287596000,7390898000.0,-130.0,-205.76,13181000.0,0.096,1.0,232393000.0,0.62,14715000,0.0,174788000,159318000.0,0,231663000,99044000,132619000,291140000,268139000,23001000,7511992000.0,4118000.0,-13330000.0,98918000.0,0.0,0.0,101198000.0,-160052000.0,-97616000.0,62150000.0,822000.0,-59715000.0,-59715000.0,-59715000.0,0.0,308000.0,-0.159,288837000.0,-56444000.0,7930000,0.0,26.12,-125.797,-138.872,68642000,0.0,54.16,20.054,19.875,84527000,-154964000,374582000.0,374582000.0,68044000.0,-0.113,-0.225,-0.357,-0.152,51096000.0,220793000.0,1.0,138700000,137456531,137456531.0,2.725,564021000,0,2815000.0,0,4.103,74280000
32,NOW,ART,2013-06-30,2013-08-07,2013-06-30,2021-07-29,-1832000,542333000,479651000.0,376809000,165524000,0.683,1.992,-44075000.0,120233000,120233000,128188000.0,-57747000.0,1.512,1.024,0,0,0,0,210040000,18336000.0,0,0.0,0.0,-55582000.0,-37246000.0,-0.114,-37246000.0,-55582000.0,-55582000.0,-0.22,-0.22,-0.22,267895000,241623750.0,267895000,5576119000.0,-100.0,-149.711,6432000.0,0.048,1.0,199480000.0,0.609,0,0.0,172928000,140246750.0,0,225889000,133547000,92342000,274438000,249172000,25266000,5696352000.0,54751000.0,0.0,252930000.0,0.0,0.0,257404000.0,-252449000.0,-208248000.0,50507000.0,-711000.0,-58055000.0,-58055000.0,-58055000.0,0.0,308000.0,-0.177,254621000.0,-55141000.0,10016000,0.0,21.263,-98.12,-189.273,57253000,0.0,41.64,17.385,17.086,92765000,-140251000,327668000.0,327668000.0,58008000.0,-0.121,-0.24,-0.396,-0.17,40428000.0,196613000.0,1.0,136800000,134454085,134454085.0,2.437,542333000,0,2473000.0,0,4.034,127637000
33,NOW,ART,2013-03-31,2013-05-08,2013-03-31,2021-07-29,-1156000,515953000,394185750.0,447236000,68717000,0.716,2.034,-43923000.0,144782000,144782000,115081000.0,-45066000.0,1.952,0.955,0,0,0,0,194765000,15823000.0,0,0.0,0.0,-43992000.0,-28169000.0,-0.1,-28169000.0,-43992000.0,-43992000.0,-0.38,-0.38,-0.38,263927000,163868000.0,263927000,5170812000.0,-118.0,-183.564,3787000.0,0.029,1.0,167139000.0,0.592,0,0.0,142058000,92801750.0,0,194084000,194084000,0,252026000,229113000,22913000,5315594000.0,64642000.0,0.0,241948000.0,0.0,0.0,244533000.0,-226266000.0,-182380000.0,47710000.0,-1335000.0,-45374000.0,-45374000.0,-45374000.0,0.0,308000.0,-0.161,212054000.0,-44915000.0,9770000,0.0,20.14,-117.151,-104.158,54284000,0.0,39.58,18.835,18.201,79844000,-118846000,282220000.0,282220000.0,49329000.0,-0.115,-0.277,-0.474,-0.156,33480000.0,162725000.0,1.0,134300000,129782029,129782029.0,2.175,515953000,660000,1382000.0,0,3.976,218123000
34,NOW,ART,2012-12-31,2013-03-08,2012-12-31,2021-07-29,-36000,478114000,311447000.0,422089000,56025000,0.783,3.293,-42066000.0,118989000,118989000,104009000.0,-37348000.0,1.994,0.964,0,0,0,0,171509000,13506000.0,0,0.0,0.0,-36288000.0,-22782000.0,-0.093,-22782000.0,-36288000.0,-36288000.0,-0.51,-0.51,-0.51,243405000,87836750.0,243405000,4716465000.0,-130.0,-207.026,6700000.0,0.091,1.0,139703000.0,0.573,0,0.0,147498000,50199500.0,0,195702000,195702000,0,234709000,211627000,23082000,4835454000.0,50901000.0,0.0,240145000.0,0.0,0.0,241839000.0,-239149000.0,-197128000.0,48766000.0,-555000.0,-37656000.0,-37656000.0,-37656000.0,0.0,308000.0,-0.155,177287000.0,-37584000.0,9604000,0.0,19.866,-128.411,-71.882,42342000,0.0,36.66,19.841,11.118,78163000,-105488000,243712000.0,243712000.0,39333000.0,-0.121,-0.429,-0.723,-0.149,26243000.0,137954000.0,1.0,131900000,73908631,73908631.0,3.297,478114000,660000,1368000.0,0,6.469,210462000
35,NOW,ART,2012-09-30,2012-11-09,2012-09-30,2021-07-29,326000,382204000,,331877000,50327000,,3.35,-37598000.0,117013000,117013000,87692000.0,-34222000.0,1.991,0.998,0,0,0,0,148379000,10063000.0,0,0.0,0.0,-32797000.0,-22734000.0,-0.109,-22734000.0,-32797000.0,-32797000.0,-0.82,-0.82,-0.82,191268000,,191268000,3593361346.0,-110.0,-158.061,-1967000.0,-0.034,1.0,120036000.0,0.578,0,0.0,98503000,,0,139485000,139485000,0,190936000,166688000,24248000,3710374346.0,47940000.0,0.0,189391000.0,0.0,0.0,189965000.0,-177687000.0,-140097000.0,35631000.0,31000.0,-34222000.0,-34222000.0,-34222000.0,0.0,0.0,-0.165,153264000.0,-33228000.0,5680000,0.0,19.399,-108.421,-36.671,39086000,0.0,30.07,17.862,8.264,55924000,-95557000,207728000.0,207728000.0,30371000.0,,,,-0.158,21260000.0,122893000.0,1.0,123391232,57089411,57089411.0,3.639,382204000,1544000,1425000.0,0,6.695,165189000
36,NOW,ART,2012-09-30,2012-10-31,2012-09-30,2021-07-29,326000,382204000,,331877000,50327000,,1.625,,117013000,117013000,,,1.991,0.998,0,0,0,0,148379000,,0,0.0,0.0,,,,,,,,,,191268000,,191268000,3664928261.0,,,,,1.0,,,0,,98503000,,0,139485000,139485000,0,190936000,166688000,24248000,3781941261.0,,,,,,,,,,,,,,,,,,,5680000,,19.773,,,39086000,,30.65,,,55924000,-95557000,,,,,,,,,,1.0,123391232,117698005,,,382204000,1544000,,0,3.247,165189000
37,NOW,ART,2012-06-30,2012-08-10,2012-06-30,2021-07-29,286000,200472000,,152082000,48390000,,-1.63,-28185000.0,65519000,65519000,72050000.0,-21048000.0,1.002,-4.06,0,0,0,0,133971000,6918000.0,0,0.0,0.0,-19775000.0,-12857000.0,-0.072,-12857000.0,-19775000.0,-19775000.0,-0.88,-0.88,-0.88,-43128000,,-43128000,3833821641.0,-194.0,-298.189,8053000.0,0.304,1.0,105530000.0,0.594,0,0.0,-16852000,,0,22795000,22795000,0,175119000,151805000,23314000,3899340641.0,5629000.0,0.0,21158000.0,0.0,0.0,20292000.0,-51071000.0,-22894000.0,36238000.0,170000.0,-21048000.0,-21048000.0,-21048000.0,0.0,0.0,-0.119,124392000.0,-18862000.0,8550000,0.0,-90.413,-185.259,-35.966,35452000,0.0,31.65,21.958,4.715,47334000,-82504000,177580000.0,177580000.0,22345000.0,,,,-0.111,15714000.0,102047000.0,1.0,123201916,26452100,26452100.0,6.713,200472000,1718000,1273000.0,0,7.579,277000
38,NOW,ART,2012-03-31,2012-06-19,2012-03-31,2021-07-29,771000,184998000,,153321000,31677000,,-1.6,,80177000,80177000,,,1.151,-3.902,0,0,0,0,118660000,,0,,0.0,,,,,,,,,,-40198000,,-40198000,,,,,,1.0,,,0,,-28351000,,0,15344000,15344000,0,156869000,133172000,23697000,,,,,,,,,,,,,,,,,,,,7089000,,,,,24091000,,,,,42894000,-73780000,,,,,,,,,,1.0,120289770,25123582,,,184998000,1544000,,0,7.364,20149000
