None,ticker,dimension,calendardate,datekey,reportperiod,lastupdated,accoci,assets,assetsavg,assetsc,assetsnc,assetturnover,bvps,capex,cashneq,cashnequsd,cor,consolinc,currentratio,de,debt,debtc,debtnc,debtusd,deferredrev,depamor,deposits,divyield,dps,ebit,ebitda,ebitdamargin,ebitdausd,ebitusd,ebt,eps,epsdil,epsusd,equity,equityavg,equityusd,ev,evebit,evebitda,fcf,fcfps,fxusd,gp,grossmargin,intangibles,intexp,invcap,invcapavg,inventory,investments,investmentsc,investmentsnc,liabilities,liabilitiesc,liabilitiesnc,marketcap,ncf,ncfbus,ncfcommon,ncfdebt,ncfdiv,ncff,ncfi,ncfinv,ncfo,ncfx,netinc,netinccmn,netinccmnusd,netincdis,netincnci,netmargin,opex,opinc,payables,payoutratio,pb,pe,pe1,ppnenet,prefdivis,price,ps,ps1,receivables,retearn,revenue,revenueusd,rnd,roa,roe,roic,ros,sbcomp,sgna,sharefactor,sharesbas,shareswa,shareswadil,sps,tangibles,taxassets,taxexp,taxliabilities,tbvps,workingcapital
0,CEPH,MRY,2010-12-31,2010-12-31,2010-12-31,2019-05-23,182975000.0,4891833000.0,4777598250.0,2151575000.0,2740258000.0,0.588,32.628,-53013000.0,1160239000.0,1160239000.0,577863000.0,417683000.0,1.768,0.78,1043413000.0,651997000.0,391416000.0,1043413000.0,0.0,212823000.0,0.0,0.0,0.0,726118000.0,938941000.0,0.334,938941000.0,726118000.0,626861000.0,5.66,5.27,5.66,2633432000.0,2440100750.0,2633432000.0,4463154028.0,6.0,4.753,728744000.0,9.029,1.0,2233194000.0,0.794,2034458000.0,99257000.0,1523934000.0,1381980750.0,291360000.0,168494000.0,0.0,168494000.0,2054058000.0,1216615000.0,837443000.0,4643409028.0,-487396000.0,-549463000.0,18085000.0,-222959000.0,0.0,-515861000.0,-760962000.0,-158486000.0,781757000.0,7670000.0,425745000.0,425745000.0,425745000.0,0.0,-8062000.0,0.151,1509118000.0,724076000.0,104477000.0,0.0,1.763,10.907,10.905,502856000.0,0.0,61.72,1.652,1.772,431333000.0,247086000.0,2811057000.0,2811057000.0,439995000.0,0.089,0.174,0.525,0.258,45975000.0,958404000.0,1.0,75233458.0,80712000,75185000.0,34.828,2857375000.0,213798000.0,201116000.0,172589000.0,35.402,934960000.0
1,CEPH,MRY,2009-12-31,2009-12-31,2009-12-31,2019-05-23,114194000.0,4658095000.0,4344175000.0,2565956000.0,2092139000.0,0.505,29.099,-60927000.0,1647635000.0,1647635000.0,398837000.0,210727000.0,1.918,0.872,1182621000.0,818925000.0,363696000.0,1182621000.0,0.0,186192000.0,0.0,0.0,0.0,511643000.0,697835000.0,0.318,697835000.0,511643000.0,421307000.0,4.74,4.41,4.74,2261958000.0,1975183000.0,2261958000.0,4374015869.0,9.0,6.268,620424000.0,7.981,1.0,1793471000.0,0.818,1572141000.0,90336000.0,1282977000.0,1295140000.0,240576000.0,12427000.0,0.0,12427000.0,1972715000.0,1337963000.0,634752000.0,4660193869.0,1123176000.0,-283821000.0,329129000.0,350267000.0,0.0,681413000.0,-258089000.0,139983000.0,681351000.0,18501000.0,342627000.0,342627000.0,342627000.0,0.0,-131900000.0,0.156,1459506000.0,333965000.0,88829000.0,0.0,2.06,13.601,13.169,451879000.0,0.0,62.42,2.126,2.213,376076000.0,-178659000.0,2192308000.0,2192308000.0,395431000.0,0.079,0.173,0.395,0.233,50372000.0,822052000.0,1.0,74658665.0,77733000,72342000.0,28.203,3085954000.0,243246000.0,78680000.0,159328000.0,39.699,1227993000.0
2,CEPH,MRY,2008-12-31,2008-12-31,2008-12-31,2019-05-23,43630000.0,3082942000.0,3450714000.0,1329522000.0,1753420000.0,0.572,18.617,-59871000.0,524459000.0,524459000.0,412234000.0,171889000.0,1.133,1.001,785310000.0,781618000.0,3692000.0,785310000.0,0.0,172457000.0,0.0,0.0,0.0,230376000.0,402833000.0,0.204,402833000.0,230376000.0,155143000.0,2.84,2.54,2.84,1416680000.0,1458871750.0,1416680000.0,5452287255.0,24.0,13.535,-61748000.0,-0.811,1.0,1562320000.0,0.791,1052664000.0,75233000.0,1118017000.0,933691000.0,117297000.0,8081000.0,0.0,8081000.0,1417859000.0,1173112000.0,244747000.0,5273049255.0,-294210000.0,-23346000.0,37015000.0,-217743000.0,0.0,-172894000.0,-108138000.0,904000.0,-1877000.0,-11301000.0,192962000.0,192962000.0,192962000.0,0.0,-21073000.0,0.098,1377798000.0,184522000.0,87079000.0,0.0,3.722,27.327,27.127,467449000.0,0.0,77.04,2.671,2.969,409580000.0,-521286000.0,1974554000.0,1974554000.0,362208000.0,0.056,0.132,0.247,0.117,43464000.0,840873000.0,1.0,68445603.0,76097000,68018000.0,25.948,2030278000.0,270140000.0,-37819000.0,77932000.0,26.68,156410000.0
3,CEPH,MRY,2007-12-31,2007-12-31,2007-12-31,2019-05-23,148703000.0,3496526000.0,3337682250.0,1427572000.0,2068954000.0,0.531,19.405,-96867000.0,818669000.0,818669000.0,345691000.0,-226429000.0,0.712,1.706,1240957000.0,1237169000.0,3788000.0,1240957000.0,0.0,141358000.0,0.0,0.0,0.0,-52410000.0,88948000.0,0.05,88948000.0,-52410000.0,-123276000.0,-3.4,-3.4,-3.4,1292324000.0,1356105750.0,1292324000.0,5391291640.0,-103.0,60.612,287989000.0,4.324,1.0,1426947000.0,0.805,1294343000.0,70866000.0,618681000.0,881086250.0,98996000.0,7596000.0,7596000.0,0.0,2204202000.0,2005790000.0,198412000.0,4811615640.0,322157000.0,0.0,86795000.0,-3853000.0,0.0,96935000.0,-172946000.0,31167000.0,384856000.0,13312000.0,-226429000.0,-226429000.0,-226429000.0,0.0,0.0,-0.128,1530936000.0,-103989000.0,91437000.0,0.0,3.723,-21.25,-21.106,500396000.0,0.0,71.76,2.714,2.696,276776000.0,-633871000.0,1772638000.0,1772638000.0,369115000.0,-0.068,-0.167,-0.059,-0.03,46335000.0,735799000.0,1.0,67051500.0,66597000,66597000.0,26.617,2202183000.0,324020000.0,103153000.0,56540000.0,33.067,-578218000.0
4,CEPH,MRY,2006-12-31,2006-12-31,2006-12-31,2019-05-23,104357000.0,3045497000.0,3018699250.0,1108804000.0,1936693000.0,0.584,21.641,-159917000.0,496512000.0,496512000.0,336110000.0,146509000.0,0.805,1.326,1248304000.0,1023312000.0,224992000.0,1248304000.0,0.0,128927000.0,0.0,0.0,0.0,259850000.0,388777000.0,0.22,388777000.0,259850000.0,240928000.0,2.42,2.1,2.42,1309460000.0,974224500.0,1309460000.0,5358117474.0,21.0,13.782,160000000.0,2.644,1.0,1427959000.0,0.809,1260204000.0,18922000.0,1159709000.0,1450963000.0,85239000.0,25212000.0,25212000.0,0.0,1736037000.0,1377376000.0,358661000.0,4292582474.0,291452000.0,0.0,139073000.0,-188886000.0,0.0,-22624000.0,-20376000.0,255391000.0,319917000.0,14535000.0,146509000.0,146509000.0,146509000.0,0.0,0.0,0.083,1131148000.0,296811000.0,90586000.0,0.0,3.278,29.299,29.095,453010000.0,0.0,70.41,2.433,2.415,270045000.0,-425256000.0,1764069000.0,1764069000.0,424239000.0,0.049,0.15,0.179,0.147,42807000.0,689492000.0,1.0,60965523.0,60507000,69672000.0,29.155,1785293000.0,302710000.0,94419000.0,72491000.0,29.506,-268572000.0
5,CEPH,MRY,2005-12-31,2005-12-31,2005-12-31,2019-05-23,32618000.0,2819206000.0,2742286500.0,1048837000.0,1770369000.0,0.442,10.545,-118050000.0,205060000.0,205060000.0,221874000.0,-174954000.0,0.82,3.605,1696257000.0,933160000.0,763097000.0,1696257000.0,0.0,89967000.0,0.0,0.0,0.0,-219883000.0,-129916000.0,-0.107,-129916000.0,-219883000.0,-245118000.0,-3.01,-3.01,-3.01,612171000.0,1258514500.0,612171000.0,4871487200.0,-22.0,-37.497,67681000.0,1.166,1.0,990018000.0,0.817,1213925000.0,25235000.0,1817875000.0,2409122000.0,137886000.0,279030000.0,279030000.0,0.0,2207035000.0,1278603000.0,928432000.0,3760668200.0,-369184000.0,-566241000.0,226266000.0,5575000.0,0.0,231841000.0,-780480000.0,-62730000.0,185731000.0,-6276000.0,-174954000.0,-174954000.0,-174954000.0,0.0,0.0,-0.144,1212976000.0,-222958000.0,53699000.0,0.0,6.143,-21.495,-21.508,323830000.0,0.0,64.74,3.103,3.101,199086000.0,-570072000.0,1211892000.0,1211892000.0,370818000.0,-0.064,-0.139,-0.091,-0.181,16610000.0,454523000.0,1.0,58088789.0,58051000,58051000.0,20.876,1605281000.0,388065000.0,-70164000.0,110703000.0,27.653,-229766000.0
6,CEPH,MRY,2004-12-31,2004-12-31,2004-12-31,2019-05-23,66943000.0,2396922000.0,2371164750.0,1165019000.0,1231903000.0,0.428,14.694,-50244000.0,574244000.0,574244000.0,119973000.0,-73813000.0,5.109,1.888,1289524000.0,5114000.0,1284410000.0,1289524000.0,0.0,59016000.0,0.0,0.0,0.0,-5998000.0,53018000.0,0.052,53018000.0,-5998000.0,-28184000.0,-1.31,-1.31,-1.31,830044000.0,784467500.0,830044000.0,3625930631.0,-605.0,68.391,128360000.0,2.272,1.0,895452000.0,0.882,821936000.0,22186000.0,2062228000.0,1997353250.0,86629000.0,217432000.0,217432000.0,0.0,1566878000.0,228038000.0,1338840000.0,2935199631.0,-541455000.0,-482521000.0,10883000.0,-51905000.0,0.0,-41022000.0,-685214000.0,-106678000.0,178604000.0,6177000.0,-73813000.0,-73813000.0,-73813000.0,0.0,0.0,-0.073,882018000.0,13434000.0,52488000.0,0.0,3.536,-39.765,-38.84,244834000.0,0.0,50.88,2.891,2.83,208225000.0,-395118000.0,1015425000.0,1015425000.0,273972000.0,-0.031,-0.094,-0.003,-0.006,13389000.0,339477000.0,1.0,57688672.0,56489000,56489000.0,17.976,1574986000.0,155757000.0,45629000.0,39119000.0,27.881,936981000.0
7,CEPH,MRY,2003-12-31,2003-12-31,2003-12-31,2019-05-23,52750000.0,2381656000.0,2228706500.0,1369930000.0,1011726000.0,0.321,13.866,-40453000.0,1115699000.0,1115699000.0,92375000.0,83858000.0,9.95,2.092,1419054000.0,9637000.0,1409417000.0,1419054000.0,2158000.0,45135000.0,0.0,0.0,0.0,159219000.0,204354000.0,0.286,204354000.0,159219000.0,130314000.0,1.49,1.42,1.49,770370000.0,714452500.0,770370000.0,3092724646.0,19.0,15.134,159788000.0,2.876,1.0,622432000.0,0.871,625214000.0,28905000.0,1922109000.0,1884658000.0,61249000.0,39464000.0,39464000.0,0.0,1611286000.0,137688000.0,1473598000.0,2694086646.0,629602000.0,0.0,181140000.0,256787000.0,0.0,437927000.0,-17592000.0,22861000.0,200241000.0,9026000.0,83858000.0,83858000.0,83858000.0,0.0,0.0,0.117,466383000.0,156049000.0,28591000.0,0.0,3.497,32.127,32.49,126442000.0,0.0,48.41,3.769,3.763,86348000.0,-321305000.0,714807000.0,714807000.0,168222000.0,0.038,0.117,0.084,0.223,3168000.0,254088000.0,1.0,55651449.0,55560000,64076000.0,12.865,1756442000.0,226478000.0,46456000.0,45665000.0,31.613,1232242000.0
8,CEPH,MRY,2002-12-31,2002-12-31,2002-12-31,2019-05-23,25046000.0,1689090000.0,1489710250.0,785980000.0,903110000.0,0.34,11.661,-27328000.0,486097000.0,486097000.0,74237000.0,171528000.0,6.569,1.629,876299000.0,15402000.0,860897000.0,876299000.0,2680000.0,35457000.0,0.0,0.0,0.0,97114000.0,132571000.0,0.262,132571000.0,97114000.0,58899000.0,3.08,2.77,3.08,642585000.0,479696750.0,642585000.0,3084272869.0,32.0,23.265,75293000.0,1.366,1.0,432660000.0,0.854,650488000.0,38215000.0,1309157000.0,1233081250.0,54299000.0,96591000.0,96591000.0,0.0,1046505000.0,119647000.0,926858000.0,2685792869.0,-62630000.0,0.0,3594000.0,-32512000.0,0.0,-28918000.0,-145764000.0,-39027000.0,102621000.0,9431000.0,171528000.0,171528000.0,171528000.0,0.0,0.0,0.338,336515000.0,96145000.0,23089000.0,0.0,4.18,15.658,15.802,90066000.0,0.0,48.67,5.298,5.291,83130000.0,-405163000.0,506897000.0,506897000.0,122920000.0,0.115,0.358,0.079,0.192,45959000.0,178138000.0,1.0,55183745.0,55104000,66856000.0,9.199,1038602000.0,170072000.0,-112629000.0,52666000.0,18.848,666333000.0
9,CEPH,MRY,2001-12-31,2001-12-31,2001-12-31,2019-05-23,2273000.0,1446408000.0,778329250.0,739116000.0,707292000.0,0.337,8.257,-12481000.0,548727000.0,548727000.0,44946000.0,-55484000.0,6.624,2.628,898789000.0,32200000.0,866589000.0,898789000.0,6866000.0,14434000.0,0.0,0.0,0.0,-34854000.0,-20420000.0,-0.078,-20420000.0,-34854000.0,-55484000.0,-1.27,-1.27,-1.27,398731000.0,233843000.0,398731000.0,4226020282.0,-121.0,-206.955,-207000.0,-0.004,1.0,217049000.0,0.828,599846000.0,20630000.0,1085039000.0,740734750.0,47513000.0,55157000.0,55157000.0,0.0,1047677000.0,111585000.0,936092000.0,3822003282.0,512156000.0,-447717000.0,24592000.0,956780000.0,0.0,974575000.0,-475061000.0,6200000.0,12274000.0,368000.0,-55484000.0,-61148000.0,-61148000.0,0.0,0.0,-0.233,213700000.0,3349000.0,24536000.0,0.0,9.585,-62.504,-59.512,64706000.0,5664000.0,75.58,14.588,13.931,79847000.0,-576691000.0,261995000.0,261995000.0,83037000.0,-0.079,-0.261,-0.047,-0.133,6632000.0,96179000.0,1.0,50568977.0,48292000,48292000.0,5.425,846562000.0,0.0,0.0,52666000.0,17.53,627531000.0
10,CEPH,MRY,2000-12-31,2000-12-31,2000-12-31,2019-05-23,1401000.0,308435000.0,224239250.0,141029000.0,167406000.0,0.499,4.04,-7462000.0,36571000.0,36571000.0,17768000.0,-101178000.0,1.746,0.867,98088000.0,42950000.0,55138000.0,98088000.0,8620000.0,3945000.0,0.0,0.0,0.0,-95989000.0,-92044000.0,-0.823,-92044000.0,-95989000.0,-101178000.0,-2.7,-2.7,-2.7,165193000.0,158705750.0,165193000.0,2620861430.0,-27.0,-28.474,-113954000.0,-2.787,1.0,94022000.0,0.841,135794000.0,5189000.0,153391000.0,163737500.0,20161000.0,60813000.0,60813000.0,0.0,143242000.0,80767000.0,62475000.0,2621604430.0,11673000.0,0.0,36619000.0,-32766000.0,0.0,-5210000.0,122360000.0,186449000.0,-106492000.0,1015000.0,-101178000.0,-110241000.0,-110241000.0,0.0,0.0,-0.986,198407000.0,-104385000.0,3590000.0,0.0,15.87,-23.781,-23.449,29730000.0,9063000.0,63.313,23.451,23.16,21905000.0,-515543000.0,111790000.0,111790000.0,68063000.0,-0.492,-0.695,-0.586,-0.859,6516000.0,83725000.0,1.0,41407375.0,40893000,40893000.0,2.734,172641000.0,0.0,0.0,0.0,4.222,60262000.0
11,CEPH,MRY,1999-12-31,1999-12-31,1999-12-31,2019-05-23,566000.0,312262000.0,195972250.0,286128000.0,26134000.0,0.262,6.431,-1029000.0,24898000.0,24898000.0,3921000.0,-82830000.0,4.79,0.353,47940000.0,32239000.0,15701000.0,47940000.0,2578000.0,2063000.0,0.0,0.0,0.0,-74453000.0,-72390000.0,-1.407,-72390000.0,-74453000.0,-82830000.0,-2.31,-2.31,-2.31,230783000.0,127216250.0,230783000.0,1127423217.0,-15.0,-15.574,-69400000.0,-1.934,1.0,47513000.0,0.924,0.0,8377000.0,275565000.0,187331250.0,4258000.0,247442000.0,247442000.0,0.0,81479000.0,59739000.0,21740000.0,1119874217.0,-38475000.0,0.0,47231000.0,28511000.0,0.0,193505000.0,-163801000.0,-162772000.0,-68371000.0,192000.0,-82830000.0,-82830000.0,-82830000.0,0.0,0.0,-1.61,116636000.0,-69123000.0,6631000.0,0.0,4.852,-13.52,-14.962,22467000.0,0.0,34.563,21.773,24.115,7534000.0,-405302000.0,51434000.0,51434000.0,54892000.0,-0.423,-0.651,-0.397,-1.448,1476000.0,59665000.0,1.0,32401424.0,35887000,35887000.0,1.433,312262000.0,0.0,0.0,0.0,8.701,226389000.0
12,CEPH,MRY,1998-12-31,1998-12-31,1998-12-31,2019-05-23,-79000.0,94673000.0,114889250.0,72594000.0,22079000.0,0.142,1.739,-684000.0,7484000.0,7484000.0,54000.0,-71124000.0,3.928,0.644,16720000.0,1624000.0,15096000.0,16720000.0,0.0,2636000.0,0.0,0.0,0.0,-71124000.0,-68488000.0,-4.194,-68488000.0,-71124000.0,-71124000.0,-2.15,-2.15,-2.15,57602000.0,77330250.0,57602000.0,271773057.0,-4.0,-3.968,-64458000.0,-1.946,1.0,16276000.0,0.997,0.0,0.0,85429000.0,103461250.0,38000.0,59862000.0,59862000.0,0.0,37071000.0,18480000.0,18591000.0,258477057.0,15927000.0,0.0,66994000.0,-2011000.0,0.0,64983000.0,14736000.0,15420000.0,-63774000.0,-18000.0,-71124000.0,-71124000.0,-71124000.0,0.0,0.0,-4.355,92124000.0,-75848000.0,3558000.0,0.0,4.487,-3.634,-4.186,20505000.0,0.0,9.0,15.828,18.258,3887000.0,-273793000.0,16330000.0,16330000.0,52461000.0,-0.619,-0.92,-0.687,-4.355,2083000.0,39663000.0,1.0,28719673.0,33129000,33129000.0,0.493,94673000.0,0.0,0.0,0.0,2.858,54114000.0
13,CEPH,MRY,1997-12-31,1997-12-31,1997-12-31,2019-05-23,-44000.0,151208000.0,164549500.0,127151000.0,24057000.0,0.141,3.914,-823000.0,10271000.0,10271000.0,0.0,-60419000.0,6.193,0.507,29321000.0,1734000.0,27587000.0,29321000.0,0.0,2247000.0,0.0,0.0,0.0,-60419000.0,-58172000.0,-2.514,-58172000.0,-60419000.0,-60419000.0,-2.36,-2.36,-2.36,100338000.0,118832000.0,100338000.0,,,,-55500000.0,-2.165,1.0,23140000.0,1.0,0.0,0.0,149725000.0,161247500.0,0.0,109200000.0,109200000.0,0.0,50870000.0,20533000.0,30337000.0,323203278.0,26807000.0,0.0,3458000.0,24665000.0,0.0,28123000.0,53361000.0,54184000.0,-54677000.0,0.0,-60419000.0,-60419000.0,-60419000.0,0.0,0.0,-2.611,88331000.0,-65191000.0,2724000.0,0.0,3.221,-5.349,-4.82,21853000.0,0.0,11.375,13.967,12.603,5039000.0,-218386000.0,23140000.0,23140000.0,51587000.0,-0.367,-0.508,-0.375,-2.611,1811000.0,36744000.0,1.0,28413475.0,25637508,25637508.0,0.903,151208000.0,0.0,0.0,0.0,5.898,106618000.0
14,CEPH,MRY,1996-12-31,1996-12-31,1996-12-31,2019-05-23,-43000.0,177891000.0,,154544000.0,23347000.0,,5.647,-1631000.0,5671000.0,5671000.0,0.0,-53285000.0,7.159,0.295,22138000.0,5164000.0,16974000.0,22138000.0,0.0,4198000.0,0.0,0.0,0.0,-53285000.0,-49087000.0,-2.297,-49087000.0,-53285000.0,-53285000.0,-2.19,-2.19,-2.19,137326000.0,,137326000.0,,,,-54846000.0,-2.255,1.0,21366000.0,1.0,0.0,0.0,172770000.0,,0.0,141177000.0,141177000.0,0.0,40565000.0,21588000.0,18977000.0,,-894000.0,0.0,8516000.0,-2081000.0,0.0,6435000.0,45886000.0,30325000.0,-53215000.0,0.0,-53285000.0,-53285000.0,-53285000.0,0.0,0.0,-2.494,80856000.0,-59490000.0,1638000.0,0.0,,,-9.361,22086000.0,0.0,20.5,,23.333,0.0,-157967000.0,21366000.0,21366000.0,62096000.0,,,,-2.494,2602000.0,28605000.0,1.0,,24319163,24319163.0,0.879,177891000.0,0.0,0.0,0.0,7.315,132956000.0
15,CEPH,MRY,1995-12-31,1995-12-31,1995-12-31,2019-05-23,,,,,,,,-17218000.0,,,0.0,-33003000.0,,,,,,,,5851000.0,,0.0,0.0,-33003000.0,-27152000.0,,-27152000.0,-33003000.0,-33003000.0,-1.63,-1.63,-1.63,,,,,,,-42999000.0,-2.122,1.0,0.0,,,0.0,,,,,,,,,,,-4498000.0,4337000.0,98624000.0,3647000.0,0.0,102271000.0,-80988000.0,-68107000.0,-25781000.0,0.0,-33003000.0,-33003000.0,-33003000.0,0.0,0.0,,89756000.0,-89756000.0,,0.0,,,-25.0,,0.0,40.75,,,,,0.0,0.0,73994000.0,,,,,0.0,15762000.0,,,20262071,20262071.0,0.0,,,0.0,,,
0,CEPH,MRQ,2011-06-30,2011-06-30,2011-06-30,2019-05-23,316649000.0,5753086000.0,,2094583000.0,3658503000.0,,37.392,-16378000.0,997476000.0,997476000.0,123667000.0,115192000.0,1.648,0.672,1078087000.0,672102000.0,405985000.0,1078087000.0,0.0,45920000.0,0.0,0.0,0.0,225739000.0,271659000.0,0.368,271659000.0,225739000.0,201264000.0,1.54,1.34,1.54,3301843000.0,,3301843000.0,5991270982.0,6.0,5.329,57869000.0,0.655,1.0,614596000.0,0.832,2590518000.0,24475000.0,1971869000.0,,305421000.0,528067000.0,0.0,528067000.0,2218148000.0,1271310000.0,946838000.0,6089768982.0,-163181000.0,-364129000.0,121962000.0,-35052000.0,0.0,90863000.0,-334261000.0,46246000.0,74247000.0,5970000.0,118175000.0,118175000.0,118175000.0,0.0,-2983000.0,0.16,463606000.0,150990000.0,120128000.0,0.0,1.844,10.965,10.9,507152000.0,0.0,79.9,2.05,2.375,486519000.0,576349000.0,738263000.0,738263000.0,134851000.0,,,,,10992000.0,276068000.0,1.0,76217384.0,88303000,76679000.0,8.361,3162568000.0,206895000.0,83089000.0,237487000.0,35.815,823273000.0
1,CEPH,MRQ,2011-03-31,2011-03-31,2011-03-31,2019-05-23,246528000.0,5360676000.0,,2244882000.0,3115794000.0,,37.046,-10853000.0,1160657000.0,1160657000.0,157983000.0,211610000.0,1.683,0.735,1062159000.0,663684000.0,398475000.0,1062159000.0,0.0,47469000.0,0.0,0.0,0.0,338026000.0,385495000.0,0.517,385495000.0,338026000.0,313819000.0,2.79,2.64,2.79,2957594000.0,,2957594000.0,5644730355.0,6.0,5.172,136905000.0,1.715,1.0,587130000.0,0.788,2085258000.0,24207000.0,1843016000.0,,293905000.0,493509000.0,0.0,493509000.0,2173431000.0,1333904000.0,839527000.0,5761556355.0,418000.0,15513000.0,12090000.0,-711000.0,0.0,12884000.0,-169928000.0,-174588000.0,147758000.0,9704000.0,211088000.0,211088000.0,211088000.0,0.0,522000.0,0.283,409505000.0,177625000.0,119777000.0,0.0,1.948,10.948,10.915,499672000.0,0.0,76.08,1.947,2.052,506437000.0,458174000.0,745113000.0,745113000.0,122313000.0,,,,,5627000.0,250686000.0,1.0,75730236.0,79836000,75743000.0,9.333,3275418000.0,211523000.0,102731000.0,182100000.0,41.027,910978000.0
2,CEPH,MRQ,2010-12-31,2010-12-31,2010-12-31,2019-05-23,182975000.0,4891833000.0,,2151575000.0,2740258000.0,,32.687,-22772000.0,1160239000.0,1160239000.0,150142000.0,93405000.0,1.768,0.78,1043413000.0,651997000.0,391416000.0,1043413000.0,0.0,49774000.0,0.0,0.0,0.0,142267000.0,192041000.0,0.249,192041000.0,142267000.0,121905000.0,1.24,1.16,1.24,2633432000.0,,2633432000.0,4463154028.0,6.0,4.753,108445000.0,1.346,1.0,620427000.0,0.805,2034458000.0,20362000.0,1523934000.0,,291360000.0,168494000.0,0.0,168494000.0,2054058000.0,1216615000.0,837443000.0,4643409028.0,-48751000.0,0.0,2935000.0,-880000.0,0.0,-9643000.0,-171699000.0,-148927000.0,131217000.0,1374000.0,93616000.0,93616000.0,93616000.0,0.0,-211000.0,0.121,493976000.0,126451000.0,104477000.0,0.0,1.763,10.907,10.905,502856000.0,0.0,61.72,1.652,1.772,431333000.0,247086000.0,770569000.0,770569000.0,122391000.0,,,,,14235000.0,268504000.0,1.0,75233458.0,80565000,75356000.0,9.565,2857375000.0,213798000.0,28289000.0,172589000.0,35.467,934960000.0
3,CEPH,MRQ,2010-09-30,2010-09-30,2010-09-30,2019-05-23,164888000.0,4886392000.0,,2247302000.0,2639090000.0,,31.466,-7244000.0,1208990000.0,1208990000.0,151939000.0,131548000.0,1.794,0.851,1028735000.0,644097000.0,384638000.0,1028735000.0,0.0,56325000.0,0.0,0.0,0.0,218751000.0,275076000.0,0.384,275076000.0,218751000.0,193762000.0,1.76,1.66,1.76,2510108000.0,,2510108000.0,4781960937.0,7.0,5.45,265243000.0,3.325,1.0,565054000.0,0.788,2067539000.0,24989000.0,1386176000.0,,295880000.0,12594000.0,0.0,12594000.0,2135200000.0,1252422000.0,882778000.0,4695358937.0,281544000.0,0.0,813000.0,-601000.0,0.0,212000.0,-7244000.0,0.0,272487000.0,16089000.0,132500000.0,132500000.0,132500000.0,0.0,-952000.0,0.185,340070000.0,224984000.0,100917000.0,0.0,1.871,10.953,10.935,500013000.0,0.0,62.44,1.795,1.904,450614000.0,153470000.0,716993000.0,716993000.0,110966000.0,,,,,10110000.0,226791000.0,1.0,75197933.0,79773000,75201000.0,8.988,2818853000.0,225031000.0,61262000.0,219091000.0,35.336,994880000.0
4,CEPH,MRQ,2010-06-30,2010-06-30,2010-06-30,2019-05-23,46159000.0,4545894000.0,,1968765000.0,2577129000.0,,27.824,-13384000.0,927446000.0,927446000.0,170739000.0,92393000.0,1.637,0.918,1014048000.0,635932000.0,378116000.0,1014048000.0,0.0,58371000.0,0.0,0.0,0.0,180500000.0,238871000.0,0.329,238871000.0,180500000.0,152318000.0,1.18,1.11,1.18,2240046000.0,,2240046000.0,3590066803.0,6.0,4.359,131114000.0,1.629,1.0,556171000.0,0.765,2013361000.0,28182000.0,1416329000.0,,293679000.0,12583000.0,0.0,12583000.0,2056249000.0,1202806000.0,853443000.0,4267120803.0,-947007000.0,-549463000.0,566000.0,-218901000.0,0.0,-517647000.0,-566251000.0,-3404000.0,144498000.0,-7607000.0,89064000.0,89064000.0,89064000.0,0.0,3329000.0,0.123,364310000.0,191861000.0,99674000.0,0.0,1.905,10.697,10.647,499578000.0,0.0,56.75,1.743,1.866,460265000.0,20970000.0,726910000.0,726910000.0,101261000.0,,,,,12241000.0,258468000.0,1.0,75191556.0,80507000,75192000.0,9.029,2532533000.0,224651000.0,63254000.0,206855000.0,31.457,765959000.0
5,CEPH,MRQ,2010-03-31,2010-03-31,2010-03-31,2019-05-23,85135000.0,4786274000.0,,2759193000.0,2027081000.0,,29.053,-9613000.0,1874453000.0,1874453000.0,105043000.0,100337000.0,2.002,0.844,1197399000.0,827594000.0,369805000.0,1197399000.0,0.0,48353000.0,0.0,0.0,0.0,185667000.0,234020000.0,0.392,234020000.0,185667000.0,158876000.0,1.47,1.35,1.47,2376817000.0,,2376817000.0,4613807689.0,8.0,5.903,223942000.0,2.737,1.0,491542000.0,0.824,1529231000.0,26791000.0,1201484000.0,,236649000.0,12427000.0,0.0,12427000.0,2006904000.0,1378505000.0,628399000.0,5078821689.0,226818000.0,0.0,13771000.0,-2577000.0,0.0,11217000.0,-15768000.0,-6155000.0,233555000.0,-2186000.0,110565000.0,110565000.0,110565000.0,0.0,-10228000.0,0.185,310762000.0,180780000.0,99191000.0,0.0,2.137,12.871,12.693,432212000.0,0.0,67.78,2.238,2.444,349271000.0,-68094000.0,596585000.0,596585000.0,105377000.0,,,,,8830000.0,204641000.0,1.0,74930978.0,81811000,74990000.0,7.292,3257043000.0,232900000.0,48311000.0,148240000.0,39.812,1380688000.0
6,CEPH,MRQ,2009-12-31,2009-12-31,2009-12-31,2019-05-23,114194000.0,4658095000.0,,2565956000.0,2092139000.0,,28.897,-17280000.0,1647635000.0,1647635000.0,105204000.0,-192000.0,1.918,0.872,1182621000.0,818925000.0,363696000.0,1182621000.0,0.0,49789000.0,0.0,0.0,0.0,79702000.0,129491000.0,0.225,129491000.0,79702000.0,52579000.0,1.3,1.24,1.3,2261958000.0,,2261958000.0,4374015869.0,9.0,6.268,146940000.0,1.877,1.0,469911000.0,0.817,1572141000.0,27123000.0,1282977000.0,,240576000.0,12427000.0,0.0,12427000.0,1972715000.0,1337963000.0,634752000.0,4660193869.0,193821000.0,-28857000.0,-3183000.0,-2166000.0,0.0,-4591000.0,17986000.0,117447000.0,164220000.0,16206000.0,96558000.0,96558000.0,96558000.0,0.0,-96750000.0,0.168,486864000.0,-16953000.0,88829000.0,0.0,2.06,13.601,13.169,451879000.0,0.0,62.42,2.126,2.213,376076000.0,-178659000.0,575115000.0,575115000.0,91165000.0,,,,,13662000.0,203738000.0,1.0,74658665.0,78276000,74745000.0,7.347,3085954000.0,243246000.0,-43979000.0,159328000.0,39.424,1227993000.0
7,CEPH,MRQ,2009-09-30,2009-09-30,2009-09-30,2019-05-23,114146000.0,4658707000.0,,2477136000.0,2181571000.0,,27.33,-13413000.0,1453814000.0,1453814000.0,90456000.0,95097000.0,1.885,0.939,1167636000.0,810081000.0,357555000.0,1167636000.0,0.0,49374000.0,0.0,0.0,0.0,171890000.0,221264000.0,0.403,221264000.0,171890000.0,145395000.0,1.38,1.31,1.38,2143523000.0,,2143523000.0,4218170626.0,10.0,6.914,190210000.0,2.425,1.0,458956000.0,0.835,1651208000.0,26495000.0,1407506000.0,,240349000.0,148736000.0,131403000.0,17333000.0,2013580000.0,1313815000.0,699765000.0,4347459626.0,171888000.0,-20724000.0,430000.0,-2134000.0,0.0,-642000.0,-33729000.0,408000.0,203623000.0,2636000.0,102722000.0,102722000.0,102722000.0,0.0,-7625000.0,0.187,300287000.0,158669000.0,94982000.0,0.0,2.028,17.314,16.688,459381000.0,0.0,58.24,2.015,2.117,329330000.0,-275217000.0,549412000.0,549412000.0,99157000.0,,,,,11870000.0,194068000.0,1.0,74647315.0,78431000,74647000.0,7.005,3007499000.0,256360000.0,42673000.0,197333000.0,38.346,1163321000.0
8,CEPH,MRQ,2009-06-30,2009-06-30,2009-06-30,2019-05-23,91948000.0,4481732000.0,,2277922000.0,2203810000.0,,28.088,-15276000.0,1281926000.0,1281926000.0,105407000.0,72040000.0,1.889,0.974,1152637000.0,799832000.0,352805000.0,1152637000.0,0.0,45077000.0,0.0,0.0,0.0,151810000.0,196887000.0,0.359,196887000.0,151810000.0,131696000.0,1.19,1.11,1.19,1997587000.0,,1997587000.0,4084465773.0,13.0,8.3,125523000.0,1.765,1.0,442406000.0,0.808,1670381000.0,20114000.0,1476306000.0,,239785000.0,139824000.0,122701000.0,17123000.0,1946271000.0,1205756000.0,740515000.0,3899345773.0,667350000.0,-211803000.0,327371000.0,357850000.0,0.0,685067000.0,-162211000.0,64868000.0,140799000.0,3695000.0,84764000.0,84764000.0,84764000.0,0.0,-12724000.0,0.155,336354000.0,106052000.0,91187000.0,0.0,1.952,15.353,15.478,462207000.0,0.0,56.65,1.851,1.913,344909000.0,-377939000.0,547813000.0,547813000.0,102085000.0,,,,,13280000.0,223656000.0,1.0,68832229.0,71119000,76629000.0,7.703,2811351000.0,238521000.0,46932000.0,219396000.0,39.53,1072166000.0
9,CEPH,MRQ,2009-03-31,2009-03-31,2009-03-31,2019-05-23,39610000.0,3578166000.0,,1376442000.0,2201724000.0,,21.771,-14958000.0,614576000.0,614576000.0,97770000.0,43782000.0,1.129,1.035,799696000.0,794230000.0,5466000.0,799696000.0,0.0,41952000.0,0.0,0.0,0.0,108241000.0,150193000.0,0.289,150193000.0,108241000.0,91637000.0,0.85,0.75,0.85,1497664000.0,,1497664000.0,5195152144.0,19.0,11.792,157751000.0,2.293,1.0,422198000.0,0.812,1530259000.0,16604000.0,1013771000.0,,121337000.0,60677000.0,0.0,60677000.0,1549983000.0,1219256000.0,330727000.0,4685898144.0,90117000.0,-22437000.0,4511000.0,-3283000.0,0.0,1579000.0,-80135000.0,-42740000.0,172709000.0,-4036000.0,58583000.0,58583000.0,58583000.0,0.0,-14801000.0,0.113,336001000.0,86197000.0,95169000.0,0.0,3.129,21.193,21.019,458647000.0,0.0,68.1,2.284,2.284,351098000.0,-462703000.0,519968000.0,519968000.0,103024000.0,,,,,11560000.0,200590000.0,1.0,68809077.0,68792000,77993000.0,7.559,2047907000.0,220367000.0,33054000.0,165384000.0,29.77,157186000.0
10,CEPH,MRQ,2008-12-31,2008-12-31,2008-12-31,2019-05-23,43630000.0,3082942000.0,,1329522000.0,1753420000.0,,18.617,-4182000.0,524459000.0,524459000.0,99523000.0,-16042000.0,1.133,1.001,785310000.0,781618000.0,3692000.0,785310000.0,0.0,43685000.0,0.0,0.0,0.0,-1908000.0,41777000.0,0.077,41777000.0,-1908000.0,-15061000.0,0.07,0.05,0.07,1416680000.0,,1416680000.0,5452287255.0,24.0,13.535,-288836000.0,-3.796,1.0,440615000.0,0.816,1052664000.0,13153000.0,1118017000.0,,117297000.0,8081000.0,0.0,8081000.0,1417859000.0,1173112000.0,244747000.0,5273049255.0,-322136000.0,-23346000.0,-146000.0,-1650000.0,0.0,1446000.0,-28228000.0,-450000.0,-284654000.0,-10700000.0,5031000.0,5031000.0,5031000.0,0.0,-21073000.0,0.009,471374000.0,-30759000.0,87079000.0,0.0,3.722,27.327,27.127,467449000.0,0.0,77.04,2.671,2.969,409580000.0,-521286000.0,540138000.0,540138000.0,112039000.0,,,,,11372000.0,209041000.0,1.0,68445603.0,76097000,68018000.0,7.098,2030278000.0,270140000.0,-20092000.0,77932000.0,26.68,156410000.0
11,CEPH,MRQ,2008-09-30,2008-09-30,2008-09-30,2019-05-23,129294000.0,3655605000.0,,1588163000.0,2067442000.0,,23.079,-12791000.0,846595000.0,846595000.0,121477000.0,105598000.0,0.869,1.325,1025833000.0,1023104000.0,2729000.0,1025833000.0,0.0,44766000.0,0.0,0.0,0.0,58503000.0,103269000.0,0.207,103269000.0,58503000.0,39490000.0,1.55,1.34,1.55,1572094000.0,,1572094000.0,5620464085.0,19.0,12.04,149336000.0,2.192,1.0,377005000.0,0.756,1224413000.0,19013000.0,782275000.0,,115814000.0,0.0,0.0,0.0,2083511000.0,1828155000.0,255356000.0,5267870085.0,173224000.0,0.0,23623000.0,-964000.0,0.0,26771000.0,-12791000.0,0.0,162127000.0,-2883000.0,105598000.0,105598000.0,105598000.0,0.0,0.0,0.212,320220000.0,56785000.0,81323000.0,0.0,3.351,26.688,26.538,501575000.0,0.0,77.49,2.796,2.801,350280000.0,-413166000.0,498482000.0,498482000.0,88325000.0,,,,,10198000.0,222948000.0,1.0,67981289.0,68118000,78920000.0,7.318,2431192000.0,339233000.0,-66108000.0,72088000.0,35.691,-239992000.0
12,CEPH,MRQ,2008-06-30,2008-06-30,2008-06-30,2019-05-23,170647000.0,3456889000.0,,1328155000.0,2128734000.0,,21.526,-24603000.0,673371000.0,673371000.0,101318000.0,51891000.0,0.839,1.369,1025965000.0,823131000.0,202834000.0,1025965000.0,0.0,42429000.0,0.0,0.0,0.0,102892000.0,145321000.0,0.295,145321000.0,102892000.0,82103000.0,0.77,0.69,0.77,1458946000.0,,1458946000.0,4902441813.0,-133.0,39.171,31803000.0,0.469,1.0,391397000.0,0.794,1277095000.0,20789000.0,949081000.0,,114479000.0,0.0,0.0,0.0,1997943000.0,1583307000.0,414636000.0,4517807813.0,-182475000.0,0.0,8285000.0,-214100000.0,0.0,-205569000.0,-31374000.0,-6242000.0,56406000.0,-1938000.0,51891000.0,51891000.0,51891000.0,0.0,0.0,0.105,291874000.0,99523000.0,82265000.0,0.0,3.097,-21.016,-20.776,512449000.0,0.0,66.69,2.476,2.478,338142000.0,-525209000.0,492715000.0,492715000.0,80409000.0,,,,,10944000.0,209900000.0,1.0,67743407.0,67777000,74852000.0,7.27,2179794000.0,330529000.0,30212000.0,74577000.0,32.161,-255152000.0
13,CEPH,MRQ,2008-03-31,2008-03-31,2008-03-31,2019-05-23,179246000.0,3607420000.0,,1460891000.0,2146529000.0,,20.509,-18295000.0,855846000.0,855846000.0,89916000.0,30442000.0,0.813,1.599,1240480000.0,1037163000.0,203317000.0,1240480000.0,0.0,41577000.0,0.0,0.0,0.0,70889000.0,112466000.0,0.254,112466000.0,70889000.0,48611000.0,0.45,0.41,0.45,1387767000.0,,1387767000.0,4779682868.0,-46.0,100.807,45949000.0,0.679,1.0,353303000.0,0.797,1309207000.0,22278000.0,885391000.0,,117726000.0,0.0,0.0,0.0,2219653000.0,1797456000.0,422197000.0,4357394868.0,37177000.0,0.0,5253000.0,-1029000.0,0.0,4458000.0,-35745000.0,7596000.0,64244000.0,4220000.0,30442000.0,30442000.0,30442000.0,0.0,0.0,0.069,294334000.0,58969000.0,94547000.0,0.0,3.14,-16.069,-15.941,509933000.0,0.0,64.4,2.45,2.45,295035000.0,-585277000.0,443219000.0,443219000.0,81435000.0,,,,,10950000.0,198988000.0,1.0,67661411.0,67665000,74286000.0,6.55,2298213000.0,322618000.0,18169000.0,75860000.0,33.965,-336565000.0
14,CEPH,MRQ,2007-12-31,2007-12-31,2007-12-31,2019-05-23,148703000.0,3496526000.0,,1427572000.0,2068954000.0,,19.233,-25980000.0,818669000.0,818669000.0,93721000.0,9457000.0,0.712,1.706,1240957000.0,1237169000.0,3788000.0,1240957000.0,0.0,40152000.0,0.0,0.0,0.0,65591000.0,105743000.0,0.235,105743000.0,65591000.0,9997000.0,0.15,0.15,0.15,1292324000.0,,1292324000.0,5391291640.0,-103.0,60.612,84555000.0,1.258,1.0,356250000.0,0.792,1294343000.0,55594000.0,618681000.0,,98996000.0,7596000.0,7596000.0,0.0,2204202000.0,2005790000.0,198412000.0,4811615640.0,156687000.0,0.0,12548000.0,-951000.0,0.0,15656000.0,27988000.0,62062000.0,110535000.0,2508000.0,9457000.0,9457000.0,9457000.0,0.0,0.0,0.021,303896000.0,52354000.0,91437000.0,0.0,3.723,-21.25,-21.106,500396000.0,0.0,71.76,2.714,2.696,276776000.0,-633871000.0,449971000.0,449971000.0,95037000.0,,,,,11617000.0,207837000.0,1.0,67051500.0,67194000,67194000.0,6.697,2202183000.0,324020000.0,540000.0,56540000.0,32.774,-578218000.0
15,CEPH,MRQ,2007-09-30,2007-09-30,2007-09-30,2019-05-23,144860000.0,3398704000.0,,1365996000.0,2032708000.0,,18.315,-20604000.0,661982000.0,661982000.0,82258000.0,-306763000.0,0.684,1.773,1241658000.0,1237285000.0,4373000.0,1241658000.0,0.0,37765000.0,0.0,0.0,0.0,-276140000.0,-238375000.0,-0.544,-238375000.0,-276140000.0,-281800000.0,-4.58,-4.58,-4.58,1225808000.0,,1225808000.0,5428402734.0,-48.0,243.001,102899000.0,1.537,1.0,356163000.0,0.812,1315860000.0,5660000.0,664843000.0,,93399000.0,69101000.0,69101000.0,0.0,2172896000.0,1997677000.0,175219000.0,4885008734.0,-42016000.0,0.0,8170000.0,-943000.0,0.0,8480000.0,-180982000.0,-61226000.0,123503000.0,6983000.0,-306763000.0,-306763000.0,-306763000.0,0.0,0.0,-0.7,648983000.0,-292820000.0,74528000.0,0.0,3.985,-20.431,-20.522,481508000.0,0.0,73.06,2.703,2.706,302748000.0,-668310000.0,438421000.0,438421000.0,93527000.0,,,,,10289000.0,186456000.0,1.0,66862972.0,66931000,66931000.0,6.55,2082844000.0,307424000.0,24963000.0,66864000.0,31.119,-631681000.0
16,CEPH,MRQ,2007-06-30,2007-06-30,2007-06-30,2019-05-23,123296000.0,3297541000.0,,1469046000.0,1828495000.0,,22.444,-28899000.0,703998000.0,703998000.0,83166000.0,-4308000.0,0.906,1.211,1247392000.0,1237197000.0,10195000.0,1247392000.0,0.0,32849000.0,0.0,0.0,0.0,34731000.0,67580000.0,0.151,67580000.0,34731000.0,29714000.0,-0.06,-0.06,-0.06,1491295000.0,,1491295000.0,6002423499.0,19.0,13.253,63371000.0,0.954,1.0,364046000.0,0.814,1227867000.0,5017000.0,990965000.0,,201903000.0,7166000.0,7166000.0,0.0,1806246000.0,1622103000.0,184143000.0,5322275499.0,136568000.0,0.0,48726000.0,-1006000.0,0.0,54970000.0,-11805000.0,17094000.0,92270000.0,1133000.0,-4308000.0,-4308000.0,-4308000.0,0.0,0.0,-0.01,341645000.0,22401000.0,90699000.0,0.0,3.569,32.572,30.919,472642000.0,0.0,80.39,2.875,2.885,305313000.0,-361547000.0,447212000.0,447212000.0,96593000.0,,,,,12813000.0,189052000.0,1.0,66205691.0,66445000,66445000.0,6.731,2069674000.0,311206000.0,34022000.0,69032000.0,31.149,-153057000.0
17,CEPH,MRQ,2007-03-31,2007-03-31,2007-03-31,2019-05-23,111478000.0,3157958000.0,,1324170000.0,1833788000.0,,21.503,-21384000.0,567430000.0,567430000.0,86546000.0,75185000.0,0.984,1.232,1247578000.0,1023284000.0,224294000.0,1247578000.0,0.0,30592000.0,0.0,0.0,0.0,123408000.0,154000000.0,0.352,154000000.0,123408000.0,118813000.0,1.14,0.99,1.14,1414996000.0,,1414996000.0,5429675170.0,15.0,10.759,37164000.0,0.565,1.0,350488000.0,0.802,1242096000.0,4595000.0,1249856000.0,,189885000.0,11983000.0,11983000.0,0.0,1742962000.0,1346154000.0,396808000.0,4677883170.0,70918000.0,0.0,17351000.0,-953000.0,0.0,17829000.0,-8147000.0,13237000.0,58548000.0,2688000.0,75185000.0,75185000.0,75185000.0,0.0,0.0,0.172,236412000.0,114076000.0,77035000.0,0.0,3.306,21.446,20.404,457784000.0,0.0,71.21,2.537,2.541,307494000.0,-357239000.0,437034000.0,437034000.0,83958000.0,,,,,11616000.0,152454000.0,1.0,65691380.0,65806000,75835000.0,6.641,1915862000.0,306437000.0,43628000.0,68955000.0,29.114,-21984000.0
18,CEPH,MRQ,2006-12-31,2006-12-31,2006-12-31,2019-05-23,104357000.0,3045497000.0,,1108804000.0,1936693000.0,,21.543,-62795000.0,496512000.0,496512000.0,85497000.0,-3216000.0,0.805,1.326,1248304000.0,1023312000.0,224992000.0,1248304000.0,0.0,34099000.0,0.0,0.0,0.0,5035000.0,39134000.0,0.081,39134000.0,5035000.0,-364000.0,-0.06,-0.07,-0.06,1309460000.0,,1309460000.0,5358117474.0,21.0,13.782,5932000.0,0.098,1.0,399185000.0,0.824,1260204000.0,5399000.0,1159709000.0,,85239000.0,25212000.0,25212000.0,0.0,1736037000.0,1377376000.0,358661000.0,4292582474.0,-133851000.0,0.0,26712000.0,-186358000.0,0.0,-154369000.0,-50914000.0,12731000.0,68727000.0,2705000.0,-3216000.0,-3216000.0,-3216000.0,0.0,0.0,-0.007,353674000.0,45511000.0,90586000.0,0.0,3.278,29.299,29.095,453010000.0,0.0,70.41,2.433,2.415,270045000.0,-425256000.0,484682000.0,484682000.0,129340000.0,,,,,10371000.0,219334000.0,1.0,60965523.0,60783000,71925000.0,7.974,1785293000.0,302710000.0,2852000.0,72491000.0,29.372,-268572000.0
19,CEPH,MRQ,2006-09-30,2006-09-30,2006-09-30,2019-05-23,81124000.0,3127560000.0,,1281389000.0,1846171000.0,,16.082,-34577000.0,630363000.0,630363000.0,83160000.0,95741000.0,1.032,2.201,1695898000.0,933494000.0,762404000.0,1695898000.0,0.0,32629000.0,0.0,0.0,0.0,159567000.0,192196000.0,0.398,192196000.0,159567000.0,154818000.0,1.58,1.43,1.58,977167000.0,,977167000.0,5089252423.0,31.0,18.241,177673000.0,2.924,1.0,399173000.0,0.828,1271908000.0,4749000.0,1679190000.0,,164664000.0,37619000.0,37619000.0,0.0,2150393000.0,1241997000.0,908396000.0,3751056423.0,272621000.0,0.0,4832000.0,-935000.0,0.0,4283000.0,55771000.0,90348000.0,212250000.0,317000.0,95741000.0,95741000.0,95741000.0,0.0,0.0,0.198,247547000.0,151626000.0,63492000.0,0.0,3.839,22.355,22.133,391846000.0,0.0,61.75,2.321,2.322,234675000.0,-420347000.0,482333000.0,482333000.0,86439000.0,,,,,9758000.0,161108000.0,1.0,60745853.0,60762000,67072000.0,7.938,1855652000.0,335050000.0,59077000.0,87228000.0,30.54,39392000.0
20,CEPH,MRQ,2006-06-30,2006-06-30,2006-06-30,2019-05-23,68074000.0,2966399000.0,,1084764000.0,1881635000.0,,14.051,-30786000.0,357742000.0,357742000.0,89514000.0,50417000.0,0.898,2.476,1695938000.0,933403000.0,762535000.0,1695938000.0,0.0,32961000.0,0.0,0.0,0.0,86371000.0,119332000.0,0.271,119332000.0,86371000.0,82133000.0,0.83,0.76,0.83,853400000.0,,853400000.0,5057275085.0,79.0,30.045,41919000.0,0.69,1.0,350597000.0,0.797,1277276000.0,4238000.0,1819151000.0,,156225000.0,127748000.0,127748000.0,0.0,2112999000.0,1208168000.0,904831000.0,3650417085.0,68655000.0,0.0,198000.0,-671000.0,0.0,-580000.0,-15514000.0,125272000.0,72705000.0,12044000.0,50417000.0,50417000.0,50417000.0,0.0,0.0,0.115,268715000.0,81882000.0,50653000.0,0.0,4.277,36.0,34.942,368392000.0,0.0,60.1,2.53,2.53,232527000.0,-516088000.0,440111000.0,440111000.0,98999000.0,,,,,12822000.0,157299000.0,1.0,60739053.0,60738000,66654000.0,7.246,1689123000.0,383303000.0,31716000.0,86333000.0,27.81,-123404000.0
21,CEPH,MRQ,2006-03-31,2006-03-31,2006-03-31,2019-05-23,34881000.0,2935341000.0,,1154648000.0,1780693000.0,,12.671,-31759000.0,289087000.0,289087000.0,77939000.0,3567000.0,0.577,2.878,1695945000.0,1683614000.0,12331000.0,1695945000.0,0.0,29238000.0,0.0,0.0,0.0,8877000.0,38115000.0,0.107,38115000.0,8877000.0,4341000.0,0.06,0.05,0.06,756871000.0,,756871000.0,5107613719.0,-20.0,-30.805,-65524000.0,-1.097,1.0,279004000.0,0.782,1194376000.0,4536000.0,1145802000.0,,150471000.0,252384000.0,252384000.0,0.0,2178470000.0,2002021000.0,176449000.0,3616416719.0,84027000.0,0.0,107331000.0,-922000.0,0.0,128042000.0,-9719000.0,27040000.0,-33765000.0,-531000.0,3567000.0,3567000.0,3567000.0,0.0,0.0,0.01,261212000.0,17792000.0,87155000.0,0.0,4.778,-18.26,-17.721,346744000.0,0.0,60.25,2.806,2.792,225352000.0,-566505000.0,356943000.0,356943000.0,109461000.0,,,,,9856000.0,151751000.0,1.0,60023514.0,59734000,73508000.0,5.976,1740965000.0,408014000.0,774000.0,108876000.0,29.145,-847373000.0
22,CEPH,MRQ,2005-12-31,2005-12-31,2005-12-31,2019-05-23,32618000.0,2819206000.0,,1048837000.0,1770369000.0,,10.537,-54099000.0,205060000.0,205060000.0,107781000.0,18073000.0,0.82,3.605,1696257000.0,933160000.0,763097000.0,1696257000.0,0.0,19001000.0,0.0,0.0,0.0,-89644000.0,-70643000.0,-0.21,-70643000.0,-89644000.0,-95568000.0,0.32,0.32,0.32,612171000.0,,612171000.0,4871487200.0,-22.0,-37.497,63223000.0,1.088,1.0,228623000.0,0.68,1213925000.0,5924000.0,1817875000.0,,137886000.0,279030000.0,279030000.0,0.0,2207035000.0,1278603000.0,928432000.0,3760668200.0,-380216000.0,-365786000.0,6980000.0,-2155000.0,0.0,4825000.0,-499309000.0,-48617000.0,117322000.0,-3054000.0,18073000.0,18073000.0,18073000.0,0.0,0.0,0.054,297715000.0,-69092000.0,53699000.0,0.0,6.143,-21.495,-21.508,323830000.0,0.0,64.74,3.103,3.101,199086000.0,-570072000.0,336404000.0,336404000.0,115227000.0,,,,,5023000.0,151619000.0,1.0,58088789.0,58099000,58099000.0,5.79,1605281000.0,388065000.0,-113641000.0,110703000.0,27.63,-229766000.0
23,CEPH,MRQ,2005-09-30,2005-09-30,2005-09-30,2019-05-23,37858000.0,2690968000.0,,1189387000.0,1501581000.0,,10.115,-18114000.0,585276000.0,585276000.0,37629000.0,29343000.0,4.751,3.582,1696095000.0,3465000.0,1692630000.0,1696095000.0,1618000.0,23354000.0,0.0,0.0,0.0,58168000.0,81522000.0,0.263,81522000.0,58168000.0,50674000.0,0.51,0.5,0.51,587335000.0,,587335000.0,3750303957.0,-80.0,85.715,55157000.0,0.95,1.0,271907000.0,0.878,882525000.0,7494000.0,2668914000.0,,119342000.0,230348000.0,230348000.0,0.0,2103633000.0,250348000.0,1853285000.0,2695244957.0,-445056000.0,-69722000.0,23405000.0,-427531000.0,0.0,-404126000.0,-114215000.0,-23727000.0,73271000.0,14000.0,29343000.0,29343000.0,29343000.0,0.0,0.0,0.095,223033000.0,48874000.0,56795000.0,0.0,4.589,-23.453,-24.177,274020000.0,0.0,46.42,2.295,2.295,160362000.0,-588145000.0,309536000.0,309536000.0,91934000.0,,,,,5767000.0,103253000.0,1.0,58062149.0,58064000,59398000.0,5.331,1808443000.0,336912000.0,21331000.0,103879000.0,31.146,939039000.0
24,CEPH,MRQ,2005-06-30,2005-06-30,2005-06-30,2019-05-23,39434000.0,2992011000.0,,1601018000.0,1390993000.0,,51.546,-21673000.0,1030332000.0,1030332000.0,35350000.0,-249032000.0,6.523,0.813,2085391000.0,4299000.0,2081092000.0,2085391000.0,1718000.0,21026000.0,0.0,0.0,0.0,-235823000.0,-214797000.0,-0.751,-214797000.0,-235823000.0,-242089000.0,-4.29,-4.29,-4.29,2992011000.0,,2992011000.0,3008084322.0,-12.0,-18.363,-72697000.0,-1.252,1.0,250621000.0,0.876,782488000.0,6266000.0,3019156000.0,,109981000.0,207196000.0,207196000.0,0.0,2433529000.0,245426000.0,2188103000.0,2310039322.0,440070000.0,-130733000.0,194540000.0,435142000.0,0.0,629682000.0,-138484000.0,13538000.0,-51024000.0,-104000.0,-249032000.0,-249032000.0,-249032000.0,0.0,0.0,-0.871,494583000.0,-243962000.0,58659000.0,0.0,0.772,-7.464,-7.412,264397000.0,0.0,39.8,2.05,2.05,153868000.0,-617488000.0,285971000.0,285971000.0,82891000.0,,,,,2625000.0,101422000.0,1.0,58041189.0,58046000,58046000.0,4.927,2209523000.0,326105000.0,6943000.0,90689000.0,38.065,1355592000.0
25,CEPH,MRQ,2005-03-31,2005-03-31,2005-03-31,2019-05-23,51242000.0,2466961000.0,,1212491000.0,1254470000.0,,14.528,-24164000.0,590262000.0,590262000.0,41114000.0,26662000.0,5.188,1.928,1288307000.0,5655000.0,1282652000.0,1288307000.0,2446000.0,26586000.0,0.0,0.0,0.0,47416000.0,74002000.0,0.264,74002000.0,47416000.0,41865000.0,0.46,0.44,0.46,842541000.0,,842541000.0,3432864190.0,3193.0,46.117,21998000.0,0.379,1.0,238867000.0,0.853,800734000.0,5551000.0,2130543000.0,,95381000.0,219773000.0,219773000.0,0.0,1624420000.0,233729000.0,1390691000.0,2717584190.0,16018000.0,0.0,1341000.0,119000.0,0.0,1460000.0,-28472000.0,-3924000.0,46162000.0,-3132000.0,26662000.0,26662000.0,26662000.0,0.0,0.0,0.095,197645000.0,41222000.0,53816000.0,0.0,3.225,-39.464,-38.073,255644000.0,0.0,46.83,2.515,2.514,205447000.0,-368456000.0,279981000.0,279981000.0,80766000.0,,,,,3195000.0,98229000.0,1.0,58030839.0,57994000,65065000.0,4.828,1666227000.0,199304000.0,15203000.0,92702000.0,28.731,978762000.0
26,CEPH,MRQ,2004-12-31,2004-12-31,2004-12-31,2019-05-23,66943000.0,2396922000.0,,1165019000.0,1231903000.0,,14.37,-22961000.0,574244000.0,574244000.0,30374000.0,78105000.0,5.109,1.888,1289524000.0,5114000.0,1284410000.0,1289524000.0,0.0,19689000.0,0.0,0.0,0.0,83337000.0,103026000.0,0.345,103026000.0,83337000.0,78039000.0,1.4,1.4,1.4,830044000.0,,830044000.0,3625930631.0,-605.0,68.391,24041000.0,0.416,1.0,268625000.0,0.898,821936000.0,5298000.0,2062228000.0,,86629000.0,217432000.0,217432000.0,0.0,1566878000.0,228038000.0,1338840000.0,2935199631.0,-31748000.0,0.0,2103000.0,-5981000.0,0.0,-3878000.0,-82014000.0,-13590000.0,47002000.0,7142000.0,78105000.0,78105000.0,78105000.0,0.0,0.0,0.261,187204000.0,81421000.0,52488000.0,0.0,3.536,-39.765,-38.84,244834000.0,0.0,50.88,2.891,2.83,208225000.0,-395118000.0,298999000.0,298999000.0,75764000.0,,,,,6487000.0,95569000.0,1.0,57688672.0,57761000,57761000.0,5.176,1574986000.0,155757000.0,-66000.0,39119000.0,27.267,936981000.0
27,CEPH,MRQ,2004-09-30,2004-09-30,2004-09-30,2019-05-23,48541000.0,2298813000.0,,1115640000.0,1183173000.0,,12.883,-8433000.0,605992000.0,605992000.0,33782000.0,-165246000.0,6.129,2.176,1296723000.0,9403000.0,1287320000.0,1296723000.0,2634000.0,14567000.0,0.0,0.0,0.0,-140606000.0,-126039000.0,-0.481,-126039000.0,-140606000.0,-145782000.0,-2.94,-2.94,-2.94,723759000.0,,723759000.0,3074029458.0,-88.0,181.113,41810000.0,0.744,1.0,228185000.0,0.871,776128000.0,5176000.0,2031387000.0,,71466000.0,204534000.0,204534000.0,0.0,1575054000.0,182029000.0,1393025000.0,2714806458.0,-440002000.0,-482521000.0,428000.0,-32719000.0,0.0,-32291000.0,-459303000.0,31698000.0,50243000.0,1349000.0,-165246000.0,-165246000.0,-165246000.0,0.0,0.0,-0.631,343371000.0,-115186000.0,40330000.0,0.0,3.751,-22.493,-22.176,224523000.0,0.0,47.9,2.926,2.901,136503000.0,-473223000.0,261967000.0,261967000.0,67683000.0,,,,,1408000.0,76204000.0,1.0,56676544.0,56178000,56178000.0,4.663,1522685000.0,198697000.0,19464000.0,86251000.0,27.105,933611000.0
28,CEPH,MRQ,2004-06-30,2004-06-30,2004-06-30,2019-05-23,44726000.0,2397632000.0,,1455844000.0,941788000.0,,14.071,-9662000.0,1045994000.0,1045994000.0,29840000.0,-8383000.0,8.017,2.037,1405217000.0,41374000.0,1363843000.0,1405217000.0,1956000.0,12521000.0,0.0,0.0,0.0,10928000.0,23449000.0,0.098,23449000.0,10928000.0,5106000.0,-0.15,-0.15,-0.15,789520000.0,,789520000.0,3348294532.0,23.0,17.169,62315000.0,1.111,1.0,209637000.0,0.875,606843000.0,5822000.0,1968408000.0,,65724000.0,162836000.0,162836000.0,0.0,1608112000.0,181604000.0,1426508000.0,3029084532.0,-47243000.0,0.0,2975000.0,-2219000.0,0.0,756000.0,-120460000.0,-110777000.0,71977000.0,484000.0,-8383000.0,-8383000.0,-8383000.0,0.0,0.0,-0.035,200962000.0,8675000.0,35248000.0,0.0,3.837,45.329,45.763,136590000.0,0.0,54.0,3.54,3.541,97558000.0,-307977000.0,239477000.0,239477000.0,74043000.0,,,,,1977000.0,85202000.0,1.0,56094158.0,56110000,56110000.0,4.268,1790789000.0,204001000.0,13489000.0,44532000.0,31.916,1274240000.0
29,CEPH,MRQ,2004-03-31,2004-03-31,2004-03-31,2019-05-23,46322000.0,2391292000.0,,1394216000.0,997076000.0,,14.212,-9188000.0,1093237000.0,1093237000.0,25977000.0,21711000.0,8.327,2.01,1412447000.0,42328000.0,1370119000.0,1412447000.0,2079000.0,12239000.0,0.0,0.0,0.0,40343000.0,52582000.0,0.245,52582000.0,40343000.0,34453000.0,0.38,0.36,0.38,794547000.0,,794547000.0,3509940573.0,20.0,16.099,194000.0,0.003,1.0,189005000.0,0.879,615683000.0,5890000.0,1927390000.0,,64581000.0,53292000.0,53292000.0,0.0,1596745000.0,167429000.0,1429316000.0,3206585573.0,-22462000.0,0.0,5377000.0,-10986000.0,0.0,-5609000.0,-23437000.0,-14009000.0,9382000.0,-2798000.0,21711000.0,21711000.0,21711000.0,0.0,0.0,0.101,150481000.0,38524000.0,28694000.0,0.0,4.036,34.357,34.745,130853000.0,0.0,57.33,4.084,4.082,104557000.0,-299594000.0,214982000.0,214982000.0,56482000.0,,,,,3517000.0,82502000.0,1.0,55932070.0,55905000,65006000.0,3.845,1775609000.0,218206000.0,12742000.0,44922000.0,31.761,1226787000.0
30,CEPH,MRQ,2003-12-31,2003-12-31,2003-12-31,2019-05-23,52750000.0,2381656000.0,,1369930000.0,1011726000.0,,13.828,-11470000.0,1115699000.0,1115699000.0,27092000.0,31225000.0,9.95,2.092,1419054000.0,9637000.0,1409417000.0,1419054000.0,2158000.0,12577000.0,0.0,0.0,0.0,54404000.0,66981000.0,0.317,66981000.0,54404000.0,48073000.0,0.55,0.52,0.55,770370000.0,,770370000.0,3092724646.0,19.0,15.134,83010000.0,1.49,1.0,184148000.0,0.872,625214000.0,6331000.0,1922109000.0,,61249000.0,39464000.0,39464000.0,0.0,1611286000.0,137688000.0,1473598000.0,2694086646.0,83558000.0,0.0,-441000.0,-269541000.0,0.0,-11398000.0,-4472000.0,6998000.0,94480000.0,4948000.0,31225000.0,31225000.0,31225000.0,0.0,0.0,0.148,132804000.0,51344000.0,28591000.0,0.0,3.497,32.127,32.49,126442000.0,0.0,48.41,3.769,3.763,86348000.0,-321305000.0,211240000.0,211240000.0,50886000.0,,,,,-1697000.0,70403000.0,1.0,55651449.0,55710000,62813000.0,3.792,1756442000.0,226478000.0,16848000.0,45665000.0,31.528,1232242000.0
31,CEPH,MRQ,2003-09-30,2003-09-30,2003-09-30,2019-05-23,38950000.0,2336504000.0,,1306152000.0,1030352000.0,,13.091,-16437000.0,1032141000.0,1032141000.0,22584000.0,22272000.0,10.186,2.212,1430779000.0,14133000.0,1416646000.0,1430779000.0,2441000.0,10991000.0,0.0,0.0,0.0,41018000.0,52009000.0,0.274,52009000.0,41018000.0,34800000.0,0.4,0.37,0.4,727484000.0,,727484000.0,3103655566.0,23.0,17.198,49962000.0,0.899,1.0,167459000.0,0.881,630220000.0,6218000.0,1976689000.0,,59460000.0,46750000.0,46750000.0,0.0,1609020000.0,128233000.0,1480787000.0,2548578566.0,-30553000.0,0.0,2523000.0,-187423000.0,0.0,-184900000.0,86163000.0,102600000.0,66399000.0,1785000.0,22272000.0,22272000.0,22272000.0,0.0,0.0,0.117,119065000.0,48394000.0,30767000.0,0.0,3.503,13.231,13.301,115571000.0,0.0,45.89,3.934,3.936,99881000.0,-352530000.0,190043000.0,190043000.0,44541000.0,,,,,312000.0,63533000.0,1.0,55536687.0,55573000,64552000.0,3.42,1706284000.0,244487000.0,12528000.0,48140000.0,30.703,1177919000.0
32,CEPH,MRQ,2003-06-30,2003-06-30,2003-06-30,2019-05-23,36925000.0,2487695000.0,,1445579000.0,1042116000.0,,12.618,-6629000.0,1062694000.0,1062694000.0,22161000.0,18123000.0,12.315,2.552,1617771000.0,14177000.0,1603594000.0,1617771000.0,2520000.0,10926000.0,0.0,0.0,0.0,35523000.0,46449000.0,0.275,46449000.0,35523000.0,27703000.0,0.32,0.3,0.32,700352000.0,,700352000.0,2686683703.0,21.0,16.109,28509000.0,0.514,1.0,146666000.0,0.869,638063000.0,7820000.0,2287324000.0,,62388000.0,149923000.0,149923000.0,0.0,1787343000.0,117385000.0,1669958000.0,2278283703.0,595129000.0,0.0,178197000.0,716394000.0,0.0,636007000.0,-77299000.0,-70670000.0,35138000.0,1283000.0,18123000.0,18123000.0,18123000.0,0.0,0.0,0.107,115611000.0,31055000.0,39046000.0,0.0,3.253,11.97,12.038,101747000.0,0.0,41.05,3.873,3.874,101327000.0,-374802000.0,168827000.0,168827000.0,39139000.0,,,,,3740000.0,65546000.0,1.0,55500212.0,55504000,64435000.0,3.042,1849632000.0,254169000.0,9580000.0,51284000.0,33.324,1328194000.0
33,CEPH,MRQ,2003-03-31,2003-03-31,2003-03-31,2019-05-23,28153000.0,1708971000.0,,772388000.0,936583000.0,,11.895,-5917000.0,467565000.0,467565000.0,20538000.0,12238000.0,6.39,1.591,875965000.0,16122000.0,859843000.0,875965000.0,2666000.0,10641000.0,0.0,0.0,0.0,28274000.0,38915000.0,0.269,38915000.0,28274000.0,19738000.0,0.22,0.21,0.22,659604000.0,,659604000.0,2605780480.0,23.0,17.078,-1693000.0,-0.031,1.0,124159000.0,0.858,643995000.0,8536000.0,1352510000.0,,60924000.0,79189000.0,79189000.0,0.0,1049367000.0,120866000.0,928501000.0,2215578480.0,-18532000.0,0.0,861000.0,-2643000.0,0.0,-1782000.0,-21984000.0,-16067000.0,4224000.0,1010000.0,12238000.0,12238000.0,12238000.0,0.0,0.0,0.085,98903000.0,25256000.0,30435000.0,0.0,3.359,11.871,11.922,95104000.0,0.0,39.94,4.102,4.101,89473000.0,-392925000.0,144697000.0,144697000.0,33107000.0,,,,,813000.0,55155000.0,1.0,55472671.0,55452000,57090000.0,2.609,1064976000.0,171611000.0,7500000.0,53232000.0,19.205,651522000.0
34,CEPH,MRQ,2002-12-31,2002-12-31,2002-12-31,2019-05-23,25046000.0,1689090000.0,,785980000.0,903110000.0,,11.623,-6836000.0,486097000.0,486097000.0,25418000.0,139994000.0,6.569,1.629,876299000.0,15402000.0,860897000.0,876299000.0,2680000.0,10406000.0,0.0,0.0,0.0,32690000.0,43096000.0,0.299,43096000.0,32690000.0,23880000.0,2.51,2.22,2.51,642585000.0,,642585000.0,3084272869.0,32.0,23.265,11206000.0,0.203,1.0,118888000.0,0.824,650488000.0,8810000.0,1309157000.0,,54299000.0,96591000.0,96591000.0,0.0,1046505000.0,119647000.0,926858000.0,2685792869.0,-5168000.0,0.0,3000.0,-14568000.0,0.0,-14565000.0,-15040000.0,47725000.0,18042000.0,6395000.0,139994000.0,139994000.0,139994000.0,0.0,0.0,0.97,89109000.0,29779000.0,23089000.0,0.0,4.18,15.658,15.802,90066000.0,0.0,48.67,5.298,5.291,83130000.0,-405163000.0,144306000.0,144306000.0,30995000.0,,,,,42448000.0,47708000.0,1.0,55183745.0,55284000,66856000.0,2.61,1038602000.0,170072000.0,-116114000.0,52666000.0,18.787,666333000.0
35,CEPH,MRQ,2002-09-30,2002-09-30,2002-09-30,2019-05-23,15757000.0,1491884000.0,,766335000.0,725549000.0,,8.178,-13920000.0,491265000.0,491265000.0,19502000.0,19976000.0,7.625,2.309,889745000.0,18544000.0,871201000.0,889745000.0,6130000.0,8716000.0,0.0,0.0,0.0,29602000.0,38318000.0,0.294,38318000.0,29602000.0,21476000.0,0.36,0.35,0.36,450851000.0,,450851000.0,2749520699.0,328.0,73.962,40383000.0,0.733,1.0,110861000.0,0.85,605960000.0,8126000.0,1183895000.0,,49479000.0,145362000.0,145362000.0,0.0,1041033000.0,100509000.0,940524000.0,2249238699.0,99479000.0,0.0,697000.0,-2590000.0,0.0,-1893000.0,45498000.0,59240000.0,54303000.0,1571000.0,19976000.0,19976000.0,19976000.0,0.0,0.0,0.153,84655000.0,26206000.0,24847000.0,0.0,4.989,-68.136,-53.013,82957000.0,0.0,40.82,5.141,5.144,70543000.0,-545157000.0,130363000.0,130363000.0,30725000.0,,,,,1067000.0,45215000.0,1.0,55101389.0,55128000,56730000.0,2.365,885924000.0,0.0,1500000.0,52666000.0,16.07,665826000.0
36,CEPH,MRQ,2002-06-30,2002-06-30,2002-06-30,2019-05-23,13475000.0,1407315000.0,,738658000.0,668657000.0,,7.751,-3534000.0,391786000.0,391786000.0,15472000.0,14429000.0,8.02,2.297,892068000.0,20646000.0,871422000.0,892068000.0,6264000.0,8042000.0,0.0,0.0,0.0,24211000.0,32253000.0,0.267,32253000.0,24211000.0,14429000.0,0.26,0.25,0.26,426829000.0,,426829000.0,2926766765.0,416.0,95.189,18071000.0,0.328,1.0,105255000.0,0.872,559549000.0,9782000.0,1255949000.0,,49173000.0,202914000.0,202914000.0,0.0,980486000.0,92099000.0,888387000.0,2489318765.0,-64237000.0,0.0,877000.0,-4210000.0,0.0,-3333000.0,-84842000.0,-62624000.0,21605000.0,2333000.0,14429000.0,14429000.0,14429000.0,0.0,0.0,0.12,84354000.0,20901000.0,30781000.0,0.0,5.832,-79.076,-64.571,70872000.0,0.0,45.2,6.367,6.367,83211000.0,-565133000.0,120727000.0,120727000.0,31401000.0,,,,,1039000.0,44911000.0,1.0,55073424.0,55071000,57033000.0,2.192,847766000.0,0.0,0.0,0.0,15.394,646559000.0
37,CEPH,MRQ,2002-03-31,2002-03-31,2002-03-31,2019-05-23,1513000.0,1370552000.0,,726402000.0,644150000.0,,7.251,-3038000.0,456023000.0,456023000.0,13845000.0,-2871000.0,8.768,2.439,893471000.0,21359000.0,872112000.0,893471000.0,6862000.0,8293000.0,0.0,0.0,0.0,10612000.0,18905000.0,0.17,18905000.0,10612000.0,-886000.0,-0.05,-0.05,-0.05,398522000.0,,398522000.0,3589862551.0,-186.0,-32635.114,5633000.0,0.102,1.0,97656000.0,0.876,541828000.0,11498000.0,1183324000.0,,44765000.0,138028000.0,138028000.0,0.0,972030000.0,82848000.0,889182000.0,3185845551.0,-92704000.0,0.0,2017000.0,-11144000.0,0.0,-9127000.0,-91380000.0,-83368000.0,8671000.0,-868000.0,-2871000.0,-2871000.0,-2871000.0,0.0,0.0,-0.026,78400000.0,19256000.0,15523000.0,0.0,7.994,-61.019,-57.798,66561000.0,0.0,63.0,9.76,10.608,78333000.0,-579562000.0,111501000.0,111501000.0,29823000.0,,,,,1405000.0,40284000.0,1.0,50568977.0,54963000,57304000.0,2.029,828724000.0,0.0,1985000.0,0.0,15.078,643554000.0
38,CEPH,MRQ,2001-12-31,2001-12-31,2001-12-31,2019-05-23,2273000.0,1446408000.0,,739116000.0,707292000.0,,7.603,-4786000.0,548727000.0,548727000.0,13034000.0,-64545000.0,6.624,2.628,898789000.0,32200000.0,866589000.0,898789000.0,6866000.0,3736000.0,0.0,0.0,0.0,-56037000.0,-52301000.0,-0.698,-52301000.0,-56037000.0,-64545000.0,-1.34,-1.34,-1.34,398731000.0,,398731000.0,4226020282.0,-121.0,-206.955,1708000.0,0.033,1.0,61868000.0,0.826,599846000.0,8508000.0,1085039000.0,,47513000.0,55157000.0,55157000.0,0.0,1047677000.0,111585000.0,936092000.0,3822003282.0,506560000.0,-447717000.0,3903000.0,622911000.0,0.0,626814000.0,-127041000.0,346525000.0,6494000.0,293000.0,-64545000.0,-64545000.0,-64545000.0,0.0,0.0,-0.862,68282000.0,-6414000.0,24536000.0,0.0,9.585,-62.504,-59.512,64706000.0,0.0,75.58,14.588,13.931,79847000.0,-576691000.0,74902000.0,74902000.0,23216000.0,,,,,1399000.0,21280000.0,1.0,50568977.0,52441000,43675000.0,1.428,846562000.0,0.0,0.0,52666000.0,16.143,627531000.0
39,CEPH,MRQ,2001-09-30,2001-09-30,2001-09-30,2019-05-23,2555000.0,688263000.0,,509953000.0,178310000.0,,3.893,-2950000.0,42167000.0,42167000.0,14341000.0,21577000.0,10.966,2.517,446184000.0,5702000.0,440482000.0,446184000.0,6684000.0,3647000.0,0.0,0.0,0.0,28243000.0,31890000.0,0.38,31890000.0,28243000.0,21577000.0,0.43,0.4,0.43,195682000.0,,195682000.0,2826060522.0,-98.0,-166.976,25240000.0,0.502,1.0,69481000.0,0.829,127609000.0,6666000.0,918170000.0,,30096000.0,402217000.0,402217000.0,0.0,492581000.0,46501000.0,446080000.0,2498895522.0,-78465000.0,0.0,574000.0,-2340000.0,0.0,-1907000.0,-104036000.0,-101086000.0,28190000.0,-712000.0,21577000.0,21507000.0,21507000.0,0.0,0.0,0.257,46206000.0,23275000.0,5010000.0,0.0,12.77,-48.166,-38.369,35660000.0,70000.0,49.88,10.97,11.008,29873000.0,-512146000.0,83822000.0,83822000.0,19307000.0,,,,,1716000.0,23236000.0,1.0,50098146.0,50269000,53412000.0,1.667,560654000.0,0.0,0.0,0.0,11.153,463452000.0
40,CEPH,MRQ,2001-06-30,2001-06-30,2001-06-30,2019-05-23,2295000.0,665945000.0,,486725000.0,179220000.0,,3.6,-3356000.0,120632000.0,120632000.0,9273000.0,-6302000.0,10.736,2.876,447797000.0,6084000.0,441713000.0,447797000.0,8153000.0,3562000.0,0.0,0.0,0.0,-2166000.0,1396000.0,0.025,1396000.0,-2166000.0,-6302000.0,-0.13,-0.13,-0.13,171831000.0,,171831000.0,3536714067.0,-48.0,-55.629,-12054000.0,-0.253,1.0,46926000.0,0.835,130073000.0,4136000.0,817703000.0,,31492000.0,300159000.0,300159000.0,0.0,494114000.0,45334000.0,448780000.0,3494143067.0,64452000.0,0.0,6232000.0,336878000.0,0.0,338720000.0,-265567000.0,-262211000.0,-8698000.0,-3000.0,-6302000.0,-6302000.0,-6302000.0,0.0,0.0,-0.112,51747000.0,-4821000.0,2939000.0,0.0,20.335,-38.531,-32.791,33529000.0,0.0,70.5,20.312,19.559,30101000.0,-533653000.0,56199000.0,56199000.0,20894000.0,,,,,1806000.0,27291000.0,1.0,49562313.0,47725000,47725000.0,1.178,535872000.0,0.0,0.0,0.0,11.228,441391000.0
41,CEPH,MRQ,2001-03-31,2001-03-31,2001-03-31,2019-05-23,2296000.0,312701000.0,,147098000.0,165603000.0,,3.958,-1389000.0,56180000.0,56180000.0,8298000.0,-11808000.0,1.832,0.849,98751000.0,43722000.0,55029000.0,98751000.0,10857000.0,3489000.0,0.0,0.0,0.0,-10488000.0,-6999000.0,-0.149,-6999000.0,-10488000.0,-11808000.0,-0.28,-0.28,-0.28,169128000.0,,169128000.0,2132548148.0,-25.0,-27.145,-15101000.0,-0.353,1.0,38774000.0,0.824,132933000.0,1320000.0,142027000.0,,26731000.0,37946000.0,37946000.0,0.0,143573000.0,80312000.0,63261000.0,2071031148.0,19609000.0,0.0,13883000.0,-669000.0,0.0,10948000.0,21583000.0,22972000.0,-13712000.0,790000.0,-11808000.0,-11808000.0,-11808000.0,0.0,0.0,-0.251,47465000.0,-8691000.0,3829000.0,0.0,12.245,-20.713,-19.943,30776000.0,0.0,48.063,14.877,14.754,23058000.0,-527351000.0,47072000.0,47072000.0,19611000.0,,,,,1711000.0,24365000.0,1.0,43090375.0,42732000,42732000.0,1.102,179768000.0,0.0,0.0,0.0,4.207,66786000.0
42,CEPH,MRQ,2000-12-31,2000-12-31,2000-12-31,2019-05-23,1401000.0,308435000.0,,141029000.0,167406000.0,,3.764,-1566000.0,36571000.0,36571000.0,6120000.0,-46215000.0,1.746,0.867,98088000.0,42950000.0,55138000.0,98088000.0,8620000.0,1297000.0,0.0,0.0,0.0,-44509000.0,-43212000.0,-1.062,-43212000.0,-44509000.0,-46215000.0,-1.32,-1.32,-1.32,165193000.0,,165193000.0,2620861430.0,-27.0,-28.474,-41864000.0,-0.954,1.0,34574000.0,0.85,135794000.0,1706000.0,153391000.0,,20161000.0,60813000.0,60813000.0,0.0,143242000.0,80767000.0,62475000.0,2621604430.0,4733000.0,0.0,12612000.0,-342000.0,0.0,10004000.0,35462000.0,69805000.0,-40298000.0,-435000.0,-46215000.0,-55278000.0,-55278000.0,0.0,0.0,-1.358,88918000.0,-54344000.0,3590000.0,0.0,15.87,-23.781,-23.449,29730000.0,9063000.0,63.313,23.451,23.16,21905000.0,-515543000.0,40694000.0,40694000.0,19975000.0,,,,,1901000.0,24972000.0,1.0,41407375.0,43893000,43893000.0,0.927,172641000.0,0.0,0.0,0.0,3.933,60262000.0
43,CEPH,MRQ,2000-09-30,2000-09-30,2000-09-30,2019-05-23,1829000.0,188436000.0,,160704000.0,27732000.0,,3.644,-1315000.0,16300000.0,16300000.0,5427000.0,-17296000.0,6.63,0.252,15557000.0,2043000.0,13514000.0,15557000.0,0.0,1180000.0,0.0,0.0,0.0,-15942000.0,-14762000.0,-0.526,-14762000.0,-15942000.0,-17296000.0,-0.42,-0.42,-0.42,150504000.0,,150504000.0,1678499418.0,-20.0,-20.796,-28474000.0,-0.689,1.0,22629000.0,0.807,0.0,1354000.0,163453000.0,,16843000.0,111040000.0,111040000.0,0.0,37932000.0,24240000.0,13692000.0,1692046418.0,-13764000.0,0.0,3112000.0,-1106000.0,0.0,-260000.0,12995000.0,14310000.0,-27159000.0,660000.0,-17296000.0,-17296000.0,-17296000.0,0.0,0.0,-0.616,38567000.0,-15938000.0,3227000.0,0.0,11.243,-18.425,-22.986,26038000.0,0.0,48.5,17.626,20.865,13767000.0,-382121000.0,28056000.0,28056000.0,17446000.0,,,,,1562000.0,19941000.0,1.0,34887555.0,41298000,41298000.0,0.679,188436000.0,0.0,0.0,0.0,4.563,136464000.0
44,CEPH,MRQ,2000-06-30,2000-06-30,2000-06-30,2019-05-23,816000.0,203687000.0,,176895000.0,26792000.0,,3.974,-3675000.0,29010000.0,29010000.0,4153000.0,-15607000.0,6.031,0.268,15463000.0,1977000.0,13486000.0,15463000.0,0.0,965000.0,0.0,0.0,0.0,-14552000.0,-13587000.0,-0.581,-13587000.0,-14552000.0,-15607000.0,-0.39,-0.39,-0.39,160673000.0,,160673000.0,2032816995.0,-26.0,-25.996,-15887000.0,-0.393,1.0,19232000.0,0.822,0.0,1055000.0,160810000.0,,14465000.0,121377000.0,121377000.0,0.0,43014000.0,29330000.0,13684000.0,2031699995.0,4204000.0,0.0,9094000.0,-838000.0,0.0,5991000.0,9777000.0,32302000.0,-12212000.0,648000.0,-15607000.0,-15607000.0,-15607000.0,0.0,0.0,-0.667,38182000.0,-18950000.0,7365000.0,0.0,12.645,-22.814,-27.72,24339000.0,0.0,59.875,25.558,30.449,11017000.0,-368066000.0,23385000.0,23385000.0,16061000.0,,,,,1554000.0,21156000.0,1.0,33932359.0,40427000,40427000.0,0.578,203687000.0,0.0,0.0,0.0,5.038,147565000.0
45,CEPH,MRQ,2000-03-31,2000-03-31,2000-03-31,2019-05-23,184000.0,196399000.0,,174237000.0,22162000.0,,4.048,-906000.0,14281000.0,14281000.0,2068000.0,-22060000.0,8.617,0.239,15398000.0,1879000.0,13519000.0,15398000.0,0.0,503000.0,0.0,0.0,0.0,-22060000.0,-21557000.0,-1.097,-21557000.0,-22060000.0,-22060000.0,-0.56,-0.56,-0.56,158453000.0,,158453000.0,1280213725.0,-17.0,-17.085,-27729000.0,-0.708,1.0,17587000.0,0.895,0.0,0.0,177296000.0,,11747000.0,140821000.0,140821000.0,0.0,37946000.0,20220000.0,17726000.0,1247425725.0,16500000.0,0.0,11801000.0,-30480000.0,0.0,-20945000.0,64126000.0,70032000.0,-26823000.0,142000.0,-22060000.0,-22060000.0,-22060000.0,0.0,0.0,-1.122,32740000.0,-15153000.0,2969000.0,0.0,7.873,-14.684,-17.281,20478000.0,0.0,37.5,18.658,21.953,5908000.0,-358972000.0,19655000.0,19655000.0,14581000.0,,,,,1499000.0,17656000.0,1.0,33264686.0,39141000,39141000.0,0.502,196399000.0,0.0,0.0,0.0,5.018,154017000.0
46,CEPH,MRQ,1999-12-31,1999-12-31,1999-12-31,2019-05-23,566000.0,312262000.0,,286128000.0,26134000.0,,6.431,-958000.0,24898000.0,24898000.0,2208000.0,-37976000.0,4.79,0.353,47940000.0,32239000.0,15701000.0,47940000.0,2578000.0,-1206000.0,0.0,0.0,0.0,-29599000.0,-30805000.0,-1.237,-30805000.0,-29599000.0,-37976000.0,-0.74,-0.74,-0.74,230783000.0,,230783000.0,1127423217.0,-15.0,-15.574,-21160000.0,-0.59,1.0,22691000.0,0.911,0.0,8377000.0,275565000.0,,4258000.0,247442000.0,247442000.0,0.0,81479000.0,59739000.0,21740000.0,1119874217.0,-64474000.0,0.0,2034000.0,-158000.0,0.0,-713000.0,-43727000.0,-42769000.0,-20202000.0,168000.0,-37976000.0,-36869000.0,-36869000.0,0.0,0.0,-1.481,49166000.0,-26475000.0,6631000.0,0.0,4.852,-13.52,-14.962,22467000.0,-1107000.0,34.563,21.773,24.115,7534000.0,-405302000.0,24899000.0,24899000.0,23533000.0,,,,,486000.0,23554000.0,1.0,32401424.0,35887000,35887000.0,0.694,312262000.0,0.0,0.0,0.0,8.701,226389000.0
47,CEPH,MRQ,1999-09-30,1999-09-30,1999-09-30,2019-05-23,0.0,245866000.0,,222843000.0,23023000.0,,6.014,-28000.0,33483000.0,33483000.0,874000.0,-13412000.0,12.502,0.33,41032000.0,1844000.0,39188000.0,41032000.0,0.0,1163000.0,0.0,0.0,0.0,-13412000.0,-12249000.0,-1.06,-12249000.0,-13412000.0,-13412000.0,-0.47,-0.47,-0.47,184851000.0,,184851000.0,579012660.0,-8.0,-8.051,-22351000.0,-0.727,1.0,10682000.0,0.924,0.0,0.0,235591000.0,,3724000.0,179865000.0,179865000.0,0.0,61015000.0,17824000.0,43191000.0,553839660.0,18294000.0,0.0,30291000.0,-455000.0,0.0,150188000.0,-109527000.0,-109499000.0,-22323000.0,-44000.0,-13412000.0,-14519000.0,-14519000.0,0.0,0.0,-1.256,23538000.0,-12856000.0,3166000.0,0.0,2.996,-7.293,-7.965,19881000.0,1107000.0,18.0,16.726,16.71,3432000.0,-319754000.0,11556000.0,11556000.0,11207000.0,,,,,395000.0,12331000.0,1.0,30768870.0,30739090,30739090.0,0.376,245866000.0,0.0,0.0,0.0,7.998,205019000.0
48,CEPH,MRQ,1999-06-30,1999-06-30,1999-06-30,2019-05-23,0.0,117354000.0,,94340000.0,23014000.0,,1.67,-20000.0,15189000.0,15189000.0,651000.0,-11501000.0,3.576,1.423,40362000.0,1677000.0,38685000.0,40362000.0,0.0,1179000.0,0.0,0.0,0.0,-11501000.0,-10322000.0,-0.96,-10322000.0,-11501000.0,-11501000.0,-0.4,-0.4,-0.4,48439000.0,,48439000.0,537583653.0,-7.0,-7.406,-7420000.0,-0.256,1.0,10098000.0,0.939,0.0,0.0,116148000.0,,3680000.0,70366000.0,70366000.0,0.0,68915000.0,26379000.0,42536000.0,502558653.0,6562000.0,0.0,14886000.0,-394000.0,0.0,14492000.0,-506000.0,-486000.0,-7400000.0,-24000.0,-11501000.0,-11501000.0,-11501000.0,0.0,0.0,-1.07,20346000.0,-10248000.0,6384000.0,0.0,10.375,-6.675,-7.654,19745000.0,0.0,17.375,20.657,20.71,3794000.0,-305235000.0,10749000.0,10749000.0,10180000.0,,,,,171000.0,10166000.0,1.0,28924239.0,28998290,28998290.0,0.371,117354000.0,0.0,0.0,0.0,4.047,67961000.0
49,CEPH,MRQ,1999-03-31,1999-03-31,1999-03-31,2019-05-23,0.0,108407000.0,,84833000.0,23574000.0,,1.554,-23000.0,5118000.0,5118000.0,188000.0,-19941000.0,3.962,1.42,40143000.0,1640000.0,38503000.0,40143000.0,0.0,927000.0,0.0,0.0,0.0,-19941000.0,-19014000.0,-4.495,-19014000.0,-19941000.0,-19941000.0,-0.69,-0.69,-0.69,44792000.0,,44792000.0,264924743.0,-3.0,-3.584,-18469000.0,-0.641,1.0,4042000.0,0.956,0.0,0.0,122021000.0,,195000.0,73389000.0,73389000.0,0.0,63615000.0,21411000.0,42204000.0,252179743.0,1143000.0,0.0,20000.0,29518000.0,0.0,29538000.0,-10041000.0,-10018000.0,-18446000.0,92000.0,-19941000.0,-19941000.0,-19941000.0,0.0,0.0,-4.714,23586000.0,-19544000.0,2677000.0,0.0,5.63,-3.301,-3.788,20169000.0,0.0,8.75,14.841,14.84,1351000.0,-293734000.0,4230000.0,4230000.0,9972000.0,,,,,424000.0,13614000.0,1.0,28820542.0,28819187,28819187.0,0.147,108407000.0,0.0,0.0,0.0,3.762,63422000.0
50,CEPH,MRQ,1998-12-31,1998-12-31,1998-12-31,2019-05-23,-79000.0,94673000.0,,72594000.0,22079000.0,,1.739,-111000.0,7484000.0,7484000.0,54000.0,-29981000.0,3.928,0.644,16720000.0,1624000.0,15096000.0,16720000.0,0.0,1106000.0,0.0,0.0,0.0,-31438000.0,-30332000.0,-4.612,-30332000.0,-31438000.0,-29981000.0,-0.7,-0.7,-0.7,57602000.0,,57602000.0,271773057.0,-4.0,-3.968,-27080000.0,-0.817,1.0,6523000.0,0.992,0.0,-1457000.0,85429000.0,,38000.0,59862000.0,59862000.0,0.0,37071000.0,18480000.0,18591000.0,258477057.0,22481000.0,0.0,66588000.0,-894000.0,0.0,65694000.0,-16226000.0,-16115000.0,-26969000.0,-18000.0,-29981000.0,-29981000.0,-29981000.0,0.0,0.0,-4.558,38267000.0,-31744000.0,3558000.0,0.0,4.487,-3.634,-4.186,20505000.0,0.0,9.0,15.828,18.258,3887000.0,-273793000.0,6577000.0,6577000.0,18915000.0,,,,,617000.0,19352000.0,1.0,28719673.0,33129000,33129000.0,0.199,94673000.0,0.0,0.0,0.0,2.858,54114000.0
51,CEPH,MRQ,1998-09-30,1998-09-30,1998-09-30,2019-05-23,0.0,108900000.0,,86210000.0,22690000.0,,2.494,-69000.0,3717000.0,3717000.0,0.0,-13869000.0,4.586,0.524,17013000.0,1605000.0,15408000.0,17013000.0,0.0,507000.0,0.0,0.0,0.0,-13423000.0,-12916000.0,-4.658,-12916000.0,-13423000.0,-13869000.0,-0.48,-0.48,-0.48,71467000.0,,71467000.0,207204983.0,-4.0,-4.01,-9952000.0,-0.347,1.0,2773000.0,1.0,0.0,446000.0,103398000.0,,0.0,77665000.0,77665000.0,0.0,37433000.0,18798000.0,18635000.0,209363983.0,-16028000.0,0.0,15000.0,-418000.0,0.0,-403000.0,-5742000.0,-5673000.0,-9883000.0,0.0,-13869000.0,-13869000.0,-13869000.0,0.0,0.0,-5.001,17634000.0,-14861000.0,2331000.0,0.0,2.93,-3.793,-3.712,21163000.0,0.0,7.313,11.15,11.16,0.0,-259529000.0,2773000.0,2773000.0,10712000.0,,,,,530000.0,6922000.0,1.0,28630972.0,28655804,28655804.0,0.097,108900000.0,0.0,0.0,0.0,3.8,67412000.0
52,CEPH,MRQ,1998-06-30,1998-06-30,1998-06-30,2019-05-23,0.0,121224000.0,,98371000.0,22853000.0,,2.963,-79000.0,19745000.0,19745000.0,0.0,-12615000.0,5.591,0.435,17586000.0,1596000.0,15990000.0,17586000.0,0.0,502000.0,0.0,0.0,0.0,-12159000.0,-11657000.0,-3.416,-11657000.0,-12159000.0,-12615000.0,-0.44,-0.44,-0.44,84490000.0,,84490000.0,230830775.0,-4.0,-4.572,-11372000.0,-0.399,1.0,3412000.0,1.0,0.0,456000.0,101472000.0,,0.0,71992000.0,71992000.0,0.0,36734000.0,17593000.0,19141000.0,223990775.0,7165000.0,0.0,87000.0,-373000.0,0.0,-286000.0,18744000.0,18823000.0,-11293000.0,0.0,-12615000.0,-12615000.0,-12615000.0,0.0,0.0,-3.697,17080000.0,-13668000.0,2029000.0,0.0,2.651,-4.187,-4.018,21334000.0,0.0,7.875,10.872,10.899,0.0,-245660000.0,3412000.0,3412000.0,10353000.0,,,,,533000.0,6727000.0,1.0,28443273.0,28514180,28514180.0,0.12,121224000.0,0.0,0.0,0.0,4.251,80778000.0
53,CEPH,MRQ,1998-03-31,1998-03-31,1998-03-31,2019-05-23,0.0,134760000.0,,110930000.0,23830000.0,,3.436,-425000.0,12580000.0,12580000.0,0.0,-14659000.0,6.144,0.407,19420000.0,1448000.0,17972000.0,19420000.0,0.0,521000.0,0.0,0.0,0.0,-14104000.0,-13583000.0,-3.807,-13583000.0,-14104000.0,-14659000.0,-0.53,-0.53,-0.53,95762000.0,,95762000.0,416838650.0,-7.0,-7.279,-16054000.0,-0.576,1.0,3568000.0,1.0,0.0,555000.0,123546000.0,,0.0,90815000.0,90815000.0,0.0,38998000.0,18054000.0,20944000.0,397788650.0,2309000.0,0.0,304000.0,-326000.0,0.0,-22000.0,17960000.0,18385000.0,-15629000.0,0.0,-14659000.0,-14659000.0,-14659000.0,0.0,0.0,-4.108,19143000.0,-15575000.0,2978000.0,0.0,4.154,-6.636,-6.14,21757000.0,0.0,14.0,18.87,18.51,0.0,-233045000.0,3568000.0,3568000.0,11974000.0,,,,,403000.0,7169000.0,1.0,28413475.0,27870715,27870715.0,0.128,134760000.0,0.0,0.0,0.0,4.835,92876000.0
54,CEPH,MRQ,1997-12-31,1997-12-31,1997-12-31,2019-05-23,-44000.0,151208000.0,,127151000.0,24057000.0,,3.721,-316000.0,10271000.0,10271000.0,0.0,-14058000.0,6.193,0.507,29321000.0,1734000.0,27587000.0,29321000.0,0.0,539000.0,0.0,0.0,0.0,-14058000.0,-13519000.0,-1.498,-13519000.0,-14058000.0,-14058000.0,-0.52,-0.52,-0.52,100338000.0,,100338000.0,,,,-13563000.0,-0.503,1.0,9024000.0,1.0,0.0,0.0,149725000.0,,0.0,109200000.0,109200000.0,0.0,50870000.0,20533000.0,30337000.0,323203278.0,17475000.0,0.0,827000.0,-428000.0,0.0,399000.0,30323000.0,30639000.0,-13247000.0,0.0,-14058000.0,-14058000.0,-14058000.0,0.0,0.0,-1.558,24337000.0,-15313000.0,2724000.0,0.0,3.221,-5.349,-4.82,21853000.0,0.0,11.375,13.967,12.603,5039000.0,-218386000.0,9024000.0,9024000.0,13730000.0,,,,,-500000.0,10607000.0,1.0,28413475.0,26968332,26968332.0,0.335,151208000.0,0.0,0.0,0.0,5.607,106618000.0
55,CEPH,MRQ,1997-09-30,1997-09-30,1997-09-30,2019-05-23,,,,,,,,-207000.0,,,0.0,-12159000.0,,,,,,,,429000.0,,0.0,0.0,-12159000.0,-11730000.0,-2.551,-11730000.0,-12159000.0,-12159000.0,-0.47,-0.47,-0.47,,,,,,,-12580000.0,-0.489,1.0,4599000.0,1.0,,0.0,,,,,,,,,,,3363000.0,0.0,96000.0,-411000.0,0.0,-315000.0,16051000.0,16258000.0,-12373000.0,0.0,-12159000.0,-12159000.0,-12159000.0,0.0,0.0,-2.644,17718000.0,-13119000.0,,0.0,,,,,0.0,11.75,,,,,4599000.0,4599000.0,10111000.0,,,,,661000.0,7607000.0,1.0,,25742380,25742380.0,0.179,,,0.0,,,
56,CEPH,MRQ,1997-06-30,1997-06-30,1997-06-30,2019-05-23,,,,,,,,-34000.0,,,0.0,-19072000.0,,,,,,,,638000.0,,0.0,0.0,-19072000.0,-18434000.0,-4.74,-18434000.0,-19072000.0,-19072000.0,-0.76,-0.76,-0.76,,,,,,,-12429000.0,-0.495,1.0,3889000.0,1.0,,0.0,,,,,,,,,,,8624000.0,0.0,799000.0,29615000.0,0.0,30414000.0,-9395000.0,-9361000.0,-12395000.0,0.0,-19072000.0,-19072000.0,-19072000.0,0.0,0.0,-4.904,24402000.0,-20513000.0,,0.0,,,,,0.0,11.5,,,,,3889000.0,3889000.0,14569000.0,,,,,877000.0,9833000.0,1.0,,25103831,25103831.0,0.155,,,0.0,,,
57,CEPH,MRQ,1997-03-31,1997-03-31,1997-03-31,2019-05-23,,,,,,,,-266000.0,,,0.0,-15130000.0,,,,,,,,641000.0,,0.0,0.0,-15130000.0,-14489000.0,-2.574,-14489000.0,-15130000.0,-15130000.0,-0.61,-0.61,-0.61,,,,,,,-16928000.0,-0.686,1.0,5628000.0,1.0,,0.0,,,,,,,,,,,-2655000.0,0.0,1736000.0,-4111000.0,0.0,-2375000.0,16382000.0,16648000.0,-16662000.0,0.0,-15130000.0,-15130000.0,-15130000.0,0.0,0.0,-2.688,21874000.0,-16246000.0,,0.0,,,,,0.0,21.0,,,,,5628000.0,5628000.0,13177000.0,,,,,773000.0,8697000.0,1.0,,24691153,24691153.0,0.228,,,0.0,,,
58,CEPH,MRQ,1996-12-31,1996-12-31,1996-12-31,2019-05-23,-43000.0,177891000.0,,154544000.0,23347000.0,,5.647,,5671000.0,5671000.0,,,7.159,0.295,22138000.0,5164000.0,16974000.0,22138000.0,0.0,,0.0,0.0,0.0,,,,,,,,,,137326000.0,,137326000.0,,,,,,1.0,,,0.0,,172770000.0,,0.0,141177000.0,141177000.0,0.0,40565000.0,21588000.0,18977000.0,,,,,,,,,,,,,,,,,,,,1638000.0,,,,-9.361,22086000.0,,20.5,,23.333,0.0,-157967000.0,,,,,,,,,,1.0,,24319163,,,177891000.0,0.0,,0.0,7.315,132956000.0
0,CEPH,MRT,2011-06-30,2011-06-30,2011-06-30,2019-05-23,316649000.0,5753086000.0,5222996750.0,2094583000.0,3658503000.0,0.569,37.392,-57247000.0,997476000.0,997476000.0,583731000.0,551755000.0,1.648,0.672,1078087000.0,672102000.0,405985000.0,1078087000.0,0.0,199488000.0,0.0,0.0,0.0,924783000.0,1124271000.0,0.378,1124271000.0,924783000.0,830750000.0,7.33,6.8,7.33,3301843000.0,2850744250.0,3301843000.0,5991270982.0,6.0,5.329,568462000.0,6.438,1.0,2387207000.0,0.804,2590518000.0,94033000.0,1971869000.0,1681248750.0,305421000.0,528067000.0,0.0,528067000.0,2218148000.0,1271310000.0,946838000.0,6089768982.0,70030000.0,-348616000.0,137800000.0,-37244000.0,0.0,94316000.0,-683132000.0,-277269000.0,625709000.0,33137000.0,555379000.0,555379000.0,555379000.0,0.0,-3624000.0,0.187,1707157000.0,680050000.0,120128000.0,0.0,1.844,10.965,10.9,507152000.0,0.0,79.9,2.05,2.375,486519000.0,576349000.0,2970938000.0,2970938000.0,490521000.0,0.106,0.195,0.55,0.311,40964000.0,1022049000.0,1.0,76217384.0,88303000,76679000.0,33.645,3162568000.0,206895000.0,275371000.0,237487000.0,35.815,823273000.0
1,CEPH,MRT,2011-03-31,2011-03-31,2011-03-31,2019-05-23,246528000.0,5360676000.0,4921198750.0,2244882000.0,3115794000.0,0.601,37.046,-54253000.0,1160657000.0,1160657000.0,630803000.0,528956000.0,1.683,0.735,1062159000.0,663684000.0,398475000.0,1062159000.0,0.0,211939000.0,0.0,0.0,0.0,879544000.0,1091483000.0,0.369,1091483000.0,879544000.0,781804000.0,6.97,6.57,6.97,2957594000.0,2585295000.0,2957594000.0,5644730355.0,6.0,5.172,641707000.0,8.038,1.0,2328782000.0,0.787,2085258000.0,97740000.0,1843016000.0,1542363750.0,293905000.0,493509000.0,0.0,493509000.0,2173431000.0,1333904000.0,839527000.0,5761556355.0,-713796000.0,-533950000.0,16404000.0,-221093000.0,0.0,-514194000.0,-915122000.0,-326919000.0,695960000.0,19560000.0,526268000.0,526268000.0,526268000.0,0.0,2688000.0,0.178,1607861000.0,720921000.0,119777000.0,0.0,1.948,10.948,10.915,499672000.0,0.0,76.08,1.947,2.052,506437000.0,458174000.0,2959585000.0,2959585000.0,456931000.0,0.107,0.204,0.57,0.297,42213000.0,1004449000.0,1.0,75730236.0,79836000,75743000.0,37.071,3275418000.0,211523000.0,255536000.0,182100000.0,41.027,910978000.0
2,CEPH,MRT,2010-12-31,2010-12-31,2010-12-31,2019-05-23,182975000.0,4891833000.0,4777598250.0,2151575000.0,2740258000.0,0.588,32.628,-53013000.0,1160239000.0,1160239000.0,577863000.0,417683000.0,1.768,0.78,1043413000.0,651997000.0,391416000.0,1043413000.0,0.0,212823000.0,0.0,0.0,0.0,726118000.0,938941000.0,0.334,938941000.0,726118000.0,626861000.0,5.66,5.27,5.66,2633432000.0,2440100750.0,2633432000.0,4463154028.0,6.0,4.753,728744000.0,9.029,1.0,2233194000.0,0.794,2034458000.0,99257000.0,1523934000.0,1381980750.0,291360000.0,168494000.0,0.0,168494000.0,2054058000.0,1216615000.0,837443000.0,4643409028.0,-487396000.0,-549463000.0,18085000.0,-222959000.0,0.0,-515861000.0,-760962000.0,-158486000.0,781757000.0,7670000.0,425745000.0,425745000.0,425745000.0,0.0,-8062000.0,0.151,1509118000.0,724076000.0,104477000.0,0.0,1.763,10.907,10.905,502856000.0,0.0,61.72,1.652,1.772,431333000.0,247086000.0,2811057000.0,2811057000.0,439995000.0,0.089,0.174,0.525,0.258,45975000.0,958404000.0,1.0,75233458.0,80712000,75185000.0,34.828,2857375000.0,213798000.0,201116000.0,172589000.0,35.402,934960000.0
3,CEPH,MRT,2010-09-30,2010-09-30,2010-09-30,2019-05-23,164888000.0,4886392000.0,4719163750.0,2247302000.0,2639090000.0,0.554,31.466,-47521000.0,1208990000.0,1208990000.0,532925000.0,324086000.0,1.794,0.851,1028735000.0,644097000.0,384638000.0,1028735000.0,0.0,212838000.0,0.0,0.0,0.0,664620000.0,877458000.0,0.335,877458000.0,664620000.0,557535000.0,5.71,5.36,5.71,2510108000.0,2347232250.0,2510108000.0,4781960937.0,7.0,5.45,767239000.0,9.618,1.0,2082678000.0,0.796,2067539000.0,107085000.0,1386176000.0,1321741500.0,295880000.0,12594000.0,0.0,12594000.0,2135200000.0,1252422000.0,882778000.0,4695358937.0,-244824000.0,-578320000.0,11967000.0,-224245000.0,0.0,-510809000.0,-571277000.0,107888000.0,814760000.0,22502000.0,428687000.0,428687000.0,428687000.0,0.0,-104601000.0,0.164,1502006000.0,580672000.0,100917000.0,0.0,1.871,10.953,10.935,500013000.0,0.0,62.44,1.795,1.904,450614000.0,153470000.0,2615603000.0,2615603000.0,408769000.0,0.091,0.183,0.503,0.254,44843000.0,893638000.0,1.0,75197933.0,79773000,75201000.0,32.788,2818853000.0,225031000.0,128848000.0,219091000.0,35.336,994880000.0
4,CEPH,MRT,2010-06-30,2010-06-30,2010-06-30,2019-05-23,46159000.0,4545894000.0,4662242500.0,1968765000.0,2577129000.0,0.525,27.824,-53690000.0,927446000.0,927446000.0,471442000.0,287635000.0,1.637,0.918,1014048000.0,635932000.0,378116000.0,1014048000.0,0.0,205887000.0,0.0,0.0,0.0,617759000.0,823646000.0,0.336,823646000.0,617759000.0,509168000.0,5.33,5.01,5.33,2240046000.0,2255586000.0,2240046000.0,3590066803.0,6.0,4.359,692206000.0,8.598,1.0,1976580000.0,0.807,2013361000.0,108591000.0,1416329000.0,1327074000.0,293679000.0,12583000.0,0.0,12583000.0,2056249000.0,1202806000.0,853443000.0,4267120803.0,-354480000.0,-599044000.0,11584000.0,-225778000.0,0.0,-511663000.0,-597762000.0,108296000.0,745896000.0,9049000.0,398909000.0,398909000.0,398909000.0,0.0,-111274000.0,0.163,1462223000.0,514357000.0,99674000.0,0.0,1.905,10.697,10.647,499578000.0,0.0,56.75,1.743,1.866,460265000.0,20970000.0,2448022000.0,2448022000.0,396960000.0,0.086,0.177,0.466,0.252,46603000.0,860915000.0,1.0,75191556.0,80507000,75192000.0,30.408,2532533000.0,224651000.0,110259000.0,206855000.0,31.457,765959000.0
5,CEPH,MRT,2010-03-31,2010-03-31,2010-03-31,2019-05-23,85135000.0,4786274000.0,4646202000.0,2759193000.0,2027081000.0,0.488,29.053,-55582000.0,1874453000.0,1874453000.0,406110000.0,267282000.0,2.002,0.844,1197399000.0,827594000.0,369805000.0,1197399000.0,0.0,192593000.0,0.0,0.0,0.0,589069000.0,781662000.0,0.345,781662000.0,589069000.0,488546000.0,5.34,5.01,5.34,2376817000.0,2194971250.0,2376817000.0,4613807689.0,8.0,5.903,686615000.0,8.393,1.0,1862815000.0,0.821,1529231000.0,100523000.0,1201484000.0,1342068250.0,236649000.0,12427000.0,0.0,12427000.0,2006904000.0,1378505000.0,628399000.0,5078821689.0,1259877000.0,-261384000.0,338389000.0,350973000.0,0.0,691051000.0,-193722000.0,176568000.0,742197000.0,20351000.0,394609000.0,394609000.0,394609000.0,0.0,-127327000.0,0.174,1434267000.0,428548000.0,99191000.0,0.0,2.137,12.871,12.693,432212000.0,0.0,67.78,2.238,2.444,349271000.0,-68094000.0,2268925000.0,2268925000.0,397784000.0,0.085,0.18,0.439,0.26,47642000.0,826103000.0,1.0,74930978.0,81811000,74990000.0,27.734,3257043000.0,232900000.0,93937000.0,148240000.0,39.812,1380688000.0
6,CEPH,MRT,2009-12-31,2009-12-31,2009-12-31,2019-05-23,114194000.0,4658095000.0,4344175000.0,2565956000.0,2092139000.0,0.505,29.099,-60927000.0,1647635000.0,1647635000.0,398837000.0,210727000.0,1.918,0.872,1182621000.0,818925000.0,363696000.0,1182621000.0,0.0,186192000.0,0.0,0.0,0.0,511643000.0,697835000.0,0.318,697835000.0,511643000.0,421307000.0,4.74,4.41,4.74,2261958000.0,1975183000.0,2261958000.0,4374015869.0,9.0,6.268,620424000.0,7.981,1.0,1793471000.0,0.818,1572141000.0,90336000.0,1282977000.0,1295140000.0,240576000.0,12427000.0,0.0,12427000.0,1972715000.0,1337963000.0,634752000.0,4660193869.0,1123176000.0,-283821000.0,329129000.0,350267000.0,0.0,681413000.0,-258089000.0,139983000.0,681351000.0,18501000.0,342627000.0,342627000.0,342627000.0,0.0,-131900000.0,0.156,1459506000.0,333965000.0,88829000.0,0.0,2.06,13.601,13.169,451879000.0,0.0,62.42,2.126,2.213,376076000.0,-178659000.0,2192308000.0,2192308000.0,395431000.0,0.079,0.173,0.395,0.233,50372000.0,822052000.0,1.0,74658665.0,77733000,72342000.0,28.203,3085954000.0,243246000.0,78680000.0,159328000.0,39.699,1227993000.0
7,CEPH,MRT,2009-09-30,2009-09-30,2009-09-30,2019-05-23,114146000.0,4658707000.0,3950386750.0,2477136000.0,2181571000.0,0.546,27.33,-47829000.0,1453814000.0,1453814000.0,393156000.0,194877000.0,1.885,0.939,1167636000.0,810081000.0,357555000.0,1167636000.0,0.0,180088000.0,0.0,0.0,0.0,430033000.0,610121000.0,0.283,610121000.0,430033000.0,353667000.0,3.49,3.22,3.49,2143523000.0,1763863500.0,2143523000.0,4218170626.0,10.0,6.914,184648000.0,2.354,1.0,1764175000.0,0.818,1651208000.0,76366000.0,1407506000.0,1253900000.0,240349000.0,148736000.0,131403000.0,17333000.0,2013580000.0,1313815000.0,699765000.0,4347459626.0,607219000.0,-278310000.0,332166000.0,350783000.0,0.0,687450000.0,-304303000.0,22086000.0,232477000.0,-8405000.0,251100000.0,251100000.0,251100000.0,0.0,-56223000.0,0.116,1444016000.0,320159000.0,94982000.0,0.0,2.028,17.314,16.688,459381000.0,0.0,58.24,2.015,2.117,329330000.0,-275217000.0,2157331000.0,2157331000.0,416305000.0,0.064,0.142,0.343,0.199,48082000.0,827355000.0,1.0,74647315.0,78431000,74647000.0,27.506,3007499000.0,256360000.0,102567000.0,197333000.0,38.346,1163321000.0
8,CEPH,MRT,2009-06-30,2009-06-30,2009-06-30,2019-05-23,91948000.0,4481732000.0,3699611250.0,2277922000.0,2203810000.0,0.569,28.088,-47207000.0,1281926000.0,1281926000.0,424177000.0,205378000.0,1.889,0.974,1152637000.0,799832000.0,352805000.0,1152637000.0,0.0,175480000.0,0.0,0.0,0.0,316646000.0,492126000.0,0.234,492126000.0,316646000.0,247762000.0,3.66,3.25,3.66,1997587000.0,1621006250.0,1997587000.0,4084465773.0,13.0,8.3,143774000.0,2.022,1.0,1682224000.0,0.799,1670381000.0,68884000.0,1476306000.0,1097592250.0,239785000.0,139824000.0,122701000.0,17123000.0,1946271000.0,1205756000.0,740515000.0,3899345773.0,608555000.0,-257586000.0,355359000.0,351953000.0,0.0,714863000.0,-283365000.0,21678000.0,190981000.0,-13924000.0,253976000.0,253976000.0,253976000.0,0.0,-48598000.0,0.121,1463949000.0,218275000.0,91187000.0,0.0,1.952,15.353,15.478,462207000.0,0.0,56.65,1.851,1.913,344909000.0,-377939000.0,2106401000.0,2106401000.0,405473000.0,0.069,0.157,0.288,0.15,46410000.0,856235000.0,1.0,68832229.0,71119000,76629000.0,29.618,2811351000.0,238521000.0,-6214000.0,219396000.0,39.53,1072166000.0
9,CEPH,MRT,2009-03-31,2009-03-31,2009-03-31,2019-05-23,39610000.0,3578166000.0,3443400500.0,1376442000.0,2201724000.0,0.596,21.771,-56534000.0,614576000.0,614576000.0,420088000.0,185229000.0,1.129,1.035,799696000.0,794230000.0,5466000.0,799696000.0,0.0,172832000.0,0.0,0.0,0.0,267728000.0,440560000.0,0.215,440560000.0,267728000.0,198169000.0,3.24,2.83,3.24,1497664000.0,1486346000.0,1497664000.0,5195152144.0,19.0,11.792,50054000.0,0.728,1.0,1631215000.0,0.795,1530259000.0,69559000.0,1013771000.0,965786000.0,121337000.0,60677000.0,0.0,60677000.0,1549983000.0,1219256000.0,330727000.0,4685898144.0,-241270000.0,-45783000.0,36273000.0,-219997000.0,0.0,-175773000.0,-152528000.0,-49432000.0,106588000.0,-19557000.0,221103000.0,221103000.0,221103000.0,0.0,-35874000.0,0.108,1419469000.0,211746000.0,95169000.0,0.0,3.129,21.193,21.019,458647000.0,0.0,68.1,2.284,2.284,351098000.0,-462703000.0,2051303000.0,2051303000.0,383797000.0,0.064,0.149,0.277,0.131,44074000.0,842479000.0,1.0,68809077.0,68792000,77993000.0,29.819,2047907000.0,220367000.0,-22934000.0,165384000.0,29.77,157186000.0
10,CEPH,MRT,2008-12-31,2008-12-31,2008-12-31,2019-05-23,43630000.0,3082942000.0,3450714000.0,1329522000.0,1753420000.0,0.572,18.617,-59871000.0,524459000.0,524459000.0,412234000.0,171889000.0,1.133,1.001,785310000.0,781618000.0,3692000.0,785310000.0,0.0,172457000.0,0.0,0.0,0.0,230376000.0,402833000.0,0.204,402833000.0,230376000.0,155143000.0,2.84,2.54,2.84,1416680000.0,1458871750.0,1416680000.0,5452287255.0,24.0,13.535,-61748000.0,-0.811,1.0,1562320000.0,0.791,1052664000.0,75233000.0,1118017000.0,933691000.0,117297000.0,8081000.0,0.0,8081000.0,1417859000.0,1173112000.0,244747000.0,5273049255.0,-294210000.0,-23346000.0,37015000.0,-217743000.0,0.0,-172894000.0,-108138000.0,904000.0,-1877000.0,-11301000.0,192962000.0,192962000.0,192962000.0,0.0,-21073000.0,0.098,1377798000.0,184522000.0,87079000.0,0.0,3.722,27.327,27.127,467449000.0,0.0,77.04,2.671,2.969,409580000.0,-521286000.0,1974554000.0,1974554000.0,362208000.0,0.056,0.132,0.247,0.117,43464000.0,840873000.0,1.0,68445603.0,76097000,68018000.0,25.948,2030278000.0,270140000.0,-37819000.0,77932000.0,26.68,156410000.0
11,CEPH,MRT,2008-09-30,2008-09-30,2008-09-30,2019-05-23,129294000.0,3655605000.0,3554110000.0,1588163000.0,2067442000.0,0.53,23.079,-81669000.0,846595000.0,846595000.0,406432000.0,197388000.0,0.869,1.325,1025833000.0,1023104000.0,2729000.0,1025833000.0,0.0,168924000.0,0.0,0.0,0.0,297875000.0,466799000.0,0.248,466799000.0,297875000.0,180201000.0,2.92,2.59,2.92,1572094000.0,1427782750.0,1572094000.0,5620464085.0,19.0,12.04,311643000.0,4.575,1.0,1477955000.0,0.784,1224413000.0,117674000.0,782275000.0,808857000.0,115814000.0,0.0,0.0,0.0,2083511000.0,1828155000.0,255356000.0,5267870085.0,184613000.0,0.0,49709000.0,-217044000.0,0.0,-158684000.0,-51922000.0,63416000.0,393312000.0,1907000.0,197388000.0,197388000.0,197388000.0,0.0,0.0,0.105,1210324000.0,267631000.0,81323000.0,0.0,3.351,26.688,26.538,501575000.0,0.0,77.49,2.796,2.801,350280000.0,-413166000.0,1884387000.0,1884387000.0,345206000.0,0.056,0.138,0.368,0.158,43709000.0,839673000.0,1.0,67981289.0,68118000,78920000.0,27.664,2431192000.0,339233000.0,-17187000.0,72088000.0,35.691,-239992000.0
12,CEPH,MRT,2008-06-30,2008-06-30,2008-06-30,2019-05-23,170647000.0,3456889000.0,3489884750.0,1328155000.0,2128734000.0,0.523,21.526,-89482000.0,673371000.0,673371000.0,367213000.0,-214973000.0,0.839,1.369,1025965000.0,823131000.0,202834000.0,1025965000.0,0.0,161923000.0,0.0,0.0,0.0,-36768000.0,125155000.0,0.069,125155000.0,-36768000.0,-141089000.0,-3.21,-3.33,-3.21,1458946000.0,1341211250.0,1458946000.0,4902441813.0,-133.0,39.171,265206000.0,3.913,1.0,1457113000.0,0.799,1277095000.0,104321000.0,949081000.0,779499000.0,114479000.0,0.0,0.0,0.0,1997943000.0,1583307000.0,414636000.0,4517807813.0,-30627000.0,0.0,34256000.0,-217023000.0,0.0,-176975000.0,-220113000.0,2190000.0,354688000.0,11773000.0,-214973000.0,-214973000.0,-214973000.0,0.0,0.0,-0.118,1539087000.0,-81974000.0,82265000.0,0.0,3.097,-21.016,-20.776,512449000.0,0.0,66.69,2.476,2.478,338142000.0,-525209000.0,1824326000.0,1824326000.0,350408000.0,-0.062,-0.16,-0.047,-0.02,43800000.0,803181000.0,1.0,67743407.0,67777000,74852000.0,26.917,2179794000.0,330529000.0,73884000.0,74577000.0,32.161,-255152000.0
13,CEPH,MRT,2008-03-31,2008-03-31,2008-03-31,2019-05-23,179246000.0,3607420000.0,3450047750.0,1460891000.0,2146529000.0,0.516,20.509,-93778000.0,855846000.0,855846000.0,349061000.0,-271172000.0,0.813,1.599,1240480000.0,1037163000.0,203317000.0,1240480000.0,0.0,152343000.0,0.0,0.0,0.0,-104929000.0,47414000.0,0.027,47414000.0,-104929000.0,-193478000.0,-4.04,-4.08,-4.04,1387767000.0,1349298500.0,1387767000.0,4779682868.0,-46.0,100.807,296774000.0,4.386,1.0,1429762000.0,0.804,1309207000.0,88549000.0,885391000.0,789970000.0,117726000.0,0.0,0.0,0.0,2219653000.0,1797456000.0,422197000.0,4357394868.0,288416000.0,0.0,74697000.0,-3929000.0,0.0,83564000.0,-200544000.0,25526000.0,390552000.0,14844000.0,-271172000.0,-271172000.0,-271172000.0,0.0,0.0,-0.152,1588858000.0,-159096000.0,94547000.0,0.0,3.14,-16.069,-15.941,509933000.0,0.0,64.4,2.45,2.45,295035000.0,-585277000.0,1778823000.0,1778823000.0,366592000.0,-0.079,-0.201,-0.133,-0.059,45669000.0,782333000.0,1.0,67661411.0,67665000,74286000.0,26.289,2298213000.0,322618000.0,77694000.0,75860000.0,33.965,-336565000.0
14,CEPH,MRT,2007-12-31,2007-12-31,2007-12-31,2019-05-23,148703000.0,3496526000.0,3337682250.0,1427572000.0,2068954000.0,0.531,19.405,-96867000.0,818669000.0,818669000.0,345691000.0,-226429000.0,0.712,1.706,1240957000.0,1237169000.0,3788000.0,1240957000.0,0.0,141358000.0,0.0,0.0,0.0,-52410000.0,88948000.0,0.05,88948000.0,-52410000.0,-123276000.0,-3.4,-3.4,-3.4,1292324000.0,1356105750.0,1292324000.0,5391291640.0,-103.0,60.612,287989000.0,4.324,1.0,1426947000.0,0.805,1294343000.0,70866000.0,618681000.0,881086250.0,98996000.0,7596000.0,7596000.0,0.0,2204202000.0,2005790000.0,198412000.0,4811615640.0,322157000.0,0.0,86795000.0,-3853000.0,0.0,96935000.0,-172946000.0,31167000.0,384856000.0,13312000.0,-226429000.0,-226429000.0,-226429000.0,0.0,0.0,-0.128,1530936000.0,-103989000.0,91437000.0,0.0,3.723,-21.25,-21.106,500396000.0,0.0,71.76,2.714,2.696,276776000.0,-633871000.0,1772638000.0,1772638000.0,369115000.0,-0.068,-0.167,-0.059,-0.03,46335000.0,735799000.0,1.0,67051500.0,66597000,66597000.0,26.617,2202183000.0,324020000.0,103153000.0,56540000.0,33.067,-578218000.0
15,CEPH,MRT,2007-09-30,2007-09-30,2007-09-30,2019-05-23,144860000.0,3398704000.0,3224925000.0,1365996000.0,2032708000.0,0.56,18.315,-133682000.0,661982000.0,661982000.0,337467000.0,-239102000.0,0.684,1.773,1241658000.0,1237285000.0,4373000.0,1241658000.0,0.0,135305000.0,0.0,0.0,0.0,-112966000.0,22339000.0,0.012,22339000.0,-112966000.0,-133637000.0,-3.56,-3.72,-3.56,1225808000.0,1360389750.0,1225808000.0,5428402734.0,-48.0,243.001,209366000.0,3.128,1.0,1469882000.0,0.813,1315860000.0,20671000.0,664843000.0,1016343250.0,93399000.0,69101000.0,69101000.0,0.0,2172896000.0,1997677000.0,175219000.0,4885008734.0,31619000.0,0.0,100959000.0,-189260000.0,0.0,-73090000.0,-251848000.0,-18164000.0,343048000.0,13509000.0,-239102000.0,-239102000.0,-239102000.0,0.0,0.0,-0.132,1580714000.0,-110832000.0,74528000.0,0.0,3.985,-20.431,-20.522,481508000.0,0.0,73.06,2.703,2.706,302748000.0,-668310000.0,1807349000.0,1807349000.0,403418000.0,-0.074,-0.176,-0.111,-0.063,45089000.0,747296000.0,1.0,66862972.0,66931000,66931000.0,27.003,2082844000.0,307424000.0,105465000.0,66864000.0,31.119,-631681000.0
16,CEPH,MRT,2007-06-30,2007-06-30,2007-06-30,2019-05-23,123296000.0,3297541000.0,3157139000.0,1469046000.0,1828495000.0,0.586,22.444,-147655000.0,703998000.0,703998000.0,338369000.0,163402000.0,0.906,1.211,1247392000.0,1237197000.0,10195000.0,1247392000.0,0.0,130169000.0,0.0,0.0,0.0,322741000.0,452910000.0,0.245,452910000.0,322741000.0,302981000.0,2.6,2.29,2.6,1491295000.0,1298229500.0,1491295000.0,6002423499.0,19.0,13.253,284140000.0,4.276,1.0,1512892000.0,0.817,1227867000.0,19760000.0,990965000.0,1269930000.0,201903000.0,7166000.0,7166000.0,0.0,1806246000.0,1622103000.0,184143000.0,5322275499.0,346256000.0,0.0,97621000.0,-189252000.0,0.0,-77287000.0,-15095000.0,133410000.0,431795000.0,6843000.0,163402000.0,163402000.0,163402000.0,0.0,0.0,0.088,1179278000.0,333614000.0,90699000.0,0.0,3.569,32.572,30.919,472642000.0,0.0,80.39,2.875,2.885,305313000.0,-361547000.0,1851261000.0,1851261000.0,396330000.0,0.052,0.126,0.254,0.174,44558000.0,721948000.0,1.0,66205691.0,66445000,66445000.0,27.862,2069674000.0,311206000.0,139579000.0,69032000.0,31.149,-153057000.0
17,CEPH,MRT,2007-03-31,2007-03-31,2007-03-31,2019-05-23,111478000.0,3157958000.0,3074353500.0,1324170000.0,1833788000.0,0.6,21.503,-149542000.0,567430000.0,567430000.0,344717000.0,218127000.0,0.984,1.232,1247578000.0,1023284000.0,224294000.0,1247578000.0,0.0,130281000.0,0.0,0.0,0.0,374381000.0,504662000.0,0.274,504662000.0,374381000.0,355400000.0,3.49,3.11,3.49,1414996000.0,1138755750.0,1414996000.0,5429675170.0,15.0,10.759,262688000.0,3.992,1.0,1499443000.0,0.813,1242096000.0,18981000.0,1249856000.0,1476976500.0,189885000.0,11983000.0,11983000.0,0.0,1742962000.0,1346154000.0,396808000.0,4677883170.0,278343000.0,0.0,49093000.0,-188917000.0,0.0,-132837000.0,-18804000.0,241588000.0,412230000.0,17754000.0,218127000.0,218127000.0,218127000.0,0.0,0.0,0.118,1106348000.0,393095000.0,77035000.0,0.0,3.306,21.446,20.404,457784000.0,0.0,71.21,2.537,2.541,307494000.0,-357239000.0,1844160000.0,1844160000.0,398736000.0,0.071,0.192,0.253,0.203,44567000.0,690195000.0,1.0,65691380.0,65806000,75835000.0,28.024,1915862000.0,306437000.0,137273000.0,68955000.0,29.114,-21984000.0
18,CEPH,MRT,2006-12-31,2006-12-31,2006-12-31,2019-05-23,104357000.0,3045497000.0,3018699250.0,1108804000.0,1936693000.0,0.584,21.641,-159917000.0,496512000.0,496512000.0,336110000.0,146509000.0,0.805,1.326,1248304000.0,1023312000.0,224992000.0,1248304000.0,0.0,128927000.0,0.0,0.0,0.0,259850000.0,388777000.0,0.22,388777000.0,259850000.0,240928000.0,2.42,2.1,2.42,1309460000.0,974224500.0,1309460000.0,5358117474.0,21.0,13.782,160000000.0,2.644,1.0,1427959000.0,0.809,1260204000.0,18922000.0,1159709000.0,1450963000.0,85239000.0,25212000.0,25212000.0,0.0,1736037000.0,1377376000.0,358661000.0,4292582474.0,291452000.0,0.0,139073000.0,-188886000.0,0.0,-22624000.0,-20376000.0,255391000.0,319917000.0,14535000.0,146509000.0,146509000.0,146509000.0,0.0,0.0,0.083,1131148000.0,296811000.0,90586000.0,0.0,3.278,29.299,29.095,453010000.0,0.0,70.41,2.433,2.415,270045000.0,-425256000.0,1764069000.0,1764069000.0,424239000.0,0.049,0.15,0.179,0.147,42807000.0,689492000.0,1.0,60965523.0,60507000,69672000.0,29.155,1785293000.0,302710000.0,94419000.0,72491000.0,29.506,-268572000.0
19,CEPH,MRT,2006-09-30,2006-09-30,2006-09-30,2019-05-23,81124000.0,3127560000.0,2962126500.0,1281389000.0,1846171000.0,0.545,16.082,-151221000.0,630363000.0,630363000.0,358394000.0,167798000.0,1.032,2.201,1695898000.0,933494000.0,762404000.0,1695898000.0,0.0,113829000.0,0.0,0.0,0.0,165171000.0,279000000.0,0.173,279000000.0,165171000.0,145724000.0,2.79,2.56,2.79,977167000.0,799902250.0,977167000.0,5089252423.0,31.0,18.241,217291000.0,3.576,1.0,1257397000.0,0.778,1271908000.0,19447000.0,1679190000.0,1615504500.0,164664000.0,37619000.0,37619000.0,0.0,2150393000.0,1241997000.0,908396000.0,3751056423.0,45087000.0,-365786000.0,119341000.0,-4683000.0,0.0,136570000.0,-468771000.0,194043000.0,368512000.0,8776000.0,167798000.0,167798000.0,167798000.0,0.0,0.0,0.104,1075189000.0,182208000.0,63492000.0,0.0,3.839,22.355,22.133,391846000.0,0.0,61.75,2.321,2.322,234675000.0,-420347000.0,1615791000.0,1615791000.0,410126000.0,0.057,0.21,0.102,0.102,37459000.0,621777000.0,1.0,60745853.0,60762000,67072000.0,26.592,1855652000.0,335050000.0,-22074000.0,87228000.0,30.54,39392000.0
20,CEPH,MRT,2006-06-30,2006-06-30,2006-06-30,2019-05-23,68074000.0,2966399000.0,2852978500.0,1084764000.0,1881635000.0,0.506,14.051,-134758000.0,357742000.0,357742000.0,312863000.0,101400000.0,0.898,2.476,1695938000.0,933403000.0,762535000.0,1695938000.0,0.0,104554000.0,0.0,0.0,0.0,63772000.0,168326000.0,0.117,168326000.0,63772000.0,41580000.0,1.72,1.63,1.72,853400000.0,702444250.0,853400000.0,5057275085.0,79.0,30.045,94775000.0,1.56,1.0,1130131000.0,0.783,1277276000.0,22192000.0,1819151000.0,1862935500.0,156225000.0,127748000.0,127748000.0,0.0,2112999000.0,1208168000.0,904831000.0,3650417085.0,-672590000.0,-435508000.0,137914000.0,-431279000.0,0.0,-271839000.0,-638757000.0,79968000.0,229533000.0,8473000.0,101400000.0,101400000.0,101400000.0,0.0,0.0,0.07,1050675000.0,79456000.0,50653000.0,0.0,4.277,36.0,34.942,368392000.0,0.0,60.1,2.53,2.53,232527000.0,-516088000.0,1442994000.0,1442994000.0,415621000.0,0.036,0.144,0.034,0.044,33468000.0,563922000.0,1.0,60739053.0,60738000,66654000.0,23.758,1689123000.0,383303000.0,-59820000.0,86333000.0,27.81,-123404000.0
21,CEPH,MRT,2006-03-31,2006-03-31,2006-03-31,2019-05-23,34881000.0,2935341000.0,2859381500.0,1154648000.0,1780693000.0,0.451,12.671,-125645000.0,289087000.0,289087000.0,258699000.0,-198049000.0,0.577,2.878,1695945000.0,1683614000.0,12331000.0,1695945000.0,0.0,92619000.0,0.0,0.0,0.0,-258422000.0,-165803000.0,-0.129,-165803000.0,-258422000.0,-282642000.0,-3.4,-3.42,-3.4,756871000.0,1237097000.0,756871000.0,5107613719.0,-20.0,-30.805,-19841000.0,-0.332,1.0,1030155000.0,0.799,1194376000.0,24220000.0,1145802000.0,2162936750.0,150471000.0,252384000.0,252384000.0,0.0,2178470000.0,2002021000.0,176449000.0,3616416719.0,-301175000.0,-566241000.0,332256000.0,4534000.0,0.0,358423000.0,-761727000.0,-31766000.0,105804000.0,-3675000.0,-198049000.0,-198049000.0,-198049000.0,0.0,0.0,-0.154,1276543000.0,-246388000.0,87155000.0,0.0,4.778,-18.26,-17.721,346744000.0,0.0,60.25,2.806,2.792,225352000.0,-566505000.0,1288854000.0,1288854000.0,399513000.0,-0.069,-0.16,-0.119,-0.201,23271000.0,508045000.0,1.0,60023514.0,59734000,73508000.0,21.577,1740965000.0,408014000.0,-84593000.0,108876000.0,29.145,-847373000.0
22,CEPH,MRT,2005-12-31,2005-12-31,2005-12-31,2019-05-23,32618000.0,2819206000.0,2742286500.0,1048837000.0,1770369000.0,0.442,10.545,-118050000.0,205060000.0,205060000.0,221874000.0,-174954000.0,0.82,3.605,1696257000.0,933160000.0,763097000.0,1696257000.0,0.0,89967000.0,0.0,0.0,0.0,-219883000.0,-129916000.0,-0.107,-129916000.0,-219883000.0,-245118000.0,-3.01,-3.01,-3.01,612171000.0,1258514500.0,612171000.0,4871487200.0,-22.0,-37.497,67681000.0,1.166,1.0,990018000.0,0.817,1213925000.0,25235000.0,1817875000.0,2409122000.0,137886000.0,279030000.0,279030000.0,0.0,2207035000.0,1278603000.0,928432000.0,3760668200.0,-369184000.0,-566241000.0,226266000.0,5575000.0,0.0,231841000.0,-780480000.0,-62730000.0,185731000.0,-6276000.0,-174954000.0,-174954000.0,-174954000.0,0.0,0.0,-0.144,1212976000.0,-222958000.0,53699000.0,0.0,6.143,-21.495,-21.508,323830000.0,0.0,64.74,3.103,3.101,199086000.0,-570072000.0,1211892000.0,1211892000.0,370818000.0,-0.064,-0.139,-0.091,-0.181,16610000.0,454523000.0,1.0,58088789.0,58051000,58051000.0,20.876,1605281000.0,388065000.0,-70164000.0,110703000.0,27.653,-229766000.0
23,CEPH,MRT,2005-09-30,2005-09-30,2005-09-30,2019-05-23,37858000.0,2690968000.0,2636715500.0,1189387000.0,1501581000.0,0.445,10.115,-86912000.0,585276000.0,585276000.0,144467000.0,-114922000.0,4.751,3.582,1696095000.0,3465000.0,1692630000.0,1696095000.0,1618000.0,90655000.0,0.0,0.0,0.0,-46902000.0,43753000.0,0.037,43753000.0,-46902000.0,-71511000.0,-1.92,-1.95,-1.92,587335000.0,1312982750.0,587335000.0,3750303957.0,-80.0,85.715,28499000.0,0.491,1.0,1030020000.0,0.877,882525000.0,24609000.0,2668914000.0,2470210250.0,119342000.0,230348000.0,230348000.0,0.0,2103633000.0,250348000.0,1853285000.0,2695244957.0,-20716000.0,-200455000.0,221389000.0,1749000.0,0.0,223138000.0,-363185000.0,-27703000.0,115411000.0,3920000.0,-114922000.0,-114922000.0,-114922000.0,0.0,0.0,-0.098,1102465000.0,-72445000.0,56795000.0,0.0,4.589,-23.453,-24.177,274020000.0,0.0,46.42,2.295,2.295,160362000.0,-588145000.0,1174487000.0,1174487000.0,331355000.0,-0.044,-0.088,-0.019,-0.04,18074000.0,398473000.0,1.0,58062149.0,58064000,59398000.0,20.227,1808443000.0,336912000.0,43411000.0,103879000.0,31.146,939039000.0
24,CEPH,MRT,2005-06-30,2005-06-30,2005-06-30,2019-05-23,39434000.0,2992011000.0,2538676750.0,1601018000.0,1390993000.0,0.444,51.546,-77231000.0,1030332000.0,1030332000.0,140620000.0,-309511000.0,6.523,0.813,2085391000.0,4299000.0,2081092000.0,2085391000.0,1718000.0,81868000.0,0.0,0.0,0.0,-245676000.0,-163808000.0,-0.145,-163808000.0,-245676000.0,-267967000.0,-5.37,-5.39,-5.37,2992011000.0,1347088750.0,2992011000.0,3008084322.0,-12.0,-18.363,15152000.0,0.261,1.0,986298000.0,0.875,782488000.0,22291000.0,3019156000.0,2310828500.0,109981000.0,207196000.0,207196000.0,0.0,2433529000.0,245426000.0,2188103000.0,2310039322.0,-15662000.0,-613254000.0,198412000.0,396561000.0,0.0,594973000.0,-708273000.0,27722000.0,92383000.0,5255000.0,-309511000.0,-309511000.0,-309511000.0,0.0,0.0,-0.275,1222803000.0,-236505000.0,58659000.0,0.0,0.772,-7.464,-7.412,264397000.0,0.0,39.8,2.05,2.05,153868000.0,-617488000.0,1126918000.0,1126918000.0,307104000.0,-0.122,-0.23,-0.106,-0.218,13715000.0,371424000.0,1.0,58041189.0,58046000,58046000.0,19.414,2209523000.0,326105000.0,41544000.0,90689000.0,38.065,1355592000.0
25,CEPH,MRT,2005-03-31,2005-03-31,2005-03-31,2019-05-23,51242000.0,2466961000.0,2390082000.0,1212491000.0,1254470000.0,0.452,14.528,-65220000.0,590262000.0,590262000.0,135110000.0,-68862000.0,5.188,1.928,1288307000.0,5655000.0,1282652000.0,1288307000.0,2446000.0,73363000.0,0.0,0.0,0.0,1075000.0,74438000.0,0.069,74438000.0,1075000.0,-20772000.0,-1.23,-1.25,-1.23,842541000.0,796466000.0,842541000.0,3432864190.0,3193.0,46.117,150164000.0,2.589,1.0,945314000.0,0.875,800734000.0,21847000.0,2130543000.0,2048141500.0,95381000.0,219773000.0,219773000.0,0.0,1624420000.0,233729000.0,1390691000.0,2717584190.0,-502975000.0,-482521000.0,6847000.0,-40800000.0,0.0,-33953000.0,-690249000.0,-96593000.0,215384000.0,5843000.0,-68862000.0,-68862000.0,-68862000.0,0.0,0.0,-0.064,929182000.0,16132000.0,53816000.0,0.0,3.225,-39.464,-38.073,255644000.0,0.0,46.83,2.515,2.514,205447000.0,-368456000.0,1080424000.0,1080424000.0,298256000.0,-0.029,-0.086,0.001,0.001,13067000.0,355204000.0,1.0,58030839.0,57994000,65065000.0,18.63,1666227000.0,199304000.0,48090000.0,92702000.0,28.731,978762000.0
26,CEPH,MRT,2004-12-31,2004-12-31,2004-12-31,2019-05-23,66943000.0,2396922000.0,2371164750.0,1165019000.0,1231903000.0,0.428,14.694,-50244000.0,574244000.0,574244000.0,119973000.0,-73813000.0,5.109,1.888,1289524000.0,5114000.0,1284410000.0,1289524000.0,0.0,59016000.0,0.0,0.0,0.0,-5998000.0,53018000.0,0.052,53018000.0,-5998000.0,-28184000.0,-1.31,-1.31,-1.31,830044000.0,784467500.0,830044000.0,3625930631.0,-605.0,68.391,128360000.0,2.272,1.0,895452000.0,0.882,821936000.0,22186000.0,2062228000.0,1997353250.0,86629000.0,217432000.0,217432000.0,0.0,1566878000.0,228038000.0,1338840000.0,2935199631.0,-541455000.0,-482521000.0,10883000.0,-51905000.0,0.0,-41022000.0,-685214000.0,-106678000.0,178604000.0,6177000.0,-73813000.0,-73813000.0,-73813000.0,0.0,0.0,-0.073,882018000.0,13434000.0,52488000.0,0.0,3.536,-39.765,-38.84,244834000.0,0.0,50.88,2.891,2.83,208225000.0,-395118000.0,1015425000.0,1015425000.0,273972000.0,-0.031,-0.094,-0.003,-0.006,13389000.0,339477000.0,1.0,57688672.0,56489000,56489000.0,17.976,1574986000.0,155757000.0,45629000.0,39119000.0,27.881,936981000.0
27,CEPH,MRT,2004-09-30,2004-09-30,2004-09-30,2019-05-23,48541000.0,2298813000.0,2367348250.0,1115640000.0,1183173000.0,0.392,12.883,-38753000.0,605992000.0,605992000.0,116691000.0,-120693000.0,6.129,2.176,1296723000.0,9403000.0,1287320000.0,1296723000.0,2634000.0,51904000.0,0.0,0.0,0.0,-34931000.0,16973000.0,0.018,16973000.0,-34931000.0,-58150000.0,-2.16,-2.21,-2.16,723759000.0,769549000.0,723759000.0,3074029458.0,-88.0,181.113,187329000.0,3.335,1.0,810975000.0,0.874,776128000.0,23219000.0,2031387000.0,1962323500.0,71466000.0,204534000.0,204534000.0,0.0,1575054000.0,182029000.0,1393025000.0,2714806458.0,-426149000.0,-482521000.0,8339000.0,-315465000.0,0.0,-48542000.0,-607672000.0,-86090000.0,226082000.0,3983000.0,-120693000.0,-120693000.0,-120693000.0,0.0,0.0,-0.13,827618000.0,-16643000.0,40330000.0,0.0,3.751,-22.493,-22.176,224523000.0,0.0,47.9,2.926,2.901,136503000.0,-473223000.0,927666000.0,927666000.0,249094000.0,-0.051,-0.157,-0.018,-0.038,5205000.0,314311000.0,1.0,56676544.0,56178000,56178000.0,16.513,1522685000.0,198697000.0,62543000.0,86251000.0,27.105,933611000.0
28,CEPH,MRT,2004-06-30,2004-06-30,2004-06-30,2019-05-23,44726000.0,2397632000.0,2376771000.0,1455844000.0,941788000.0,0.36,14.071,-46757000.0,1045994000.0,1045994000.0,105493000.0,66825000.0,8.017,2.037,1405217000.0,41374000.0,1363843000.0,1405217000.0,1956000.0,48328000.0,0.0,0.0,0.0,146693000.0,195021000.0,0.228,195021000.0,146693000.0,122432000.0,1.18,1.1,1.18,789520000.0,770480250.0,789520000.0,3348294532.0,23.0,17.169,195481000.0,3.484,1.0,750249000.0,0.877,606843000.0,24261000.0,1968408000.0,1948649000.0,65724000.0,162836000.0,162836000.0,0.0,1608112000.0,181604000.0,1426508000.0,3029084532.0,-16700000.0,0.0,10434000.0,-470169000.0,0.0,-201151000.0,-62206000.0,-15188000.0,242238000.0,4419000.0,66825000.0,66825000.0,66825000.0,0.0,0.0,0.078,603312000.0,146937000.0,35248000.0,0.0,3.837,45.329,45.763,136590000.0,0.0,54.0,3.54,3.541,97558000.0,-307977000.0,855742000.0,855742000.0,225952000.0,0.028,0.087,0.075,0.171,4109000.0,301640000.0,1.0,56094158.0,56110000,56110000.0,15.251,1790789000.0,204001000.0,55607000.0,44532000.0,31.916,1274240000.0
29,CEPH,MRT,2004-03-31,2004-03-31,2004-03-31,2019-05-23,46322000.0,2391292000.0,2399286750.0,1394216000.0,997076000.0,0.327,14.212,-43724000.0,1093237000.0,1093237000.0,97814000.0,93331000.0,8.327,2.01,1412447000.0,42328000.0,1370119000.0,1412447000.0,2079000.0,46733000.0,0.0,0.0,0.0,171288000.0,218021000.0,0.278,218021000.0,171288000.0,145029000.0,1.65,1.55,1.65,794547000.0,748188250.0,794547000.0,3509940573.0,20.0,16.099,161675000.0,2.892,1.0,687278000.0,0.875,615683000.0,26259000.0,1927390000.0,2028378000.0,64581000.0,53292000.0,53292000.0,0.0,1596745000.0,167429000.0,1429316000.0,3206585573.0,625672000.0,0.0,185656000.0,248444000.0,0.0,434100000.0,-19045000.0,24919000.0,205399000.0,5218000.0,93331000.0,93331000.0,93331000.0,0.0,0.0,0.119,517961000.0,169317000.0,28694000.0,0.0,4.036,34.357,34.745,130853000.0,0.0,57.33,4.084,4.082,104557000.0,-299594000.0,785092000.0,785092000.0,191048000.0,0.039,0.125,0.084,0.218,5872000.0,281984000.0,1.0,55932070.0,55905000,65006000.0,14.043,1775609000.0,218206000.0,51698000.0,44922000.0,31.761,1226787000.0
30,CEPH,MRT,2003-12-31,2003-12-31,2003-12-31,2019-05-23,52750000.0,2381656000.0,2228706500.0,1369930000.0,1011726000.0,0.321,13.866,-40453000.0,1115699000.0,1115699000.0,92375000.0,83858000.0,9.95,2.092,1419054000.0,9637000.0,1409417000.0,1419054000.0,2158000.0,45135000.0,0.0,0.0,0.0,159219000.0,204354000.0,0.286,204354000.0,159219000.0,130314000.0,1.49,1.42,1.49,770370000.0,714452500.0,770370000.0,3092724646.0,19.0,15.134,159788000.0,2.876,1.0,622432000.0,0.871,625214000.0,28905000.0,1922109000.0,1884658000.0,61249000.0,39464000.0,39464000.0,0.0,1611286000.0,137688000.0,1473598000.0,2694086646.0,629602000.0,0.0,181140000.0,256787000.0,0.0,437927000.0,-17592000.0,22861000.0,200241000.0,9026000.0,83858000.0,83858000.0,83858000.0,0.0,0.0,0.117,466383000.0,156049000.0,28591000.0,0.0,3.497,32.127,32.49,126442000.0,0.0,48.41,3.769,3.763,86348000.0,-321305000.0,714807000.0,714807000.0,168222000.0,0.038,0.117,0.084,0.223,3168000.0,254088000.0,1.0,55651449.0,55560000,64076000.0,12.865,1756442000.0,226478000.0,46456000.0,45665000.0,31.613,1232242000.0
31,CEPH,MRT,2003-09-30,2003-09-30,2003-09-30,2019-05-23,38950000.0,2336504000.0,2055565000.0,1306152000.0,1030352000.0,0.315,13.091,-35819000.0,1032141000.0,1032141000.0,90701000.0,192627000.0,10.186,2.212,1430779000.0,14133000.0,1416646000.0,1430779000.0,2441000.0,42964000.0,0.0,0.0,0.0,137505000.0,180469000.0,0.279,180469000.0,137505000.0,106121000.0,3.45,3.1,3.45,727484000.0,682506250.0,727484000.0,3103655566.0,23.0,17.198,87984000.0,1.583,1.0,557172000.0,0.86,630220000.0,31384000.0,1976689000.0,1731420000.0,59460000.0,46750000.0,46750000.0,0.0,1609020000.0,128233000.0,1480787000.0,2548578566.0,540876000.0,0.0,181584000.0,511760000.0,0.0,434760000.0,-28160000.0,63588000.0,123803000.0,10473000.0,192627000.0,192627000.0,192627000.0,0.0,0.0,0.297,422688000.0,134484000.0,30767000.0,0.0,3.503,13.231,13.301,115571000.0,0.0,45.89,3.934,3.936,99881000.0,-352530000.0,647873000.0,647873000.0,147782000.0,0.094,0.282,0.079,0.212,47313000.0,231942000.0,1.0,55536687.0,55573000,64552000.0,11.658,1706284000.0,244487000.0,-86506000.0,48140000.0,30.703,1177919000.0
32,CEPH,MRT,2003-06-30,2003-06-30,2003-06-30,2019-05-23,36925000.0,2487695000.0,1844410000.0,1445579000.0,1042116000.0,0.319,12.618,-33302000.0,1062694000.0,1062694000.0,87619000.0,190331000.0,12.315,2.552,1617771000.0,14177000.0,1603594000.0,1617771000.0,2520000.0,40689000.0,0.0,0.0,0.0,126089000.0,166778000.0,0.284,166778000.0,126089000.0,92797000.0,3.41,3.08,3.41,700352000.0,613348000.0,700352000.0,2686683703.0,21.0,16.109,78405000.0,1.413,1.0,500574000.0,0.851,638063000.0,33292000.0,2287324000.0,1533221500.0,62388000.0,149923000.0,149923000.0,0.0,1787343000.0,117385000.0,1669958000.0,2278283703.0,670908000.0,0.0,179758000.0,696593000.0,0.0,617767000.0,-68825000.0,20228000.0,111707000.0,10259000.0,190331000.0,190331000.0,190331000.0,0.0,0.0,0.324,388278000.0,112296000.0,39046000.0,0.0,3.253,11.97,12.038,101747000.0,0.0,41.05,3.873,3.874,101327000.0,-374802000.0,588193000.0,588193000.0,133966000.0,0.103,0.31,0.082,0.214,48068000.0,213624000.0,1.0,55500212.0,55504000,64435000.0,10.597,1849632000.0,254169000.0,-97534000.0,51284000.0,33.324,1328194000.0
33,CEPH,MRT,2003-03-31,2003-03-31,2003-03-31,2019-05-23,28153000.0,1708971000.0,1574315000.0,772388000.0,936583000.0,0.343,11.895,-30207000.0,467565000.0,467565000.0,80930000.0,186637000.0,6.39,1.591,875965000.0,16122000.0,859843000.0,875965000.0,2666000.0,37805000.0,0.0,0.0,0.0,114777000.0,152582000.0,0.283,152582000.0,114777000.0,79523000.0,3.35,3.03,3.35,659604000.0,544967250.0,659604000.0,2605780480.0,23.0,17.078,67967000.0,1.226,1.0,459163000.0,0.85,643995000.0,35254000.0,1352510000.0,1275377750.0,60924000.0,79189000.0,79189000.0,0.0,1049367000.0,120866000.0,928501000.0,2215578480.0,11542000.0,0.0,2438000.0,-24011000.0,0.0,-21573000.0,-76368000.0,28274000.0,98174000.0,11309000.0,186637000.0,186637000.0,186637000.0,0.0,0.0,0.346,357021000.0,102142000.0,30435000.0,0.0,3.359,11.871,11.922,95104000.0,0.0,39.94,4.102,4.101,89473000.0,-392925000.0,540093000.0,540093000.0,126228000.0,0.119,0.342,0.09,0.213,45367000.0,192989000.0,1.0,55472671.0,55452000,57090000.0,9.74,1064976000.0,171611000.0,-107114000.0,53232000.0,19.205,651522000.0
34,CEPH,MRT,2002-12-31,2002-12-31,2002-12-31,2019-05-23,25046000.0,1689090000.0,1489710250.0,785980000.0,903110000.0,0.34,11.661,-27328000.0,486097000.0,486097000.0,74237000.0,171528000.0,6.569,1.629,876299000.0,15402000.0,860897000.0,876299000.0,2680000.0,35457000.0,0.0,0.0,0.0,97114000.0,132571000.0,0.262,132571000.0,97114000.0,58899000.0,3.08,2.77,3.08,642585000.0,479696750.0,642585000.0,3084272869.0,32.0,23.265,75293000.0,1.366,1.0,432660000.0,0.854,650488000.0,38215000.0,1309157000.0,1233081250.0,54299000.0,96591000.0,96591000.0,0.0,1046505000.0,119647000.0,926858000.0,2685792869.0,-62630000.0,0.0,3594000.0,-32512000.0,0.0,-28918000.0,-145764000.0,-39027000.0,102621000.0,9431000.0,171528000.0,171528000.0,171528000.0,0.0,0.0,0.338,336515000.0,96145000.0,23089000.0,0.0,4.18,15.658,15.802,90066000.0,0.0,48.67,5.298,5.291,83130000.0,-405163000.0,506897000.0,506897000.0,122920000.0,0.115,0.358,0.079,0.192,45959000.0,178138000.0,1.0,55183745.0,55104000,66856000.0,9.199,1038602000.0,170072000.0,-112629000.0,52666000.0,18.848,666333000.0
35,CEPH,MRT,2002-09-30,2002-09-30,2002-09-30,2019-05-23,15757000.0,1491884000.0,1429039750.0,766335000.0,725549000.0,0.306,8.178,-25278000.0,491265000.0,491265000.0,61853000.0,-33011000.0,7.625,2.309,889745000.0,18544000.0,871201000.0,889745000.0,6130000.0,28787000.0,0.0,0.0,0.0,8388000.0,37175000.0,0.085,37175000.0,8388000.0,-29526000.0,-0.77,-0.79,-0.77,450851000.0,418733250.0,450851000.0,2749520699.0,328.0,73.962,65795000.0,1.193,1.0,375640000.0,0.859,605960000.0,37914000.0,1183895000.0,1177051750.0,49479000.0,145362000.0,145362000.0,0.0,1041033000.0,100509000.0,940524000.0,2249238699.0,449098000.0,-447717000.0,7494000.0,604967000.0,0.0,612461000.0,-257765000.0,259773000.0,91073000.0,3329000.0,-33011000.0,-33011000.0,-33011000.0,0.0,0.0,-0.075,315691000.0,59949000.0,24847000.0,0.0,4.989,-68.136,-53.013,82957000.0,0.0,40.82,5.141,5.144,70543000.0,-545157000.0,437493000.0,437493000.0,115165000.0,-0.023,-0.079,0.007,0.019,4910000.0,151690000.0,1.0,55101389.0,55128000,56730000.0,7.936,885924000.0,0.0,3485000.0,52666000.0,16.07,665826000.0
36,CEPH,MRT,2002-06-30,2002-06-30,2002-06-30,2019-05-23,13475000.0,1407315000.0,1228134500.0,738658000.0,668657000.0,0.318,7.751,-14308000.0,391786000.0,391786000.0,56692000.0,-31410000.0,8.02,2.297,892068000.0,20646000.0,871422000.0,892068000.0,6264000.0,23718000.0,0.0,0.0,0.0,7029000.0,30747000.0,0.079,30747000.0,7029000.0,-29425000.0,-0.7,-0.74,-0.7,426829000.0,354941000.0,426829000.0,2926766765.0,416.0,95.189,50652000.0,0.92,1.0,334260000.0,0.855,559549000.0,36454000.0,1255949000.0,1110620500.0,49173000.0,202914000.0,202914000.0,0.0,980486000.0,92099000.0,888387000.0,2489318765.0,271154000.0,-447717000.0,7371000.0,605217000.0,0.0,612447000.0,-407299000.0,99447000.0,64960000.0,1046000.0,-31410000.0,-31480000.0,-31480000.0,0.0,0.0,-0.081,277242000.0,57018000.0,30781000.0,0.0,5.832,-79.076,-64.571,70872000.0,70000.0,45.2,6.367,6.367,83211000.0,-565133000.0,390952000.0,390952000.0,103747000.0,-0.026,-0.089,0.006,0.018,5559000.0,129711000.0,1.0,55073424.0,55071000,57033000.0,7.099,847766000.0,0.0,1985000.0,0.0,15.394,646559000.0
37,CEPH,MRT,2002-03-31,2002-03-31,2002-03-31,2019-05-23,1513000.0,1370552000.0,1042792000.0,726402000.0,644150000.0,0.313,7.251,-14130000.0,456023000.0,456023000.0,50493000.0,-52141000.0,8.768,2.439,893471000.0,21359000.0,872112000.0,893471000.0,6862000.0,19238000.0,0.0,0.0,0.0,-19348000.0,-110000.0,0.0,-110000.0,-19348000.0,-50156000.0,-1.09,-1.12,-1.09,398522000.0,291191500.0,398522000.0,3589862551.0,-186.0,-32635.114,20527000.0,0.373,1.0,275931000.0,0.845,541828000.0,30808000.0,1183324000.0,1001059000.0,44765000.0,138028000.0,138028000.0,0.0,972030000.0,82848000.0,889182000.0,3185845551.0,399843000.0,-447717000.0,12726000.0,946305000.0,0.0,954500000.0,-588024000.0,-100140000.0,34657000.0,-1290000.0,-52141000.0,-52211000.0,-52211000.0,0.0,0.0,-0.16,244635000.0,31296000.0,15523000.0,0.0,7.994,-61.019,-57.798,66561000.0,70000.0,63.0,9.76,10.608,78333000.0,-579562000.0,326424000.0,326424000.0,93240000.0,-0.05,-0.179,-0.019,-0.059,6326000.0,112091000.0,1.0,50568977.0,54963000,57304000.0,5.939,828724000.0,0.0,1985000.0,0.0,15.078,643554000.0
38,CEPH,MRT,2001-12-31,2001-12-31,2001-12-31,2019-05-23,2273000.0,1446408000.0,778329250.0,739116000.0,707292000.0,0.337,8.257,-12481000.0,548727000.0,548727000.0,44946000.0,-55484000.0,6.624,2.628,898789000.0,32200000.0,866589000.0,898789000.0,6866000.0,14434000.0,0.0,0.0,0.0,-34854000.0,-20420000.0,-0.078,-20420000.0,-34854000.0,-55484000.0,-1.27,-1.27,-1.27,398731000.0,233843000.0,398731000.0,4226020282.0,-121.0,-206.955,-207000.0,-0.004,1.0,217049000.0,0.828,599846000.0,20630000.0,1085039000.0,740734750.0,47513000.0,55157000.0,55157000.0,0.0,1047677000.0,111585000.0,936092000.0,3822003282.0,512156000.0,-447717000.0,24592000.0,956780000.0,0.0,974575000.0,-475061000.0,6200000.0,12274000.0,368000.0,-55484000.0,-61148000.0,-61148000.0,0.0,0.0,-0.233,213700000.0,3349000.0,24536000.0,0.0,9.585,-62.504,-59.512,64706000.0,5664000.0,75.58,14.588,13.931,79847000.0,-576691000.0,261995000.0,261995000.0,83037000.0,-0.079,-0.261,-0.047,-0.133,6632000.0,96179000.0,1.0,50568977.0,48292000,48292000.0,5.425,846562000.0,0.0,0.0,52666000.0,17.53,627531000.0
39,CEPH,MRT,2001-09-30,2001-09-30,2001-09-30,2019-05-23,2555000.0,688263000.0,493836000.0,509953000.0,178310000.0,0.461,3.893,-9261000.0,42167000.0,42167000.0,38032000.0,-42748000.0,10.966,2.517,446184000.0,5702000.0,440482000.0,446184000.0,6684000.0,11995000.0,0.0,0.0,0.0,-28920000.0,-16925000.0,-0.074,-16925000.0,-28920000.0,-42748000.0,-1.3,-1.33,-1.3,195682000.0,175458500.0,195682000.0,2826060522.0,-98.0,-166.976,-43779000.0,-0.871,1.0,189755000.0,0.833,127609000.0,13828000.0,918170000.0,507822750.0,30096000.0,402217000.0,402217000.0,0.0,492581000.0,46501000.0,446080000.0,2498895522.0,10329000.0,0.0,33301000.0,333527000.0,0.0,357765000.0,-312558000.0,-270520000.0,-34518000.0,-360000.0,-42748000.0,-51881000.0,-51881000.0,0.0,0.0,-0.228,234336000.0,-44581000.0,5010000.0,0.0,12.77,-48.166,-38.369,35660000.0,9133000.0,49.88,10.97,11.008,29873000.0,-512146000.0,227787000.0,227787000.0,79787000.0,-0.105,-0.296,-0.057,-0.127,7134000.0,99864000.0,1.0,50098146.0,50269000,53412000.0,4.531,560654000.0,0.0,0.0,0.0,11.153,463452000.0
40,CEPH,MRT,2001-06-30,2001-06-30,2001-06-30,2019-05-23,2295000.0,665945000.0,368879250.0,486725000.0,179220000.0,0.466,3.6,-7626000.0,120632000.0,120632000.0,29118000.0,-81621000.0,10.736,2.876,447797000.0,6084000.0,441713000.0,447797000.0,8153000.0,9528000.0,0.0,0.0,0.0,-73105000.0,-63577000.0,-0.37,-63577000.0,-73105000.0,-81621000.0,-2.15,-2.15,-2.15,171831000.0,164164000.0,171831000.0,3536714067.0,-48.0,-55.629,-97493000.0,-2.043,1.0,142903000.0,0.831,130073000.0,8516000.0,817703000.0,319143500.0,31492000.0,300159000.0,300159000.0,0.0,494114000.0,45334000.0,448780000.0,3494143067.0,75030000.0,0.0,35839000.0,334761000.0,0.0,359412000.0,-195527000.0,-155124000.0,-89867000.0,1012000.0,-81621000.0,-90684000.0,-90684000.0,0.0,0.0,-0.527,226697000.0,-83794000.0,2939000.0,0.0,20.335,-38.531,-32.791,33529000.0,9063000.0,70.5,20.312,19.559,30101000.0,-533653000.0,172021000.0,172021000.0,77926000.0,-0.246,-0.552,-0.229,-0.425,6980000.0,96569000.0,1.0,49562313.0,47725000,47725000.0,3.604,535872000.0,0.0,0.0,0.0,11.228,441391000.0
41,CEPH,MRT,2001-03-31,2001-03-31,2001-03-31,2019-05-23,2296000.0,312701000.0,253314750.0,147098000.0,165603000.0,0.55,3.958,-7945000.0,56180000.0,56180000.0,23998000.0,-90926000.0,1.832,0.849,98751000.0,43722000.0,55029000.0,98751000.0,10857000.0,6931000.0,0.0,0.0,0.0,-85491000.0,-78560000.0,-0.564,-78560000.0,-85491000.0,-90926000.0,-2.41,-2.41,-2.41,169128000.0,161374500.0,169128000.0,2132548148.0,-25.0,-27.145,-101326000.0,-2.371,1.0,115209000.0,0.828,132933000.0,5435000.0,142027000.0,154920250.0,26731000.0,37946000.0,37946000.0,0.0,143573000.0,80312000.0,63261000.0,2071031148.0,14782000.0,0.0,38701000.0,-2955000.0,0.0,26683000.0,79817000.0,139389000.0,-93381000.0,1663000.0,-90926000.0,-99989000.0,-99989000.0,0.0,0.0,-0.718,213132000.0,-97923000.0,3829000.0,0.0,12.245,-20.713,-19.943,30776000.0,9063000.0,48.063,14.877,14.754,23058000.0,-527351000.0,139207000.0,139207000.0,73093000.0,-0.395,-0.62,-0.552,-0.614,6728000.0,90434000.0,1.0,43090375.0,42732000,42732000.0,3.258,179768000.0,0.0,0.0,0.0,4.207,66786000.0
42,CEPH,MRT,2000-12-31,2000-12-31,2000-12-31,2019-05-23,1401000.0,308435000.0,224239250.0,141029000.0,167406000.0,0.499,4.04,-7462000.0,36571000.0,36571000.0,17768000.0,-101178000.0,1.746,0.867,98088000.0,42950000.0,55138000.0,98088000.0,8620000.0,3945000.0,0.0,0.0,0.0,-95989000.0,-92044000.0,-0.823,-92044000.0,-95989000.0,-101178000.0,-2.7,-2.7,-2.7,165193000.0,158705750.0,165193000.0,2620861430.0,-27.0,-28.474,-113954000.0,-2.787,1.0,94022000.0,0.841,135794000.0,5189000.0,153391000.0,163737500.0,20161000.0,60813000.0,60813000.0,0.0,143242000.0,80767000.0,62475000.0,2621604430.0,11673000.0,0.0,36619000.0,-32766000.0,0.0,-5210000.0,122360000.0,186449000.0,-106492000.0,1015000.0,-101178000.0,-110241000.0,-110241000.0,0.0,0.0,-0.986,198407000.0,-104385000.0,3590000.0,0.0,15.87,-23.781,-23.449,29730000.0,9063000.0,63.313,23.451,23.16,21905000.0,-515543000.0,111790000.0,111790000.0,68063000.0,-0.492,-0.695,-0.586,-0.859,6516000.0,83725000.0,1.0,41407375.0,40893000,40893000.0,2.734,172641000.0,0.0,0.0,0.0,4.222,60262000.0
43,CEPH,MRT,2000-09-30,2000-09-30,2000-09-30,2019-05-23,1829000.0,188436000.0,225196000.0,160704000.0,27732000.0,0.426,3.644,-6854000.0,16300000.0,16300000.0,13856000.0,-92939000.0,6.63,0.252,15557000.0,2043000.0,13514000.0,15557000.0,0.0,1442000.0,0.0,0.0,0.0,-82153000.0,-80711000.0,-0.841,-80711000.0,-82153000.0,-92939000.0,-2.11,-2.11,-2.11,150504000.0,175103250.0,150504000.0,1678499418.0,-20.0,-20.796,-93250000.0,-2.258,1.0,82139000.0,0.856,0.0,10786000.0,163453000.0,194281000.0,16843000.0,111040000.0,111040000.0,0.0,37932000.0,24240000.0,13692000.0,1692046418.0,-57534000.0,0.0,26041000.0,-32582000.0,0.0,-15927000.0,43171000.0,73875000.0,-86396000.0,1618000.0,-92939000.0,-91832000.0,-91832000.0,0.0,0.0,-0.957,158655000.0,-76516000.0,3227000.0,0.0,11.243,-18.425,-22.986,26038000.0,-1107000.0,48.5,17.626,20.865,13767000.0,-382121000.0,95995000.0,95995000.0,71621000.0,-0.408,-0.524,-0.423,-0.856,5101000.0,82307000.0,1.0,34887555.0,41298000,41298000.0,2.324,188436000.0,0.0,0.0,0.0,4.563,136464000.0
44,CEPH,MRT,2000-06-30,2000-06-30,2000-06-30,2019-05-23,816000.0,203687000.0,239553500.0,176895000.0,26792000.0,0.332,3.974,-5567000.0,29010000.0,29010000.0,9303000.0,-89055000.0,6.031,0.268,15463000.0,1977000.0,13486000.0,15463000.0,0.0,1425000.0,0.0,0.0,0.0,-79623000.0,-78198000.0,-0.984,-78198000.0,-79623000.0,-89055000.0,-2.16,-2.16,-2.16,160673000.0,183690000.0,160673000.0,2032816995.0,-26.0,-25.996,-87127000.0,-2.155,1.0,70192000.0,0.883,0.0,9432000.0,160810000.0,212315500.0,14465000.0,121377000.0,121377000.0,0.0,43014000.0,29330000.0,13684000.0,2031699995.0,-25476000.0,0.0,53220000.0,-31931000.0,0.0,134521000.0,-79351000.0,-49934000.0,-81560000.0,914000.0,-89055000.0,-89055000.0,-89055000.0,0.0,0.0,-1.12,143626000.0,-73434000.0,7365000.0,0.0,12.645,-22.814,-27.72,24339000.0,0.0,59.875,25.558,30.449,11017000.0,-368066000.0,79495000.0,79495000.0,65382000.0,-0.372,-0.485,-0.375,-1.002,3934000.0,74697000.0,1.0,33932359.0,40427000,40427000.0,1.966,203687000.0,0.0,0.0,0.0,5.038,147565000.0
45,CEPH,MRT,2000-03-31,2000-03-31,2000-03-31,2019-05-23,184000.0,196399000.0,217970250.0,174237000.0,22162000.0,0.307,4.048,-1912000.0,14281000.0,14281000.0,5801000.0,-84949000.0,8.617,0.239,15398000.0,1879000.0,13519000.0,15398000.0,0.0,1639000.0,0.0,0.0,0.0,-76572000.0,-74933000.0,-1.121,-74933000.0,-76572000.0,-84949000.0,-2.17,-2.17,-2.17,158453000.0,155631500.0,158453000.0,1280213725.0,-17.0,-17.085,-78660000.0,-2.01,1.0,61058000.0,0.913,0.0,8377000.0,177296000.0,201150000.0,11747000.0,140821000.0,140821000.0,0.0,37946000.0,20220000.0,17726000.0,1247425725.0,-23118000.0,0.0,59012000.0,-31487000.0,0.0,143022000.0,-89634000.0,-82722000.0,-76748000.0,242000.0,-84949000.0,-84949000.0,-84949000.0,0.0,0.0,-1.271,125790000.0,-64732000.0,2969000.0,0.0,7.873,-14.684,-17.281,20478000.0,0.0,37.5,18.658,21.953,5908000.0,-358972000.0,66859000.0,66859000.0,59501000.0,-0.39,-0.546,-0.381,-1.145,2551000.0,63707000.0,1.0,33264686.0,39141000,39141000.0,1.708,196399000.0,0.0,0.0,0.0,5.018,154017000.0
46,CEPH,MRT,1999-12-31,1999-12-31,1999-12-31,2019-05-23,566000.0,312262000.0,195972250.0,286128000.0,26134000.0,0.262,6.431,-1029000.0,24898000.0,24898000.0,3921000.0,-82830000.0,4.79,0.353,47940000.0,32239000.0,15701000.0,47940000.0,2578000.0,2063000.0,0.0,0.0,0.0,-74453000.0,-72390000.0,-1.407,-72390000.0,-74453000.0,-82830000.0,-2.31,-2.31,-2.31,230783000.0,127216250.0,230783000.0,1127423217.0,-15.0,-15.574,-69400000.0,-1.934,1.0,47513000.0,0.924,0.0,8377000.0,275565000.0,187331250.0,4258000.0,247442000.0,247442000.0,0.0,81479000.0,59739000.0,21740000.0,1119874217.0,-38475000.0,0.0,47231000.0,28511000.0,0.0,193505000.0,-163801000.0,-162772000.0,-68371000.0,192000.0,-82830000.0,-82830000.0,-82830000.0,0.0,0.0,-1.61,116636000.0,-69123000.0,6631000.0,0.0,4.852,-13.52,-14.962,22467000.0,0.0,34.563,21.773,24.115,7534000.0,-405302000.0,51434000.0,51434000.0,54892000.0,-0.423,-0.651,-0.397,-1.448,1476000.0,59665000.0,1.0,32401424.0,35887000,35887000.0,1.433,312262000.0,0.0,0.0,0.0,8.701,226389000.0
47,CEPH,MRT,1999-09-30,1999-09-30,1999-09-30,2019-05-23,0.0,245866000.0,141575000.0,222843000.0,23023000.0,0.234,6.014,-182000.0,33483000.0,33483000.0,1767000.0,-74835000.0,12.502,0.33,41032000.0,1844000.0,39188000.0,41032000.0,0.0,4375000.0,0.0,0.0,0.0,-76292000.0,-71917000.0,-2.172,-71917000.0,-76292000.0,-74835000.0,-2.26,-2.26,-2.26,184851000.0,83921000.0,184851000.0,579012660.0,-8.0,-8.051,-75320000.0,-2.45,1.0,31345000.0,0.947,0.0,-1457000.0,235591000.0,139797250.0,3724000.0,179865000.0,179865000.0,0.0,61015000.0,17824000.0,43191000.0,553839660.0,48480000.0,0.0,111785000.0,27775000.0,0.0,259912000.0,-136300000.0,-136118000.0,-75138000.0,6000.0,-74835000.0,-75942000.0,-75942000.0,0.0,0.0,-2.293,105737000.0,-74392000.0,3166000.0,0.0,2.996,-7.293,-7.965,19881000.0,1107000.0,18.0,16.726,16.71,3432000.0,-319754000.0,33112000.0,33112000.0,50274000.0,-0.536,-0.905,-0.546,-2.304,1607000.0,55463000.0,1.0,30768870.0,30739090,30739090.0,1.077,245866000.0,0.0,0.0,0.0,7.998,205019000.0
48,CEPH,MRT,1999-06-30,1999-06-30,1999-06-30,2019-05-23,0.0,117354000.0,107333500.0,94340000.0,23014000.0,0.227,1.67,-223000.0,15189000.0,15189000.0,893000.0,-75292000.0,3.576,1.423,40362000.0,1677000.0,38685000.0,40362000.0,0.0,3719000.0,0.0,0.0,0.0,-76303000.0,-72584000.0,-2.983,-72584000.0,-76303000.0,-75292000.0,-2.27,-2.27,-2.27,48439000.0,55575000.0,48439000.0,537583653.0,-7.0,-7.406,-62921000.0,-2.17,1.0,23436000.0,0.963,0.0,-1011000.0,116148000.0,106749000.0,3680000.0,70366000.0,70366000.0,0.0,68915000.0,26379000.0,42536000.0,502558653.0,14158000.0,0.0,81509000.0,27812000.0,0.0,109321000.0,-32515000.0,-32292000.0,-62698000.0,50000.0,-75292000.0,-75292000.0,-75292000.0,0.0,0.0,-3.095,99833000.0,-76397000.0,6384000.0,0.0,10.375,-6.675,-7.654,19745000.0,0.0,17.375,20.657,20.71,3794000.0,-305235000.0,24329000.0,24329000.0,49779000.0,-0.701,-1.355,-0.715,-3.136,1742000.0,50054000.0,1.0,28924239.0,28998290,28998290.0,0.839,117354000.0,0.0,0.0,0.0,4.047,67961000.0
49,CEPH,MRT,1999-03-31,1999-03-31,1999-03-31,2019-05-23,0.0,108407000.0,108301000.0,84833000.0,23574000.0,0.157,1.554,-282000.0,5118000.0,5118000.0,242000.0,-76406000.0,3.962,1.42,40143000.0,1640000.0,38503000.0,40143000.0,0.0,3042000.0,0.0,0.0,0.0,-76961000.0,-73919000.0,-4.35,-73919000.0,-76961000.0,-76406000.0,-2.31,-2.31,-2.31,44792000.0,64587750.0,44792000.0,264924743.0,-3.0,-3.584,-66873000.0,-2.32,1.0,16750000.0,0.986,0.0,-555000.0,122021000.0,103080000.0,195000.0,73389000.0,73389000.0,0.0,63615000.0,21411000.0,42204000.0,252179743.0,14761000.0,0.0,66710000.0,27833000.0,0.0,94543000.0,-13265000.0,-12983000.0,-66591000.0,74000.0,-76406000.0,-76406000.0,-76406000.0,0.0,0.0,-4.497,96567000.0,-79817000.0,2677000.0,0.0,5.63,-3.301,-3.788,20169000.0,0.0,8.75,14.841,14.84,1351000.0,-293734000.0,16992000.0,16992000.0,49952000.0,-0.705,-1.183,-0.747,-4.529,2104000.0,46615000.0,1.0,28820542.0,28819187,28819187.0,0.59,108407000.0,0.0,0.0,0.0,3.762,63422000.0
50,CEPH,MRT,1998-12-31,1998-12-31,1998-12-31,2019-05-23,-79000.0,94673000.0,114889250.0,72594000.0,22079000.0,0.142,1.739,-684000.0,7484000.0,7484000.0,54000.0,-71124000.0,3.928,0.644,16720000.0,1624000.0,15096000.0,16720000.0,0.0,2636000.0,0.0,0.0,0.0,-71124000.0,-68488000.0,-4.194,-68488000.0,-71124000.0,-71124000.0,-2.15,-2.15,-2.15,57602000.0,77330250.0,57602000.0,271773057.0,-4.0,-3.968,-64458000.0,-1.946,1.0,16276000.0,0.997,0.0,0.0,85429000.0,103461250.0,38000.0,59862000.0,59862000.0,0.0,37071000.0,18480000.0,18591000.0,258477057.0,15927000.0,0.0,66994000.0,-2011000.0,0.0,64983000.0,14736000.0,15420000.0,-63774000.0,-18000.0,-71124000.0,-71124000.0,-71124000.0,0.0,0.0,-4.355,92124000.0,-75848000.0,3558000.0,0.0,4.487,-3.634,-4.186,20505000.0,0.0,9.0,15.828,18.258,3887000.0,-273793000.0,16330000.0,16330000.0,52461000.0,-0.619,-0.92,-0.687,-4.355,2083000.0,39663000.0,1.0,28719673.0,33129000,33129000.0,0.493,94673000.0,0.0,0.0,0.0,2.858,54114000.0
51,CEPH,MRT,1998-09-30,1998-09-30,1998-09-30,2019-05-23,0.0,108900000.0,129023000.0,86210000.0,22690000.0,0.146,2.494,-889000.0,3717000.0,3717000.0,0.0,-55201000.0,4.586,0.524,17013000.0,1605000.0,15408000.0,17013000.0,0.0,2069000.0,0.0,0.0,0.0,-53744000.0,-51675000.0,-2.752,-51675000.0,-53744000.0,-55201000.0,-1.97,-1.97,-1.97,71467000.0,88014250.0,71467000.0,207204983.0,-4.0,-4.01,-50941000.0,-1.778,1.0,18777000.0,1.0,0.0,1457000.0,103398000.0,119535250.0,0.0,77665000.0,77665000.0,0.0,37433000.0,18798000.0,18635000.0,209363983.0,10921000.0,0.0,1233000.0,-1545000.0,0.0,-312000.0,61285000.0,62174000.0,-50052000.0,0.0,-55201000.0,-55201000.0,-55201000.0,0.0,0.0,-2.94,78194000.0,-59417000.0,2331000.0,0.0,2.93,-3.793,-3.712,21163000.0,0.0,7.313,11.15,11.16,0.0,-259529000.0,18777000.0,18777000.0,46769000.0,-0.428,-0.627,-0.45,-2.862,966000.0,31425000.0,1.0,28630972.0,28655804,28655804.0,0.655,108900000.0,0.0,0.0,0.0,3.8,67412000.0
52,CEPH,MRT,1998-06-30,1998-06-30,1998-06-30,2019-05-23,0.0,121224000.0,,98371000.0,22853000.0,,2.963,-1027000.0,19745000.0,19745000.0,0.0,-53491000.0,5.591,0.435,17586000.0,1596000.0,15990000.0,17586000.0,0.0,1991000.0,0.0,0.0,0.0,-52480000.0,-50489000.0,-2.451,-50489000.0,-52480000.0,-53491000.0,-1.96,-1.96,-1.96,84490000.0,,84490000.0,230830775.0,-4.0,-4.572,-53569000.0,-1.879,1.0,20603000.0,1.0,0.0,1011000.0,101472000.0,,0.0,71992000.0,71992000.0,0.0,36734000.0,17593000.0,19141000.0,223990775.0,30312000.0,0.0,1314000.0,-1538000.0,0.0,-224000.0,83078000.0,84105000.0,-52542000.0,0.0,-53491000.0,-53491000.0,-53491000.0,0.0,0.0,-2.596,78278000.0,-57675000.0,2029000.0,0.0,2.651,-4.187,-4.018,21334000.0,0.0,7.875,10.872,10.899,0.0,-245660000.0,20603000.0,20603000.0,46168000.0,,,,-2.547,1097000.0,32110000.0,1.0,28443273.0,28514180,28514180.0,0.723,121224000.0,0.0,0.0,0.0,4.251,80778000.0
53,CEPH,MRT,1998-03-31,1998-03-31,1998-03-31,2019-05-23,0.0,134760000.0,,110930000.0,23830000.0,,3.436,-982000.0,12580000.0,12580000.0,0.0,-59948000.0,6.144,0.407,19420000.0,1448000.0,17972000.0,19420000.0,0.0,2127000.0,0.0,0.0,0.0,-59393000.0,-57266000.0,-2.717,-57266000.0,-59393000.0,-59948000.0,-2.28,-2.28,-2.28,95762000.0,,95762000.0,416838650.0,-7.0,-7.279,-54626000.0,-1.96,1.0,21080000.0,1.0,0.0,555000.0,123546000.0,,0.0,90815000.0,90815000.0,0.0,38998000.0,18054000.0,20944000.0,397788650.0,31771000.0,0.0,2026000.0,28450000.0,0.0,30476000.0,54939000.0,55921000.0,-53644000.0,0.0,-59948000.0,-59948000.0,-59948000.0,0.0,0.0,-2.844,85600000.0,-64520000.0,2978000.0,0.0,4.154,-6.636,-6.14,21757000.0,0.0,14.0,18.87,18.51,0.0,-233045000.0,21080000.0,21080000.0,50384000.0,,,,-2.818,1441000.0,35216000.0,1.0,28413475.0,27870715,27870715.0,0.756,134760000.0,0.0,0.0,0.0,4.835,92876000.0
54,CEPH,MRT,1997-12-31,1997-12-31,1997-12-31,2019-05-23,-44000.0,151208000.0,164549500.0,127151000.0,24057000.0,0.141,3.914,-823000.0,10271000.0,10271000.0,0.0,-60419000.0,6.193,0.507,29321000.0,1734000.0,27587000.0,29321000.0,0.0,2247000.0,0.0,0.0,0.0,-60419000.0,-58172000.0,-2.514,-58172000.0,-60419000.0,-60419000.0,-2.36,-2.36,-2.36,100338000.0,118832000.0,100338000.0,,,,-55500000.0,-2.165,1.0,23140000.0,1.0,0.0,0.0,149725000.0,161247500.0,0.0,109200000.0,109200000.0,0.0,50870000.0,20533000.0,30337000.0,323203278.0,26807000.0,0.0,3458000.0,24665000.0,0.0,28123000.0,53361000.0,54184000.0,-54677000.0,0.0,-60419000.0,-60419000.0,-60419000.0,0.0,0.0,-2.611,88331000.0,-65191000.0,2724000.0,0.0,3.221,-5.349,-4.82,21853000.0,0.0,11.375,13.967,12.603,5039000.0,-218386000.0,23140000.0,23140000.0,51587000.0,-0.367,-0.508,-0.375,-2.611,1811000.0,36744000.0,1.0,28413475.0,25637508,25637508.0,0.903,151208000.0,0.0,0.0,0.0,5.898,106618000.0
55,CEPH,MRT,1997-09-30,1997-09-30,1997-09-30,2019-05-23,,,,,,,,,,,,,,,,,,,,,,0.0,0.0,,,,,,,,,,,,,,,,,,1.0,,,,,,,,,,,,,,,,,,,,,,,,,,,,,,,,,,,,,,,,11.75,,,,,,,,,,,,,,1.0,,25742380,,,,,,,,
56,CEPH,MRT,1997-06-30,1997-06-30,1997-06-30,2019-05-23,,,,,,,,,,,,,,,,,,,,,,0.0,0.0,,,,,,,,,,,,,,,,,,1.0,,,,,,,,,,,,,,,,,,,,,,,,,,,,,,,,,,,,,,,,11.5,,,,,,,,,,,,,,1.0,,25103831,,,,,,,,
57,CEPH,MRT,1997-03-31,1997-03-31,1997-03-31,2019-05-23,,,,,,,,,,,,,,,,,,,,,,0.0,0.0,,,,,,,,,,,,,,,,,,1.0,,,,,,,,,,,,,,,,,,,,,,,,,,,,,,,,,,,,,,,,21.0,,,,,,,,,,,,,,1.0,,24691153,,,,,,,,
58,CEPH,MRT,1996-12-31,1996-12-31,1996-12-31,2019-05-23,-43000.0,177891000.0,,154544000.0,23347000.0,,5.647,-1631000.0,5671000.0,5671000.0,0.0,-53285000.0,7.159,0.295,22138000.0,5164000.0,16974000.0,22138000.0,0.0,4198000.0,0.0,0.0,0.0,-53285000.0,-49087000.0,-2.297,-49087000.0,-53285000.0,-53285000.0,-2.19,-2.19,-2.19,137326000.0,,137326000.0,,,,-54846000.0,-2.255,1.0,21366000.0,1.0,0.0,0.0,172770000.0,,0.0,141177000.0,141177000.0,0.0,40565000.0,21588000.0,18977000.0,,-894000.0,0.0,8516000.0,-2081000.0,0.0,6435000.0,45886000.0,30325000.0,-53215000.0,0.0,-53285000.0,-53285000.0,-53285000.0,0.0,0.0,-2.494,80856000.0,-59490000.0,1638000.0,0.0,,,-9.361,22086000.0,0.0,20.5,,23.333,0.0,-157967000.0,21366000.0,21366000.0,62096000.0,,,,-2.494,2602000.0,28605000.0,1.0,,24319163,24319163.0,0.879,177891000.0,0.0,0.0,0.0,7.315,132956000.0
59,CEPH,MRT,1995-12-31,1995-12-31,1995-12-31,2019-05-23,,,,,,,,-17218000.0,,,0.0,-33003000.0,,,,,,,,5851000.0,,0.0,0.0,-33003000.0,-27152000.0,,-27152000.0,-33003000.0,-33003000.0,-1.63,-1.63,-1.63,,,,,,,-42999000.0,-2.122,1.0,0.0,,,0.0,,,,,,,,,,,-4498000.0,4337000.0,98624000.0,3647000.0,0.0,102271000.0,-80988000.0,-68107000.0,-25781000.0,0.0,-33003000.0,-33003000.0,-33003000.0,0.0,0.0,,89756000.0,-89756000.0,,0.0,,,-25.0,,0.0,40.75,,,,,0.0,0.0,73994000.0,,,,,0.0,15762000.0,,,20262071,20262071.0,0.0,,,0.0,,,
