None,ticker,dimension,calendardate,datekey,reportperiod,lastupdated,accoci,assets,assetsavg,assetsc,assetsnc,assetturnover,bvps,capex,cashneq,cashnequsd,cor,consolinc,currentratio,de,debt,debtc,debtnc,debtusd,deferredrev,depamor,deposits,divyield,dps,ebit,ebitda,ebitdamargin,ebitdausd,ebitusd,ebt,eps,epsdil,epsusd,equity,equityavg,equityusd,ev,evebit,evebitda,fcf,fcfps,fxusd,gp,grossmargin,intangibles,intexp,invcap,invcapavg,inventory,investments,investmentsc,investmentsnc,liabilities,liabilitiesc,liabilitiesnc,marketcap,ncf,ncfbus,ncfcommon,ncfdebt,ncfdiv,ncff,ncfi,ncfinv,ncfo,ncfx,netinc,netinccmn,netinccmnusd,netincdis,netincnci,netmargin,opex,opinc,payables,payoutratio,pb,pe,pe1,ppnenet,prefdivis,price,ps,ps1,receivables,retearn,revenue,revenueusd,rnd,roa,roe,roic,ros,sbcomp,sgna,sharefactor,sharesbas,shareswa,shareswadil,sps,tangibles,taxassets,taxexp,taxliabilities,tbvps,workingcapital
0,INFO,ARY,2020-12-31,2021-01-22,2020-11-30,2021-09-28,-107900000,16135200000,16219450000.0,1233300000,14901900000,0.264,21.495,201800000.0,125600000,125600000,1590000000.0,869400000.0,0.623,0.892,5271000000,331600000,4939400000,5271000000,886200000,591600000.0,0,0.008,0.68,1120600000.0,1712200000.0,0.399,1712200000.0,1120600000.0,884000000.0,2.19,2.17,2.19,8529400000,8399925000.0,8529400000,40081180911,36.0,23.409,1340600000.0,3.379,1.0,2697800000.0,0.629,13754800000,236600000.0,5547000000,5886225000.0,0,0,0,0,7605800000,1978800000,5627000000,34935780911,14100000.0,-4700000.0,-721000000.0,-225000000.0,-270400000.0,-1344600000.0,205000000.0,18800000.0,1138800000.0,14900000.0,870700000.0,870700000.0,870700000.0,0.0,-1300000.0,0.203,1578900000.0,1118900000.0,48200000,0.311,4.096,40.124,40.224,1021600000,0.0,88.09,8.148,8.152,891700000,3842100000,4287800000.0,4287800000.0,0.0,0.054,0.104,0.19,0.261,265700000.0,1128000000.0,1.0,396591905,396800000,401500000.0,10.806,2380400000,27100000,13300000.0,572500000,5.999,-745500000
1,INFO,ARY,2019-12-31,2020-01-17,2019-11-30,2021-09-28,-261600000,16087200000,16101875000.0,1307800000,14779400000,0.274,21.066,-114600000.0,111500000,111500000,1657000000.0,499400000.0,0.664,0.912,5125500000,251100000,4874400000,5125500000,879700000,573100000.0,0,0.0,0.0,1005000000.0,1578100000.0,0.357,1578100000.0,1005000000.0,745300000.0,1.26,1.23,1.26,8415800000,8342375000.0,8415800000,36163041229,36.0,22.916,1136700000.0,2.845,1.0,2757600000.0,0.625,14005300000,259700000.0,5126700000,5230425000.0,0,0,0,0,7671400000,1969200000,5702200000,31149041229,-8500000.0,-136500000.0,-322300000.0,-570400000.0,0.0,-958000000.0,-271500000.0,-2100000.0,1251300000.0,-30300000.0,502700000.0,502700000.0,502700000.0,0.0,-3300000.0,0.114,1756900000.0,1000700000.0,59700000,0.0,3.701,61.963,62.913,658200000,0.0,79.27,7.056,7.174,890700000,3295000000,4414600000.0,4414600000.0,0.0,0.031,0.06,0.192,0.228,223800000.0,1197900000.0,1.0,392948672,399500000,409200000.0,11.05,2081900000,17800000,242600000.0,725700000,5.211,-661400000
2,INFO,ARY,2018-12-31,2019-01-18,2018-11-30,2021-09-28,-298900000,16062300000,15357775000.0,1099400000,14962900000,0.261,20.336,-222700000.0,120000000,120000000,1495700000.0,539200000.0,0.474,1.003,5679100000,789900000,4889200000,5679100000,886800000,541200000.0,0,0.0,0.0,652600000.0,1193800000.0,0.298,1193800000.0,652600000.0,426900000.0,1.38,1.33,1.38,8020500000,7960775000.0,8020500000,26066843923,40.0,21.835,1066800000.0,2.705,1.0,2513500000.0,0.627,14320800000,225700000.0,4980300000,5001675000.0,0,0,0,0,8041800000,2320300000,5721500000,20507743923,-13800000.0,-1876200000.0,-442500000.0,1463600000.0,0.0,873000000.0,-2112100000.0,-7000000.0,1289500000.0,-64200000.0,542300000.0,542300000.0,542300000.0,0.0,-3100000.0,0.135,1866600000.0,646900000.0,63800000,0.0,2.557,37.816,37.399,579600000,0.0,51.61,5.115,5.077,792900000,2743100000,4009200000.0,4009200000.0,0.0,0.035,0.068,0.13,0.163,241700000.0,1192800000.0,1.0,397359890,394400000,406900000.0,10.165,1741500000,35400000,-115400000.0,707900000,4.416,-1220900000
3,INFO,ARY,2017-12-31,2018-01-23,2017-11-30,2021-09-28,-85000000,14554400000,14162050000.0,1015000000,13539400000,0.254,19.996,-260200000.0,133800000,133800000,1348400000.0,417000000.0,0.533,0.818,4193300000,576000000,3617300000,4193300000,790800000,492500000.0,0,0.0,0.0,521300000.0,1013800000.0,0.282,1013800000.0,521300000.0,367000000.0,1.04,1.0,1.04,8004400000,7751700000.0,8004400000,23357475865,45.0,23.04,701300000.0,1.752,1.0,2251300000.0,0.625,12966800000,154300000.0,3741000000,3486275000.0,0,0,0,0,6550000000,1906100000,4643900000,19297975865,-5100000.0,-401100000.0,-986200000.0,798900000.0,0.0,-329300000.0,-646300000.0,14500000.0,961500000.0,9000000.0,416900000.0,416900000.0,416900000.0,0.0,100000.0,0.116,1727100000.0,524200000.0,53400000,0.0,2.411,46.289,46.644,531300000,0.0,48.51,5.361,5.394,693500000,2217600000,3599700000.0,3599700000.0,0.0,0.029,0.054,0.15,0.145,261900000.0,1096000000.0,1.0,397814386,400300000,416200000.0,8.993,1587600000,39000000,-49900000.0,875300000,3.966,-891100000
4,INFO,ARY,2016-12-31,2017-01-27,2016-11-30,2021-09-28,-438800000,13936600000,,933500000,13003100000,,26.146,-147600000.0,138900000,138900000,1037700000.0,152100000.0,0.661,0.724,3383900000,104600000,3279300000,3383900000,770200000,335700000.0,0,0.0,0.0,267100000.0,602800000.0,0.22,602800000.0,267100000.0,147700000.0,0.49,0.48,0.49,8084400000,,8084400000,19301761094,72.0,32.02,490700000.0,1.587,1.0,1697100000.0,0.621,12561600000,119400000.0,3207600000,,0,0,0,0,5852200000,1412400000,4439800000,16056761094,-154200000.0,-823500000.0,-458500000.0,630400000.0,0.0,177500000.0,-982800000.0,-7200000.0,638300000.0,12800000.0,152800000.0,152800000.0,152800000.0,-9200000.0,-700000.0,0.056,1436700000.0,260400000.0,58900000,0.0,1.986,105.084,80.531,416200000,0.0,39.46,5.871,4.461,635600000,1806900000,2734800000.0,2734800000.0,0.0,,,,0.098,200600000.0,907100000.0,1.0,406912344,309200000,316300000.0,8.845,1375000000,40800000,-5100000.0,1007000000,4.447,-478900000
5,INFO,ARY,2015-12-31,2016-03-11,2015-12-31,2021-09-28,0,3568300000,3389500000.0,425500000,3142800000,0.328,11.745,-16600000.0,146000000,146000000,0.0,152100000.0,0.791,0.701,824000000,86400000,737600000,824000000,226700000,107000000.0,0,0.0,0.0,241400000.0,348400000.0,0.313,348400000.0,241400000.0,222500000.0,0.85,0.8,0.85,2076300000,2190700000.0,2076300000,5803052463,24.0,16.656,459000000.0,2.596,1.0,1113400000.0,1.0,3076800000,18900000.0,631500000,430775000.0,0,13600000,0,13600000,1455800000,538000000,917800000,5125052463,30000000.0,-316000000.0,-411500000.0,472000000.0,0.0,58500000.0,-434100000.0,-1100000.0,475600000.0,-1700000.0,152500000.0,152500000.0,152500000.0,0.0,-400000.0,0.137,861100000.0,252300000.0,370600000,0.0,2.468,33.607,34.106,49600000,0.0,28.99,4.603,4.603,272500000,2067400000,1113400000.0,1113400000.0,0.0,0.045,0.07,0.56,0.217,37300000.0,600400000.0,1.0,176786908,176786908,,6.298,491500000,5400000,70000000.0,32800000,2.78,-112500000
6,INFO,ARY,2015-12-31,2016-02-10,2015-12-31,2021-09-28,0,3568300000,3389500000.0,425500000,3142800000,0.328,11.377,-16600000.0,146000000,146000000,0.0,152100000.0,0.791,0.701,824000000,86400000,737600000,824000000,226700000,107000000.0,0,0.0,0.0,241400000.0,348400000.0,0.313,348400000.0,241400000.0,222500000.0,0.85,0.8,0.85,2076300000,2190700000.0,2076300000,5605702824,23.0,16.09,459000000.0,2.515,1.0,1113400000.0,1.0,3076800000,18900000.0,631500000,430775000.0,0,13600000,0,13600000,1455800000,538000000,917800000,4927702824,30000000.0,-316000000.0,-411500000.0,472000000.0,0.0,58500000.0,-434100000.0,-1100000.0,475600000.0,-1700000.0,152500000.0,152500000.0,152500000.0,0.0,400000.0,0.137,861100000.0,252300000.0,370600000,0.0,2.373,32.313,31.765,49600000,0.0,27.0,4.426,4.426,272500000,2067400000,1113400000.0,1113400000.0,0.0,0.045,0.07,0.56,0.217,37300000.0,600400000.0,1.0,182507512,182507512,,6.101,491500000,5400000,70000000.0,32800000,2.693,-112500000
7,INFO,ARY,2014-12-31,2015-03-10,2014-12-31,2021-09-28,0,3300000000,,414000000,2886000000,,12.241,-19400000.0,117700000,117700000,0.0,164100000.0,0.818,0.461,435600000,86400000,349200000,435600000,194200000,100100000.0,0,0.0,0.0,238600000.0,338700000.0,0.318,338700000.0,238600000.0,221700000.0,0.92,0.9,0.92,2234000000,,2234000000,5024768734,21.0,14.835,401900000.0,2.202,1.0,1065100000.0,1.0,2823300000,16900000.0,288300000,,0,1100000,0,1100000,1029400000,506300000,523100000,4706868734,43700000.0,-130200000.0,-31200000.0,-40000000.0,0.0,-75300000.0,-250900000.0,0.0,421300000.0,-1300000.0,165200000.0,165200000.0,165200000.0,0.0,-1100000.0,0.155,821700000.0,243400000.0,346800000,0.0,2.107,28.492,28.033,56500000,0.0,25.79,4.419,4.419,288800000,1850600000,1065100000.0,1065100000.0,0.0,,,,0.224,20700000.0,569200000.0,1.0,182507512,182507512,,5.836,476700000,4600000,56500000.0,49900000,2.612,-92300000
8,INFO,ARY,2014-12-31,2015-02-11,2014-12-31,2021-09-28,0,3300000000,,414000000,2886000000,,12.468,-19400000.0,117700000,117700000,0.0,164100000.0,0.818,0.461,435600000,86400000,349200000,435600000,194200000,100100000.0,0,0.0,0.0,238600000.0,338700000.0,0.318,338700000.0,238600000.0,221700000.0,0.92,0.9,0.92,2234000000,,2234000000,5097756485,21.0,15.051,401900000.0,2.243,1.0,1065100000.0,1.0,2823300000,16900000.0,288300000,,0,1100000,0,1100000,1029400000,506300000,523100000,4779856485,43700000.0,-130200000.0,-31200000.0,-40000000.0,0.0,-75300000.0,-250900000.0,0.0,421300000.0,-1300000.0,165200000.0,165200000.0,165200000.0,0.0,-1100000.0,0.155,821700000.0,243400000.0,346800000,0.0,2.14,28.934,29.304,56500000,0.0,26.96,4.488,4.536,288800000,1850600000,1065100000.0,1065100000.0,0.0,,,,0.224,20700000.0,569200000.0,1.0,177294380,179183880,184467540.0,5.944,476700000,4600000,56500000.0,49900000,2.66,-92300000
0,INFO,ARQ,2021-09-30,2021-09-28,2021-08-31,2021-09-28,2700000,16496500000,,2659000000,13837500000,,22.326,-76800000.0,337900000,337900000,425700000.0,161100000.0,1.298,0.852,5204700000,291900000,4912800000,5204700000,939700000,145100000.0,0,0.007,0.2,287800000.0,432900000.0,0.367,432900000.0,287800000.0,233000000.0,0.4,0.4,0.4,8908000000,,8908000000,51319855296,53.0,32.801,343900000.0,0.862,1.0,754800000.0,0.639,12587700000,54800000.0,6727100000,,0,0,0,0,7588500000,2048500000,5540000000,46453055296,120500000.0,0.0,5400000.0,-97000000.0,-79800000.0,-177900000.0,-111000000.0,-33500000.0,420700000.0,-11300000.0,161300000.0,161300000.0,161300000.0,0.0,-200000.0,0.137,464000000.0,290800000.0,35400000,0.5,5.215,74.84,74.66,952800000,0.0,116.47,10.123,10.127,857800000,4069000000,1180500000.0,1180500000.0,0.0,,,,,52700000.0,285600000.0,1.0,398841378,399000000,401300000.0,2.959,3908800000,27100000,71700000.0,481500000,9.796,610500000
1,INFO,ARQ,2021-06-30,2021-06-23,2021-05-31,2021-09-28,142800000,16594600000,,2182800000,14411800000,,22.356,-70600000.0,217400000,217400000,425800000.0,158900000.0,1.043,0.861,5321300000,393000000,4928300000,5321300000,1009500000,150500000.0,0,0.007,0.2,272000000.0,422500000.0,0.358,422500000.0,272000000.0,216600000.0,0.4,0.4,0.4,8915700000,,8915700000,49138599897,52.0,31.912,301400000.0,0.756,1.0,755600000.0,0.64,13168100000,55400000.0,6437900000,,0,0,0,0,7678900000,2092500000,5586400000,44034699897,45400000.0,0.0,1600000.0,-145000000.0,-79700000.0,-259800000.0,-70200000.0,-3000000.0,372000000.0,3400000.0,159000000.0,159000000.0,159000000.0,0.0,-100000.0,0.135,480000000.0,275600000.0,34600000,0.5,4.939,70.761,70.363,963100000,0.0,110.47,9.825,9.83,870900000,3988700000,1181400000.0,1181400000.0,0.0,,,,,49900000.0,283300000.0,1.0,398612292,398800000,400700000.0,2.962,3426500000,27100000,57600000.0,486400000,8.592,90300000
2,INFO,ARQ,2021-03-31,2021-03-23,2021-02-28,2021-09-28,45800000,16669600000,,2250300000,14419300000,,21.871,-72600000.0,172000000,172000000,415200000.0,148700000.0,0.953,0.918,5475800000,540100000,4935700000,5475800000,1049800000,151600000.0,0,0.007,0.2,235100000.0,386700000.0,0.345,386700000.0,235100000.0,179600000.0,0.38,0.37,0.38,8691400000,,8691400000,43139740999,54.0,30.746,171900000.0,0.433,1.0,704700000.0,0.629,13171900000,55500000.0,6440400000,,0,0,0,0,7978200000,2361100000,5617100000,37835940999,46400000.0,-46900000.0,600000.0,210000000.0,-79300000.0,56700000.0,-263800000.0,-141500000.0,244500000.0,9000000.0,149300000.0,149300000.0,149300000.0,0.0,-600000.0,0.133,471300000.0,233400000.0,31000000,0.526,4.353,70.721,70.326,966900000,0.0,94.94,8.744,8.72,981900000,3910600000,1119900000.0,1119900000.0,0.0,,,,,65800000.0,302200000.0,1.0,398524763,397400000,400800000.0,2.818,3497700000,27100000,30300000.0,531600000,8.801,-110800000
3,INFO,ARQ,2020-12-31,2021-01-22,2020-11-30,2021-09-28,-107900000,16135200000,,1233300000,14901900000,,21.495,-56400000.0,125600000,125600000,400300000.0,150900000.0,0.623,0.892,5271000000,331600000,4939400000,5271000000,886200000,149300000.0,0,0.008,0.17,173200000.0,322500000.0,0.291,322500000.0,173200000.0,115500000.0,0.38,0.38,0.38,8529400000,,8529400000,40081180911,36.0,23.409,281900000.0,0.71,1.0,706900000.0,0.638,13754800000,57700000.0,5547000000,,0,0,0,0,7605800000,1978800000,5627000000,34935780911,-31200000.0,0.0,-188300000.0,-51300000.0,-67400000.0,-317600000.0,-50600000.0,14700000.0,338300000.0,-1300000.0,151100000.0,151100000.0,151100000.0,0.0,-200000.0,0.136,533800000.0,173100000.0,48200000,0.447,4.096,40.124,40.224,1021600000,0.0,88.09,8.148,8.152,891700000,3842100000,1107200000.0,1107200000.0,0.0,,,,,55900000.0,295000000.0,1.0,396591905,396800000,400600000.0,2.79,2380400000,27100000,-35600000.0,572500000,5.999,-745500000
4,INFO,ARQ,2020-09-30,2020-09-29,2020-08-31,2021-09-28,-107400000,16233600000,,1226000000,15007600000,,21.601,-60400000.0,156800000,156800000,385600000.0,163700000.0,0.667,0.889,5336300000,318200000,5018100000,5336300000,887200000,147600000.0,0,0.007,0.17,260500000.0,408100000.0,0.38,408100000.0,260500000.0,202800000.0,0.41,0.41,0.41,8592900000,,8592900000,36020420180,30.0,20.266,342400000.0,0.861,1.0,687600000.0,0.641,13849800000,57700000.0,5725000000,,0,0,0,0,7640700000,1838300000,5802400000,30840920180,-51000000.0,-1500000.0,40100000.0,-431200000.0,-67700000.0,-464700000.0,-31700000.0,31300000.0,402800000.0,42600000.0,162900000.0,162900000.0,162900000.0,0.0,800000.0,0.152,426400000.0,261200000.0,22800000,0.415,3.589,33.425,33.227,1037400000,0.0,77.42,7.171,7.161,859700000,3759700000,1073200000.0,1073200000.0,0.0,,,,,56000000.0,258700000.0,1.0,398358566,397800000,401100000.0,2.698,2383800000,17800000,39900000.0,685800000,5.992,-612300000
5,INFO,ARQ,2020-06-30,2020-06-23,2020-05-31,2021-09-28,-412200000,16128900000,,1302400000,14826500000,,20.424,-69600000.0,207800000,207800000,388300000.0,70800000.0,0.727,0.989,5777200000,316400000,5460800000,5777200000,945900000,149400000.0,0,0.005,0.17,136400000.0,285800000.0,0.278,285800000.0,136400000.0,76400000.0,0.18,0.18,0.18,8108400000,,8108400000,34445239759,27.0,18.54,208600000.0,0.525,1.0,638300000.0,0.622,13673000000,60000000.0,6234100000,,0,0,0,0,8020500000,1791200000,6229300000,28875839759,63900000.0,-3200000.0,-203700000.0,172800000.0,-67600000.0,-100200000.0,-99700000.0,-26100000.0,278200000.0,-14400000.0,71700000.0,71700000.0,71700000.0,0.0,-900000.0,0.07,503100000.0,135200000.0,20500000,0.944,3.561,36.099,36.025,1034700000,0.0,72.77,6.653,6.656,876100000,3677800000,1026600000.0,1026600000.0,0.0,,,,,71200000.0,258100000.0,1.0,396809671,397000000,400100000.0,2.586,2455900000,17800000,4700000.0,651800000,6.186,-488800000
6,INFO,ARQ,2020-03-31,2020-03-24,2020-02-29,2021-09-28,-292200000,16380100000,,1338300000,15041800000,,21.15,388200000.0,143900000,143900000,415800000.0,484000000.0,0.696,0.957,5607600000,310400000,5297200000,5607600000,1029700000,145300000.0,0,0.003,0.17,550500000.0,695800000.0,0.644,695800000.0,550500000.0,489300000.0,1.23,1.2,1.23,8369000000,,8369000000,28720526586,21.0,14.684,507700000.0,1.283,1.0,665000000.0,0.615,13882500000,61200000.0,6038800000,,0,0,0,0,8011100000,1922500000,6088600000,23256826586,32400000.0,0.0,-369100000.0,84700000.0,-67700000.0,-462100000.0,387000000.0,-1100000.0,119500000.0,-12000000.0,485000000.0,485000000.0,485000000.0,0.0,-1000000.0,0.449,115600000.0,549400000.0,32600000,0.138,2.779,26.488,26.38,1045600000,0.0,58.3,5.227,5.185,979700000,3689400000,1080800000.0,1080800000.0,0.0,,,,,82600000.0,316200000.0,1.0,398916408,395700000,404100000.0,2.731,2497600000,17800000,4300000.0,707000000,6.312,-584200000
7,INFO,ARQ,2019-12-31,2020-01-17,2019-11-30,2021-09-28,-261600000,16087200000,,1307800000,14779400000,,21.129,-73900000.0,111500000,111500000,409500000.0,202300000.0,0.664,0.912,5125500000,251100000,4874400000,5125500000,879700000,142100000.0,0,0.0,0.0,245600000.0,387700000.0,0.346,387700000.0,245600000.0,181800000.0,0.51,0.5,0.51,8415800000,,8415800000,36163041229,36.0,22.916,151800000.0,0.381,1.0,710900000.0,0.635,14005300000,63800000.0,5126700000,,0,0,0,0,7671400000,1969200000,5702200000,31149041229,-12600000.0,-8100000.0,-256400000.0,70000000.0,0.0,-196100000.0,-65000000.0,26000000.0,225700000.0,22800000.0,203100000.0,203100000.0,203100000.0,0.0,-800000.0,0.181,466000000.0,244900000.0,59700000,0.0,3.701,61.963,62.913,658200000,0.0,79.27,7.056,7.174,890700000,3295000000,1120400000.0,1120400000.0,0.0,,,,,56500000.0,308900000.0,1.0,392948672,398300000,408600000.0,2.813,2081900000,17800000,-21300000.0,725700000,5.227,-661400000
8,INFO,ARQ,2019-09-30,2019-09-24,2019-08-31,2021-09-28,-458600000,15903600000,,1189000000,14714600000,,20.526,89200000.0,124100000,124100000,419700000.0,39200000.0,0.715,0.931,5052400000,1200000,5051200000,5052400000,896500000,144700000.0,0,0.0,0.0,343900000.0,488600000.0,0.439,488600000.0,343900000.0,280700000.0,0.1,0.1,0.1,8235000000,,8235000000,31369451753,34.0,20.963,502100000.0,1.251,1.0,692600000.0,0.623,13986800000,63200000.0,5181800000,,0,0,0,0,7668600000,1663300000,6005300000,26441151753,14600000.0,-95800000.0,-123500000.0,-207800000.0,0.0,-334500000.0,-34400000.0,-25900000.0,412900000.0,-29400000.0,40100000.0,40100000.0,40100000.0,0.0,-900000.0,0.036,350000000.0,342600000.0,27200000,0.0,3.211,69.327,68.688,623900000,0.0,65.94,6.062,6.065,862700000,3094700000,1112300000.0,1112300000.0,0.0,,,,,54000000.0,295400000.0,1.0,400988046,401200000,410900000.0,2.772,1916800000,32400000,240600000.0,904000000,4.778,-474300000
9,INFO,ARQ,2019-06-30,2019-06-26,2019-05-31,2021-09-28,-342300000,16033300000,,1261200000,14772100000,,20.94,-66700000.0,109500000,109500000,428000000.0,148900000.0,0.657,0.912,5257800000,364300000,4893500000,5257800000,938700000,144000000.0,0,0.0,0.0,239800000.0,383800000.0,0.338,383800000.0,239800000.0,174000000.0,0.37,0.37,0.37,8386400000,,8386400000,30162060496,40.0,23.007,358000000.0,0.894,1.0,707500000.0,0.623,14048500000,65800000.0,5213400000,,0,0,0,0,7646900000,1919700000,5727200000,25013760496,-23700000.0,-32600000.0,31900000.0,-346700000.0,0.0,-315500000.0,-103300000.0,1500000.0,424700000.0,-29600000.0,149800000.0,149800000.0,149800000.0,0.0,-900000.0,0.132,469000000.0,238500000.0,33600000,0.0,2.983,56.11,55.688,615100000,0.0,62.37,5.885,5.876,854000000,3054800000,1135500000.0,1135500000.0,0.0,,,,,53600000.0,293300000.0,1.0,401054361,400500000,409300000.0,2.835,1984800000,28900000,24200000.0,700500000,4.956,-658500000
10,INFO,ARQ,2019-03-31,2019-03-26,2019-02-28,2021-09-28,-164700000,16383400000,,1326200000,15057200000,,20.935,-63200000.0,133200000,133200000,399800000.0,109000000.0,0.635,0.966,5596300000,484900000,5111400000,5596300000,1026300000,142300000.0,0,0.0,0.0,175700000.0,318000000.0,0.304,318000000.0,175700000.0,108800000.0,0.28,0.27,0.28,8332300000,,8332300000,26757693859,39.0,21.575,124800000.0,0.314,1.0,646600000.0,0.618,14359500000,66900000.0,5399800000,,0,0,0,0,8051100000,2087200000,5963900000,21294593859,13200000.0,0.0,25700000.0,-85900000.0,0.0,-111900000.0,-68800000.0,-3700000.0,188000000.0,5900000.0,109700000.0,109700000.0,109700000.0,0.0,-700000.0,0.105,471900000.0,174700000.0,56400000,0.0,2.556,51.85,51.221,596400000,0.0,53.27,5.164,5.142,980400000,2906400000,1046400000.0,1046400000.0,0.0,,,,,59700000.0,300300000.0,1.0,399748336,398000000,408000000.0,2.629,2023900000,29800000,-900000.0,707000000,5.085,-761000000
11,INFO,ARQ,2018-12-31,2019-01-18,2018-11-30,2021-09-28,-298900000,16062300000,,1099400000,14962900000,,20.305,-54200000.0,120000000,120000000,409100000.0,80800000.0,0.474,1.003,5679100000,789900000,4889200000,5679100000,886800000,145500000.0,0,0.0,0.0,160500000.0,306000000.0,0.287,306000000.0,160500000.0,93100000.0,0.21,0.2,0.21,8020500000,,8020500000,26066843923,40.0,21.835,303300000.0,0.768,1.0,658700000.0,0.617,14320800000,67400000.0,4980300000,,0,0,0,0,8041800000,2320300000,5721500000,20507743923,-34400000.0,5200000.0,67600000.0,-383800000.0,0.0,-328000000.0,-47900000.0,-100000.0,357500000.0,-16000000.0,81800000.0,81800000.0,81800000.0,0.0,-1000000.0,0.077,499500000.0,159200000.0,63800000,0.0,2.557,37.816,37.399,579600000,0.0,51.61,5.115,5.077,792900000,2743100000,1067800000.0,1067800000.0,0.0,,,,,69600000.0,315600000.0,1.0,397359890,395000000,407200000.0,2.703,1741500000,35400000,11300000.0,707900000,4.409,-1220900000
12,INFO,ARQ,2018-09-30,2018-09-25,2018-08-31,2021-09-28,-220600000,16206300000,,1114100000,15092200000,,20.08,-53800000.0,154400000,154400000,375300000.0,103500000.0,0.435,1.054,6060100000,1166300000,4893800000,6060100000,897000000,134100000.0,0,0.0,0.0,169100000.0,303200000.0,0.303,303200000.0,169100000.0,112400000.0,0.26,0.26,0.26,7891600000,,7891600000,27151205843,43.0,23.481,292600000.0,0.745,1.0,625700000.0,0.625,14438200000,56700000.0,5110400000,,0,0,0,0,8314700000,2563400000,5751300000,21245505843,-4600000.0,-1872600000.0,50500000.0,1594300000.0,0.0,1595300000.0,-1930800000.0,-4900000.0,346400000.0,-15500000.0,104500000.0,104500000.0,104500000.0,0.0,-1000000.0,0.104,458300000.0,167400000.0,39600000,0.0,2.692,37.523,37.958,591900000,0.0,53.9,5.467,5.451,760600000,2684000000,1001000000.0,1001000000.0,0.0,,,,,52500000.0,287700000.0,1.0,394165229,393000000,405100000.0,2.547,1768100000,29300000,7900000.0,676500000,4.499,-1449300000
13,INFO,ARQ,2018-06-30,2018-06-26,2018-05-31,2021-09-28,-143600000,14465800000,,2207100000,12258700000,,19.828,-59500000.0,159000000,159000000,368400000.0,114200000.0,1.413,0.862,4459500000,105800000,4353700000,4459500000,872000000,131000000.0,0,0.0,0.0,182000000.0,313000000.0,0.31,313000000.0,182000000.0,126700000.0,0.29,0.28,0.29,7768700000,,7768700000,24881365200,41.0,22.125,323200000.0,0.825,1.0,639900000.0,0.635,11686900000,55300000.0,5517700000,,0,0,0,0,6697100000,1561700000,5135400000,20580865200,3000000.0,-8800000.0,-445000000.0,172100000.0,0.0,-275400000.0,-78300000.0,-5100000.0,382700000.0,-26000000.0,114700000.0,114700000.0,114700000.0,0.0,-500000.0,0.114,459300000.0,180600000.0,42100000,0.0,2.649,33.872,34.314,508900000,0.0,52.5,5.431,5.428,704200000,2579500000,1008300000.0,1008300000.0,0.0,,,,,57700000.0,299200000.0,1.0,392016480,391800000,403600000.0,2.574,2778900000,41000000,12000000.0,607400000,7.093,645400000
14,INFO,ARQ,2018-03-31,2018-03-27,2018-02-28,2021-09-28,-29700000,14696700000,,1165800000,13530900000,,20.508,-55200000.0,156000000,156000000,342900000.0,240700000.0,0.787,0.801,4277000000,90900000,4186100000,4277000000,919300000,130600000.0,0,0.0,0.0,141000000.0,271600000.0,0.291,271600000.0,141000000.0,94700000.0,0.61,0.59,0.61,8162300000,,8162300000,23552498694,41.0,22.003,147700000.0,0.371,1.0,589200000.0,0.632,12939000000,46300000.0,4398300000,,0,0,0,0,6534400000,1480400000,5054000000,19431498694,22200000.0,0.0,-115600000.0,81000000.0,0.0,-118900000.0,-55100000.0,3100000.0,202900000.0,-6700000.0,241300000.0,241300000.0,241300000.0,0.0,-600000.0,0.259,449500000.0,139700000.0,50100000,0.0,2.381,32.812,32.617,539700000,0.0,48.6,5.269,5.245,802700000,2464800000,932100000.0,932100000.0,0.0,,,,,61900000.0,290300000.0,1.0,399825076,398000000,412100000.0,2.342,1757700000,45500000,-146600000.0,699500000,4.416,-314600000
15,INFO,ARQ,2017-12-31,2018-01-23,2017-11-30,2021-09-28,-85000000,14554400000,,1015000000,13539400000,,20.132,-68400000.0,133800000,133800000,342100000.0,105100000.0,0.533,0.818,4193300000,576000000,3617300000,4193300000,790800000,128100000.0,0,0.0,0.0,140400000.0,268500000.0,0.284,268500000.0,140400000.0,97100000.0,0.26,0.25,0.26,8004400000,,8004400000,23357475865,45.0,23.04,174500000.0,0.439,1.0,602600000.0,0.638,12966800000,43300000.0,3741000000,,0,0,0,0,6550000000,1906100000,4643900000,19297975865,-20000000.0,-401100000.0,116600000.0,204900000.0,0.0,172000000.0,-458200000.0,7900000.0,242900000.0,23300000.0,105700000.0,105700000.0,105700000.0,0.0,-600000.0,0.112,463400000.0,139200000.0,53400000,0.0,2.411,46.289,46.644,531300000,0.0,48.51,5.361,5.394,693500000,2217600000,944700000.0,944700000.0,0.0,,,,,58700000.0,285000000.0,1.0,397814386,397600000,412900000.0,2.376,1587600000,39000000,-8600000.0,875300000,3.993,-891100000
16,INFO,ARQ,2017-09-30,2017-09-26,2017-08-31,2021-09-28,-213200000,14016900000,,972100000,13044800000,,19.371,-61300000.0,153800000,153800000,341600000.0,147100000.0,0.528,0.82,3985800000,561100000,3424700000,3985800000,814100000,120800000.0,0,0.0,0.0,150700000.0,271500000.0,0.3,271500000.0,150700000.0,109200000.0,0.37,0.35,0.37,7702100000,,7702100000,21431172617,44.0,21.972,206000000.0,0.518,1.0,563100000.0,0.622,12467800000,41500000.0,3540400000,,0,0,0,0,6314800000,1840700000,4474100000,17599172617,-8700000.0,0.0,-214300000.0,-1300000.0,0.0,-208100000.0,-66300000.0,-2400000.0,267300000.0,-1600000.0,145900000.0,145900000.0,145900000.0,0.0,1200000.0,0.161,410600000.0,152500000.0,49900000,0.0,2.285,43.943,42.423,506900000,0.0,44.12,4.987,4.971,655500000,2116800000,904700000.0,904700000.0,0.0,,,,,63400000.0,268800000.0,1.0,398893305,397600000,414200000.0,2.275,1549100000,29700000,-36700000.0,842000000,3.896,-868600000
17,INFO,ARQ,2017-06-30,2017-06-27,2017-05-31,2021-09-28,-309800000,14071200000,,1024200000,13047000000,,19.036,-58800000.0,162500000,162500000,337700000.0,98800000.0,0.551,0.849,3984400000,561200000,3423200000,3984400000,869400000,122800000.0,0,0.0,0.0,136000000.0,258800000.0,0.286,258800000.0,136000000.0,98300000.0,0.25,0.24,0.25,7608600000,,7608600000,21933479732,68.0,,141800000.0,0.355,1.0,568400000.0,0.627,12513400000,37700000.0,3520100000,,0,0,0,0,6462600000,1859600000,4603000000,18111579732,7700000.0,0.0,-393900000.0,267300000.0,0.0,-126600000.0,-55400000.0,6300000.0,200600000.0,-10900000.0,99300000.0,99300000.0,99300000.0,0.0,-500000.0,0.11,431600000.0,136800000.0,60000000,0.0,2.38,81.254,78.224,470100000,0.0,45.37,5.409,5.415,669700000,1971000000,906100000.0,906100000.0,0.0,,,,,64600000.0,274200000.0,1.0,399197261,399700000,415600000.0,2.267,1557800000,47000000,-1000000.0,979600000,3.897,-835400000
18,INFO,ARQ,2017-03-31,2017-03-28,2017-02-28,2021-09-28,-460700000,14005700000,,1044600000,12961100000,,18.936,-71700000.0,154800000,154800000,327000000.0,66000000.0,0.531,0.821,3714400000,582900000,3131500000,3714400000,906900000,120800000.0,0,0.0,0.0,94200000.0,215000000.0,0.255,215000000.0,94200000.0,62400000.0,0.16,0.16,0.16,7691700000,,7691700000,20408288408,,,179000000.0,0.441,1.0,517200000.0,0.613,12454300000,31800000.0,3143600000,,0,0,0,0,6314000000,1967400000,4346600000,16848688408,15900000.0,0.0,-494600000.0,328000000.0,0.0,-166600000.0,-66400000.0,2700000.0,250700000.0,-1800000.0,66000000.0,66000000.0,66000000.0,0.0,0.0,0.078,421500000.0,95700000.0,52500000,0.0,2.191,,,445000000,0.0,41.41,,,668800000,1872300000,844200000.0,844200000.0,0.0,,,,,75200000.0,268000000.0,1.0,406874871,406200000,422200000.0,2.078,1551400000,73400000,-3600000.0,1027000000,3.819,-922800000
19,INFO,ARQ,2016-12-31,2017-01-27,2016-11-30,2021-09-28,-438800000,13936600000,,933500000,13003100000,,26.146,-48300000.0,138900000,138900000,345500000.0,88900000.0,0.661,0.724,3383900000,104600000,3279300000,3383900000,770200000,119200000.0,0,0.0,0.0,110900000.0,230100000.0,0.263,230100000.0,110900000.0,83500000.0,0.26,0.25,0.26,8084400000,,8084400000,19301761094,72.0,32.02,114900000.0,0.372,1.0,528300000.0,0.605,12561600000,27400000.0,3207600000,,0,0,0,0,5852200000,1412400000,4439800000,16056761094,-61800000.0,700000.0,-263000000.0,107000000.0,0.0,-152200000.0,-65200000.0,-12800000.0,163200000.0,-7600000.0,89300000.0,89300000.0,89300000.0,-1200000.0,-400000.0,0.102,416100000.0,112200000.0,58900000,0.0,1.986,105.084,80.531,416200000,0.0,39.46,5.871,4.461,635600000,1806900000,873800000.0,873800000.0,0.0,,,,,57500000.0,246000000.0,1.0,406912344,309200000,316300000.0,2.826,1375000000,40800000,-5800000.0,1007000000,4.447,-478900000
20,INFO,ARQ,2016-09-30,2016-10-07,2016-08-31,2021-09-28,-218800000,14328400000,,929500000,13398900000,,24.794,,200700000,200700000,269100000.0,-32000000.0,0.657,0.699,3266000000,126000000,3140000000,3266000000,803400000,,0,0.0,0.0,-18300000.0,,,,-18300000.0,-54800000.0,-0.09,-0.09,-0.09,8432600000,,8432600000,18428382842,,,,,1.0,455500000.0,0.629,12988700000,36500000.0,2990400000,,0,0,0,0,5895800000,1414600000,4481200000,15363082842,,,,,,,,,,,-31700000.0,-31700000.0,-31700000.0,1000000.0,-300000.0,-0.044,472200000.0,-16700000.0,57400000,0.0,1.822,,,391600000,0.0,36.41,,,514700000,1718800000,724600000.0,724600000.0,0.0,,,,,,267600000.0,1.0,421946796,340100000,340100000.0,2.131,1339700000,15300000,-23100000.0,1158500000,3.939,-485100000
21,INFO,ARQ,2016-03-31,2016-05-10,2016-03-31,2021-09-28,0,3501900000,,373000000,3128900000,,12.245,-2800000.0,89700000,89700000,0.0,24700000.0,0.788,0.601,743000000,86400000,656600000,743000000,223800000,27900000.0,0,0.0,0.0,44000000.0,71900000.0,0.25,71900000.0,44000000.0,35400000.0,0.14,0.13,0.14,2164700000,,2164700000,6750680457,33.0,21.383,59100000.0,0.334,1.0,287800000.0,1.0,3066500000,8600000.0,615600000,,0,12900000,0,12900000,1301200000,473100000,828100000,6097380457,-56200000.0,-22200000.0,13600000.0,-60100000.0,0.0,-46500000.0,-64100000.0,-1700000.0,61900000.0,-100000.0,24900000.0,24900000.0,24900000.0,0.0,200000.0,0.087,241600000.0,46200000.0,321200000,0.0,2.817,49.734,50.721,46400000,0.0,34.49,5.397,5.397,275700000,2128600000,287800000.0,287800000.0,0.0,,,,,13200000.0,160500000.0,1.0,176786908,176786908,,1.628,435400000,3500000,10500000.0,11400000,2.463,-100100000
22,INFO,ARQ,2015-12-31,2016-03-11,2015-12-31,2021-09-28,0,3568300000,,425500000,3142800000,,11.745,-4600000.0,146000000,146000000,0.0,46600000.0,0.791,0.701,824000000,86400000,737600000,824000000,226700000,28800000.0,0,0.0,0.0,73600000.0,102400000.0,0.351,102400000.0,73600000.0,66400000.0,0.26,0.24,0.26,2076300000,,2076300000,5803052463,24.0,16.656,83900000.0,0.475,1.0,291500000.0,1.0,3076800000,7200000.0,631500000,,0,13600000,0,13600000,1455800000,538000000,917800000,5125052463,-137000000.0,-193200000.0,-184500000.0,200000000.0,0.0,13500000.0,-223000000.0,-1100000.0,88500000.0,-600000.0,46500000.0,46500000.0,46500000.0,0.0,-900000.0,0.16,214600000.0,76900000.0,370600000,0.0,2.468,33.607,34.106,49600000,0.0,28.99,4.603,4.603,272500000,2067400000,291500000.0,291500000.0,0.0,,,,,9900000.0,155400000.0,1.0,176786908,176786908,,1.649,491500000,5400000,19900000.0,32800000,2.78,-112500000
23,INFO,ARQ,2015-12-31,2016-02-10,2015-12-31,2021-09-28,0,3568300000,,425500000,3142800000,,11.377,-4600000.0,146000000,146000000,0.0,46600000.0,0.791,0.701,824000000,86400000,737600000,824000000,226700000,28800000.0,0,0.0,0.0,73600000.0,102400000.0,0.351,102400000.0,73600000.0,66400000.0,0.26,0.25,0.26,2076300000,,2076300000,5605702824,23.0,16.09,83900000.0,0.46,1.0,291500000.0,1.0,3076800000,7200000.0,631500000,,0,13600000,0,13600000,1455800000,538000000,917800000,4927702824,-137000000.0,-193200000.0,-184500000.0,200000000.0,0.0,13500000.0,-223000000.0,-1100000.0,88500000.0,-600000.0,46500000.0,46500000.0,46500000.0,0.0,-100000.0,0.16,214600000.0,76900000.0,370600000,0.0,2.373,32.313,31.765,49600000,0.0,27.0,4.426,4.426,272500000,2067400000,291500000.0,291500000.0,0.0,,,,,9900000.0,155400000.0,1.0,182507512,182507512,,1.597,491500000,5400000,19900000.0,32800000,2.693,-112500000
24,INFO,ARQ,2015-09-30,2015-11-10,2015-09-30,2021-09-28,0,3511900000,,547500000,2964400000,,12.065,-11999991.0,283600000,283600000,0.0,6500000.0,1.038,0.579,646600000,86400000,560200000,646600000,196900000,78199949.0,0,0.0,0.0,17300000.0,95499949.0,0.344,95499949.0,17300000.0,13400000.0,0.04,0.04,0.04,2201900000,,2201900000,5783473106,28.0,18.436,375099774.0,2.055,1.0,277300000.0,1.0,2901600000,3900000.0,445900000,,0,11400000,0,11400000,1273900000,527400000,746500000,5420473106,166999998.0,-122799983.0,-226999738.0,271999853.0,0.0,45000115.0,-211099919.0,0.0,387099765.0,-1100000.0,6700000.0,6700000.0,6700000.0,0.0,200000.0,0.024,257400000.0,19900000.0,400900000,0.0,2.462,44.54,45.0,49700000,0.0,29.7,4.958,4.958,255100000,2009100000,277300000.0,277300000.0,0.0,,,,,27399982.0,149700000.0,1.0,182507512,182507512,,1.519,610300000,5300000,6700000.0,28000000,3.344,20100000
25,INFO,ARQ,2015-06-30,2015-08-12,2015-06-30,2021-09-28,0,3257100000,,387600000,2869500000,,11.698,5799991.0,119500000,119500000,0.0,44500000.0,0.848,0.509,542100000,86400000,455700000,542100000,186200000,-24899949.0,0,0.0,0.0,70800000.0,45900051.0,0.168,45900051.0,70800000.0,67100000.0,0.24,0.23,0.24,2135000000,,2135000000,5598513040,20.0,14.485,-69799774.0,-0.382,1.0,273100000.0,1.0,2806300000,3700000.0,416100000,,0,9800000,0,9800000,1085800000,457300000,628500000,5175913040,31700002.0,7599983.0,-57900262.0,103000147.0,0.0,45099885.0,47499919.0,0.0,-75599765.0,1600000.0,44500000.0,44500000.0,44500000.0,0.0,0.0,0.163,199600000.0,73500000.0,305500000,0.0,2.424,26.502,26.505,52000000,0.0,28.36,4.767,4.767,262200000,1973600000,273100000.0,273100000.0,0.0,,,,,-9099982.0,148500000.0,1.0,182507512,182507512,,1.496,450800000,1900000,22600000.0,49600000,2.47,-69700000
26,INFO,ARQ,2015-03-31,2015-05-13,2015-03-31,2021-09-28,0,3220700000,,373100000,2847600000,,12.821,-5800000.0,84400000,84400000,0.0,54500000.0,0.859,0.355,312400000,86400000,226000000,312400000,187000000,24900000.0,0,0.0,0.0,79700000.0,104600000.0,0.385,104600000.0,79700000.0,75600000.0,0.3,0.29,0.3,2349600000,,2349600000,4984145763,19.0,,69800000.0,0.381,1.0,271500000.0,1.0,2784600000,4100000.0,229600000,,0,2800000,0,2800000,834800000,434500000,400300000,4756145763,-31700000.0,-7600000.0,57900000.0,-103000000.0,0.0,-45100000.0,-47500000.0,0.0,75600000.0,-1600000.0,54800000.0,54800000.0,54800000.0,0.0,300000.0,0.202,189500000.0,82000000.0,284800000,0.0,2.024,26.394,26.06,55200000,0.0,26.06,4.415,4.433,274800000,1923900000,271500000.0,271500000.0,0.0,,,,,9100000.0,146800000.0,1.0,182507512,183259470,191653520.0,1.482,436100000,4900000,20800000.0,49400000,2.38,-61400000
27,INFO,ARQ,2014-12-31,2015-03-10,2014-12-31,2021-09-28,0,3300000000,,414000000,2886000000,,12.241,-1000000.0,117700000,117700000,0.0,15700000.0,0.818,0.461,435600000,86400000,349200000,435600000,194200000,28200000.0,0,0.0,0.0,39500000.0,67700000.0,0.249,67700000.0,39500000.0,35400000.0,0.08,0.09,0.08,2234000000,,2234000000,5024768734,21.0,14.835,141500000.0,0.775,1.0,271400000.0,1.0,2823300000,4100000.0,288300000,,0,1100000,0,1100000,1029400000,506300000,523100000,4706868734,36700000.0,-1600000.0,-10200000.0,-50000000.0,0.0,-60200000.0,-34400000.0,0.0,142500000.0,-100000.0,15700000.0,15700000.0,15700000.0,0.0,0.0,0.058,226000000.0,45400000.0,346800000,0.0,2.107,28.492,28.033,56500000,0.0,25.79,4.419,4.419,288800000,1850600000,271400000.0,271400000.0,0.0,,,,,6600000.0,139300000.0,1.0,182507512,182507512,,1.487,476700000,4600000,19700000.0,49900000,2.612,-92300000
28,INFO,ARQ,2014-12-31,2015-02-11,2014-12-31,2021-09-28,0,3300000000,,414000000,2886000000,,12.369,-1000000.0,117700000,117700000,0.0,15700000.0,0.818,0.461,435600000,86400000,349200000,435600000,194200000,28200000.0,0,0.0,0.0,39500000.0,67700000.0,0.249,67700000.0,39500000.0,35400000.0,0.09,0.08,0.09,2234000000,,2234000000,5097756485,21.0,15.051,141500000.0,0.783,1.0,271400000.0,1.0,2823300000,4100000.0,288300000,,0,1100000,0,1100000,1029400000,506300000,523100000,4779856485,36700000.0,-1600000.0,-10200000.0,-50000000.0,0.0,-60200000.0,-34400000.0,0.0,142500000.0,-100000.0,15700000.0,15700000.0,15700000.0,0.0,0.0,0.058,226000000.0,45400000.0,346800000,0.0,2.14,28.934,29.304,56500000,0.0,26.96,4.488,4.536,288800000,1850600000,271400000.0,271400000.0,0.0,,,,,6600000.0,139300000.0,1.0,177294380,180615294,187335924.0,1.503,476700000,4600000,19700000.0,49900000,2.639,-92300000
29,INFO,ARQ,2014-09-30,2014-11-12,2014-09-30,2021-09-28,0,3479000000,,370900000,3108100000,,12.162,-18399985.0,81100000,81100000,0.0,79200000.0,0.755,0.573,509400000,90200000,419200000,509400000,180900000,71899954.0,0,0.0,0.0,96400000.0,168299954.0,0.624,168299954.0,96400000.0,91900000.0,0.45,0.43,0.45,2188700000,,2188700000,4880161882,,,260399857.0,1.447,1.0,269700000.0,1.0,2889800000,4500000.0,526500000,,0,0,0,0,1253700000,491000000,762700000,4451861882,6999978.0,-128599914.0,-20999987.0,9999940.0,0.0,-15100043.0,-216499850.0,0.0,278799842.0,-1200000.0,80300000.0,80300000.0,80300000.0,0.0,-1100000.0,0.298,174400000.0,95300000.0,338000000,0.0,2.034,,,60300000,0.0,25.11,,,282400000,1798800000,269700000.0,269700000.0,0.0,,,,,14099987.0,142600000.0,1.0,177294380,179964373,187893323.0,1.499,589200000,161000000,11600000.0,222500000,3.274,-120100000
30,INFO,ARQ,2014-06-30,2014-08-13,2014-06-30,2021-09-28,0,3432400000,,378700000,3053700000,,12.773,,97500000,97500000,0.0,29400000.0,0.79,0.516,583000000,93900000,489100000,583000000,180700000,,0,0.0,0.0,42900000.0,,,,42900000.0,39000000.0,0.17,0.16,0.17,2264600000,,2264600000,4992323140,,,,,1.0,264600000.0,1.0,2829400000,3900000.0,609200000,,0,0,0,0,1167800000,479300000,688500000,4506823140,,,,,,,,,,,29400000.0,29400000.0,29400000.0,0.0,0.0,0.111,221700000.0,42900000.0,240000000,0.0,1.99,,,65000000,0.0,25.42,,,274500000,1805500000,264600000.0,264600000.0,0.0,,,,,,144600000.0,1.0,177294380,177294380,182777170.0,1.492,603000000,164100000,9600000.0,155400000,3.401,-100600000
0,INFO,ART,2021-09-30,2021-09-28,2021-08-31,2021-09-28,2700000,16496500000,16473975000.0,2659000000,13837500000,0.279,22.326,-276400000.0,337900000,337900000,1667000000.0,619600000.0,1.298,0.852,5204700000,291900000,4912800000,5204700000,939700000,596500000.0,0,0.007,0.77,968100000.0,1564600000.0,0.341,1564600000.0,968100000.0,744700000.0,1.56,1.55,1.56,8908000000,8761125000.0,8908000000,51319855296,53.0,32.801,1099100000.0,2.755,1.0,2922000000.0,0.637,12587700000,223400000.0,6727100000,6288100000.0,0,0,0,0,7588500000,2048500000,5540000000,46453055296,181100000.0,-46900000.0,-180700000.0,-83300000.0,-306200000.0,-698600000.0,-495600000.0,-163300000.0,1375500000.0,-200000.0,620700000.0,620700000.0,620700000.0,0.0,-1100000.0,0.135,1949100000.0,972900000.0,35400000,0.494,5.215,74.84,74.66,952800000,0.0,116.47,10.123,10.127,857800000,4069000000,4589000000.0,4589000000.0,0.0,0.038,0.071,0.154,0.211,224300000.0,1166100000.0,1.0,398841378,399000000,401300000.0,11.501,3908800000,27100000,124000000.0,481500000,9.796,610500000
1,INFO,ART,2021-06-30,2021-06-23,2021-05-31,2021-09-28,142800000,16594600000,16408250000.0,2182800000,14411800000,0.273,22.356,-260000000.0,217400000,217400000,1626900000.0,622200000.0,1.043,0.861,5321300000,393000000,4928300000,5321300000,1009500000,599000000.0,0,0.007,0.74,940800000.0,1539800000.0,0.344,1539800000.0,940800000.0,714500000.0,1.57,1.56,1.57,8915700000,8682350000.0,8915700000,49138599897,52.0,31.912,1097600000.0,2.752,1.0,2854800000.0,0.637,13168100000,226300000.0,6437900000,6037575000.0,0,0,0,0,7678900000,2092500000,5586400000,44034699897,9600000.0,-48400000.0,-146000000.0,-417500000.0,-294100000.0,-985400000.0,-416300000.0,-98500000.0,1357600000.0,53700000.0,622300000.0,622300000.0,622300000.0,0.0,-100000.0,0.139,1911500000.0,943300000.0,34600000,0.471,4.939,70.761,70.363,963100000,0.0,110.47,9.825,9.83,870900000,3988700000,4481700000.0,4481700000.0,0.0,0.038,0.072,0.156,0.21,227600000.0,1139200000.0,1.0,398612292,398800000,400700000.0,11.238,3426500000,27100000,92200000.0,486400000,8.592,90300000
2,INFO,ART,2021-03-31,2021-03-23,2021-02-28,2021-09-28,45800000,16669600000,16291825000.0,2250300000,14419300000,0.266,21.871,-259000000.0,172000000,172000000,1589400000.0,534100000.0,0.953,0.918,5475800000,540100000,4935700000,5475800000,1049800000,597900000.0,0,0.007,0.71,805200000.0,1403100000.0,0.324,1403100000.0,805200000.0,574300000.0,1.35,1.34,1.35,8691400000,8480525000.0,8691400000,43139740999,54.0,30.746,1004800000.0,2.528,1.0,2737500000.0,0.633,13171900000,230900000.0,6440400000,5986625000.0,0,0,0,0,7978200000,2361100000,5617100000,37835940999,28100000.0,-51600000.0,-351300000.0,-99700000.0,-282000000.0,-825800000.0,-445800000.0,-121600000.0,1263800000.0,35900000.0,535000000.0,535000000.0,535000000.0,0.0,-900000.0,0.124,1934600000.0,802900000.0,31000000,0.526,4.353,70.721,70.326,966900000,0.0,94.94,8.744,8.72,981900000,3910600000,4326900000.0,4326900000.0,0.0,0.033,0.063,0.134,0.186,248900000.0,1114000000.0,1.0,398524763,397400000,400800000.0,10.888,3497700000,27100000,39300000.0,531600000,8.801,-110800000
3,INFO,ART,2020-12-31,2021-01-22,2020-11-30,2021-09-28,-107900000,16135200000,16219450000.0,1233300000,14901900000,0.264,21.495,201800000.0,125600000,125600000,1590000000.0,869400000.0,0.623,0.892,5271000000,331600000,4939400000,5271000000,886200000,591600000.0,0,0.008,0.68,1120600000.0,1712200000.0,0.399,1712200000.0,1120600000.0,884000000.0,2.19,2.17,2.19,8529400000,8399925000.0,8529400000,40081180911,36.0,23.409,1340600000.0,3.379,1.0,2697800000.0,0.629,13754800000,236600000.0,5547000000,5886225000.0,0,0,0,0,7605800000,1978800000,5627000000,34935780911,14100000.0,-4700000.0,-721000000.0,-225000000.0,-270400000.0,-1344600000.0,205000000.0,18800000.0,1138800000.0,14900000.0,870700000.0,870700000.0,870700000.0,0.0,-1300000.0,0.203,1578900000.0,1118900000.0,48200000,0.311,4.096,40.124,40.224,1021600000,0.0,88.09,8.148,8.152,891700000,3842100000,4287800000.0,4287800000.0,0.0,0.054,0.104,0.19,0.261,265700000.0,1128000000.0,1.0,396591905,396800000,401500000.0,10.806,2380400000,27100000,13300000.0,572500000,5.999,-745500000
4,INFO,ART,2020-09-30,2020-09-29,2020-08-31,2021-09-28,-107400000,16233600000,16207450000.0,1226000000,15007600000,0.265,21.601,184300000.0,156800000,156800000,1599200000.0,920800000.0,0.667,0.889,5336300000,318200000,5018100000,5336300000,887200000,584400000.0,0,0.007,0.51,1193000000.0,1777400000.0,0.413,1777400000.0,1193000000.0,950300000.0,2.33,2.29,2.33,8592900000,8371525000.0,8592900000,36020420180,30.0,20.266,1210500000.0,3.043,1.0,2701800000.0,0.628,13849800000,242700000.0,5725000000,5781150000.0,0,0,0,0,7640700000,1838300000,5802400000,30840920180,32700000.0,-12800000.0,-789100000.0,-103700000.0,-203000000.0,-1223100000.0,190600000.0,30100000.0,1026200000.0,39000000.0,922700000.0,922700000.0,922700000.0,0.0,-1900000.0,0.215,1511100000.0,1190700000.0,22800000,0.219,3.589,33.425,33.227,1037400000,0.0,77.42,7.171,7.161,859700000,3759700000,4301000000.0,4301000000.0,0.0,0.057,0.11,0.206,0.277,266300000.0,1141900000.0,1.0,398358566,397800000,401100000.0,10.812,2383800000,17800000,27600000.0,685800000,5.992,-612300000
5,INFO,ART,2020-06-30,2020-06-23,2020-05-31,2021-09-28,-412200000,16128900000,16124950000.0,1302400000,14826500000,0.269,20.424,333900000.0,207800000,207800000,1633300000.0,796300000.0,0.727,0.989,5777200000,316400000,5460800000,5777200000,945900000,581500000.0,0,0.005,0.34,1276400000.0,1857900000.0,0.428,1857900000.0,1276400000.0,1028200000.0,2.02,1.98,2.02,8108400000,8282050000.0,8108400000,34445239759,27.0,18.54,1370200000.0,3.451,1.0,2706800000.0,0.624,13673000000,248200000.0,6234100000,5645350000.0,0,0,0,0,8020500000,1791200000,6229300000,28875839759,98300000.0,-107100000.0,-952700000.0,119700000.0,-135300000.0,-1092900000.0,187900000.0,-27100000.0,1036300000.0,-33000000.0,799900000.0,799900000.0,799900000.0,0.0,-3600000.0,0.184,1434700000.0,1272100000.0,20500000,0.168,3.561,36.099,36.025,1034700000,0.0,72.77,6.653,6.656,876100000,3677800000,4340100000.0,4340100000.0,0.0,0.05,0.097,0.226,0.294,264300000.0,1178600000.0,1.0,396809671,397000000,400100000.0,10.932,2455900000,17800000,228300000.0,651800000,6.186,-488800000
6,INFO,ART,2020-03-31,2020-03-24,2020-02-29,2021-09-28,-292200000,16380100000,16101050000.0,1338300000,15041800000,0.276,21.15,336800000.0,143900000,143900000,1673000000.0,874400000.0,0.696,0.957,5607600000,310400000,5297200000,5607600000,1029700000,576100000.0,0,0.003,0.17,1379800000.0,1955900000.0,0.44,1955900000.0,1379800000.0,1125800000.0,2.21,2.17,2.21,8369000000,8351550000.0,8369000000,28720526586,21.0,14.684,1519600000.0,3.84,1.0,2776000000.0,0.624,13882500000,254000000.0,6038800000,5390175000.0,0,0,0,0,8011100000,1922500000,6088600000,23256826586,10700000.0,-136500000.0,-717100000.0,-399800000.0,-67700000.0,-1308200000.0,184300000.0,500000.0,1182800000.0,-48200000.0,878000000.0,878000000.0,878000000.0,0.0,-3600000.0,0.197,1400600000.0,1375400000.0,32600000,0.077,2.779,26.488,26.38,1045600000,0.0,58.3,5.227,5.185,979700000,3689400000,4449000000.0,4449000000.0,0.0,0.055,0.105,0.256,0.31,246700000.0,1213800000.0,1.0,398916408,395700000,404100000.0,11.243,2497600000,17800000,247800000.0,707000000,6.312,-584200000
7,INFO,ART,2019-12-31,2020-01-17,2019-11-30,2021-09-28,-261600000,16087200000,16101875000.0,1307800000,14779400000,0.274,21.066,-114600000.0,111500000,111500000,1657000000.0,499400000.0,0.664,0.912,5125500000,251100000,4874400000,5125500000,879700000,573100000.0,0,0.0,0.0,1005000000.0,1578100000.0,0.357,1578100000.0,1005000000.0,745300000.0,1.26,1.23,1.26,8415800000,8342375000.0,8415800000,36163041229,36.0,22.916,1136700000.0,2.845,1.0,2757600000.0,0.625,14005300000,259700000.0,5126700000,5230425000.0,0,0,0,0,7671400000,1969200000,5702200000,31149041229,-8500000.0,-136500000.0,-322300000.0,-570400000.0,0.0,-958000000.0,-271500000.0,-2100000.0,1251300000.0,-30300000.0,502700000.0,502700000.0,502700000.0,0.0,-3300000.0,0.114,1756900000.0,1000700000.0,59700000,0.0,3.701,61.963,62.913,658200000,0.0,79.27,7.056,7.174,890700000,3295000000,4414600000.0,4414600000.0,0.0,0.031,0.06,0.192,0.228,223800000.0,1197900000.0,1.0,392948672,399500000,409200000.0,11.05,2081900000,17800000,242600000.0,725700000,5.211,-661400000
8,INFO,ART,2019-09-30,2019-09-24,2019-08-31,2021-09-28,-458600000,15903600000,16095650000.0,1189000000,14714600000,0.271,20.526,-94900000.0,124100000,124100000,1656600000.0,377900000.0,0.715,0.931,5052400000,1200000,5051200000,5052400000,896500000,576500000.0,0,0.0,0.0,919900000.0,1496400000.0,0.343,1496400000.0,919900000.0,656600000.0,0.96,0.94,0.96,8235000000,8243550000.0,8235000000,31369451753,34.0,20.963,1288200000.0,3.211,1.0,2705400000.0,0.62,13986800000,263300000.0,5181800000,5193825000.0,0,0,0,0,7668600000,1663300000,6005300000,26441151753,-30300000.0,-123200000.0,1700000.0,-1024200000.0,0.0,-1089900000.0,-254400000.0,-28200000.0,1383100000.0,-69100000.0,381400000.0,381400000.0,381400000.0,0.0,-3500000.0,0.087,1790400000.0,915000000.0,27200000,0.0,3.211,69.327,68.688,623900000,0.0,65.94,6.062,6.065,862700000,3094700000,4362000000.0,4362000000.0,0.0,0.024,0.046,0.177,0.211,236900000.0,1204600000.0,1.0,400988046,401200000,410900000.0,10.872,1916800000,32400000,275200000.0,904000000,4.778,-474300000
9,INFO,ART,2019-06-30,2019-06-26,2019-05-31,2021-09-28,-342300000,16033300000,16171325000.0,1261200000,14772100000,0.263,20.94,-237900000.0,109500000,109500000,1612200000.0,442200000.0,0.657,0.912,5257800000,364300000,4893500000,5257800000,938700000,565900000.0,0,0.0,0.0,745100000.0,1311000000.0,0.308,1311000000.0,745100000.0,488300000.0,1.12,1.1,1.12,8386400000,8157700000.0,8386400000,30162060496,40.0,23.007,1078700000.0,2.693,1.0,2638500000.0,0.621,14048500000,256800000.0,5213400000,5175975000.0,0,0,0,0,7646900000,1919700000,5727200000,25013760496,-49500000.0,-1900000000.0,175700000.0,777900000.0,0.0,839900000.0,-2150800000.0,-7200000.0,1316600000.0,-55200000.0,445800000.0,445800000.0,445800000.0,0.0,-3600000.0,0.105,1898700000.0,739800000.0,33600000,0.0,2.983,56.11,55.688,615100000,0.0,62.37,5.885,5.876,854000000,3054800000,4250700000.0,4250700000.0,0.0,0.028,0.055,0.144,0.175,235400000.0,1196900000.0,1.0,401054361,400500000,409300000.0,10.613,1984800000,28900000,42500000.0,700500000,4.956,-658500000
10,INFO,ART,2019-03-31,2019-03-26,2019-02-28,2021-09-28,-164700000,16383400000,15779450000.0,1326200000,15057200000,0.261,20.935,-230700000.0,133200000,133200000,1552600000.0,407500000.0,0.635,0.966,5596300000,484900000,5111400000,5596300000,1026300000,552900000.0,0,0.0,0.0,687300000.0,1240200000.0,0.301,1240200000.0,687300000.0,441000000.0,1.04,1.01,1.04,8332300000,8003275000.0,8332300000,26757693859,39.0,21.575,1043900000.0,2.623,1.0,2570900000.0,0.623,14359500000,246300000.0,5399800000,5252050000.0,0,0,0,0,8051100000,2087200000,5963900000,21294593859,-22800000.0,-1876200000.0,-301200000.0,1296700000.0,0.0,880000000.0,-2125800000.0,-13800000.0,1274600000.0,-51600000.0,410700000.0,410700000.0,410700000.0,0.0,-3200000.0,0.1,1889000000.0,681900000.0,56400000,0.0,2.556,51.85,51.221,596400000,0.0,53.27,5.164,5.142,980400000,2906400000,4123500000.0,4123500000.0,0.0,0.026,0.051,0.131,0.167,239500000.0,1202800000.0,1.0,399748336,398000000,408000000.0,10.361,2023900000,29800000,30300000.0,707000000,5.085,-761000000
11,INFO,ART,2018-12-31,2019-01-18,2018-11-30,2021-09-28,-298900000,16062300000,15357775000.0,1099400000,14962900000,0.261,20.336,-222700000.0,120000000,120000000,1495700000.0,539200000.0,0.474,1.003,5679100000,789900000,4889200000,5679100000,886800000,541200000.0,0,0.0,0.0,652600000.0,1193800000.0,0.298,1193800000.0,652600000.0,426900000.0,1.38,1.33,1.38,8020500000,7960775000.0,8020500000,26066843923,40.0,21.835,1066800000.0,2.705,1.0,2513500000.0,0.627,14320800000,225700000.0,4980300000,5001675000.0,0,0,0,0,8041800000,2320300000,5721500000,20507743923,-13800000.0,-1876200000.0,-442500000.0,1463600000.0,0.0,873000000.0,-2112100000.0,-7000000.0,1289500000.0,-64200000.0,542300000.0,542300000.0,542300000.0,0.0,-3100000.0,0.135,1866600000.0,646900000.0,63800000,0.0,2.557,37.816,37.399,579600000,0.0,51.61,5.115,5.077,792900000,2743100000,4009200000.0,4009200000.0,0.0,0.035,0.068,0.13,0.163,241700000.0,1192800000.0,1.0,397359890,394400000,406900000.0,10.165,1741500000,35400000,-115400000.0,707900000,4.416,-1220900000
12,INFO,ART,2018-09-30,2018-09-25,2018-08-31,2021-09-28,-220600000,16206300000,14980800000.0,1114100000,15092200000,0.259,20.08,-236900000.0,154400000,154400000,1428700000.0,563500000.0,0.435,1.054,6060100000,1166300000,4893800000,6060100000,897000000,523800000.0,0,0.0,0.0,632500000.0,1156300000.0,0.298,1156300000.0,632500000.0,430900000.0,1.42,1.38,1.42,7891600000,7956750000.0,7891600000,27151205843,43.0,23.481,938000000.0,2.387,1.0,2457400000.0,0.632,14438200000,201600000.0,5110400000,4691850000.0,0,0,0,0,8314700000,2563400000,5751300000,21245505843,600000.0,-2282500000.0,-393500000.0,2052300000.0,0.0,1373000000.0,-2522400000.0,1000000.0,1174900000.0,-24900000.0,566200000.0,566200000.0,566200000.0,0.0,-2700000.0,0.146,1830500000.0,626900000.0,39600000,0.0,2.692,37.523,37.958,591900000,0.0,53.9,5.467,5.451,760600000,2684000000,3886100000.0,3886100000.0,0.0,0.038,0.071,0.135,0.163,230800000.0,1162200000.0,1.0,394165229,393000000,405100000.0,9.888,1768100000,29300000,-135300000.0,676500000,4.499,-1449300000
13,INFO,ART,2018-06-30,2018-06-26,2018-05-31,2021-09-28,-143600000,14465800000,14433450000.0,2207100000,12258700000,0.263,19.828,-244400000.0,159000000,159000000,1395000000.0,607100000.0,1.413,0.862,4459500000,105800000,4353700000,4459500000,872000000,510500000.0,0,0.0,0.0,614100000.0,1124600000.0,0.297,1124600000.0,614100000.0,427700000.0,1.53,1.47,1.53,7768700000,7909375000.0,7768700000,24881365200,41.0,22.125,851400000.0,2.173,1.0,2394800000.0,0.632,11686900000,186400000.0,5517700000,4299350000.0,0,0,0,0,6697100000,1561700000,5135400000,20580865200,-3500000.0,-409900000.0,-658300000.0,456700000.0,0.0,-430400000.0,-657900000.0,3500000.0,1095800000.0,-11000000.0,607600000.0,607600000.0,607600000.0,0.0,-500000.0,0.16,1782800000.0,612000000.0,42100000,0.0,2.649,33.872,34.314,508900000,0.0,52.5,5.431,5.428,704200000,2579500000,3789800000.0,3789800000.0,0.0,0.042,0.077,0.143,0.162,241700000.0,1143300000.0,1.0,392016480,391800000,403600000.0,9.673,2778900000,41000000,-179900000.0,607400000,7.093,645400000
14,INFO,ART,2018-03-31,2018-03-27,2018-02-28,2021-09-28,-29700000,14696700000,14334800000.0,1165800000,13530900000,0.257,20.508,-243700000.0,156000000,156000000,1364300000.0,591700000.0,0.787,0.801,4277000000,90900000,4186100000,4277000000,919300000,502300000.0,0,0.0,0.0,568100000.0,1070400000.0,0.29,1070400000.0,568100000.0,399300000.0,1.49,1.43,1.49,8162300000,7869350000.0,8162300000,23552498694,41.0,22.003,670000000.0,1.683,1.0,2323300000.0,0.63,12939000000,168800000.0,4398300000,3799950000.0,0,0,0,0,6534400000,1480400000,5054000000,19431498694,1200000.0,-401100000.0,-607200000.0,551900000.0,0.0,-281600000.0,-635000000.0,14900000.0,913700000.0,4100000.0,592200000.0,592200000.0,592200000.0,0.0,-500000.0,0.161,1755100000.0,568200000.0,50100000,0.0,2.381,32.812,32.617,539700000,0.0,48.6,5.269,5.245,802700000,2464800000,3687600000.0,3687600000.0,0.0,0.041,0.075,0.15,0.154,248600000.0,1118300000.0,1.0,399825076,398000000,412100000.0,9.265,1757700000,45500000,-192900000.0,699500000,4.416,-314600000
15,INFO,ART,2017-12-31,2018-01-23,2017-11-30,2021-09-28,-85000000,14554400000,14162050000.0,1015000000,13539400000,0.254,19.996,-260200000.0,133800000,133800000,1348400000.0,417000000.0,0.533,0.818,4193300000,576000000,3617300000,4193300000,790800000,492500000.0,0,0.0,0.0,521300000.0,1013800000.0,0.282,1013800000.0,521300000.0,367000000.0,1.04,1.0,1.04,8004400000,7751700000.0,8004400000,23357475865,45.0,23.04,701300000.0,1.752,1.0,2251300000.0,0.625,12966800000,154300000.0,3741000000,3486275000.0,0,0,0,0,6550000000,1906100000,4643900000,19297975865,-5100000.0,-401100000.0,-986200000.0,798900000.0,0.0,-329300000.0,-646300000.0,14500000.0,961500000.0,9000000.0,416900000.0,416900000.0,416900000.0,0.0,100000.0,0.116,1727100000.0,524200000.0,53400000,0.0,2.411,46.289,46.644,531300000,0.0,48.51,5.361,5.394,693500000,2217600000,3599700000.0,3599700000.0,0.0,0.029,0.054,0.15,0.145,261900000.0,1096000000.0,1.0,397814386,400300000,416200000.0,8.993,1587600000,39000000,-49900000.0,875300000,3.966,-891100000
16,INFO,ART,2017-09-30,2017-09-26,2017-08-31,2021-09-28,-213200000,14016900000,14007600000.0,972100000,13044800000,0.252,19.371,-240100000.0,153800000,153800000,1351800000.0,400800000.0,0.528,0.82,3985800000,561100000,3424700000,3985800000,814100000,483600000.0,0,0.0,0.0,491800000.0,975400000.0,0.276,975400000.0,491800000.0,353400000.0,1.04,1.0,1.04,7702100000,7771700000.0,7702100000,21431172617,44.0,21.972,641700000.0,1.614,1.0,2177000000.0,0.617,12467800000,138400000.0,3540400000,3352925000.0,0,0,0,0,6314800000,1840700000,4474100000,17599172617,-46900000.0,700000.0,-1365800000.0,701000000.0,0.0,-653500000.0,-253300000.0,-6200000.0,881800000.0,-21900000.0,400500000.0,400500000.0,400500000.0,-1200000.0,300000.0,0.113,1679800000.0,497200000.0,49900000,0.0,2.285,43.943,42.423,506900000,0.0,44.12,4.987,4.971,655500000,2116800000,3528800000.0,3528800000.0,0.0,0.029,0.052,0.147,0.139,260700000.0,1057000000.0,1.0,398893305,397600000,414200000.0,8.875,1549100000,29700000,-47100000.0,842000000,3.896,-868600000
17,INFO,ART,2017-06-30,2017-06-27,2017-05-31,2021-09-28,-309800000,14071200000,14085475000.0,1024200000,13047000000,0.238,19.036,,162500000,162500000,1279300000.0,221700000.0,0.551,0.849,3984400000,561200000,3423200000,3984400000,869400000,,0,0.0,0.0,322800000.0,,,,322800000.0,189400000.0,0.58,0.56,0.58,7608600000,7954325000.0,7608600000,21933479732,68.0,,,,1.0,2069400000.0,0.618,12513400000,133400000.0,3520100000,3215425000.0,0,0,0,0,6462600000,1859600000,4603000000,18111579732,,,,,,,,,,,222900000.0,222900000.0,222900000.0,-200000.0,-1200000.0,0.067,1741400000.0,328000000.0,60000000,0.0,2.38,81.254,78.224,470100000,0.0,45.37,5.409,5.415,669700000,1971000000,3348700000.0,3348700000.0,0.0,0.016,0.028,0.1,0.096,,1055800000.0,1.0,399197261,399700000,415600000.0,8.378,1557800000,47000000,-33500000.0,979600000,3.897,-835400000
18,INFO,ART,2017-03-31,2017-03-28,2017-02-28,2021-09-28,-460700000,14005700000,,1044600000,12961100000,,18.936,,154800000,154800000,,,0.531,0.821,3714400000,582900000,3131500000,3714400000,906900000,,0,0.0,0.0,,,,,,,,,,7691700000,,7691700000,20408288408,,,,,1.0,,,12454300000,,3143600000,,0,0,0,0,6314000000,1967400000,4346600000,16848688408,,,,,,,,,,,,,,,,,,,52500000,,2.191,,,445000000,,41.41,,,668800000,1872300000,,,,,,,,,,1.0,406874871,406200000,,,1551400000,73400000,,1027000000,3.819,-922800000
19,INFO,ART,2016-12-31,2017-01-27,2016-11-30,2021-09-28,-438800000,13936600000,,933500000,13003100000,,26.146,-147600000.0,138900000,138900000,1037700000.0,152100000.0,0.661,0.724,3383900000,104600000,3279300000,3383900000,770200000,335700000.0,0,0.0,0.0,267100000.0,602800000.0,0.22,602800000.0,267100000.0,147700000.0,0.49,0.48,0.49,8084400000,,8084400000,19301761094,72.0,32.02,490700000.0,1.587,1.0,1697100000.0,0.621,12561600000,119400000.0,3207600000,,0,0,0,0,5852200000,1412400000,4439800000,16056761094,-154200000.0,-823500000.0,-458500000.0,630400000.0,0.0,177500000.0,-982800000.0,-7200000.0,638300000.0,12800000.0,152800000.0,152800000.0,152800000.0,-9200000.0,-700000.0,0.056,1436700000.0,260400000.0,58900000,0.0,1.986,105.084,80.531,416200000,0.0,39.46,5.871,4.461,635600000,1806900000,2734800000.0,2734800000.0,0.0,,,,0.098,200600000.0,907100000.0,1.0,406912344,309200000,316300000.0,8.845,1375000000,40800000,-5100000.0,1007000000,4.447,-478900000
20,INFO,ART,2016-09-30,2016-10-07,2016-08-31,2021-09-28,-218800000,14328400000,,929500000,13398900000,,24.794,,200700000,200700000,,,0.657,0.699,3266000000,126000000,3140000000,3266000000,803400000,,0,0.0,0.0,,,,,,,,,,8432600000,,8432600000,18428382842,,,,,1.0,,,12988700000,,2990400000,,0,0,0,0,5895800000,1414600000,4481200000,15363082842,,,,,,,,,,,,,,,,,,,57400000,,1.822,,,391600000,,36.41,,,514700000,1718800000,,,,,,,,,,1.0,421946796,340100000,,,1339700000,15300000,,1158500000,3.939,-485100000
21,INFO,ART,2016-03-31,2016-05-10,2016-03-31,2021-09-28,0,3501900000,3459800000.0,373000000,3128900000,0.327,12.245,-13600000.0,89700000,89700000,0.0,122300000.0,0.788,0.601,743000000,86400000,656600000,743000000,223800000,110000000.0,0,0.0,0.0,205700000.0,315700000.0,0.279,315700000.0,205700000.0,182300000.0,0.68,0.64,0.68,2164700000,2144475000.0,2164700000,6750680457,33.0,21.383,448300000.0,2.536,1.0,1129700000.0,1.0,3066500000,23400000.0,615600000,527275000.0,0,12900000,0,12900000,1301200000,473100000,828100000,6097380457,5500000.0,-330600000.0,-455800000.0,514900000.0,0.0,57100000.0,-450700000.0,-2800000.0,461900000.0,-200000.0,122600000.0,122600000.0,122600000.0,0.0,-500000.0,0.109,913200000.0,216500000.0,321200000,0.0,2.817,49.734,50.721,46400000,0.0,34.49,5.397,5.397,275700000,2128600000,1129700000.0,1129700000.0,0.0,0.035,0.057,0.39,0.182,41400000.0,614100000.0,1.0,176786908,176786908,,6.39,435400000,3500000,59700000.0,11400000,2.463,-100100000
22,INFO,ART,2015-12-31,2016-03-11,2015-12-31,2021-09-28,0,3568300000,3389500000.0,425500000,3142800000,0.328,11.745,-16600000.0,146000000,146000000,0.0,152100000.0,0.791,0.701,824000000,86400000,737600000,824000000,226700000,107000000.0,0,0.0,0.0,241400000.0,348400000.0,0.313,348400000.0,241400000.0,222500000.0,0.85,0.8,0.85,2076300000,2190700000.0,2076300000,5803052463,24.0,16.656,459000000.0,2.596,1.0,1113400000.0,1.0,3076800000,18900000.0,631500000,430775000.0,0,13600000,0,13600000,1455800000,538000000,917800000,5125052463,30000000.0,-316000000.0,-411500000.0,472000000.0,0.0,58500000.0,-434100000.0,-1100000.0,475600000.0,-1700000.0,152500000.0,152500000.0,152500000.0,0.0,-400000.0,0.137,861100000.0,252300000.0,370600000,0.0,2.468,33.607,34.106,49600000,0.0,28.99,4.603,4.603,272500000,2067400000,1113400000.0,1113400000.0,0.0,0.045,0.07,0.56,0.217,37300000.0,600400000.0,1.0,176786908,176786908,,6.298,491500000,5400000,70000000.0,32800000,2.78,-112500000
23,INFO,ART,2015-12-31,2016-02-10,2015-12-31,2021-09-28,0,3568300000,3389500000.0,425500000,3142800000,0.328,11.377,-16600000.0,146000000,146000000,0.0,152100000.0,0.791,0.701,824000000,86400000,737600000,824000000,226700000,107000000.0,0,0.0,0.0,241400000.0,348400000.0,0.313,348400000.0,241400000.0,222500000.0,0.85,0.8,0.85,2076300000,2190700000.0,2076300000,5605702824,23.0,16.09,459000000.0,2.515,1.0,1113400000.0,1.0,3076800000,18900000.0,631500000,430775000.0,0,13600000,0,13600000,1455800000,538000000,917800000,4927702824,30000000.0,-316000000.0,-411500000.0,472000000.0,0.0,58500000.0,-434100000.0,-1100000.0,475600000.0,-1700000.0,152500000.0,152500000.0,152500000.0,0.0,400000.0,0.137,861100000.0,252300000.0,370600000,0.0,2.373,32.313,31.765,49600000,0.0,27.0,4.426,4.426,272500000,2067400000,1113400000.0,1113400000.0,0.0,0.045,0.07,0.56,0.217,37300000.0,600400000.0,1.0,182507512,182507512,,6.101,491500000,5400000,70000000.0,32800000,2.693,-112500000
24,INFO,ART,2015-09-30,2015-11-10,2015-09-30,2021-09-28,0,3511900000,3322425000.0,547500000,2964400000,0.329,12.065,-13000000.0,283600000,283600000,0.0,121200000.0,1.038,0.579,646600000,86400000,560200000,646600000,196900000,106400000.0,0,0.0,0.0,207300000.0,313700000.0,0.287,313700000.0,207300000.0,191500000.0,0.66,0.65,0.66,2201900000,2230125000.0,2201900000,5783473106,28.0,18.436,516600000.0,2.831,1.0,1093300000.0,1.0,2901600000,15800000.0,445900000,344975000.0,0,11400000,0,11400000,1273900000,527400000,746500000,5420473106,203700000.0,-124400000.0,-237200000.0,222000000.0,0.0,-15200000.0,-245500000.0,0.0,529600000.0,-1200000.0,121700000.0,121700000.0,121700000.0,0.0,500000.0,0.111,872500000.0,220800000.0,400900000,0.0,2.462,44.54,45.0,49700000,0.0,29.7,4.958,4.958,255100000,2009100000,1093300000.0,1093300000.0,0.0,0.037,0.055,0.601,0.19,34000000.0,584300000.0,1.0,182507512,182507512,,5.99,610300000,5300000,69800000.0,28000000,3.344,20100000
25,INFO,ART,2015-06-30,2015-08-12,2015-06-30,2021-09-28,0,3257100000,3314200000.0,387600000,2869500000,0.328,11.698,-19399994.0,119500000,119500000,0.0,193900000.0,0.848,0.509,542100000,86400000,455700000,542100000,186200000,100100005.0,0,0.0,0.0,286400000.0,386500005.0,0.356,386500005.0,286400000.0,270000000.0,1.07,1.04,1.07,2135000000,2226825000.0,2135000000,5598513040,20.0,14.485,401900083.0,2.202,1.0,1085700000.0,1.0,2806300000,16400000.0,416100000,365125000.0,0,9800000,0,9800000,1085800000,457300000,628500000,5175913040,43699980.0,-130199931.0,-31200249.0,-39999913.0,0.0,-75300158.0,-250899931.0,0.0,421300076.0,-1300000.0,195300000.0,195300000.0,195300000.0,0.0,-800000.0,0.18,789500000.0,296200000.0,305500000,0.0,2.424,26.502,26.505,52000000,0.0,28.36,4.767,4.767,262200000,1973600000,1085700000.0,1085700000.0,0.0,0.059,0.088,0.784,0.264,20700005.0,577200000.0,1.0,182507512,182507512,,5.949,450800000,1900000,74700000.0,49600000,2.47,-69700000
26,INFO,ART,2015-03-31,2015-05-13,2015-03-31,2021-09-28,0,3220700000,3358025000.0,373100000,2847600000,0.321,12.821,,84400000,84400000,0.0,178800000.0,0.859,0.355,312400000,86400000,226000000,312400000,187000000,,0,0.0,0.0,258500000.0,,,,258500000.0,241900000.0,1.0,0.97,1.0,2349600000,2259225000.0,2349600000,4984145763,19.0,,,,1.0,1077200000.0,1.0,2784600000,16600000.0,229600000,413400000.0,0,2800000,0,2800000,834800000,434500000,400300000,4756145763,,,,,,,,,,,180200000.0,180200000.0,180200000.0,0.0,-800000.0,0.167,811600000.0,265600000.0,284800000,0.0,2.024,26.394,26.06,55200000,0.0,26.06,4.415,4.433,274800000,1923900000,1077200000.0,1077200000.0,0.0,0.054,0.08,0.625,0.24,,573300000.0,1.0,182507512,183259470,191653520.0,5.878,436100000,4900000,61700000.0,49400000,2.38,-61400000
27,INFO,ART,2014-12-31,2015-03-10,2014-12-31,2021-09-28,0,3300000000,,414000000,2886000000,,12.241,-19400000.0,117700000,117700000,0.0,164100000.0,0.818,0.461,435600000,86400000,349200000,435600000,194200000,100100000.0,0,0.0,0.0,238600000.0,338700000.0,0.318,338700000.0,238600000.0,221700000.0,0.92,0.9,0.92,2234000000,,2234000000,5024768734,21.0,14.835,401900000.0,2.202,1.0,1065100000.0,1.0,2823300000,16900000.0,288300000,,0,1100000,0,1100000,1029400000,506300000,523100000,4706868734,43700000.0,-130200000.0,-31200000.0,-40000000.0,0.0,-75300000.0,-250900000.0,0.0,421300000.0,-1300000.0,165200000.0,165200000.0,165200000.0,0.0,-1100000.0,0.155,821700000.0,243400000.0,346800000,0.0,2.107,28.492,28.033,56500000,0.0,25.79,4.419,4.419,288800000,1850600000,1065100000.0,1065100000.0,0.0,,,,0.224,20700000.0,569200000.0,1.0,182507512,182507512,,5.836,476700000,4600000,56500000.0,49900000,2.612,-92300000
28,INFO,ART,2014-12-31,2015-02-11,2014-12-31,2021-09-28,0,3300000000,,414000000,2886000000,,12.468,-19400000.0,117700000,117700000,0.0,164100000.0,0.818,0.461,435600000,86400000,349200000,435600000,194200000,100100000.0,0,0.0,0.0,238600000.0,338700000.0,0.318,338700000.0,238600000.0,221700000.0,0.92,0.9,0.92,2234000000,,2234000000,5097756485,21.0,15.051,401900000.0,2.243,1.0,1065100000.0,1.0,2823300000,16900000.0,288300000,,0,1100000,0,1100000,1029400000,506300000,523100000,4779856485,43700000.0,-130200000.0,-31200000.0,-40000000.0,0.0,-75300000.0,-250900000.0,0.0,421300000.0,-1300000.0,165200000.0,165200000.0,165200000.0,0.0,-1100000.0,0.155,821700000.0,243400000.0,346800000,0.0,2.14,28.934,29.304,56500000,0.0,26.96,4.488,4.536,288800000,1850600000,1065100000.0,1065100000.0,0.0,,,,0.224,20700000.0,569200000.0,1.0,177294380,179183880,184467540.0,5.944,476700000,4600000,56500000.0,49900000,2.66,-92300000
29,INFO,ART,2014-09-30,2014-11-12,2014-09-30,2021-09-28,0,3479000000,,370900000,3108100000,,12.162,,81100000,81100000,,,0.755,0.573,509400000,90200000,419200000,509400000,180900000,,0,0.0,0.0,,,,,,,,,,2188700000,,2188700000,4880161882,,,,,1.0,,,2889800000,,526500000,,0,0,0,0,1253700000,491000000,762700000,4451861882,,,,,,,,,,,,,,,,,,,338000000,,2.034,,,60300000,,25.11,,,282400000,1798800000,,,,,,,,,,1.0,177294380,179964373,,,589200000,161000000,,222500000,3.274,-120100000
30,INFO,ART,2014-06-30,2014-08-13,2014-06-30,2021-09-28,0,3432400000,,378700000,3053700000,,12.773,,97500000,97500000,,,0.79,0.516,583000000,93900000,489100000,583000000,180700000,,0,0.0,0.0,,,,,,,,,,2264600000,,2264600000,4992323140,,,,,1.0,,,2829400000,,609200000,,0,0,0,0,1167800000,479300000,688500000,4506823140,,,,,,,,,,,,,,,,,,,240000000,,1.99,,,65000000,,25.42,,,274500000,1805500000,,,,,,,,,,1.0,177294380,177294380,,,603000000,164100000,,155400000,3.401,-100600000
