None,ticker,dimension,calendardate,datekey,reportperiod,lastupdated,accoci,assets,assetsavg,assetsc,assetsnc,assetturnover,bvps,capex,cashneq,cashnequsd,cor,consolinc,currentratio,de,debt,debtc,debtnc,debtusd,deferredrev,depamor,deposits,divyield,dps,ebit,ebitda,ebitdamargin,ebitdausd,ebitusd,ebt,eps,epsdil,epsusd,equity,equityavg,equityusd,ev,evebit,evebitda,fcf,fcfps,fxusd,gp,grossmargin,intangibles,intexp,invcap,invcapavg,inventory,investments,investmentsc,investmentsnc,liabilities,liabilitiesc,liabilitiesnc,marketcap,ncf,ncfbus,ncfcommon,ncfdebt,ncfdiv,ncff,ncfi,ncfinv,ncfo,ncfx,netinc,netinccmn,netinccmnusd,netincdis,netincnci,netmargin,opex,opinc,payables,payoutratio,pb,pe,pe1,ppnenet,prefdivis,price,ps,ps1,receivables,retearn,revenue,revenueusd,rnd,roa,roe,roic,ros,sbcomp,sgna,sharefactor,sharesbas,shareswa,shareswadil,sps,tangibles,taxassets,taxexp,taxliabilities,tbvps,workingcapital
0,INFO,MRY,2020-12-31,2020-11-30,2020-11-30,2021-09-28,-107900000.0,16135200000.0,16219450000.0,1233300000.0,14901900000.0,0.264,21.495,201800000.0,125600000.0,125600000.0,1590000000.0,869400000.0,0.623,0.892,5271000000.0,331600000.0,4939400000.0,5271000000.0,886200000.0,591600000.0,0.0,0.007,0.68,1120600000.0,1712200000.0,0.399,1712200000.0,1120600000.0,884000000.0,2.19,2.17,2.19,8529400000.0,8399925000.0,8529400000.0,44800242974.0,40.0,26.165,1340600000.0,3.379,1.0,2697800000.0,0.629,13754800000.0,236600000.0,5547000000.0,5886225000.0,0.0,0.0,0.0,0.0,7605800000.0,1978800000.0,5627000000.0,39620742974.0,14100000.0,-4700000.0,-721000000.0,-225000000.0,-270400000.0,-1344600000.0,205000000.0,18800000.0,1138800000.0,14900000.0,870700000.0,870700000.0,870700000.0,0.0,-1300000.0,0.203,1578900000.0,1118900000.0,48200000.0,0.311,4.645,45.504,45.416,1021600000.0,0.0,99.46,9.24,9.204,891700000.0,3842100000.0,4287800000.0,4287800000.0,0.0,0.054,0.104,0.19,0.261,265700000.0,1128000000.0,1.0,398358566.0,396800000.0,401500000.0,10.806,2380400000.0,27100000.0,13300000.0,572500000.0,5.999,-745500000.0
1,INFO,MRY,2019-12-31,2019-11-30,2019-11-30,2021-09-28,-261600000.0,16087200000.0,16101875000.0,1307800000.0,14779400000.0,0.274,21.066,-114600000.0,111500000.0,111500000.0,1657000000.0,499400000.0,0.664,0.912,5125500000.0,251100000.0,4874400000.0,5125500000.0,879700000.0,573100000.0,0.0,0.0,0.0,1005000000.0,1578100000.0,0.357,1578100000.0,1005000000.0,745300000.0,1.26,1.23,1.26,8415800000.0,8342375000.0,8415800000.0,34060081542.0,34.0,21.583,1136700000.0,2.845,1.0,2757600000.0,0.625,14005300000.0,259700000.0,5126700000.0,5230425000.0,0.0,0.0,0.0,0.0,7671400000.0,1969200000.0,5702200000.0,29131781542.0,-8500000.0,-136500000.0,-322300000.0,-570400000.0,0.0,-958000000.0,-271500000.0,-2100000.0,1251300000.0,-30300000.0,502700000.0,502700000.0,502700000.0,0.0,-3300000.0,0.114,1756900000.0,1000700000.0,59700000.0,0.0,3.462,57.951,57.659,658200000.0,0.0,72.65,6.599,6.574,890700000.0,3295000000.0,4414600000.0,4414600000.0,0.0,0.031,0.06,0.192,0.228,223800000.0,1197900000.0,1.0,400988046.0,399500000.0,409200000.0,11.05,2081900000.0,17800000.0,242600000.0,725700000.0,5.211,-661400000.0
2,INFO,MRY,2018-12-31,2018-11-30,2018-11-30,2021-09-28,-298900000.0,16062300000.0,15357775000.0,1099400000.0,14962900000.0,0.261,20.336,-222700000.0,120000000.0,120000000.0,1495700000.0,539200000.0,0.474,1.003,5679100000.0,789900000.0,4889200000.0,5679100000.0,886800000.0,541200000.0,0.0,0.0,0.0,652600000.0,1193800000.0,0.298,1193800000.0,652600000.0,426900000.0,1.38,1.33,1.38,8020500000.0,7960775000.0,8020500000.0,26942298272.0,41.0,22.569,1066800000.0,2.705,1.0,2513500000.0,0.627,14320800000.0,225700000.0,4980300000.0,5001675000.0,0.0,0.0,0.0,0.0,8041800000.0,2320300000.0,5721500000.0,21036598272.0,-13800000.0,-1876200000.0,-442500000.0,1463600000.0,0.0,873000000.0,-2112100000.0,-7000000.0,1289500000.0,-64200000.0,542300000.0,542300000.0,542300000.0,0.0,-3100000.0,0.135,1866600000.0,646900000.0,42200000.0,0.0,2.623,38.791,38.674,579600000.0,0.0,53.37,5.247,5.25,792900000.0,2743100000.0,4009200000.0,4009200000.0,0.0,0.035,0.068,0.13,0.163,241700000.0,1192800000.0,1.0,394165229.0,394400000.0,406900000.0,10.165,1741500000.0,14600000.0,-115400000.0,707900000.0,4.416,-1220900000.0
3,INFO,MRY,2017-12-31,2017-11-30,2017-11-30,2021-09-28,-85000000.0,14554400000.0,14162050000.0,1015000000.0,13539400000.0,0.254,19.996,-260200000.0,133800000.0,133800000.0,1348400000.0,417000000.0,0.533,0.818,4193300000.0,576000000.0,3617300000.0,4193300000.0,790800000.0,492500000.0,0.0,0.0,0.0,521300000.0,1013800000.0,0.282,1013800000.0,521300000.0,367000000.0,1.04,1.0,1.04,8004400000.0,7751700000.0,8004400000.0,21630619269.0,41.0,21.336,701300000.0,1.752,1.0,2251300000.0,0.625,12966800000.0,154300000.0,3741000000.0,3486275000.0,0.0,0.0,0.0,0.0,6550000000.0,1906100000.0,4643900000.0,17798619269.0,-5100000.0,-401100000.0,-986200000.0,798900000.0,0.0,-329300000.0,-646300000.0,14500000.0,961500000.0,9000000.0,416900000.0,416900000.0,416900000.0,0.0,100000.0,0.116,1727100000.0,524200000.0,53400000.0,0.0,2.224,42.693,42.904,531300000.0,0.0,44.62,4.944,4.962,693500000.0,2217600000.0,3599700000.0,3599700000.0,0.0,0.029,0.054,0.15,0.145,261900000.0,1096000000.0,1.0,398893305.0,400300000.0,416200000.0,8.993,1587600000.0,39000000.0,-49900000.0,875300000.0,3.966,-891100000.0
4,INFO,MRY,2016-12-31,2016-11-30,2016-11-30,2021-09-28,-438800000.0,13936600000.0,9757050000.0,933500000.0,13003100000.0,0.28,26.146,-147600000.0,138900000.0,138900000.0,1037700000.0,152100000.0,0.661,0.724,3383900000.0,104600000.0,3279300000.0,3383900000.0,770200000.0,335700000.0,0.0,0.0,0.0,267100000.0,602800000.0,0.22,602800000.0,267100000.0,147700000.0,0.49,0.48,0.49,8084400000.0,5142650000.0,8084400000.0,18230067848.0,68.0,30.242,490700000.0,1.587,1.0,1697100000.0,0.621,12561600000.0,119400000.0,3207600000.0,2669250000.0,0.0,0.0,0.0,0.0,5852200000.0,1412400000.0,4439800000.0,15164767848.0,-154200000.0,-823500000.0,-422700000.0,630400000.0,0.0,177500000.0,-982800000.0,-7200000.0,638300000.0,12800000.0,152800000.0,152800000.0,152800000.0,-9200000.0,-700000.0,0.056,1436700000.0,260400000.0,58900000.0,0.0,1.876,99.246,73.347,416200000.0,0.0,35.94,5.545,4.063,635600000.0,1806900000.0,2734800000.0,2734800000.0,0.0,0.016,0.03,0.1,0.098,200600000.0,907100000.0,1.0,421946796.0,309200000.0,316300000.0,8.845,1375000000.0,40800000.0,-5100000.0,1007000000.0,4.447,-478900000.0
5,INFO,MRY,2015-12-31,2015-11-30,2015-11-30,2021-09-28,-191200000.0,5577500000.0,,950500000.0,4627000000.0,,9.042,-122900000.0,291600000.0,291600000.0,819200000.0,240200000.0,0.99,1.534,2107500000.0,36000000.0,2071500000.0,2107500000.0,552500000.0,235500000.0,0.0,0.0,0.0,360000000.0,595500000.0,0.273,595500000.0,360000000.0,289100000.0,0.99,0.97,0.99,2200900000.0,,2200900000.0,5746971604.0,16.0,9.651,489700000.0,2.012,1.0,1365100000.0,0.625,4302200000.0,70900000.0,2130900000.0,,0.0,0.0,0.0,0.0,3376600000.0,960300000.0,2416300000.0,5383971604.0,139900000.0,-369900000.0,-200400000.0,288800000.0,0.0,45400000.0,-496000000.0,600000.0,612600000.0,-22100000.0,240200000.0,240200000.0,240200000.0,-51300000.0,0.0,0.11,1057300000.0,307800000.0,59200000.0,0.0,2.446,22.415,29.798,314400000.0,0.0,29.5,2.465,3.287,355900000.0,1655300000.0,2184300000.0,2184300000.0,0.0,,,,0.165,129900000.0,795300000.0,1.0,182507512.0,243400000.0,246400000.0,8.974,1275300000.0,11200000.0,48900000.0,282800000.0,5.24,-9800000.0
6,INFO,MRY,2014-12-31,2014-11-30,2014-11-30,2021-09-28,,,,,,,,-114500000.0,,,815200000.0,194500000.0,,,,,,,,202100000.0,,0.0,0.0,295000000.0,497100000.0,0.239,497100000.0,295000000.0,239600000.0,0.8,0.79,0.8,,,,4936896083.0,17.0,9.931,513600000.0,2.119,1.0,1264600000.0,0.608,,55400000.0,,,,,,,,,,4508596083.0,-105200000.0,-210400000.0,-59900000.0,-351200000.0,0.0,-397800000.0,-324000000.0,6200000.0,628100000.0,-11500000.0,194500000.0,194500000.0,194500000.0,-16500000.0,0.0,0.094,987100000.0,277500000.0,,0.0,,23.18,31.788,,0.0,25.43,2.168,2.964,,,2079800000.0,2079800000.0,0.0,,,,0.142,154100000.0,789800000.0,1.0,177294380.0,242400000.0,245800000.0,8.58,,,45100000.0,,,
7,INFO,MRY,2013-12-31,2013-12-31,2013-12-31,2021-09-28,0.0,3096700000.0,,311000000.0,2785700000.0,,11.824,-35000000.0,75300000.0,75300000.0,0.0,147000000.0,0.621,0.506,574600000.0,101900000.0,472700000.0,574600000.0,177900000.0,86000000.0,0.0,,0.0,222500000.0,308500000.0,0.325,308500000.0,222500000.0,203100000.0,0.8,0.79,0.8,2055900000.0,,2055900000.0,,,,378800000.0,2.179,1.0,947900000.0,1.0,2717800000.0,19400000.0,377400000.0,,0.0,0.0,0.0,0.0,1040800000.0,500800000.0,540000000.0,,-34700000.0,-45600000.0,-45500000.0,20000000.0,0.0,-203900000.0,-170600000.0,5200000.0,413800000.0,-200000.0,139400000.0,139400000.0,139400000.0,0.0,7600000.0,0.147,717800000.0,230100000.0,228200000.0,0.0,,,,62300000.0,0.0,,,,231200000.0,1663300000.0,947900000.0,947900000.0,0.0,,,,0.235,8100000.0,515100000.0,1.0,,173875980.0,175550760.0,5.452,378900000.0,8900000.0,63700000.0,51700000.0,2.179,-189800000.0
8,INFO,MRY,2012-12-31,2012-12-31,2012-12-31,2021-09-28,,,,,,,,-28800000.0,,,0.0,153100000.0,,,,,,,,66700000.0,,,0.0,196600000.0,263300000.0,0.306,263300000.0,196600000.0,167700000.0,0.7,0.69,0.7,,,,,,,373300000.0,,1.0,860600000.0,1.0,,28900000.0,,,,,,,,,,,-39600000.0,-380800000.0,-26700000.0,240500000.0,0.0,99400000.0,-479600000.0,0.0,402100000.0,1500000.0,125000000.0,125000000.0,125000000.0,0.0,28100000.0,0.145,635900000.0,224700000.0,,0.0,,,,,0.0,,,,,,860600000.0,860600000.0,0.0,,,,0.228,16200000.0,454000000.0,1.0,,,,,,,42700000.0,,,
0,INFO,MRQ,2021-09-30,2021-08-31,2021-08-31,2021-09-28,2700000.0,16496500000.0,,2659000000.0,13837500000.0,,22.326,-76800000.0,337900000.0,337900000.0,425700000.0,161100000.0,1.298,0.852,5204700000.0,291900000.0,4912800000.0,5204700000.0,939700000.0,145100000.0,0.0,0.006,0.2,287800000.0,432900000.0,0.367,432900000.0,287800000.0,233000000.0,0.4,0.4,0.4,8908000000.0,,8908000000.0,53176542415.0,55.0,33.987,343900000.0,0.862,1.0,754800000.0,0.639,12587700000.0,54800000.0,6727100000.0,,0.0,0.0,0.0,0.0,7588500000.0,2048500000.0,5540000000.0,48072642415.0,120500000.0,0.0,5400000.0,-97000000.0,-79800000.0,-177900000.0,-111000000.0,-33500000.0,420700000.0,-11300000.0,161300000.0,161300000.0,161300000.0,0.0,-200000.0,0.137,464000000.0,290800000.0,35400000.0,0.5,5.397,77.449,77.308,952800000.0,0.0,120.6,10.476,10.486,857800000.0,4069000000.0,1180500000.0,1180500000.0,0.0,,,,,52700000.0,285600000.0,1.0,398612292.0,399000000.0,401300000.0,2.959,3908800000.0,27100000.0,71700000.0,481500000.0,9.796,610500000.0
1,INFO,MRQ,2021-06-30,2021-05-31,2021-05-31,2021-09-28,142800000.0,16594600000.0,,2182800000.0,14411800000.0,,22.356,-70600000.0,217400000.0,217400000.0,425800000.0,158900000.0,1.043,0.861,5321300000.0,393000000.0,4928300000.0,5321300000.0,1009500000.0,150500000.0,0.0,0.007,0.2,272000000.0,422500000.0,0.358,422500000.0,272000000.0,216600000.0,0.4,0.4,0.4,8915700000.0,,8915700000.0,47272442792.0,50.0,30.7,301400000.0,0.756,1.0,755600000.0,0.64,13168100000.0,55400000.0,6437900000.0,,0.0,0.0,0.0,0.0,7678900000.0,2092500000.0,5586400000.0,41968642792.0,45400000.0,0.0,1600000.0,-145000000.0,-79700000.0,-259800000.0,-70200000.0,-3000000.0,372000000.0,3400000.0,159000000.0,159000000.0,159000000.0,0.0,-100000.0,0.135,480000000.0,275600000.0,34600000.0,0.5,4.707,67.441,67.076,963100000.0,0.0,105.31,9.364,9.371,870900000.0,3988700000.0,1181400000.0,1181400000.0,0.0,,,,,49900000.0,283300000.0,1.0,398524763.0,398800000.0,400700000.0,2.962,3426500000.0,27100000.0,57600000.0,486400000.0,8.592,90300000.0
2,INFO,MRQ,2021-03-31,2021-02-28,2021-02-28,2021-09-28,45800000.0,16669600000.0,,2250300000.0,14419300000.0,,21.871,-72600000.0,172000000.0,172000000.0,415200000.0,148700000.0,0.953,0.918,5475800000.0,540100000.0,4935700000.0,5475800000.0,1049800000.0,151600000.0,0.0,0.008,0.2,235100000.0,386700000.0,0.345,386700000.0,235100000.0,179600000.0,0.38,0.37,0.38,8691400000.0,,8691400000.0,40902126155.0,51.0,29.151,171900000.0,0.433,1.0,704700000.0,0.629,13171900000.0,55500000.0,6440400000.0,,0.0,0.0,0.0,0.0,7978200000.0,2361100000.0,5617100000.0,35756726155.0,46400000.0,-46900000.0,600000.0,210000000.0,-79300000.0,56700000.0,-263800000.0,-141500000.0,244500000.0,9000000.0,149300000.0,149300000.0,149300000.0,0.0,-600000.0,0.133,471300000.0,233400000.0,31000000.0,0.526,4.114,66.835,66.785,966900000.0,0.0,90.16,8.264,8.281,981900000.0,3910600000.0,1119900000.0,1119900000.0,0.0,,,,,65800000.0,302200000.0,1.0,396591905.0,397400000.0,400800000.0,2.818,3497700000.0,27100000.0,30300000.0,531600000.0,8.801,-110800000.0
3,INFO,MRQ,2020-12-31,2020-11-30,2020-11-30,2021-09-28,-107900000.0,16135200000.0,,1233300000.0,14901900000.0,,21.495,-56400000.0,125600000.0,125600000.0,400300000.0,150900000.0,0.623,0.892,5271000000.0,331600000.0,4939400000.0,5271000000.0,886200000.0,149300000.0,0.0,0.007,0.17,173200000.0,322500000.0,0.291,322500000.0,173200000.0,115500000.0,0.38,0.38,0.38,8529400000.0,,8529400000.0,44800242974.0,40.0,26.165,281900000.0,0.71,1.0,706900000.0,0.638,13754800000.0,57700000.0,5547000000.0,,0.0,0.0,0.0,0.0,7605800000.0,1978800000.0,5627000000.0,39620742974.0,-31200000.0,0.0,-188300000.0,-51300000.0,-67400000.0,-317600000.0,-50600000.0,14700000.0,338300000.0,-1300000.0,151100000.0,151100000.0,151100000.0,0.0,-200000.0,0.136,533800000.0,173100000.0,48200000.0,0.447,4.645,45.504,45.416,1021600000.0,0.0,99.46,9.24,9.204,891700000.0,3842100000.0,1107200000.0,1107200000.0,0.0,,,,,55900000.0,295000000.0,1.0,398358566.0,396800000.0,400600000.0,2.79,2380400000.0,27100000.0,-35600000.0,572500000.0,5.999,-745500000.0
4,INFO,MRQ,2020-09-30,2020-08-31,2020-08-31,2021-09-28,-107400000.0,16233600000.0,,1226000000.0,15007600000.0,,21.601,-60400000.0,156800000.0,156800000.0,385600000.0,163700000.0,0.667,0.889,5336300000.0,318200000.0,5018100000.0,5336300000.0,887200000.0,147600000.0,0.0,0.006,0.17,260500000.0,408100000.0,0.38,408100000.0,260500000.0,202800000.0,0.41,0.41,0.41,8592900000.0,,8592900000.0,37282428906.0,31.0,20.976,342400000.0,0.861,1.0,687600000.0,0.641,13849800000.0,57700000.0,5725000000.0,,0.0,0.0,0.0,0.0,7640700000.0,1838300000.0,5802400000.0,31713028906.0,-51000000.0,-1500000.0,40100000.0,-431200000.0,-67700000.0,-464700000.0,-31700000.0,31300000.0,402800000.0,42600000.0,162900000.0,162900000.0,162900000.0,0.0,800000.0,0.152,426400000.0,261200000.0,22800000.0,0.415,3.691,34.37,34.3,1037400000.0,0.0,79.92,7.373,7.392,859700000.0,3759700000.0,1073200000.0,1073200000.0,0.0,,,,,56000000.0,258700000.0,1.0,396809671.0,397800000.0,401100000.0,2.698,2383800000.0,17800000.0,39900000.0,685800000.0,5.992,-612300000.0
5,INFO,MRQ,2020-06-30,2020-05-31,2020-05-31,2021-09-28,-412200000.0,16128900000.0,,1302400000.0,14826500000.0,,20.424,-69600000.0,207800000.0,207800000.0,388300000.0,70800000.0,0.727,0.989,5777200000.0,316400000.0,5460800000.0,5777200000.0,945900000.0,149400000.0,0.0,0.005,0.17,136400000.0,285800000.0,0.278,285800000.0,136400000.0,76400000.0,0.18,0.18,0.18,8108400000.0,,8108400000.0,33172433700.0,26.0,17.855,208600000.0,0.525,1.0,638300000.0,0.622,13673000000.0,60000000.0,6234100000.0,,0.0,0.0,0.0,0.0,8020500000.0,1791200000.0,6229300000.0,27708733700.0,63900000.0,-3200000.0,-203700000.0,172800000.0,-67600000.0,-100200000.0,-99700000.0,-26100000.0,278200000.0,-14400000.0,71700000.0,71700000.0,71700000.0,0.0,-900000.0,0.07,503100000.0,135200000.0,20500000.0,0.944,3.417,34.64,34.386,1034700000.0,0.0,69.46,6.384,6.354,876100000.0,3677800000.0,1026600000.0,1026600000.0,0.0,,,,,71200000.0,258100000.0,1.0,398916408.0,397000000.0,400100000.0,2.586,2455900000.0,17800000.0,4700000.0,651800000.0,6.186,-488800000.0
6,INFO,MRQ,2020-03-31,2020-02-29,2020-02-29,2021-09-28,-292200000.0,16380100000.0,,1338300000.0,15041800000.0,,21.15,388200000.0,143900000.0,143900000.0,415800000.0,484000000.0,0.696,0.957,5607600000.0,310400000.0,5297200000.0,5607600000.0,1029700000.0,145300000.0,0.0,0.002,0.17,550500000.0,695800000.0,0.644,695800000.0,550500000.0,489300000.0,1.23,1.2,1.23,8369000000.0,,8369000000.0,33007663393.0,24.0,16.876,507700000.0,1.283,1.0,665000000.0,0.615,13882500000.0,61200000.0,6038800000.0,,0.0,0.0,0.0,0.0,8011100000.0,1922500000.0,6088600000.0,27993663393.0,32400000.0,0.0,-369100000.0,84700000.0,-67700000.0,-462100000.0,387000000.0,-1100000.0,119500000.0,-12000000.0,485000000.0,485000000.0,485000000.0,0.0,-1000000.0,0.449,115600000.0,549400000.0,32600000.0,0.138,3.345,31.883,32.235,1045600000.0,0.0,71.24,6.292,6.336,979700000.0,3689400000.0,1080800000.0,1080800000.0,0.0,,,,,82600000.0,316200000.0,1.0,392948672.0,395700000.0,404100000.0,2.731,2497600000.0,17800000.0,4300000.0,707000000.0,6.312,-584200000.0
7,INFO,MRQ,2019-12-31,2019-11-30,2019-11-30,2021-09-28,-261600000.0,16087200000.0,,1307800000.0,14779400000.0,,21.129,-73900000.0,111500000.0,111500000.0,409500000.0,202300000.0,0.664,0.912,5125500000.0,251100000.0,4874400000.0,5125500000.0,879700000.0,142100000.0,0.0,0.0,0.0,245600000.0,387700000.0,0.346,387700000.0,245600000.0,181800000.0,0.51,0.5,0.51,8415800000.0,,8415800000.0,34060081542.0,34.0,21.583,151800000.0,0.381,1.0,710900000.0,0.635,14005300000.0,63800000.0,5126700000.0,,0.0,0.0,0.0,0.0,7671400000.0,1969200000.0,5702200000.0,29131781542.0,-12600000.0,-8100000.0,-256400000.0,70000000.0,0.0,-196100000.0,-65000000.0,32900000.0,225700000.0,22800000.0,203100000.0,203100000.0,203100000.0,0.0,-800000.0,0.181,466000000.0,244900000.0,59700000.0,0.0,3.462,57.951,57.659,658200000.0,0.0,72.65,6.599,6.574,890700000.0,3295000000.0,1120400000.0,1120400000.0,0.0,,,,,56500000.0,308900000.0,1.0,400988046.0,398300000.0,408600000.0,2.813,2081900000.0,17800000.0,-21300000.0,725700000.0,5.227,-661400000.0
8,INFO,MRQ,2019-09-30,2019-08-31,2019-08-31,2021-09-28,-458600000.0,15903600000.0,,1189000000.0,14714600000.0,,20.526,89200000.0,124100000.0,124100000.0,419700000.0,39200000.0,0.715,0.931,5052400000.0,1200000.0,5051200000.0,5052400000.0,896500000.0,144700000.0,0.0,0.0,0.0,343900000.0,488600000.0,0.439,488600000.0,343900000.0,280700000.0,0.1,0.1,0.1,8235000000.0,,8235000000.0,31461476625.0,34.0,21.025,502100000.0,1.251,1.0,692600000.0,0.623,13986800000.0,63200000.0,5181800000.0,,0.0,0.0,0.0,0.0,7668600000.0,1663300000.0,6005300000.0,26313176625.0,14600000.0,-95800000.0,-123500000.0,-207800000.0,0.0,-334500000.0,-34400000.0,-27200000.0,412900000.0,-29400000.0,40100000.0,40100000.0,40100000.0,0.0,-900000.0,0.036,350000000.0,342600000.0,27200000.0,0.0,3.195,68.991,68.344,623900000.0,0.0,65.61,6.032,6.035,862700000.0,3094700000.0,1112300000.0,1112300000.0,0.0,,,,,54000000.0,295400000.0,1.0,401054361.0,401200000.0,410900000.0,2.772,1916800000.0,32400000.0,240600000.0,904000000.0,4.778,-474300000.0
9,INFO,MRQ,2019-06-30,2019-05-31,2019-05-31,2021-09-28,-342300000.0,16033300000.0,,1261200000.0,14772100000.0,,20.94,-66700000.0,109500000.0,109500000.0,428000000.0,148900000.0,0.657,0.912,5257800000.0,364300000.0,4893500000.0,5257800000.0,938700000.0,144000000.0,0.0,0.0,0.0,239800000.0,383800000.0,0.338,383800000.0,239800000.0,174000000.0,0.37,0.37,0.37,8386400000.0,,8386400000.0,28404657003.0,38.0,21.666,358000000.0,0.894,1.0,707500000.0,0.623,14048500000.0,65800000.0,5213400000.0,,0.0,0.0,0.0,0.0,7646900000.0,1919700000.0,5727200000.0,22941557003.0,-23700000.0,-32600000.0,31900000.0,-346700000.0,0.0,-315500000.0,-103300000.0,-4100000.0,424700000.0,-29600000.0,149800000.0,149800000.0,149800000.0,0.0,-900000.0,0.132,469000000.0,238500000.0,33600000.0,0.0,2.736,51.462,51.241,615100000.0,0.0,57.39,5.397,5.407,854000000.0,3054800000.0,1135500000.0,1135500000.0,0.0,,,,,53600000.0,293300000.0,1.0,399748336.0,400500000.0,409300000.0,2.835,1984800000.0,28900000.0,24200000.0,700500000.0,4.956,-658500000.0
10,INFO,MRQ,2019-03-31,2019-02-28,2019-02-28,2021-09-28,-164700000.0,16383400000.0,,1326200000.0,15057200000.0,,20.935,-63200000.0,133200000.0,133200000.0,399800000.0,109000000.0,0.635,0.966,5596300000.0,484900000.0,5111400000.0,5596300000.0,1026300000.0,142300000.0,0.0,0.0,0.0,175700000.0,318000000.0,0.304,318000000.0,175700000.0,108800000.0,0.28,0.27,0.28,8332300000.0,,8332300000.0,26686725351.0,39.0,21.518,124800000.0,0.314,1.0,646600000.0,0.618,14359500000.0,66900000.0,5399800000.0,,0.0,0.0,0.0,0.0,8051100000.0,2087200000.0,5963900000.0,21127625351.0,13200000.0,0.0,25700000.0,-85900000.0,0.0,-111900000.0,-68800000.0,-3700000.0,188000000.0,5900000.0,109700000.0,109700000.0,109700000.0,0.0,-700000.0,0.105,471900000.0,174700000.0,56400000.0,0.0,2.536,51.443,51.125,596400000.0,0.0,53.17,5.124,5.132,980400000.0,2906400000.0,1046400000.0,1046400000.0,0.0,,,,,59700000.0,300300000.0,1.0,397359890.0,398000000.0,408000000.0,2.629,2023900000.0,29800000.0,-900000.0,707000000.0,5.085,-761000000.0
11,INFO,MRQ,2018-12-31,2018-11-30,2018-11-30,2021-09-28,-298900000.0,16062300000.0,,1099400000.0,14962900000.0,,20.305,-54200000.0,120000000.0,120000000.0,409100000.0,80800000.0,0.474,1.003,5679100000.0,789900000.0,4889200000.0,5679100000.0,886800000.0,145500000.0,0.0,0.0,0.0,160500000.0,306000000.0,0.287,306000000.0,160500000.0,93100000.0,0.21,0.2,0.21,8020500000.0,,8020500000.0,26942298272.0,41.0,22.569,303300000.0,0.768,1.0,658700000.0,0.617,14320800000.0,67400000.0,4980300000.0,,0.0,0.0,0.0,0.0,8041800000.0,2320300000.0,5721500000.0,21036598272.0,-34400000.0,5200000.0,67600000.0,-383800000.0,0.0,-328000000.0,-47900000.0,-100000.0,357500000.0,-16000000.0,81800000.0,81800000.0,81800000.0,0.0,-1000000.0,0.077,499500000.0,159200000.0,42200000.0,0.0,2.623,38.791,38.674,579600000.0,0.0,53.37,5.247,5.25,792900000.0,2743100000.0,1067800000.0,1067800000.0,0.0,,,,,69600000.0,315600000.0,1.0,394165229.0,395000000.0,407200000.0,2.703,1741500000.0,14600000.0,11300000.0,707900000.0,4.409,-1220900000.0
12,INFO,MRQ,2018-09-30,2018-08-31,2018-08-31,2021-09-28,-220600000.0,16206300000.0,,1114100000.0,15092200000.0,,20.08,-53800000.0,154400000.0,154400000.0,375300000.0,103500000.0,0.435,1.054,6060100000.0,1166300000.0,4893800000.0,6060100000.0,897000000.0,134100000.0,0.0,0.0,0.0,169100000.0,303200000.0,0.303,303200000.0,169100000.0,112400000.0,0.26,0.26,0.26,7891600000.0,,7891600000.0,25861406400.0,41.0,22.366,292600000.0,0.745,1.0,625700000.0,0.625,14438200000.0,56700000.0,5110400000.0,,0.0,0.0,0.0,0.0,8314700000.0,2563400000.0,5751300000.0,21560906400.0,-4600000.0,-1872600000.0,50500000.0,1594300000.0,0.0,1595300000.0,-1930800000.0,-4900000.0,346400000.0,-15500000.0,104500000.0,104500000.0,104500000.0,0.0,-1000000.0,0.104,458300000.0,167400000.0,39600000.0,0.0,2.732,38.08,38.732,591900000.0,0.0,55.0,5.548,5.562,760600000.0,2684000000.0,1001000000.0,1001000000.0,0.0,,,,,52500000.0,287700000.0,1.0,392016480.0,393000000.0,405100000.0,2.547,1768100000.0,29300000.0,7900000.0,676500000.0,4.499,-1449300000.0
13,INFO,MRQ,2018-06-30,2018-05-31,2018-05-31,2021-09-28,-143600000.0,14465800000.0,,2207100000.0,12258700000.0,,19.828,-59500000.0,159000000.0,159000000.0,368400000.0,114200000.0,1.413,0.862,4459500000.0,105800000.0,4353700000.0,4459500000.0,872000000.0,131000000.0,0.0,0.0,0.0,182000000.0,313000000.0,0.31,313000000.0,182000000.0,126700000.0,0.29,0.28,0.29,7768700000.0,,7768700000.0,23824379745.0,39.0,21.185,323200000.0,0.825,1.0,639900000.0,0.635,11686900000.0,55300000.0,5517700000.0,,0.0,0.0,0.0,0.0,6697100000.0,1561700000.0,5135400000.0,19703379745.0,3000000.0,-8800000.0,-445000000.0,172100000.0,0.0,-275400000.0,-78300000.0,-5100000.0,382700000.0,-26000000.0,114700000.0,114700000.0,114700000.0,0.0,-500000.0,0.114,459300000.0,180600000.0,42100000.0,0.0,2.536,32.428,32.209,508900000.0,0.0,49.28,5.199,5.095,704200000.0,2579500000.0,1008300000.0,1008300000.0,0.0,,,,,57700000.0,299200000.0,1.0,399825076.0,391800000.0,403600000.0,2.574,2778900000.0,41000000.0,12000000.0,607400000.0,7.093,645400000.0
14,INFO,MRQ,2018-03-31,2018-02-28,2018-02-28,2021-09-28,-29700000.0,14696700000.0,,1165800000.0,13530900000.0,,20.508,-55200000.0,156000000.0,156000000.0,342900000.0,240700000.0,0.787,0.801,4277000000.0,90900000.0,4186100000.0,4277000000.0,919300000.0,130600000.0,0.0,0.0,0.0,141000000.0,271600000.0,0.291,271600000.0,141000000.0,94700000.0,0.61,0.59,0.61,8162300000.0,,8162300000.0,22776666861.0,40.0,21.279,147700000.0,0.371,1.0,589200000.0,0.632,12939000000.0,46300000.0,4398300000.0,,0.0,0.0,0.0,0.0,6534400000.0,1480400000.0,5054000000.0,18717166861.0,22200000.0,0.0,-115600000.0,81000000.0,0.0,-118900000.0,-55100000.0,3100000.0,202900000.0,-6700000.0,241300000.0,241300000.0,241300000.0,0.0,-600000.0,0.259,449500000.0,139700000.0,50100000.0,0.0,2.293,31.606,31.577,539700000.0,0.0,47.05,5.076,5.078,802700000.0,2464800000.0,932100000.0,932100000.0,0.0,,,,,61900000.0,290300000.0,1.0,397814386.0,398000000.0,412100000.0,2.342,1757700000.0,45500000.0,-146600000.0,699500000.0,4.416,-314600000.0
15,INFO,MRQ,2017-12-31,2017-11-30,2017-11-30,2021-09-28,-85000000.0,14554400000.0,,1015000000.0,13539400000.0,,20.132,-68400000.0,133800000.0,133800000.0,342100000.0,105100000.0,0.533,0.818,4193300000.0,576000000.0,3617300000.0,4193300000.0,790800000.0,128100000.0,0.0,0.0,0.0,140400000.0,268500000.0,0.284,268500000.0,140400000.0,97100000.0,0.26,0.25,0.26,8004400000.0,,8004400000.0,21630619269.0,41.0,21.336,174500000.0,0.439,1.0,602600000.0,0.638,12966800000.0,43300000.0,3741000000.0,,0.0,0.0,0.0,0.0,6550000000.0,1906100000.0,4643900000.0,17798619269.0,-20000000.0,-401100000.0,34400000.0,204900000.0,0.0,172000000.0,-458200000.0,7900000.0,242900000.0,23300000.0,105700000.0,105700000.0,105700000.0,0.0,-600000.0,0.112,463400000.0,139200000.0,53400000.0,0.0,2.224,42.693,42.904,531300000.0,0.0,44.62,4.944,4.962,693500000.0,2217600000.0,944700000.0,944700000.0,0.0,,,,,58700000.0,285000000.0,1.0,398893305.0,397600000.0,412900000.0,2.376,1587600000.0,39000000.0,-8600000.0,875300000.0,3.993,-891100000.0
16,INFO,MRQ,2017-09-30,2017-08-31,2017-08-31,2021-09-28,-213200000.0,14016900000.0,,972100000.0,13044800000.0,,19.371,-61300000.0,153800000.0,153800000.0,341600000.0,147100000.0,0.528,0.82,3985800000.0,561100000.0,3424700000.0,3985800000.0,814100000.0,120800000.0,0.0,0.0,0.0,150700000.0,271500000.0,0.3,271500000.0,150700000.0,109200000.0,0.37,0.35,0.37,7702100000.0,,7702100000.0,22520299705.0,46.0,23.088,206000000.0,0.518,1.0,563100000.0,0.622,12467800000.0,41500000.0,3540400000.0,,0.0,0.0,0.0,0.0,6314800000.0,1840700000.0,4474100000.0,18698399705.0,-8700000.0,0.0,-202400000.0,-1300000.0,0.0,-208100000.0,-66300000.0,-2400000.0,267300000.0,-1600000.0,145900000.0,145900000.0,145900000.0,0.0,1200000.0,0.161,410600000.0,152500000.0,49900000.0,0.0,2.428,46.688,45.038,506900000.0,0.0,46.84,5.299,5.278,655500000.0,2116800000.0,904700000.0,904700000.0,0.0,,,,,63400000.0,268800000.0,1.0,399197261.0,397600000.0,414200000.0,2.275,1549100000.0,29700000.0,-36700000.0,842000000.0,3.896,-868600000.0
17,INFO,MRQ,2017-06-30,2017-05-31,2017-05-31,2021-09-28,-309800000.0,14071200000.0,,1024200000.0,13047000000.0,,19.036,-58800000.0,162500000.0,162500000.0,337700000.0,98800000.0,0.551,0.849,3984400000.0,561200000.0,3423200000.0,3984400000.0,869400000.0,122800000.0,0.0,0.0,0.0,136000000.0,258800000.0,0.286,258800000.0,136000000.0,98300000.0,0.25,0.24,0.25,7608600000.0,,7608600000.0,22214812835.0,69.0,28.579,141800000.0,0.355,1.0,568400000.0,0.627,12513400000.0,37700000.0,3520100000.0,,0.0,0.0,0.0,0.0,6462600000.0,1859600000.0,4603000000.0,18655212835.0,7700000.0,0.0,-390600000.0,267300000.0,0.0,-126600000.0,-55400000.0,6300000.0,200600000.0,-10900000.0,99300000.0,99300000.0,99300000.0,0.0,-500000.0,0.11,431600000.0,136800000.0,60000000.0,0.0,2.452,83.693,79.052,470100000.0,0.0,45.85,5.571,5.473,669700000.0,1971000000.0,906100000.0,906100000.0,0.0,,,,,64600000.0,274200000.0,1.0,406874871.0,399700000.0,415600000.0,2.267,1557800000.0,47000000.0,-1000000.0,979600000.0,3.897,-835400000.0
18,INFO,MRQ,2017-03-31,2017-02-28,2017-02-28,2021-09-28,-460700000.0,14005700000.0,,1044600000.0,12961100000.0,,18.936,-71700000.0,154800000.0,154800000.0,327000000.0,66000000.0,0.531,0.821,3714400000.0,582900000.0,3131500000.0,3714400000.0,906900000.0,120800000.0,0.0,0.0,0.0,94200000.0,215000000.0,0.255,215000000.0,94200000.0,62400000.0,0.16,0.16,0.16,7691700000.0,,7691700000.0,19440111291.0,70.0,28.869,179000000.0,0.441,1.0,517200000.0,0.613,12454300000.0,31800000.0,3143600000.0,,0.0,0.0,0.0,0.0,6314000000.0,1967400000.0,4346600000.0,16195111291.0,15900000.0,0.0,-427600000.0,328000000.0,0.0,-166600000.0,-66400000.0,2700000.0,250700000.0,-1800000.0,66000000.0,66000000.0,66000000.0,0.0,0.0,0.078,421500000.0,95700000.0,52500000.0,0.0,2.106,93.29,73.704,445000000.0,0.0,39.8,5.344,5.335,668800000.0,1872300000.0,844200000.0,844200000.0,0.0,,,,,75200000.0,268000000.0,1.0,406912344.0,406200000.0,422200000.0,2.078,1551400000.0,73400000.0,-3600000.0,1027000000.0,3.819,-922800000.0
19,INFO,MRQ,2016-12-31,2016-11-30,2016-11-30,2021-09-28,-438800000.0,13936600000.0,,933500000.0,13003100000.0,,26.146,-48300000.0,138900000.0,138900000.0,345500000.0,88900000.0,0.661,0.724,3383900000.0,104600000.0,3279300000.0,3383900000.0,770200000.0,119200000.0,0.0,0.0,0.0,110900000.0,230100000.0,0.263,230100000.0,110900000.0,83500000.0,0.26,0.25,0.26,8084400000.0,,8084400000.0,18230067848.0,68.0,30.242,114900000.0,0.372,1.0,528300000.0,0.605,12561600000.0,27400000.0,3207600000.0,,0.0,0.0,0.0,0.0,5852200000.0,1412400000.0,4439800000.0,15164767848.0,-61800000.0,700000.0,-227200000.0,107000000.0,0.0,-152200000.0,-65200000.0,-12800000.0,163200000.0,-7600000.0,89300000.0,89300000.0,89300000.0,-1200000.0,-400000.0,0.102,416100000.0,112200000.0,58900000.0,0.0,1.876,99.246,73.347,416200000.0,0.0,35.94,5.545,4.063,635600000.0,1806900000.0,873800000.0,873800000.0,0.0,,,,,57500000.0,246000000.0,1.0,421946796.0,309200000.0,316300000.0,2.826,1375000000.0,40800000.0,-5800000.0,1007000000.0,4.447,-478900000.0
20,INFO,MRQ,2016-09-30,2016-08-31,2016-08-31,2021-09-28,-218800000.0,14328400000.0,,929500000.0,13398900000.0,,24.794,-46600000.0,200700000.0,200700000.0,269100000.0,-32000000.0,0.657,0.699,3266000000.0,126000000.0,3140000000.0,3266000000.0,803400000.0,91700000.0,0.0,0.0,0.0,-18300000.0,73400000.0,0.101,73400000.0,-18300000.0,-54800000.0,-0.09,-0.09,-0.09,8432600000.0,,8432600000.0,7250987407.0,26.0,13.079,100000000.0,0.294,1.0,455500000.0,0.629,12988700000.0,36500000.0,2990400000.0,,0.0,0.0,0.0,0.0,5895800000.0,1414600000.0,4481200000.0,6597687407.0,-144800000.0,99000000.0,-89500000.0,-291200000.0,0.0,-379000000.0,58100000.0,9700000.0,146600000.0,29500000.0,-31700000.0,-31700000.0,-31700000.0,1000000.0,-300000.0,-0.044,472200000.0,-16700000.0,57400000.0,0.0,0.782,42.814,54.087,391600000.0,0.0,37.32,2.73,5.252,514700000.0,1718800000.0,724600000.0,724600000.0,0.0,,,,,78700000.0,267600000.0,1.0,176786908.0,340100000.0,340100000.0,2.131,1339700000.0,15300000.0,-23100000.0,1158500000.0,3.939,-485100000.0
21,INFO,MRQ,2016-06-30,2016-05-31,2016-05-31,2021-09-28,,,,,,,,-28200000.0,,,212300000.0,50000000.0,,,,,,,,64300000.0,,0.0,0.0,90600000.0,154900000.0,0.263,154900000.0,90600000.0,63400000.0,0.21,0.21,0.21,,,,6729466028.0,17.0,,148500000.0,0.618,1.0,375600000.0,0.639,,27200000.0,,,,,,,,,,6076166028.0,284300000.0,190200000.0,-1700000.0,-37000000.0,0.0,-38600000.0,154600000.0,-9600000.0,176700000.0,-8400000.0,50000000.0,50000000.0,50000000.0,-5200000.0,0.0,0.085,290600000.0,85000000.0,,0.0,,24.811,33.696,,0.0,34.37,2.701,3.671,,,587900000.0,587900000.0,0.0,,,,,33800000.0,207000000.0,1.0,176786908.0,240300000.0,241100000.0,2.447,,,13400000.0,,,
22,INFO,MRQ,2016-03-31,2016-02-28,2016-02-28,2021-09-28,,,,,,,,-24500000.0,,,210800000.0,45200000.0,,,,,,,,60500000.0,,0.0,0.0,83800000.0,144300000.0,0.263,144300000.0,83800000.0,55600000.0,0.19,0.19,0.19,,,,5777259885.0,,,127300000.0,0.531,1.0,337700000.0,0.616,,28200000.0,,,,,,,,,,5099259885.0,-231900000.0,-1113400000.0,-104300000.0,851600000.0,0.0,747300000.0,-1130300000.0,5500000.0,151800000.0,-700000.0,45200000.0,45200000.0,45200000.0,-3800000.0,0.0,0.082,258000000.0,79700000.0,,0.0,,,,,0.0,27.94,,,,,548500000.0,548500000.0,0.0,,,,,30600000.0,186500000.0,1.0,182507512.0,239700000.0,242000000.0,2.288,,,10400000.0,,,
23,INFO,MRQ,2015-12-31,2015-11-30,2015-11-30,2021-09-28,-191200000.0,5577500000.0,,950500000.0,4627000000.0,,9.121,-25200000.0,291600000.0,291600000.0,194900000.0,90600000.0,0.99,1.534,2107500000.0,36000000.0,2071500000.0,2107500000.0,552500000.0,60700000.0,0.0,0.0,0.0,121100000.0,181800000.0,0.327,181800000.0,121100000.0,102800000.0,0.38,0.36,0.38,2200900000.0,,2200900000.0,5746971604.0,16.0,9.651,90800000.0,0.376,1.0,360800000.0,0.649,4302200000.0,18300000.0,2130900000.0,,0.0,0.0,0.0,0.0,3376600000.0,960300000.0,2416300000.0,5383971604.0,29500000.0,0.0,-51800000.0,46100000.0,0.0,-54600000.0,-32500000.0,-200000.0,116000000.0,600000.0,90600000.0,90600000.0,90600000.0,-43200000.0,0.0,0.163,283200000.0,77600000.0,59200000.0,0.0,2.446,22.415,29.798,314400000.0,0.0,29.5,2.465,3.287,355900000.0,1655300000.0,555700000.0,555700000.0,0.0,,,,,34600000.0,206100000.0,1.0,182507512.0,241300000.0,247600000.0,2.303,1275300000.0,11200000.0,12200000.0,282800000.0,5.285,-9800000.0
24,INFO,MRQ,2015-09-30,2015-08-31,2015-08-31,2021-09-28,,,,,,,,,,,209200000.0,59100000.0,,,,,,,,,,0.0,0.0,93600000.0,,,,93600000.0,75400000.0,0.24,0.24,0.24,,,,5638664693.0,,,,,1.0,348700000.0,0.625,,18200000.0,,,,,,,,,,5216064693.0,,,,,,,,,,,59100000.0,59100000.0,59100000.0,-2300000.0,0.0,0.106,257700000.0,91000000.0,,0.0,,,,,0.0,28.58,,,,,557900000.0,557900000.0,0.0,,,,,,200100000.0,1.0,182507512.0,243100000.0,244800000.0,2.295,,,16300000.0,,,
25,INFO,MRQ,2015-06-30,2015-06-30,2015-06-30,2021-09-28,0.0,3257100000.0,,387600000.0,2869500000.0,,11.698,5799991.0,119500000.0,119500000.0,0.0,44500000.0,0.848,0.509,542100000.0,86400000.0,455700000.0,542100000.0,186200000.0,-24899949.0,0.0,0.0,0.0,70800000.0,45900051.0,0.168,45900051.0,70800000.0,67100000.0,0.24,0.23,0.24,2135000000.0,,2135000000.0,4894717082.0,17.0,12.664,-69799774.0,-0.382,1.0,273100000.0,1.0,2806300000.0,3700000.0,416100000.0,,0.0,9800000.0,0.0,9800000.0,1085800000.0,457300000.0,628500000.0,4666717082.0,31700002.0,7599983.0,-57900262.0,103000147.0,0.0,45099885.0,47499919.0,0.0,-75599765.0,1600000.0,44500000.0,44500000.0,44500000.0,0.0,0.0,0.163,199600000.0,73500000.0,305500000.0,0.0,2.186,23.895,23.897,52000000.0,0.0,25.57,4.298,4.298,262200000.0,1973600000.0,273100000.0,273100000.0,0.0,,,,,-9099982.0,148500000.0,1.0,182507512.0,182507512.0,,1.496,450800000.0,1900000.0,22600000.0,49600000.0,2.47,-69700000.0
26,INFO,MRQ,2015-03-31,2015-03-31,2015-03-31,2021-09-28,0.0,3220700000.0,,373100000.0,2847600000.0,,12.821,-5800000.0,84400000.0,84400000.0,0.0,54500000.0,0.859,0.355,312400000.0,86400000.0,226000000.0,312400000.0,187000000.0,24900000.0,0.0,0.0,0.0,79700000.0,104600000.0,0.385,104600000.0,79700000.0,75600000.0,0.3,0.29,0.3,2349600000.0,,2349600000.0,5227352073.0,20.0,14.512,69800000.0,0.381,1.0,271500000.0,1.0,2784600000.0,4100000.0,229600000.0,,0.0,2800000.0,0.0,2800000.0,834800000.0,434500000.0,400300000.0,4909452073.0,-31700000.0,-7600000.0,57900000.0,-103000000.0,0.0,-45100000.0,-47500000.0,0.0,75600000.0,-1600000.0,54800000.0,54800000.0,54800000.0,0.0,300000.0,0.202,189500000.0,82000000.0,284800000.0,0.0,2.089,27.244,26.9,55200000.0,0.0,26.9,4.558,4.576,274800000.0,1923900000.0,271500000.0,271500000.0,0.0,,,,,9100000.0,146800000.0,1.0,182507512.0,183259470.0,191653520.0,1.482,436100000.0,4900000.0,20800000.0,49400000.0,2.38,-61400000.0
27,INFO,MRQ,2014-12-31,2014-12-31,2014-12-31,2021-09-28,0.0,3300000000.0,,414000000.0,2886000000.0,,12.369,-1000000.0,117700000.0,117700000.0,0.0,15700000.0,0.818,0.461,435600000.0,86400000.0,349200000.0,435600000.0,194200000.0,28200000.0,0.0,0.0,0.0,39500000.0,67700000.0,0.249,67700000.0,39500000.0,35400000.0,0.08,0.09,0.08,2234000000.0,,2234000000.0,5114190463.0,21.0,15.099,141500000.0,0.783,1.0,271400000.0,1.0,2823300000.0,4100000.0,288300000.0,,0.0,1100000.0,0.0,1100000.0,1029400000.0,506300000.0,523100000.0,4685890463.0,36700000.0,-1600000.0,-10200000.0,-50000000.0,0.0,-60200000.0,-34400000.0,0.0,142500000.0,-100000.0,15700000.0,15700000.0,15700000.0,0.0,-2200000.0,0.058,226000000.0,45400000.0,346800000.0,0.0,2.098,28.365,28.419,56500000.0,0.0,26.43,4.399,4.482,288800000.0,1850600000.0,271400000.0,271400000.0,0.0,,,,,6600000.0,139300000.0,1.0,177294380.0,180615294.0,187335924.0,1.503,476700000.0,4600000.0,19700000.0,49900000.0,2.639,-92300000.0
28,INFO,MRQ,2014-09-30,2014-09-30,2014-09-30,2021-09-28,0.0,3479000000.0,,370900000.0,3108100000.0,,12.162,-18399985.0,81100000.0,81100000.0,0.0,79200000.0,0.755,0.573,509400000.0,90200000.0,419200000.0,509400000.0,180900000.0,71899953.0,0.0,0.0,0.0,96400000.0,168299953.0,0.624,168299953.0,96400000.0,91900000.0,0.45,0.43,0.45,2188700000.0,,2188700000.0,4625323773.0,21.0,14.754,260399857.0,1.447,1.0,269700000.0,1.0,2889800000.0,4500000.0,526500000.0,,0.0,0.0,0.0,0.0,1253700000.0,491000000.0,762700000.0,4139823773.0,6999978.0,-128599914.0,-20999987.0,9999940.0,0.0,-15100043.0,-216499850.0,0.0,278799842.0,-1200000.0,80300000.0,80300000.0,80300000.0,0.0,1100000.0,0.298,174400000.0,95300000.0,338000000.0,0.0,1.891,27.164,27.151,60300000.0,0.0,23.35,3.99,4.05,282400000.0,1798800000.0,269700000.0,269700000.0,0.0,,,,,14099987.0,142600000.0,1.0,177294380.0,179964373.0,187893323.0,1.499,589200000.0,161000000.0,11600000.0,222500000.0,3.274,-120100000.0
29,INFO,MRQ,2014-06-30,2014-06-30,2014-06-30,2021-09-28,0.0,3432400000.0,,378700000.0,3053700000.0,,12.773,6599985.0,97500000.0,97500000.0,0.0,29400000.0,0.79,0.516,583000000.0,93900000.0,489100000.0,583000000.0,180700000.0,-23299953.0,0.0,0.0,0.0,42900000.0,19600047.0,0.074,19600047.0,42900000.0,39000000.0,0.17,0.16,0.17,2264600000.0,,2264600000.0,,,,-45799857.0,-0.258,1.0,264600000.0,1.0,2829400000.0,3900000.0,609200000.0,,0.0,0.0,0.0,0.0,1167800000.0,479300000.0,688500000.0,4783402372.0,37300022.0,85899914.0,24899987.0,-69999940.0,0.0,-41199957.0,119899850.0,0.0,-52399842.0,0.0,29400000.0,29400000.0,29400000.0,0.0,0.0,0.111,221700000.0,42900000.0,240000000.0,0.0,2.112,45.774,45.729,65000000.0,0.0,26.98,4.754,4.754,274500000.0,1805500000.0,264600000.0,264600000.0,0.0,,,,,-9299987.0,144600000.0,1.0,177294380.0,177294380.0,182777170.0,1.492,603000000.0,164100000.0,9600000.0,155400000.0,3.401,-100600000.0
30,INFO,MRQ,2014-03-31,2014-03-31,2014-03-31,2021-09-28,,,,,,,,-6600000.0,,,0.0,39800000.0,,,,,,,,23300000.0,,,0.0,59800000.0,83100000.0,0.32,83100000.0,59800000.0,55400000.0,0.23,0.22,0.23,,,,,,,45800000.0,0.259,1.0,259400000.0,1.0,,4400000.0,,,,,,,,,,,-37300000.0,-85900000.0,-24900000.0,70000000.0,0.0,41200000.0,-119900000.0,0.0,52400000.0,0.0,39800000.0,39800000.0,39800000.0,0.0,0.0,0.153,199600000.0,59800000.0,,0.0,,,,,0.0,,,,,,259400000.0,259400000.0,0.0,,,,,9300000.0,142700000.0,1.0,,176728360.0,178719390.0,1.468,,,15600000.0,,,
31,INFO,MRQ,2013-12-31,2013-12-31,2013-12-31,2021-09-28,0.0,3096700000.0,,311000000.0,2785700000.0,,11.722,-11500000.0,75300000.0,75300000.0,0.0,2900000.0,0.621,0.506,574600000.0,101900000.0,472700000.0,574600000.0,177900000.0,23600000.0,0.0,,0.0,18900000.0,42500000.0,0.174,42500000.0,18900000.0,14500000.0,0.01,0.01,0.01,2055900000.0,,2055900000.0,,,,109300000.0,0.623,1.0,243800000.0,1.0,2717800000.0,4400000.0,377400000.0,,0.0,0.0,0.0,0.0,1040800000.0,500800000.0,540000000.0,,38900000.0,400000.0,-15300000.0,-12000000.0,0.0,-27700000.0,-35500000.0,-100000.0,120800000.0,900000.0,2900000.0,2900000.0,2900000.0,0.0,0.0,0.012,224900000.0,18900000.0,228200000.0,0.0,,,,62300000.0,0.0,,,,231200000.0,1663300000.0,243800000.0,243800000.0,0.0,,,,,2200000.0,135400000.0,1.0,,175384420.0,176667290.0,1.39,378900000.0,8900000.0,11600000.0,51700000.0,2.16,-189800000.0
32,INFO,MRQ,2013-09-30,2013-09-30,2013-09-30,2021-09-28,,,,,,,,-23499981.0,,,0.0,32400000.0,,,,,,,,62399960.0,,,0.0,53600000.0,115999960.0,0.487,115999960.0,53600000.0,48900000.0,0.18,0.18,0.18,,,,,,,269499848.0,1.537,1.0,238400000.0,1.0,,4700000.0,,,,,,,,,,,-73599928.0,-45999972.0,-30199995.0,31999934.0,0.0,-176199882.0,-135099910.0,5299995.0,292999829.0,-1099998.0,32400000.0,32400000.0,32400000.0,0.0,0.0,0.136,184800000.0,53600000.0,,0.0,,,,,0.0,,,,,,238400000.0,238400000.0,0.0,,,,,5899996.0,127700000.0,1.0,,175328380.0,176547638.0,1.36,,,16500000.0,,,
33,INFO,MRQ,2013-06-30,2013-06-30,2013-06-30,2021-09-28,,,,,,,,,,,0.0,53400000.0,,,,,,,,,,,0.0,73500000.0,,,,73500000.0,68200000.0,0.31,0.3,0.31,,,,,,,,,1.0,238300000.0,1.0,,5300000.0,,,,,,,,,,,,,,,,,,,,,53400000.0,53400000.0,53400000.0,0.0,0.0,0.224,164800000.0,73500000.0,,0.0,,,,,0.0,,,,,,238300000.0,238300000.0,0.0,,,,,,126900000.0,1.0,,172526170.0,174304740.0,1.381,,,14800000.0,,,
0,INFO,MRT,2021-09-30,2021-08-31,2021-08-31,2021-09-28,2700000.0,16496500000.0,16473975000.0,2659000000.0,13837500000.0,0.279,22.326,-276400000.0,337900000.0,337900000.0,1667000000.0,619600000.0,1.298,0.852,5204700000.0,291900000.0,4912800000.0,5204700000.0,939700000.0,596500000.0,0.0,0.006,0.77,968100000.0,1564600000.0,0.341,1564600000.0,968100000.0,744700000.0,1.56,1.55,1.56,8908000000.0,8761125000.0,8908000000.0,53176542415.0,55.0,33.987,1099100000.0,2.755,1.0,2922000000.0,0.637,12587700000.0,223400000.0,6727100000.0,6288100000.0,0.0,0.0,0.0,0.0,7588500000.0,2048500000.0,5540000000.0,48072642415.0,181100000.0,-46900000.0,-180700000.0,-83300000.0,-306200000.0,-698600000.0,-495600000.0,-163300000.0,1375500000.0,-200000.0,620700000.0,620700000.0,620700000.0,0.0,-1100000.0,0.135,1949100000.0,972900000.0,35400000.0,0.494,5.397,77.449,77.308,952800000.0,0.0,120.6,10.476,10.486,857800000.0,4069000000.0,4589000000.0,4589000000.0,0.0,0.038,0.071,0.154,0.211,224300000.0,1166100000.0,1.0,398612292.0,399000000.0,401300000.0,11.501,3908800000.0,27100000.0,124000000.0,481500000.0,9.796,610500000.0
1,INFO,MRT,2021-06-30,2021-05-31,2021-05-31,2021-09-28,142800000.0,16594600000.0,16408250000.0,2182800000.0,14411800000.0,0.273,22.356,-260000000.0,217400000.0,217400000.0,1626900000.0,622200000.0,1.043,0.861,5321300000.0,393000000.0,4928300000.0,5321300000.0,1009500000.0,599000000.0,0.0,0.007,0.74,940800000.0,1539800000.0,0.344,1539800000.0,940800000.0,714500000.0,1.57,1.56,1.57,8915700000.0,8682350000.0,8915700000.0,47272442792.0,50.0,30.7,1097600000.0,2.752,1.0,2854800000.0,0.637,13168100000.0,226300000.0,6437900000.0,6037575000.0,0.0,0.0,0.0,0.0,7678900000.0,2092500000.0,5586400000.0,41968642792.0,9600000.0,-48400000.0,-146000000.0,-417500000.0,-294100000.0,-985400000.0,-416300000.0,-98500000.0,1357600000.0,53700000.0,622300000.0,622300000.0,622300000.0,0.0,-100000.0,0.139,1911500000.0,943300000.0,34600000.0,0.471,4.707,67.441,67.076,963100000.0,0.0,105.31,9.364,9.371,870900000.0,3988700000.0,4481700000.0,4481700000.0,0.0,0.038,0.072,0.156,0.21,227600000.0,1139200000.0,1.0,398524763.0,398800000.0,400700000.0,11.238,3426500000.0,27100000.0,92200000.0,486400000.0,8.592,90300000.0
2,INFO,MRT,2021-03-31,2021-02-28,2021-02-28,2021-09-28,45800000.0,16669600000.0,16291825000.0,2250300000.0,14419300000.0,0.266,21.871,-259000000.0,172000000.0,172000000.0,1589400000.0,534100000.0,0.953,0.918,5475800000.0,540100000.0,4935700000.0,5475800000.0,1049800000.0,597900000.0,0.0,0.008,0.71,805200000.0,1403100000.0,0.324,1403100000.0,805200000.0,574300000.0,1.35,1.34,1.35,8691400000.0,8480525000.0,8691400000.0,40902126155.0,51.0,29.151,1004800000.0,2.528,1.0,2737500000.0,0.633,13171900000.0,230900000.0,6440400000.0,5986625000.0,0.0,0.0,0.0,0.0,7978200000.0,2361100000.0,5617100000.0,35756726155.0,28100000.0,-51600000.0,-351300000.0,-99700000.0,-282000000.0,-825800000.0,-445800000.0,-121600000.0,1263800000.0,35900000.0,535000000.0,535000000.0,535000000.0,0.0,-900000.0,0.124,1934600000.0,802900000.0,31000000.0,0.526,4.114,66.835,66.785,966900000.0,0.0,90.16,8.264,8.281,981900000.0,3910600000.0,4326900000.0,4326900000.0,0.0,0.033,0.063,0.134,0.186,248900000.0,1114000000.0,1.0,396591905.0,397400000.0,400800000.0,10.888,3497700000.0,27100000.0,39300000.0,531600000.0,8.801,-110800000.0
3,INFO,MRT,2020-12-31,2020-11-30,2020-11-30,2021-09-28,-107900000.0,16135200000.0,16219450000.0,1233300000.0,14901900000.0,0.264,21.495,201800000.0,125600000.0,125600000.0,1590000000.0,869400000.0,0.623,0.892,5271000000.0,331600000.0,4939400000.0,5271000000.0,886200000.0,591600000.0,0.0,0.007,0.68,1120600000.0,1712200000.0,0.399,1712200000.0,1120600000.0,884000000.0,2.19,2.17,2.19,8529400000.0,8399925000.0,8529400000.0,44800242974.0,40.0,26.165,1340600000.0,3.379,1.0,2697800000.0,0.629,13754800000.0,236600000.0,5547000000.0,5886225000.0,0.0,0.0,0.0,0.0,7605800000.0,1978800000.0,5627000000.0,39620742974.0,14100000.0,-4700000.0,-721000000.0,-225000000.0,-270400000.0,-1344600000.0,205000000.0,18800000.0,1138800000.0,14900000.0,870700000.0,870700000.0,870700000.0,0.0,-1300000.0,0.203,1578900000.0,1118900000.0,48200000.0,0.311,4.645,45.504,45.416,1021600000.0,0.0,99.46,9.24,9.204,891700000.0,3842100000.0,4287800000.0,4287800000.0,0.0,0.054,0.104,0.19,0.261,265700000.0,1128000000.0,1.0,398358566.0,396800000.0,401500000.0,10.806,2380400000.0,27100000.0,13300000.0,572500000.0,5.999,-745500000.0
4,INFO,MRT,2020-09-30,2020-08-31,2020-08-31,2021-09-28,-107400000.0,16233600000.0,16207450000.0,1226000000.0,15007600000.0,0.265,21.601,184300000.0,156800000.0,156800000.0,1599200000.0,920800000.0,0.667,0.889,5336300000.0,318200000.0,5018100000.0,5336300000.0,887200000.0,584400000.0,0.0,0.006,0.51,1193000000.0,1777400000.0,0.413,1777400000.0,1193000000.0,950300000.0,2.33,2.29,2.33,8592900000.0,8371525000.0,8592900000.0,37282428906.0,31.0,20.976,1210500000.0,3.043,1.0,2701800000.0,0.628,13849800000.0,242700000.0,5725000000.0,5781150000.0,0.0,0.0,0.0,0.0,7640700000.0,1838300000.0,5802400000.0,31713028906.0,32700000.0,-12800000.0,-789100000.0,-103700000.0,-203000000.0,-1223100000.0,190600000.0,37000000.0,1026200000.0,39000000.0,922700000.0,922700000.0,922700000.0,0.0,-1900000.0,0.215,1511100000.0,1190700000.0,22800000.0,0.219,3.691,34.37,34.3,1037400000.0,0.0,79.92,7.373,7.392,859700000.0,3759700000.0,4301000000.0,4301000000.0,0.0,0.057,0.11,0.206,0.277,266300000.0,1141900000.0,1.0,396809671.0,397800000.0,401100000.0,10.812,2383800000.0,17800000.0,27600000.0,685800000.0,5.992,-612300000.0
5,INFO,MRT,2020-06-30,2020-05-31,2020-05-31,2021-09-28,-412200000.0,16128900000.0,16124950000.0,1302400000.0,14826500000.0,0.269,20.424,333900000.0,207800000.0,207800000.0,1633300000.0,796300000.0,0.727,0.989,5777200000.0,316400000.0,5460800000.0,5777200000.0,945900000.0,581500000.0,0.0,0.005,0.34,1276400000.0,1857900000.0,0.428,1857900000.0,1276400000.0,1028200000.0,2.02,1.98,2.02,8108400000.0,8282050000.0,8108400000.0,33172433700.0,26.0,17.855,1370200000.0,3.451,1.0,2706800000.0,0.624,13673000000.0,248200000.0,6234100000.0,5645350000.0,0.0,0.0,0.0,0.0,8020500000.0,1791200000.0,6229300000.0,27708733700.0,98300000.0,-107100000.0,-952700000.0,119700000.0,-135300000.0,-1092900000.0,187900000.0,-21500000.0,1036300000.0,-33000000.0,799900000.0,799900000.0,799900000.0,0.0,-3600000.0,0.184,1434700000.0,1272100000.0,20500000.0,0.168,3.417,34.64,34.386,1034700000.0,0.0,69.46,6.384,6.354,876100000.0,3677800000.0,4340100000.0,4340100000.0,0.0,0.05,0.097,0.226,0.294,264300000.0,1178600000.0,1.0,398916408.0,397000000.0,400100000.0,10.932,2455900000.0,17800000.0,228300000.0,651800000.0,6.186,-488800000.0
6,INFO,MRT,2020-03-31,2020-02-29,2020-02-29,2021-09-28,-292200000.0,16380100000.0,16101050000.0,1338300000.0,15041800000.0,0.276,21.15,336800000.0,143900000.0,143900000.0,1673000000.0,874400000.0,0.696,0.957,5607600000.0,310400000.0,5297200000.0,5607600000.0,1029700000.0,576100000.0,0.0,0.002,0.17,1379800000.0,1955900000.0,0.44,1955900000.0,1379800000.0,1125800000.0,2.21,2.17,2.21,8369000000.0,8351550000.0,8369000000.0,33007663393.0,24.0,16.876,1519600000.0,3.84,1.0,2776000000.0,0.624,13882500000.0,254000000.0,6038800000.0,5390175000.0,0.0,0.0,0.0,0.0,8011100000.0,1922500000.0,6088600000.0,27993663393.0,10700000.0,-136500000.0,-717100000.0,-399800000.0,-67700000.0,-1308200000.0,184300000.0,500000.0,1182800000.0,-48200000.0,878000000.0,878000000.0,878000000.0,0.0,-3600000.0,0.197,1400600000.0,1375400000.0,32600000.0,0.077,3.345,31.883,32.235,1045600000.0,0.0,71.24,6.292,6.336,979700000.0,3689400000.0,4449000000.0,4449000000.0,0.0,0.055,0.105,0.256,0.31,246700000.0,1213800000.0,1.0,392948672.0,395700000.0,404100000.0,11.243,2497600000.0,17800000.0,247800000.0,707000000.0,6.312,-584200000.0
7,INFO,MRT,2019-12-31,2019-11-30,2019-11-30,2021-09-28,-261600000.0,16087200000.0,16101875000.0,1307800000.0,14779400000.0,0.274,21.066,-114600000.0,111500000.0,111500000.0,1657000000.0,499400000.0,0.664,0.912,5125500000.0,251100000.0,4874400000.0,5125500000.0,879700000.0,573100000.0,0.0,0.0,0.0,1005000000.0,1578100000.0,0.357,1578100000.0,1005000000.0,745300000.0,1.26,1.23,1.26,8415800000.0,8342375000.0,8415800000.0,34060081542.0,34.0,21.583,1136700000.0,2.845,1.0,2757600000.0,0.625,14005300000.0,259700000.0,5126700000.0,5230425000.0,0.0,0.0,0.0,0.0,7671400000.0,1969200000.0,5702200000.0,29131781542.0,-8500000.0,-136500000.0,-322300000.0,-570400000.0,0.0,-958000000.0,-271500000.0,-2100000.0,1251300000.0,-30300000.0,502700000.0,502700000.0,502700000.0,0.0,-3300000.0,0.114,1756900000.0,1000700000.0,59700000.0,0.0,3.462,57.951,57.659,658200000.0,0.0,72.65,6.599,6.574,890700000.0,3295000000.0,4414600000.0,4414600000.0,0.0,0.031,0.06,0.192,0.228,223800000.0,1197900000.0,1.0,400988046.0,399500000.0,409200000.0,11.05,2081900000.0,17800000.0,242600000.0,725700000.0,5.211,-661400000.0
8,INFO,MRT,2019-09-30,2019-08-31,2019-08-31,2021-09-28,-458600000.0,15903600000.0,16095650000.0,1189000000.0,14714600000.0,0.271,20.526,-94900000.0,124100000.0,124100000.0,1656600000.0,377900000.0,0.715,0.931,5052400000.0,1200000.0,5051200000.0,5052400000.0,896500000.0,576500000.0,0.0,0.0,0.0,919900000.0,1496400000.0,0.343,1496400000.0,919900000.0,656600000.0,0.96,0.94,0.96,8235000000.0,8243550000.0,8235000000.0,31461476625.0,34.0,21.025,1288200000.0,3.211,1.0,2705400000.0,0.62,13986800000.0,263300000.0,5181800000.0,5193825000.0,0.0,0.0,0.0,0.0,7668600000.0,1663300000.0,6005300000.0,26313176625.0,-30300000.0,-123200000.0,1700000.0,-1024200000.0,0.0,-1089900000.0,-254400000.0,-35100000.0,1383100000.0,-69100000.0,381400000.0,381400000.0,381400000.0,0.0,-3500000.0,0.087,1790400000.0,915000000.0,27200000.0,0.0,3.195,68.991,68.344,623900000.0,0.0,65.61,6.032,6.035,862700000.0,3094700000.0,4362000000.0,4362000000.0,0.0,0.024,0.046,0.177,0.211,236900000.0,1204600000.0,1.0,401054361.0,401200000.0,410900000.0,10.872,1916800000.0,32400000.0,275200000.0,904000000.0,4.778,-474300000.0
9,INFO,MRT,2019-06-30,2019-05-31,2019-05-31,2021-09-28,-342300000.0,16033300000.0,16171325000.0,1261200000.0,14772100000.0,0.263,20.94,-237900000.0,109500000.0,109500000.0,1612200000.0,442200000.0,0.657,0.912,5257800000.0,364300000.0,4893500000.0,5257800000.0,938700000.0,565900000.0,0.0,0.0,0.0,745100000.0,1311000000.0,0.308,1311000000.0,745100000.0,488300000.0,1.12,1.1,1.12,8386400000.0,8157700000.0,8386400000.0,28404657003.0,38.0,21.666,1078700000.0,2.693,1.0,2638500000.0,0.621,14048500000.0,256800000.0,5213400000.0,5175975000.0,0.0,0.0,0.0,0.0,7646900000.0,1919700000.0,5727200000.0,22941557003.0,-49500000.0,-1900000000.0,175700000.0,777900000.0,0.0,839900000.0,-2150800000.0,-12800000.0,1316600000.0,-55200000.0,445800000.0,445800000.0,445800000.0,0.0,-3600000.0,0.105,1898700000.0,739800000.0,33600000.0,0.0,2.736,51.462,51.241,615100000.0,0.0,57.39,5.397,5.407,854000000.0,3054800000.0,4250700000.0,4250700000.0,0.0,0.028,0.055,0.144,0.175,235400000.0,1196900000.0,1.0,399748336.0,400500000.0,409300000.0,10.613,1984800000.0,28900000.0,42500000.0,700500000.0,4.956,-658500000.0
10,INFO,MRT,2019-03-31,2019-02-28,2019-02-28,2021-09-28,-164700000.0,16383400000.0,15779450000.0,1326200000.0,15057200000.0,0.261,20.935,-230700000.0,133200000.0,133200000.0,1552600000.0,407500000.0,0.635,0.966,5596300000.0,484900000.0,5111400000.0,5596300000.0,1026300000.0,552900000.0,0.0,0.0,0.0,687300000.0,1240200000.0,0.301,1240200000.0,687300000.0,441000000.0,1.04,1.01,1.04,8332300000.0,8003275000.0,8332300000.0,26686725351.0,39.0,21.518,1043900000.0,2.623,1.0,2570900000.0,0.623,14359500000.0,246300000.0,5399800000.0,5252050000.0,0.0,0.0,0.0,0.0,8051100000.0,2087200000.0,5963900000.0,21127625351.0,-22800000.0,-1876200000.0,-301200000.0,1296700000.0,0.0,880000000.0,-2125800000.0,-13800000.0,1274600000.0,-51600000.0,410700000.0,410700000.0,410700000.0,0.0,-3200000.0,0.1,1889000000.0,681900000.0,56400000.0,0.0,2.536,51.443,51.125,596400000.0,0.0,53.17,5.124,5.132,980400000.0,2906400000.0,4123500000.0,4123500000.0,0.0,0.026,0.051,0.131,0.167,239500000.0,1202800000.0,1.0,397359890.0,398000000.0,408000000.0,10.361,2023900000.0,29800000.0,30300000.0,707000000.0,5.085,-761000000.0
11,INFO,MRT,2018-12-31,2018-11-30,2018-11-30,2021-09-28,-298900000.0,16062300000.0,15357775000.0,1099400000.0,14962900000.0,0.261,20.336,-222700000.0,120000000.0,120000000.0,1495700000.0,539200000.0,0.474,1.003,5679100000.0,789900000.0,4889200000.0,5679100000.0,886800000.0,541200000.0,0.0,0.0,0.0,652600000.0,1193800000.0,0.298,1193800000.0,652600000.0,426900000.0,1.38,1.33,1.38,8020500000.0,7960775000.0,8020500000.0,26942298272.0,41.0,22.569,1066800000.0,2.705,1.0,2513500000.0,0.627,14320800000.0,225700000.0,4980300000.0,5001675000.0,0.0,0.0,0.0,0.0,8041800000.0,2320300000.0,5721500000.0,21036598272.0,-13800000.0,-1876200000.0,-442500000.0,1463600000.0,0.0,873000000.0,-2112100000.0,-7000000.0,1289500000.0,-64200000.0,542300000.0,542300000.0,542300000.0,0.0,-3100000.0,0.135,1866600000.0,646900000.0,42200000.0,0.0,2.623,38.791,38.674,579600000.0,0.0,53.37,5.247,5.25,792900000.0,2743100000.0,4009200000.0,4009200000.0,0.0,0.035,0.068,0.13,0.163,241700000.0,1192800000.0,1.0,394165229.0,394400000.0,406900000.0,10.165,1741500000.0,14600000.0,-115400000.0,707900000.0,4.416,-1220900000.0
12,INFO,MRT,2018-09-30,2018-08-31,2018-08-31,2021-09-28,-220600000.0,16206300000.0,14980800000.0,1114100000.0,15092200000.0,0.259,20.08,-236900000.0,154400000.0,154400000.0,1428700000.0,563500000.0,0.435,1.054,6060100000.0,1166300000.0,4893800000.0,6060100000.0,897000000.0,523800000.0,0.0,0.0,0.0,632500000.0,1156300000.0,0.298,1156300000.0,632500000.0,430900000.0,1.42,1.38,1.42,7891600000.0,7956750000.0,7891600000.0,25861406400.0,41.0,22.366,938000000.0,2.387,1.0,2457400000.0,0.632,14438200000.0,201600000.0,5110400000.0,4691850000.0,0.0,0.0,0.0,0.0,8314700000.0,2563400000.0,5751300000.0,21560906400.0,600000.0,-2282500000.0,-475700000.0,2052300000.0,0.0,1373000000.0,-2522400000.0,1000000.0,1174900000.0,-24900000.0,566200000.0,566200000.0,566200000.0,0.0,-2700000.0,0.146,1830500000.0,626900000.0,39600000.0,0.0,2.732,38.08,38.732,591900000.0,0.0,55.0,5.548,5.562,760600000.0,2684000000.0,3886100000.0,3886100000.0,0.0,0.038,0.071,0.135,0.163,230800000.0,1162200000.0,1.0,392016480.0,393000000.0,405100000.0,9.888,1768100000.0,29300000.0,-135300000.0,676500000.0,4.499,-1449300000.0
13,INFO,MRT,2018-06-30,2018-05-31,2018-05-31,2021-09-28,-143600000.0,14465800000.0,14433450000.0,2207100000.0,12258700000.0,0.263,19.828,-244400000.0,159000000.0,159000000.0,1395000000.0,607100000.0,1.413,0.862,4459500000.0,105800000.0,4353700000.0,4459500000.0,872000000.0,510500000.0,0.0,0.0,0.0,614100000.0,1124600000.0,0.297,1124600000.0,614100000.0,427700000.0,1.53,1.47,1.53,7768700000.0,7909375000.0,7768700000.0,23824379745.0,39.0,21.185,851400000.0,2.173,1.0,2394800000.0,0.632,11686900000.0,186400000.0,5517700000.0,4299350000.0,0.0,0.0,0.0,0.0,6697100000.0,1561700000.0,5135400000.0,19703379745.0,-3500000.0,-409900000.0,-728600000.0,456700000.0,0.0,-430400000.0,-657900000.0,3500000.0,1095800000.0,-11000000.0,607600000.0,607600000.0,607600000.0,0.0,-500000.0,0.16,1782800000.0,612000000.0,42100000.0,0.0,2.536,32.428,32.209,508900000.0,0.0,49.28,5.199,5.095,704200000.0,2579500000.0,3789800000.0,3789800000.0,0.0,0.042,0.077,0.143,0.162,241700000.0,1143300000.0,1.0,399825076.0,391800000.0,403600000.0,9.673,2778900000.0,41000000.0,-179900000.0,607400000.0,7.093,645400000.0
14,INFO,MRT,2018-03-31,2018-02-28,2018-02-28,2021-09-28,-29700000.0,14696700000.0,14334800000.0,1165800000.0,13530900000.0,0.257,20.508,-243700000.0,156000000.0,156000000.0,1364300000.0,591700000.0,0.787,0.801,4277000000.0,90900000.0,4186100000.0,4277000000.0,919300000.0,502300000.0,0.0,0.0,0.0,568100000.0,1070400000.0,0.29,1070400000.0,568100000.0,399300000.0,1.49,1.43,1.49,8162300000.0,7869350000.0,8162300000.0,22776666861.0,40.0,21.279,670000000.0,1.683,1.0,2323300000.0,0.63,12939000000.0,168800000.0,4398300000.0,3799950000.0,0.0,0.0,0.0,0.0,6534400000.0,1480400000.0,5054000000.0,18717166861.0,1200000.0,-401100000.0,-674200000.0,551900000.0,0.0,-281600000.0,-635000000.0,14900000.0,913700000.0,4100000.0,592200000.0,592200000.0,592200000.0,0.0,-500000.0,0.161,1755100000.0,568200000.0,50100000.0,0.0,2.293,31.606,31.577,539700000.0,0.0,47.05,5.076,5.078,802700000.0,2464800000.0,3687600000.0,3687600000.0,0.0,0.041,0.075,0.15,0.154,248600000.0,1118300000.0,1.0,397814386.0,398000000.0,412100000.0,9.265,1757700000.0,45500000.0,-192900000.0,699500000.0,4.416,-314600000.0
15,INFO,MRT,2017-12-31,2017-11-30,2017-11-30,2021-09-28,-85000000.0,14554400000.0,14162050000.0,1015000000.0,13539400000.0,0.254,19.996,-260200000.0,133800000.0,133800000.0,1348400000.0,417000000.0,0.533,0.818,4193300000.0,576000000.0,3617300000.0,4193300000.0,790800000.0,492500000.0,0.0,0.0,0.0,521300000.0,1013800000.0,0.282,1013800000.0,521300000.0,367000000.0,1.04,1.0,1.04,8004400000.0,7751700000.0,8004400000.0,21630619269.0,41.0,21.336,701300000.0,1.752,1.0,2251300000.0,0.625,12966800000.0,154300000.0,3741000000.0,3486275000.0,0.0,0.0,0.0,0.0,6550000000.0,1906100000.0,4643900000.0,17798619269.0,-5100000.0,-401100000.0,-986200000.0,798900000.0,0.0,-329300000.0,-646300000.0,14500000.0,961500000.0,9000000.0,416900000.0,416900000.0,416900000.0,0.0,100000.0,0.116,1727100000.0,524200000.0,53400000.0,0.0,2.224,42.693,42.904,531300000.0,0.0,44.62,4.944,4.962,693500000.0,2217600000.0,3599700000.0,3599700000.0,0.0,0.029,0.054,0.15,0.145,261900000.0,1096000000.0,1.0,398893305.0,400300000.0,416200000.0,8.993,1587600000.0,39000000.0,-49900000.0,875300000.0,3.966,-891100000.0
16,INFO,MRT,2017-09-30,2017-08-31,2017-08-31,2021-09-28,-213200000.0,14016900000.0,14007600000.0,972100000.0,13044800000.0,0.252,19.371,-240100000.0,153800000.0,153800000.0,1351800000.0,400800000.0,0.528,0.82,3985800000.0,561100000.0,3424700000.0,3985800000.0,814100000.0,483600000.0,0.0,0.0,0.0,491800000.0,975400000.0,0.276,975400000.0,491800000.0,353400000.0,1.04,1.0,1.04,7702100000.0,7771700000.0,7702100000.0,22520299705.0,46.0,23.088,641700000.0,1.614,1.0,2177000000.0,0.617,12467800000.0,138400000.0,3540400000.0,3352925000.0,0.0,0.0,0.0,0.0,6314800000.0,1840700000.0,4474100000.0,18698399705.0,-46900000.0,700000.0,-1247800000.0,701000000.0,0.0,-653500000.0,-253300000.0,-6200000.0,881800000.0,-21900000.0,400500000.0,400500000.0,400500000.0,-1200000.0,300000.0,0.113,1679800000.0,497200000.0,49900000.0,0.0,2.428,46.688,45.038,506900000.0,0.0,46.84,5.299,5.278,655500000.0,2116800000.0,3528800000.0,3528800000.0,0.0,0.029,0.052,0.147,0.139,260700000.0,1057000000.0,1.0,399197261.0,397600000.0,414200000.0,8.875,1549100000.0,29700000.0,-47100000.0,842000000.0,3.896,-868600000.0
17,INFO,MRT,2017-06-30,2017-05-31,2017-05-31,2021-09-28,-309800000.0,14071200000.0,14085475000.0,1024200000.0,13047000000.0,0.238,19.036,-225400000.0,162500000.0,162500000.0,1279300000.0,221700000.0,0.551,0.849,3984400000.0,561200000.0,3423200000.0,3984400000.0,869400000.0,454500000.0,0.0,0.0,0.0,322800000.0,777300000.0,0.232,777300000.0,322800000.0,189400000.0,0.58,0.56,0.58,7608600000.0,7954325000.0,7608600000.0,22214812835.0,69.0,28.579,535700000.0,1.34,1.0,2069400000.0,0.618,12513400000.0,133400000.0,3520100000.0,3215425000.0,0.0,0.0,0.0,0.0,6462600000.0,1859600000.0,4603000000.0,18655212835.0,-183000000.0,99700000.0,-1134900000.0,411100000.0,0.0,-824400000.0,-128900000.0,5900000.0,761100000.0,9200000.0,222900000.0,222900000.0,222900000.0,-200000.0,-1200000.0,0.067,1741400000.0,328000000.0,60000000.0,0.0,2.452,83.693,79.052,470100000.0,0.0,45.85,5.571,5.473,669700000.0,1971000000.0,3348700000.0,3348700000.0,0.0,0.016,0.028,0.1,0.096,276000000.0,1055800000.0,1.0,406874871.0,399700000.0,415600000.0,8.378,1557800000.0,47000000.0,-33500000.0,979600000.0,3.897,-835400000.0
18,INFO,MRT,2017-03-31,2017-02-28,2017-02-28,2021-09-28,-460700000.0,14005700000.0,,1044600000.0,12961100000.0,,18.936,-194800000.0,154800000.0,154800000.0,1153900000.0,172900000.0,0.531,0.821,3714400000.0,582900000.0,3131500000.0,3714400000.0,906900000.0,396000000.0,0.0,0.0,0.0,277400000.0,673400000.0,0.222,673400000.0,277400000.0,154500000.0,0.54,0.53,0.54,7691700000.0,,7691700000.0,19440111291.0,70.0,28.869,542400000.0,1.335,1.0,1876600000.0,0.619,12454300000.0,122900000.0,3143600000.0,,0.0,0.0,0.0,0.0,6314000000.0,1967400000.0,4346600000.0,16195111291.0,93600000.0,289900000.0,-746000000.0,106800000.0,0.0,-736400000.0,81100000.0,-10000000.0,737200000.0,11700000.0,173600000.0,173600000.0,173600000.0,-5400000.0,-700000.0,0.057,1600400000.0,276200000.0,52500000.0,0.0,2.106,93.29,73.704,445000000.0,0.0,39.8,5.344,5.335,668800000.0,1872300000.0,3030500000.0,3030500000.0,0.0,,,,0.092,245200000.0,988600000.0,1.0,406912344.0,406200000.0,422200000.0,7.461,1551400000.0,73400000.0,-19100000.0,1027000000.0,3.819,-922800000.0
19,INFO,MRT,2016-12-31,2016-11-30,2016-11-30,2021-09-28,-438800000.0,13936600000.0,9757050000.0,933500000.0,13003100000.0,0.28,26.146,-147600000.0,138900000.0,138900000.0,1037700000.0,152100000.0,0.661,0.724,3383900000.0,104600000.0,3279300000.0,3383900000.0,770200000.0,335700000.0,0.0,0.0,0.0,267100000.0,602800000.0,0.22,602800000.0,267100000.0,147700000.0,0.49,0.48,0.49,8084400000.0,5142650000.0,8084400000.0,18230067848.0,68.0,30.242,490700000.0,1.587,1.0,1697100000.0,0.621,12561600000.0,119400000.0,3207600000.0,2669250000.0,0.0,0.0,0.0,0.0,5852200000.0,1412400000.0,4439800000.0,15164767848.0,-154200000.0,-823500000.0,-422700000.0,630400000.0,0.0,177500000.0,-982800000.0,-7200000.0,638300000.0,12800000.0,152800000.0,152800000.0,152800000.0,-9200000.0,-700000.0,0.056,1436700000.0,260400000.0,58900000.0,0.0,1.876,99.246,73.347,416200000.0,0.0,35.94,5.545,4.063,635600000.0,1806900000.0,2734800000.0,2734800000.0,0.0,0.016,0.03,0.1,0.098,200600000.0,907100000.0,1.0,421946796.0,309200000.0,316300000.0,8.845,1375000000.0,40800000.0,-5100000.0,1007000000.0,4.447,-478900000.0
20,INFO,MRT,2016-09-30,2016-08-31,2016-08-31,2021-09-28,-218800000.0,14328400000.0,,929500000.0,13398900000.0,,24.794,-124500000.0,200700000.0,200700000.0,887100000.0,153800000.0,0.657,0.699,3266000000.0,126000000.0,3140000000.0,3266000000.0,803400000.0,277200000.0,0.0,0.0,0.0,277200000.0,554400000.0,0.229,554400000.0,277200000.0,167000000.0,0.69,0.67,0.69,8432600000.0,,8432600000.0,7250987407.0,26.0,13.079,466600000.0,1.372,1.0,1529600000.0,0.633,12988700000.0,110200000.0,2990400000.0,,0.0,0.0,0.0,0.0,5895800000.0,1414600000.0,4481200000.0,6597687407.0,-62900000.0,-824200000.0,-247300000.0,569500000.0,0.0,275100000.0,-950100000.0,5400000.0,591100000.0,21000000.0,154100000.0,154100000.0,154100000.0,-51200000.0,-300000.0,0.064,1304000000.0,225600000.0,57400000.0,0.0,0.782,42.814,54.087,391600000.0,0.0,37.32,2.73,5.252,514700000.0,1718800000.0,2416700000.0,2416700000.0,0.0,,,,0.115,177700000.0,867200000.0,1.0,176786908.0,340100000.0,340100000.0,7.106,1339700000.0,15300000.0,12900000.0,1158500000.0,3.939,-485100000.0
21,INFO,MRT,2016-06-30,2016-05-31,2016-05-31,2021-09-28,,,,,,,,,,,827200000.0,244900000.0,,,,,,,,,,0.0,0.0,389100000.0,,,,389100000.0,297200000.0,1.02,1.0,1.02,,,,6729466028.0,17.0,,,,1.0,1422800000.0,0.632,,91900000.0,,,,,,,,,,6076166028.0,,,,,,,,,,,244900000.0,244900000.0,244900000.0,-54500000.0,0.0,0.109,1089500000.0,333300000.0,,0.0,,24.811,33.696,,0.0,34.37,2.701,3.671,,,2250000000.0,2250000000.0,0.0,,,,0.173,,799700000.0,1.0,176786908.0,240300000.0,241100000.0,9.363,,,52300000.0,,,
22,INFO,MRT,2016-03-31,2016-02-28,2016-02-28,2021-09-28,,,,,,,,,,,,,,,,,,,,,,0.0,0.0,,,,,,,,,,,,,5777259885.0,,,,,1.0,,,,,,,,,,,,,,5099259885.0,,,,,,,,,,,,,,,,,,,,,,,,,,27.94,,,,,,,,,,,,,,1.0,182507512.0,239700000.0,,,,,,,,
23,INFO,MRT,2015-12-31,2015-11-30,2015-11-30,2021-09-28,-191200000.0,5577500000.0,,950500000.0,4627000000.0,,9.042,-122900000.0,291600000.0,291600000.0,819200000.0,240200000.0,0.99,1.534,2107500000.0,36000000.0,2071500000.0,2107500000.0,552500000.0,235500000.0,0.0,0.0,0.0,360000000.0,595500000.0,0.273,595500000.0,360000000.0,289100000.0,0.99,0.97,0.99,2200900000.0,,2200900000.0,5746971604.0,16.0,9.651,489700000.0,2.012,1.0,1365100000.0,0.625,4302200000.0,70900000.0,2130900000.0,,0.0,0.0,0.0,0.0,3376600000.0,960300000.0,2416300000.0,5383971604.0,139900000.0,-369900000.0,-200400000.0,288800000.0,0.0,45400000.0,-496000000.0,600000.0,612600000.0,-22100000.0,240200000.0,240200000.0,240200000.0,-51300000.0,0.0,0.11,1057300000.0,307800000.0,59200000.0,0.0,2.446,22.415,29.798,314400000.0,0.0,29.5,2.465,3.287,355900000.0,1655300000.0,2184300000.0,2184300000.0,0.0,,,,0.165,129900000.0,795300000.0,1.0,182507512.0,243400000.0,246400000.0,8.974,1275300000.0,11200000.0,48900000.0,282800000.0,5.24,-9800000.0
24,INFO,MRT,2015-09-30,2015-08-31,2015-08-31,2021-09-28,,,,,,,,,,,,,,,,,,,,,,0.0,0.0,,,,,,,,,,,,,5638664693.0,,,,,1.0,,,,,,,,,,,,,,5216064693.0,,,,,,,,,,,,,,,,,,,,,,,,,,28.58,,,,,,,,,,,,,,1.0,182507512.0,243100000.0,,,,,,,,
25,INFO,MRT,2015-06-30,2015-06-30,2015-06-30,2021-09-28,0.0,3257100000.0,3314200000.0,387600000.0,2869500000.0,0.328,11.698,-19399994.0,119500000.0,119500000.0,0.0,193900000.0,0.848,0.509,542100000.0,86400000.0,455700000.0,542100000.0,186200000.0,100100004.0,0.0,0.0,0.0,286400000.0,386500004.0,0.356,386500004.0,286400000.0,270000000.0,1.07,1.04,1.07,2135000000.0,2226825000.0,2135000000.0,4894717082.0,17.0,12.664,401900083.0,2.202,1.0,1085700000.0,1.0,2806300000.0,16400000.0,416100000.0,365125000.0,0.0,9800000.0,0.0,9800000.0,1085800000.0,457300000.0,628500000.0,4666717082.0,43699980.0,-130199931.0,-31200249.0,-39999913.0,0.0,-75300158.0,-250899931.0,0.0,421300076.0,-1300000.0,195300000.0,195300000.0,195300000.0,0.0,-800000.0,0.18,789500000.0,296200000.0,305500000.0,0.0,2.186,23.895,23.897,52000000.0,0.0,25.57,4.298,4.298,262200000.0,1973600000.0,1085700000.0,1085700000.0,0.0,0.059,0.088,0.784,0.264,20700005.0,577200000.0,1.0,182507512.0,182507512.0,,5.949,450800000.0,1900000.0,74700000.0,49600000.0,2.47,-69700000.0
26,INFO,MRT,2015-03-31,2015-03-31,2015-03-31,2021-09-28,0.0,3220700000.0,3358025000.0,373100000.0,2847600000.0,0.321,12.821,-18600000.0,84400000.0,84400000.0,0.0,178800000.0,0.859,0.355,312400000.0,86400000.0,226000000.0,312400000.0,187000000.0,101700000.0,0.0,0.0,0.0,258500000.0,360200000.0,0.334,360200000.0,258500000.0,241900000.0,1.0,0.97,1.0,2349600000.0,2259225000.0,2349600000.0,5227352073.0,20.0,14.512,425900000.0,2.324,1.0,1077200000.0,1.0,2784600000.0,16600000.0,229600000.0,413400000.0,0.0,2800000.0,0.0,2800000.0,834800000.0,434500000.0,400300000.0,4909452073.0,49300000.0,-51900000.0,51600000.0,-213000000.0,0.0,-161600000.0,-178500000.0,0.0,444500000.0,-2900000.0,180200000.0,180200000.0,180200000.0,0.0,-800000.0,0.167,811600000.0,265600000.0,284800000.0,0.0,2.089,27.244,26.9,55200000.0,0.0,26.9,4.558,4.576,274800000.0,1923900000.0,1077200000.0,1077200000.0,0.0,0.054,0.08,0.625,0.24,20500000.0,573300000.0,1.0,182507512.0,183259470.0,191653520.0,5.878,436100000.0,4900000.0,61700000.0,49400000.0,2.38,-61400000.0
27,INFO,MRT,2014-12-31,2014-12-31,2014-12-31,2021-09-28,0.0,3300000000.0,3198350000.0,414000000.0,2886000000.0,0.333,12.369,-19400000.0,117700000.0,117700000.0,0.0,164100000.0,0.818,0.461,435600000.0,86400000.0,349200000.0,435600000.0,194200000.0,100100000.0,0.0,0.0,0.0,238600000.0,338700000.0,0.318,338700000.0,238600000.0,221700000.0,0.93,0.9,0.93,2234000000.0,2144950000.0,2234000000.0,5114190463.0,21.0,15.099,401900000.0,2.225,1.0,1065100000.0,1.0,2823300000.0,16900000.0,288300000.0,332850000.0,0.0,1100000.0,0.0,1100000.0,1029400000.0,506300000.0,523100000.0,4685890463.0,43700000.0,-130200000.0,-31200000.0,-40000000.0,0.0,-75300000.0,-250900000.0,0.0,421300000.0,-1300000.0,165200000.0,165200000.0,165200000.0,0.0,-1100000.0,0.155,821700000.0,243400000.0,346800000.0,0.0,2.098,28.365,28.419,56500000.0,0.0,26.43,4.399,4.482,288800000.0,1850600000.0,1065100000.0,1065100000.0,0.0,0.052,0.077,0.717,0.224,20700000.0,569200000.0,1.0,177294380.0,180615294.0,187335924.0,5.897,476700000.0,4600000.0,56500000.0,49900000.0,2.639,-92300000.0
28,INFO,MRT,2014-12-31,2014-11-30,2014-11-30,2021-09-28,,,,,,,,-114500000.0,,,815200000.0,194500000.0,,,,,,,,202100000.0,,0.0,0.0,295000000.0,497100000.0,0.239,497100000.0,295000000.0,239600000.0,0.8,0.79,0.8,,,,4936896083.0,17.0,9.931,513600000.0,2.119,1.0,1264600000.0,0.608,,55400000.0,,,,,,,,,,4508596083.0,-105200000.0,-210400000.0,-59900000.0,-351200000.0,0.0,-397800000.0,-324000000.0,6200000.0,628100000.0,-11500000.0,194500000.0,194500000.0,194500000.0,-16500000.0,0.0,0.094,987100000.0,277500000.0,,0.0,,23.18,31.788,,0.0,25.43,2.168,2.964,,,2079800000.0,2079800000.0,0.0,,,,0.142,154100000.0,789800000.0,1.0,177294380.0,242400000.0,245800000.0,8.58,,,45100000.0,,,
29,INFO,MRT,2014-09-30,2014-09-30,2014-09-30,2021-09-28,0.0,3479000000.0,,370900000.0,3108100000.0,,12.162,-29900000.0,81100000.0,81100000.0,0.0,151300000.0,0.755,0.573,509400000.0,90200000.0,419200000.0,509400000.0,180900000.0,95500000.0,0.0,0.0,0.0,218000000.0,313500000.0,0.302,313500000.0,218000000.0,200800000.0,0.86,0.82,0.86,2188700000.0,,2188700000.0,4625323773.0,21.0,14.754,369700000.0,2.054,1.0,1037500000.0,1.0,2889800000.0,17200000.0,526500000.0,,0.0,0.0,0.0,0.0,1253700000.0,491000000.0,762700000.0,4139823773.0,45900000.0,-128200000.0,-36300000.0,-2000000.0,0.0,-42800000.0,-252000000.0,-100000.0,399600000.0,-300000.0,152400000.0,152400000.0,152400000.0,0.0,1100000.0,0.147,820600000.0,216900000.0,338000000.0,0.0,1.891,27.164,27.151,60300000.0,0.0,23.35,3.99,4.05,282400000.0,1798800000.0,1037500000.0,1037500000.0,0.0,,,,0.21,16300000.0,565300000.0,1.0,177294380.0,179964373.0,187893323.0,5.765,589200000.0,161000000.0,48400000.0,222500000.0,3.274,-120100000.0
30,INFO,MRT,2014-06-30,2014-06-30,2014-06-30,2021-09-28,0.0,3432400000.0,,378700000.0,3053700000.0,,12.773,-34999996.0,97500000.0,97500000.0,0.0,104500000.0,0.79,0.516,583000000.0,93900000.0,489100000.0,583000000.0,180700000.0,86000006.0,0.0,0.0,0.0,175200000.0,261200006.0,0.26,261200006.0,175200000.0,157800000.0,0.59,0.57,0.59,2264600000.0,,2264600000.0,,,,378799991.0,2.137,1.0,1006200000.0,1.0,2829400000.0,17400000.0,609200000.0,,0.0,0.0,0.0,0.0,1167800000.0,479300000.0,688500000.0,4783402372.0,-34699906.0,-45600057.0,-45500008.0,19999994.0,0.0,-203899840.0,-170600060.0,5199995.0,413799987.0,-199998.0,104500000.0,104500000.0,104500000.0,0.0,0.0,0.104,831000000.0,175200000.0,240000000.0,0.0,2.112,45.774,45.729,65000000.0,0.0,26.98,4.754,4.754,274500000.0,1805500000.0,1006200000.0,1006200000.0,0.0,,,,0.174,8100010.0,550400000.0,1.0,177294380.0,177294380.0,182777170.0,5.675,603000000.0,164100000.0,53300000.0,155400000.0,3.401,-100600000.0
31,INFO,MRT,2014-03-31,2014-03-31,2014-03-31,2021-09-28,,,,,,,,,,,0.0,128500000.0,,,,,,,,,,,0.0,205800000.0,,,,205800000.0,187000000.0,0.73,0.71,0.73,,,,,,,,,1.0,979900000.0,1.0,,18800000.0,,,,,,,,,,,,,,,,,,,,,128500000.0,128500000.0,128500000.0,0.0,0.0,0.131,774100000.0,205800000.0,,0.0,,,,,0.0,,,,,,979900000.0,979900000.0,0.0,,,,0.21,,532700000.0,1.0,,176728360.0,178719390.0,5.545,,,58500000.0,,,
32,INFO,MRT,2013-12-31,2013-12-31,2013-12-31,2021-09-28,0.0,3096700000.0,,311000000.0,2785700000.0,,11.824,-35000000.0,75300000.0,75300000.0,0.0,147000000.0,0.621,0.506,574600000.0,101900000.0,472700000.0,574600000.0,177900000.0,86000000.0,0.0,,0.0,222500000.0,308500000.0,0.325,308500000.0,222500000.0,203100000.0,0.8,0.79,0.8,2055900000.0,,2055900000.0,,,,378800000.0,2.179,1.0,947900000.0,1.0,2717800000.0,19400000.0,377400000.0,,0.0,0.0,0.0,0.0,1040800000.0,500800000.0,540000000.0,,-34700000.0,-45600000.0,-45500000.0,20000000.0,0.0,-203900000.0,-170600000.0,5200000.0,413800000.0,-200000.0,139400000.0,139400000.0,139400000.0,0.0,7600000.0,0.147,717800000.0,230100000.0,228200000.0,0.0,,,,62300000.0,0.0,,,,231200000.0,1663300000.0,947900000.0,947900000.0,0.0,,,,0.235,8100000.0,515100000.0,1.0,,173875980.0,175550760.0,5.452,378900000.0,8900000.0,63700000.0,51700000.0,2.179,-189800000.0
33,INFO,MRT,2013-09-30,2013-09-30,2013-09-30,2021-09-28,,,,,,,,,,,,,,,,,,,,,,,0.0,,,,,,,,,,,,,,,,,,1.0,,,,,,,,,,,,,,,,,,,,,,,,,,,,,,,,,,,,,,,,,,,,,,,,,,,,,,1.0,,175328380.0,,,,,,,,
34,INFO,MRT,2013-06-30,2013-06-30,2013-06-30,2021-09-28,,,,,,,,,,,,,,,,,,,,,,,0.0,,,,,,,,,,,,,,,,,,1.0,,,,,,,,,,,,,,,,,,,,,,,,,,,,,,,,,,,,,,,,,,,,,,,,,,,,,,1.0,,172526170.0,,,,,,,,
35,INFO,MRT,2012-12-31,2012-12-31,2012-12-31,2021-09-28,,,,,,,,-28800000.0,,,0.0,153100000.0,,,,,,,,66700000.0,,,0.0,196600000.0,263300000.0,0.306,263300000.0,196600000.0,167700000.0,0.7,0.69,0.7,,,,,,,373300000.0,,1.0,860600000.0,1.0,,28900000.0,,,,,,,,,,,-39600000.0,-380800000.0,-26700000.0,240500000.0,0.0,99400000.0,-479600000.0,0.0,402100000.0,1500000.0,125000000.0,125000000.0,125000000.0,0.0,28100000.0,0.145,635900000.0,224700000.0,,0.0,,,,,0.0,,,,,,860600000.0,860600000.0,0.0,,,,0.228,16200000.0,454000000.0,1.0,,,,,,,42700000.0,,,
