None,ticker,dimension,calendardate,datekey,reportperiod,lastupdated,accoci,assets,assetsavg,assetsc,assetsnc,assetturnover,bvps,capex,cashneq,cashnequsd,cor,consolinc,currentratio,de,debt,debtc,debtnc,debtusd,deferredrev,depamor,deposits,divyield,dps,ebit,ebitda,ebitdamargin,ebitdausd,ebitusd,ebt,eps,epsdil,epsusd,equity,equityavg,equityusd,ev,evebit,evebitda,fcf,fcfps,fxusd,gp,grossmargin,intangibles,intexp,invcap,invcapavg,inventory,investments,investmentsc,investmentsnc,liabilities,liabilitiesc,liabilitiesnc,marketcap,ncf,ncfbus,ncfcommon,ncfdebt,ncfdiv,ncff,ncfi,ncfinv,ncfo,ncfx,netinc,netinccmn,netinccmnusd,netincdis,netincnci,netmargin,opex,opinc,payables,payoutratio,pb,pe,pe1,ppnenet,prefdivis,price,ps,ps1,receivables,retearn,revenue,revenueusd,rnd,roa,roe,roic,ros,sbcomp,sgna,sharefactor,sharesbas,shareswa,shareswadil,sps,tangibles,taxassets,taxexp,taxliabilities,tbvps,workingcapital
0,ROK,MRY,2020-12-31,2020-09-30,2020-09-30,2021-07-27,-1614200000.0,7264700000.0,7092000000.0,2685800000.0,4578900000.0,0.893,8.876,-99000000.0,704600000.0,704600000.0,3734600000.0,1023200000.0,1.483,5.758,2274000000.0,24600000.0,2249400000.0,2274000000.0,325300000.0,172700000.0,0.0,0.018,4.08,1239800000.0,1412500000.0,0.223,1412500000.0,1239800000.0,1136300000.0,8.83,8.77,8.83,1027800000.0,784025000.0,1027800000.0,27329590057.0,22.0,19.348,1021500000.0,8.821,1.0,2595200000.0,0.41,2129600000.0,103500000.0,4893700000.0,4795325000.0,584000000.0,953500000.0,0.0,953500000.0,5917900000.0,1810800000.0,4107100000.0,25591590057.0,-288000000.0,-550900000.0,-49800000.0,-277100000.0,-472800000.0,-798900000.0,-618000000.0,33200000.0,1120500000.0,8400000.0,1023400000.0,1023400000.0,1023400000.0,0.0,-200000.0,0.162,1509500000.0,1085700000.0,687800000.0,0.462,24.899,25.006,24.992,917300000.0,0.0,220.68,4.043,4.037,1249100000.0,7139800000.0,6329800000.0,6329800000.0,0.0,0.144,1.305,0.259,0.196,46100000.0,1479800000.0,1.0,115966966.0,115800000,116600000.0,54.661,5135100000.0,415600000.0,112900000.0,0.0,44.345,875000000.0
1,ROK,MRY,2019-12-31,2019-09-30,2019-09-30,2021-07-27,-1488000000.0,6113000000.0,6115350000.0,2985700000.0,3127300000.0,1.095,3.417,-128300000.0,1018400000.0,1018400000.0,3794700000.0,695800000.0,1.542,14.124,2256900000.0,300500000.0,1956400000.0,2256900000.0,275600000.0,152200000.0,0.0,0.024,3.88,999200000.0,1151400000.0,0.172,1151400000.0,999200000.0,901000000.0,5.88,5.83,5.88,404200000.0,1042825000.0,404200000.0,20734559072.0,21.0,18.008,1053700000.0,8.907,1.0,2900100000.0,0.433,1265200000.0,98200000.0,4149500000.0,4174150000.0,575700000.0,793900000.0,0.0,793900000.0,5708800000.0,1936800000.0,3772000000.0,19282859072.0,399600000.0,-20700000.0,-961600000.0,436600000.0,-459800000.0,-985900000.0,225000000.0,374000000.0,1182000000.0,-21500000.0,695800000.0,695800000.0,695800000.0,0.0,0.0,0.104,1532400000.0,1367700000.0,694600000.0,0.66,47.706,27.713,28.027,571900000.0,0.0,164.8,2.88,2.912,1178700000.0,6440200000.0,6694800000.0,6694800000.0,0.0,0.114,0.667,0.239,0.149,43100000.0,1538500000.0,1.0,117007640.0,118300000,119300000.0,56.592,4847800000.0,364100000.0,205200000.0,0.0,40.979,1048900000.0
2,ROK,MRY,2018-12-31,2018-09-30,2018-09-30,2021-07-27,-941900000.0,6262000000.0,6442975000.0,2830700000.0,3431300000.0,1.035,12.899,-125000000.0,618800000.0,618800000.0,3781100000.0,535500000.0,1.265,2.871,1776200000.0,551000000.0,1225200000.0,1776200000.0,249900000.0,164600000.0,0.0,0.019,3.51,1403800000.0,1568400000.0,0.235,1568400000.0,1403800000.0,1330800000.0,4.27,4.21,4.27,1617500000.0,1791275000.0,1617500000.0,23383673235.0,17.0,14.909,1175000000.0,9.37,1.0,2884900000.0,0.433,1290700000.0,73000000.0,3891800000.0,3613925000.0,581600000.0,1578900000.0,290900000.0,1288000000.0,4644500000.0,2236900000.0,2407600000.0,23095873235.0,-792100000.0,-9900000.0,-1400500000.0,-49400000.0,-440800000.0,-1888900000.0,-170400000.0,-35500000.0,1300000000.0,-32800000.0,535500000.0,535500000.0,535500000.0,0.0,0.0,0.08,1571100000.0,1313800000.0,713400000.0,0.822,14.279,43.13,43.916,576800000.0,0.0,187.52,3.465,3.528,1190100000.0,6198100000.0,6666000000.0,6666000000.0,0.0,0.083,0.299,0.388,0.211,38500000.0,1587900000.0,1.0,123164853.0,125400000,126900000.0,53.158,4971300000.0,179600000.0,795300000.0,0.0,39.644,593800000.0
3,ROK,MRY,2017-12-31,2017-09-30,2017-09-30,2021-07-27,-1179200000.0,7161700000.0,7134125000.0,4420700000.0,2741000000.0,0.885,20.745,-140600000.0,1410900000.0,1410900000.0,3643400000.0,825700000.0,2.06,1.689,1843800000.0,600400000.0,1243400000.0,1843800000.0,240600000.0,168900000.0,0.0,0.017,3.04,1113600000.0,1282500000.0,0.203,1282500000.0,1113600000.0,1037400000.0,6.42,6.35,6.42,2663600000.0,2272275000.0,2663600000.0,23167690893.0,21.0,18.064,893400000.0,6.958,1.0,2667900000.0,0.423,1315700000.0,76200000.0,4133100000.0,4050050000.0,558700000.0,1450300000.0,1124600000.0,325700000.0,4498100000.0,2145800000.0,2352300000.0,22874890893.0,-115500000.0,92900000.0,-160700000.0,-98200000.0,-390700000.0,-649600000.0,-516700000.0,-469000000.0,1034000000.0,16800000.0,825700000.0,825700000.0,825700000.0,0.0,0.0,0.131,1557600000.0,1110300000.0,623200000.0,0.474,8.588,27.704,27.759,583900000.0,0.0,178.21,3.624,3.626,1135500000.0,6103400000.0,6311300000.0,6311300000.0,0.0,0.116,0.363,0.275,0.176,38500000.0,1557600000.0,1.0,128359188.0,128400000,129900000.0,49.153,5846000000.0,443600000.0,211700000.0,0.0,45.53,2274900000.0
4,ROK,MRY,2016-12-31,2016-09-30,2016-09-30,2021-07-27,-1538800000.0,7101200000.0,6729050000.0,4185000000.0,2916200000.0,0.874,15.285,-116500000.0,1526400000.0,1526400000.0,3404000000.0,729700000.0,2.118,2.568,1964900000.0,448600000.0,1516300000.0,1964900000.0,214500000.0,172200000.0,0.0,0.024,2.9,1014400000.0,1186600000.0,0.202,1186600000.0,1014400000.0,943100000.0,5.6,5.56,5.6,1990100000.0,2140875000.0,1990100000.0,16197304931.0,16.0,13.65,830800000.0,6.381,1.0,2475500000.0,0.421,1329200000.0,71300000.0,4234600000.0,4178950000.0,526600000.0,902800000.0,902800000.0,0.0,5111100000.0,1975900000.0,3135200000.0,15830804931.0,99100000.0,-139100000.0,-471400000.0,448600000.0,-378200000.0,-397700000.0,-440000000.0,-184400000.0,947300000.0,-10500000.0,729700000.0,729700000.0,729700000.0,0.0,0.0,0.124,1467400000.0,1008100000.0,543100000.0,0.518,7.955,21.695,21.846,578300000.0,0.0,122.34,2.693,2.709,1079000000.0,5668400000.0,5879500000.0,5879500000.0,0.0,0.108,0.341,0.243,0.173,37200000.0,1467400000.0,1.0,129400073.0,130200000,131100000.0,45.157,5772000000.0,633900000.0,213400000.0,0.0,44.332,2209100000.0
5,ROK,MRY,2015-12-31,2015-09-30,2015-09-30,2021-07-27,-1334600000.0,6404700000.0,6323350000.0,3896800000.0,2507900000.0,0.998,16.779,-120800000.0,1427300000.0,1427300000.0,3604800000.0,827600000.0,2.935,1.838,1500900000.0,0.0,1500900000.0,1500900000.0,200800000.0,162500000.0,0.0,0.026,2.6,1191200000.0,1353700000.0,0.215,1353700000.0,1191200000.0,1127500000.0,6.15,6.09,6.15,2256800000.0,2487100000.0,2256800000.0,13532695841.0,11.0,9.997,1066900000.0,7.932,1.0,2703100000.0,0.429,1258300000.0,63700000.0,3892300000.0,3651775000.0,535600000.0,721900000.0,721900000.0,0.0,4147900000.0,1327700000.0,2820200000.0,13607695841.0,236000000.0,-21200000.0,-538100000.0,269300000.0,-350100000.0,-608100000.0,-246900000.0,-104900000.0,1187700000.0,-96700000.0,827600000.0,827600000.0,827600000.0,0.0,0.0,0.131,1506400000.0,1196700000.0,521700000.0,0.423,6.03,16.442,16.499,605600000.0,0.0,101.47,2.157,2.164,1041000000.0,5316900000.0,6307900000.0,6307900000.0,0.0,0.131,0.333,0.326,0.189,29100000.0,1506400000.0,1.0,134105606.0,134500000,135700000.0,46.899,5146400000.0,494800000.0,299900000.0,0.0,38.263,2569100000.0
6,ROK,MRY,2014-12-31,2014-09-30,2014-09-30,2021-07-27,-948000000.0,6224300000.0,6117075000.0,3934200000.0,2290100000.0,1.083,19.262,-140600000.0,1191300000.0,1191300000.0,3869600000.0,826800000.0,2.325,1.342,1225400000.0,325000000.0,900400000.0,1225400000.0,196500000.0,152500000.0,0.0,0.021,2.32,1193500000.0,1346000000.0,0.203,1346000000.0,1193500000.0,1134200000.0,5.98,5.91,5.98,2658100000.0,2704500000.0,2658100000.0,15159617774.0,13.0,11.263,892700000.0,6.469,1.0,2753900000.0,0.416,1296800000.0,59300000.0,3269500000.0,3142450000.0,588400000.0,628500000.0,628500000.0,0.0,3566200000.0,1692100000.0,1874100000.0,15149417774.0,-9600000.0,-81500000.0,-377200000.0,146000000.0,-320500000.0,-521800000.0,-483400000.0,-257900000.0,1033300000.0,-37700000.0,826800000.0,826800000.0,826800000.0,0.0,0.0,0.125,1570100000.0,1183800000.0,520600000.0,0.388,5.699,18.323,18.375,632900000.0,0.0,109.88,2.287,2.289,1215800000.0,4839600000.0,6623500000.0,6623500000.0,0.0,0.135,0.306,0.38,0.18,12700000.0,1570100000.0,1.0,137872386.0,138000000,139700000.0,47.996,4927500000.0,369200000.0,307400000.0,0.0,35.707,2242100000.0
7,ROK,MRY,2013-12-31,2013-09-30,2013-09-30,2021-07-27,-817700000.0,5844600000.0,5761725000.0,3679900000.0,2164700000.0,1.102,18.574,-145700000.0,1200900000.0,1200900000.0,3778100000.0,756300000.0,2.382,1.261,1084100000.0,179000000.0,905100000.0,1084100000.0,210900000.0,145200000.0,0.0,0.019,1.98,1041800000.0,1187000000.0,0.187,1187000000.0,1041800000.0,980900000.0,5.43,5.36,5.43,2585500000.0,2145400000.0,2585500000.0,14929695904.0,14.0,12.578,869100000.0,6.244,1.0,2573800000.0,0.405,1235800000.0,60900000.0,2947300000.0,3110075000.0,615400000.0,372700000.0,372700000.0,0.0,3259100000.0,1544700000.0,1714400000.0,14829295904.0,297000000.0,-84800000.0,-230400000.0,22000000.0,-276300000.0,-454600000.0,-256800000.0,-22200000.0,1014800000.0,600000.0,756300000.0,756300000.0,756300000.0,0.0,0.0,0.119,1532000000.0,1041800000.0,546700000.0,0.365,5.736,19.608,19.694,616000000.0,0.0,106.94,2.335,2.344,1186100000.0,4333400000.0,6351900000.0,6351900000.0,0.0,0.131,0.353,0.335,0.164,11300000.0,1537700000.0,1.0,138669309.0,139200000,140900000.0,45.631,4608800000.0,336800000.0,224600000.0,0.0,33.109,2135200000.0
8,ROK,MRY,2012-12-31,2012-09-30,2012-09-30,2021-07-27,-1225300000.0,5636500000.0,5433150000.0,3387500000.0,2249000000.0,1.152,13.086,-137000000.0,903900000.0,903900000.0,3736700000.0,737000000.0,2.212,2.044,1062000000.0,157000000.0,905000000.0,1062000000.0,204100000.0,138600000.0,0.0,0.025,1.745,1026000000.0,1164600000.0,0.186,1164600000.0,1026000000.0,965900000.0,5.2,5.13,5.2,1851700000.0,1914900000.0,1851700000.0,10186262109.0,10.0,8.747,581700000.0,4.111,1.0,2522700000.0,0.403,1158300000.0,60100000.0,3104700000.0,3068800000.0,619000000.0,350000000.0,350000000.0,0.0,3784800000.0,1531600000.0,2253200000.0,9816862109.0,-85000000.0,-16200000.0,-210400000.0,157000000.0,-247400000.0,-282700000.0,-503200000.0,-350000000.0,718700000.0,-16800000.0,737000000.0,737000000.0,737000000.0,0.0,0.0,0.118,1491700000.0,1031000000.0,547600000.0,0.336,5.302,13.32,13.375,587100000.0,0.0,69.55,1.568,1.572,1187300000.0,3858800000.0,6259400000.0,6259400000.0,0.0,0.136,0.385,0.334,0.164,25700000.0,1491700000.0,1.0,141148269.0,141500000,143400000.0,44.236,4478200000.0,559700000.0,228900000.0,0.0,31.648,1855900000.0
9,ROK,MRY,2011-12-31,2011-09-30,2011-09-30,2021-07-27,-992900000.0,5284900000.0,5125650000.0,3075100000.0,2209800000.0,1.171,12.249,-115000000.0,988900000.0,988900000.0,3610000000.0,697800000.0,2.312,2.023,905000000.0,0.0,905000000.0,905000000.0,189000000.0,131300000.0,0.0,0.026,1.475,927800000.0,1059100000.0,0.177,1059100000.0,927800000.0,868300000.0,4.88,4.8,4.88,1748000000.0,1772025000.0,1748000000.0,7902932728.0,9.0,7.462,528700000.0,3.705,1.0,2390400000.0,0.398,1170600000.0,59500000.0,2700500000.0,2684225000.0,641700000.0,0.0,0.0,0.0,3536900000.0,1329900000.0,2207000000.0,8019732728.0,175500000.0,-45900000.0,-124700000.0,0.0,-211000000.0,-297900000.0,-160900000.0,0.0,643700000.0,-5800000.0,697800000.0,697800000.0,697800000.0,-700000.0,0.0,0.116,1461200000.0,929200000.0,455100000.0,0.302,4.588,11.493,11.475,561400000.0,0.0,56.0,1.337,1.332,1063400000.0,3382800000.0,6000400000.0,6000400000.0,0.0,0.136,0.394,0.346,0.155,4500000.0,1461200000.0,1.0,143209513.0,142700000,145200000.0,42.049,4114300000.0,535800000.0,170500000.0,0.0,28.832,1745200000.0
10,ROK,MRY,2010-12-31,2010-09-30,2010-09-30,2021-07-27,-841200000.0,4748300000.0,4575950000.0,2586600000.0,2161700000.0,1.061,10.285,-89000000.0,813400000.0,813400000.0,2920600000.0,464300000.0,2.116,2.251,904900000.0,0.0,904900000.0,904900000.0,184900000.0,127300000.0,0.0,0.02,1.22,628600000.0,755900000.0,0.156,755900000.0,628600000.0,568100000.0,3.26,3.22,3.26,1460400000.0,1405775000.0,1460400000.0,8835636808.0,14.0,11.689,405000000.0,2.852,1.0,1936400000.0,0.399,1129800000.0,60500000.0,2487700000.0,2429550000.0,603300000.0,0.0,0.0,0.0,3287900000.0,1222300000.0,2065600000.0,8756836808.0,169600000.0,0.0,-83600000.0,0.0,-173600000.0,-241400000.0,-89000000.0,0.0,494000000.0,6800000.0,464300000.0,464300000.0,464300000.0,-23900000.0,0.0,0.096,1331700000.0,604700000.0,435700000.0,0.374,5.996,18.86,18.936,536900000.0,0.0,61.73,1.803,1.805,859000000.0,2912400000.0,4857000000.0,4857000000.0,0.0,0.101,0.33,0.259,0.129,20800000.0,1323300000.0,1.0,141857068.0,142000000,144000000.0,34.204,3618500000.0,494700000.0,103800000.0,0.0,25.482,1364300000.0
11,ROK,MRY,2009-12-31,2009-09-30,2009-09-30,2021-07-27,-727500000.0,4305700000.0,4261175000.0,2134800000.0,2170900000.0,1.017,9.297,-89200000.0,643800000.0,643800000.0,2763000000.0,220700000.0,2.254,2.271,904700000.0,0.0,904700000.0,904700000.0,159100000.0,134100000.0,0.0,0.027,1.16,337600000.0,471700000.0,0.109,471700000.0,337600000.0,276700000.0,1.56,1.55,1.56,1316400000.0,1532200000.0,1316400000.0,6371657337.0,19.0,13.508,437200000.0,3.088,1.0,1569500000.0,0.362,1144100000.0,60900000.0,2475300000.0,2508075000.0,436400000.0,0.0,0.0,0.0,2989300000.0,947200000.0,2042100000.0,6047357337.0,61600000.0,-30700000.0,-42200000.0,-100000000.0,-164500000.0,-307400000.0,-132400000.0,-8400000.0,526400000.0,-24500000.0,220700000.0,220700000.0,220700000.0,-2800000.0,0.0,0.051,1234700000.0,334800000.0,313300000.0,0.744,4.594,27.401,27.308,532500000.0,0.0,42.6,1.396,1.392,726300000.0,2667200000.0,4332500000.0,4332500000.0,0.0,0.052,0.144,0.135,0.078,25500000.0,1228000000.0,1.0,141956745.0,141600000,142400000.0,30.597,3161600000.0,482000000.0,56000000.0,0.0,22.328,1187600000.0
12,ROK,MRY,2008-12-31,2008-09-30,2008-09-30,2021-07-27,-319000000.0,4593600000.0,4906350000.0,2436600000.0,2157000000.0,1.161,11.528,-143300000.0,582200000.0,582200000.0,3357100000.0,577600000.0,1.87,1.72,1004500000.0,100100000.0,904400000.0,1004500000.0,161600000.0,136500000.0,0.0,0.031,1.16,877100000.0,1013600000.0,0.178,1013600000.0,877100000.0,808900000.0,3.94,3.89,3.94,1688800000.0,1812450000.0,1688800000.0,5868735230.0,7.0,5.79,453500000.0,3.096,1.0,2340700000.0,0.411,1165800000.0,68200000.0,2547000000.0,2679975000.0,575500000.0,0.0,0.0,0.0,2904800000.0,1303100000.0,1601700000.0,5436335230.0,-42000000.0,-110800000.0,-345900000.0,69100000.0,-170200000.0,-442800000.0,-220700000.0,36300000.0,596800000.0,30700000.0,577600000.0,577600000.0,577600000.0,0.0,0.0,0.101,1463600000.0,877100000.0,437300000.0,0.294,3.219,9.412,9.477,553800000.0,0.0,37.34,0.954,0.96,959900000.0,4486100000.0,5697800000.0,5697800000.0,0.0,0.118,0.319,0.327,0.154,28100000.0,1482100000.0,1.0,145590124.0,146500000,148100000.0,38.893,3427800000.0,310100000.0,231300000.0,0.0,23.398,1133500000.0
13,ROK,MRY,2007-12-31,2007-09-30,2007-09-30,2021-07-27,-169700000.0,4545800000.0,4752775000.0,2382000000.0,2163800000.0,1.053,10.982,1619500000.0,624200000.0,624200000.0,2906600000.0,1487800000.0,1.365,1.608,927100000.0,521400000.0,405700000.0,927100000.0,0.0,117900000.0,0.0,0.017,1.16,1770500000.0,1888400000.0,0.377,1888400000.0,1770500000.0,1707100000.0,9.37,9.23,9.37,1742800000.0,1970350000.0,1742800000.0,10615259686.0,6.0,5.621,2064400000.0,13.008,1.0,2097300000.0,0.419,1101900000.0,63400000.0,2002300000.0,2407475000.0,504700000.0,0.0,0.0,0.0,2803000000.0,1744500000.0,1058500000.0,10604359686.0,216100000.0,-249500000.0,-1454400000.0,-60700000.0,-184700000.0,-1673100000.0,1398900000.0,32100000.0,444900000.0,38800000.0,1487800000.0,1487800000.0,1487800000.0,-918500000.0,0.0,0.297,1245300000.0,852000000.0,498500000.0,0.124,6.085,7.128,7.418,510300000.0,0.0,69.51,2.119,2.205,927700000.0,4098100000.0,5003900000.0,5003900000.0,0.0,0.313,0.755,0.735,0.354,3200000.0,1278600000.0,1.0,152558764.0,158700000,161200000.0,31.531,3443900000.0,195500000.0,219300000.0,79800000.0,21.701,637500000.0
14,ROK,MRY,2006-12-31,2006-09-30,2006-09-30,2021-07-27,-75300000.0,4735400000.0,4733975000.0,2188000000.0,2547400000.0,0.962,10.862,74500000.0,408100000.0,408100000.0,2656400000.0,607000000.0,1.692,1.469,967200000.0,219000000.0,748200000.0,967200000.0,0.0,117400000.0,0.0,0.015,0.9,870100000.0,987500000.0,0.217,987500000.0,870100000.0,813500000.0,3.44,3.37,3.44,1918200000.0,1702650000.0,1918200000.0,10780330811.0,12.0,10.917,387800000.0,2.196,1.0,1900000000.0,0.417,819900000.0,56600000.0,3181300000.0,3075025000.0,411500000.0,0.0,0.0,0.0,2817200000.0,1293300000.0,1523900000.0,10221930811.0,-50900000.0,-39500000.0,-662400000.0,218900000.0,-159300000.0,-556100000.0,52700000.0,24100000.0,313300000.0,-1200000.0,607000000.0,607000000.0,607000000.0,-95400000.0,0.0,0.133,1141000000.0,759000000.0,395700000.0,0.262,5.329,16.84,16.89,468500000.0,0.0,58.1,2.243,2.252,743600000.0,2856200000.0,4556400000.0,4556400000.0,0.0,0.128,0.357,0.283,0.191,-20700000.0,1141000000.0,1.0,175936847.0,176600000,179900000.0,25.801,3915500000.0,160400000.0,206500000.0,126500000.0,22.172,894700000.0
15,ROK,MRY,2005-12-31,2005-09-30,2005-09-30,2021-07-27,-501500000.0,4525100000.0,4335400000.0,2186500000.0,2338600000.0,0.948,9.007,-95600000.0,463600000.0,463600000.0,2448000000.0,540000000.0,2.324,1.744,749400000.0,1200000.0,748200000.0,749400000.0,0.0,127400000.0,0.0,0.015,0.78,768000000.0,895400000.0,0.218,895400000.0,768000000.0,722200000.0,2.95,2.88,2.95,1649100000.0,1872375000.0,1649100000.0,9889885600.0,13.0,11.045,452700000.0,2.472,1.0,1663500000.0,0.405,1118900000.0,45800000.0,2751200000.0,2583850000.0,569900000.0,0.0,0.0,0.0,2876000000.0,940800000.0,1935200000.0,9606685600.0,-11600000.0,0.0,-407600000.0,-100000.0,-142700000.0,-551700000.0,-96300000.0,0.0,548300000.0,-3100000.0,540000000.0,540000000.0,540000000.0,-92300000.0,0.0,0.131,997400000.0,666100000.0,388500000.0,0.264,5.825,17.79,17.932,774500000.0,0.0,52.9,2.337,2.356,799600000.0,2493500000.0,4111500000.0,4111500000.0,0.0,0.125,0.288,0.297,0.187,72100000.0,997400000.0,1.0,181600862.0,183100000,187200000.0,22.455,3406200000.0,235700000.0,182200000.0,5400000.0,18.603,1245700000.0
16,ROK,MRY,2004-12-31,2004-09-30,2004-09-30,2021-07-27,-226800000.0,4213300000.0,4088600000.0,2026100000.0,2187200000.0,1.079,10.032,-65600000.0,473800000.0,473800000.0,2848300000.0,414900000.0,2.346,1.264,757900000.0,200000.0,757700000.0,757900000.0,0.0,186700000.0,0.0,0.017,0.66,540600000.0,727300000.0,0.165,727300000.0,540600000.0,498900000.0,2.24,2.17,2.24,1861000000.0,1714800000.0,1861000000.0,7556480752.0,14.0,10.39,531300000.0,2.864,1.0,1562800000.0,0.354,1134900000.0,41700000.0,2498900000.0,2480875000.0,574300000.0,0.0,0.0,0.0,2352300000.0,863600000.0,1488700000.0,7133580752.0,247400000.0,0.0,-179900000.0,-8400000.0,-122500000.0,-312000000.0,-65200000.0,0.0,596900000.0,1800000.0,414900000.0,414900000.0,414900000.0,-60800000.0,0.0,0.094,1058600000.0,504200000.0,362200000.0,0.295,3.833,17.193,17.277,804500000.0,0.0,38.7,1.617,1.627,719900000.0,2255700000.0,4411100000.0,4411100000.0,0.0,0.101,0.242,0.218,0.123,40200000.0,1058600000.0,1.0,184330252.0,185500000,191100000.0,23.78,3078400000.0,144800000.0,84000000.0,8300000.0,16.595,1162500000.0
17,ROK,MRY,2003-12-31,2003-09-30,2003-09-30,2021-07-27,-343800000.0,3939900000.0,3974475000.0,1692000000.0,2247900000.0,1.004,8.559,-101000000.0,226400000.0,226400000.0,2681000000.0,286400000.0,2.181,1.483,772700000.0,8700000.0,764000000.0,772700000.0,0.0,190600000.0,0.0,0.031,0.825,355100000.0,545700000.0,0.137,545700000.0,355100000.0,302600000.0,1.54,1.51,1.54,1586800000.0,1632950000.0,1586800000.0,5504023704.0,15.0,10.086,318900000.0,1.72,1.0,1311300000.0,0.328,1138000000.0,52500000.0,2572500000.0,2580625000.0,536100000.0,0.0,0.0,0.0,2353100000.0,775700000.0,1577400000.0,4851023704.0,-62800000.0,-25700000.0,-58000000.0,-153400000.0,-122400000.0,-335300000.0,-131400000.0,0.0,419900000.0,-31000000.0,286400000.0,286400000.0,286400000.0,-5000000.0,0.0,0.072,967700000.0,343600000.0,315200000.0,0.536,3.057,16.938,17.045,917100000.0,0.0,26.25,1.215,1.219,651500000.0,2143000000.0,3992300000.0,3992300000.0,0.0,0.072,0.175,0.138,0.089,20900000.0,967700000.0,1.0,184800903.0,185400000,190100000.0,21.533,2801900000.0,159700000.0,16200000.0,50300000.0,15.113,916300000.0
18,ROK,MRY,2002-12-31,2002-09-30,2002-09-30,2021-07-27,-194000000.0,4006000000.0,3972000000.0,1757000000.0,2249000000.0,0.951,8.702,-96000000.0,289000000.0,289000000.0,2589700000.0,121500000.0,1.819,1.49,929000000.0,162000000.0,767000000.0,929000000.0,0.0,197700000.0,0.0,0.041,0.66,193100000.0,390800000.0,0.104,390800000.0,193100000.0,127000000.0,0.66,0.64,0.66,1609000000.0,1572500000.0,1609000000.0,3776007537.0,20.0,9.662,365900000.0,1.979,1.0,1186000000.0,0.314,1124000000.0,66100000.0,2556000000.0,2661000000.0,557000000.0,0.0,0.0,0.0,2397000000.0,966000000.0,1431000000.0,3023007537.0,167800000.0,-71000000.0,24700000.0,0.0,-122100000.0,-97400000.0,-171000000.0,0.0,461900000.0,-400000.0,121500000.0,121500000.0,121500000.0,-5600000.0,0.0,0.032,907400000.0,278600000.0,325000000.0,1.0,1.879,24.881,24.652,988000000.0,0.0,16.27,0.801,0.797,645000000.0,2165000000.0,3775700000.0,3775700000.0,0.0,0.031,0.077,0.073,0.051,6000000.0,907400000.0,1.0,185802553.0,184900000,188800000.0,20.42,2882000000.0,157000000.0,5500000.0,184000000.0,15.587,791000000.0
19,ROK,MRY,2001-12-31,2001-09-30,2001-09-30,2021-07-27,-162000000.0,4098000000.0,4953750000.0,1721000000.0,2377000000.0,0.865,8.748,-157000000.0,121000000.0,121000000.0,3037000000.0,305000000.0,2.013,1.561,919000000.0,10000000.0,909000000.0,919000000.0,0.0,272000000.0,0.0,0.063,0.93,431000000.0,703000000.0,0.164,703000000.0,431000000.0,348000000.0,1.67,1.65,1.67,1600000000.0,2178750000.0,1600000000.0,3430975906.0,8.0,4.88,178000000.0,0.973,1.0,1248000000.0,0.291,1192000000.0,83000000.0,2849000000.0,3543000000.0,600000000.0,0.0,0.0,0.0,2498000000.0,855000000.0,1643000000.0,2694975906.0,-49000000.0,294000000.0,-19000000.0,-8000000.0,-170000000.0,-197000000.0,153000000.0,0.0,335000000.0,9000000.0,305000000.0,305000000.0,305000000.0,-180000000.0,0.0,0.071,1041000000.0,207000000.0,346000000.0,0.557,1.684,8.836,8.79,1075000000.0,0.0,14.68,0.629,0.627,704000000.0,2242000000.0,4285000000.0,4285000000.0,0.0,0.062,0.14,0.122,0.101,14000000.0,1041000000.0,1.0,183581465.0,182900000,185300000.0,23.428,2906000000.0,152000000.0,43000000.0,240000000.0,15.888,866000000.0
20,ROK,MRY,2000-12-31,2000-09-30,2000-09-30,2021-07-27,-166000000.0,5289000000.0,6132750000.0,2422000000.0,2867000000.0,0.76,14.212,-158000000.0,170000000.0,170000000.0,3107000000.0,636000000.0,2.365,0.982,940000000.0,16000000.0,924000000.0,940000000.0,0.0,270000000.0,0.0,0.034,1.02,872000000.0,1142000000.0,0.245,1142000000.0,872000000.0,799000000.0,3.38,3.35,3.38,2669000000.0,2706750000.0,2669000000.0,6319598747.0,7.0,5.534,487000000.0,2.593,1.0,1554000000.0,0.333,1255000000.0,73000000.0,3780000000.0,3938500000.0,610000000.0,0.0,0.0,0.0,2620000000.0,1024000000.0,1596000000.0,5610598747.0,-166000000.0,-70000000.0,-312000000.0,-173000000.0,-192000000.0,-677000000.0,-228000000.0,0.0,645000000.0,35000000.0,636000000.0,636000000.0,636000000.0,-292000000.0,0.0,0.136,1040000000.0,514000000.0,478000000.0,0.302,2.102,8.822,8.967,1194000000.0,0.0,30.31,1.204,1.221,737000000.0,3363000000.0,4661000000.0,4661000000.0,0.0,0.104,0.235,0.221,0.187,7000000.0,1040000000.0,1.0,185107184.0,187800000,189900000.0,24.819,4034000000.0,153000000.0,163000000.0,318000000.0,21.48,1398000000.0
21,ROK,MRY,1999-12-31,1999-09-30,1999-09-30,2021-07-27,-153000000.0,6544000000.0,6400750000.0,3419000000.0,3125000000.0,0.736,13.333,-139000000.0,356000000.0,356000000.0,3173000000.0,559000000.0,1.622,1.576,1100000000.0,189000000.0,911000000.0,1100000000.0,0.0,251000000.0,0.0,0.179,9.395,798000000.0,1049000000.0,0.223,1049000000.0,798000000.0,714000000.0,2.94,2.89,2.94,2540000000.0,2464750000.0,2540000000.0,11021089790.0,14.0,10.506,621000000.0,3.26,1.0,1540000000.0,0.327,1390000000.0,84000000.0,3790000000.0,3919500000.0,1176000000.0,0.0,0.0,0.0,4004000000.0,2108000000.0,1896000000.0,10044089790.0,253000000.0,-185000000.0,-84000000.0,35000000.0,-194000000.0,-243000000.0,-324000000.0,0.0,760000000.0,8000000.0,559000000.0,559000000.0,559000000.0,-276000000.0,0.0,0.119,1018000000.0,522000000.0,843000000.0,3.196,3.954,17.968,17.857,1581000000.0,0.0,52.5,2.131,2.122,1294000000.0,2937000000.0,4713000000.0,4713000000.0,0.0,0.087,0.227,0.204,0.169,37000000.0,1018000000.0,1.0,191315996.0,190500000,193600000.0,24.74,5154000000.0,364000000.0,155000000.0,91000000.0,27.055,1311000000.0
22,ROK,MRY,1998-12-31,1998-09-30,1998-09-30,2021-07-27,-135000000.0,7170000000.0,7662500000.0,4096000000.0,3074000000.0,0.893,16.397,-307000000.0,103000000.0,103000000.0,5205000000.0,-426000000.0,2.066,1.21,1064000000.0,156000000.0,908000000.0,1064000000.0,0.0,306000000.0,0.0,0.241,8.72,-234000000.0,72000000.0,0.011,72000000.0,-234000000.0,-292000000.0,-2.15,-2.15,-2.15,3245000000.0,3917750000.0,3245000000.0,7854749839.0,-34.0,109.094,416000000.0,2.102,1.0,1635000000.0,0.239,1330000000.0,58000000.0,4818000000.0,4806000000.0,1313000000.0,0.0,0.0,0.0,3925000000.0,1983000000.0,1942000000.0,6930749839.0,-166000000.0,-158000000.0,-905000000.0,1710000000.0,-202000000.0,-252000000.0,-465000000.0,0.0,723000000.0,0.0,-426000000.0,-426000000.0,-426000000.0,301000000.0,0.0,-0.062,1551000000.0,84000000.0,733000000.0,-4.056,2.136,-16.269,-16.86,1535000000.0,0.0,36.25,1.013,1.049,1223000000.0,3697000000.0,6840000000.0,6840000000.0,103000000.0,-0.056,-0.109,-0.049,-0.034,0.0,1448000000.0,1.0,191193099.0,197900000,197900000.0,34.563,5840000000.0,258000000.0,134000000.0,19000000.0,29.51,2113000000.0
23,ROK,MRY,1997-12-31,1997-09-30,1997-09-30,2021-07-27,-103000000.0,7642000000.0,,4294000000.0,3348000000.0,,22.502,271000000.0,269000000.0,269000000.0,4456000000.0,644000000.0,2.596,0.588,208000000.0,52000000.0,156000000.0,208000000.0,0.0,293000000.0,0.0,0.018,1.16,969000000.0,1262000000.0,0.195,1262000000.0,969000000.0,942000000.0,3.01,2.97,3.01,4811000000.0,,4811000000.0,,,,678000000.0,3.171,1.0,2020000000.0,0.312,1698000000.0,27000000.0,4229000000.0,,1303000000.0,0.0,0.0,0.0,2831000000.0,1654000000.0,1177000000.0,,-370000000.0,395000000.0,-800000000.0,-508000000.0,-248000000.0,-1302000000.0,666000000.0,0.0,407000000.0,0.0,644000000.0,644000000.0,644000000.0,-207000000.0,0.0,0.099,1258000000.0,762000000.0,651000000.0,0.385,,,20.93,1430000000.0,0.0,63.0,,2.08,1096000000.0,4409000000.0,6476000000.0,6476000000.0,0.0,,,,0.15,0.0,1235000000.0,1.0,,213800000,217100000.0,30.29,5944000000.0,220000000.0,298000000.0,97000000.0,27.802,2640000000.0
24,ROK,MRY,1996-12-31,1996-09-30,1996-09-30,2021-07-27,,,,,,,,-293000000.0,,,4158000000.0,726000000.0,,,,,,,,301000000.0,,0.021,1.16,916000000.0,1217000000.0,0.207,1217000000.0,916000000.0,894000000.0,3.34,3.28,3.34,,,,,,,346000000.0,1.59,1.0,1716000000.0,0.292,,22000000.0,,,,,,,,,,,20000000.0,-53000000.0,-6000000.0,458000000.0,-253000000.0,-30000000.0,-346000000.0,0.0,639000000.0,0.0,726000000.0,726000000.0,726000000.0,-362000000.0,0.0,0.124,1162000000.0,554000000.0,,0.347,,,16.88,,0.0,56.38,,2.089,,,5874000000.0,5874000000.0,0.0,,,,0.156,0.0,1162000000.0,1.0,,217600000,221100000.0,26.994,,,168000000.0,,,
0,ROK,MRQ,2021-06-30,2021-06-30,2021-06-30,2021-07-27,-1075000000.0,8573100000.0,,3286200000.0,5286900000.0,,19.566,-24300000.0,913800000.0,913800000.0,1083800000.0,269000000.0,1.338,2.641,2269900000.0,24600000.0,2245300000.0,2269900000.0,413200000.0,45800000.0,0.0,0.015,1.07,338200000.0,384000000.0,0.208,384000000.0,338200000.0,315800000.0,2.34,2.32,2.34,2269600000.0,,2269600000.0,34839056304.0,18.0,16.546,437200000.0,3.769,1.0,764400000.0,0.414,2428800000.0,22400000.0,5044100000.0,,734400000.0,1589400000.0,0.0,1589400000.0,5995000000.0,2456300000.0,3538700000.0,33200256304.0,271900000.0,0.0,-35900000.0,400000.0,-124200000.0,-163700000.0,-35500000.0,-8500000.0,461500000.0,9600000.0,271300000.0,271300000.0,271300000.0,0.0,-2300000.0,0.147,471800000.0,292600000.0,890200000.0,0.457,14.628,21.526,21.521,889800000.0,0.0,286.02,4.912,4.908,1431100000.0,7921900000.0,1848200000.0,1848200000.0,0.0,,,,,13500000.0,436900000.0,1.0,116076695.0,116000000,117000000.0,15.933,6144300000.0,180400000.0,44500000.0,0.0,52.968,829900000.0
1,ROK,MRQ,2021-03-31,2021-03-31,2021-03-31,2021-07-27,-1526000000.0,8317700000.0,,2969500000.0,5348200000.0,,15.652,-24900000.0,641900000.0,641900000.0,1008700000.0,410300000.0,1.388,3.406,2280700000.0,25600000.0,2255100000.0,2280700000.0,393100000.0,45900000.0,0.0,0.016,1.07,535700000.0,581600000.0,0.327,581600000.0,535700000.0,512400000.0,3.57,3.54,3.57,1817200000.0,,1817200000.0,32500804701.0,17.0,15.269,224000000.0,1.929,1.0,767400000.0,0.432,2422100000.0,23300000.0,5394600000.0,,681100000.0,1534900000.0,0.0,1534900000.0,6189000000.0,2139800000.0,4049200000.0,30832204701.0,-88500000.0,100000.0,-45300000.0,-124900000.0,-124400000.0,-301900000.0,-26600000.0,0.0,248900000.0,-8900000.0,415000000.0,415000000.0,415000000.0,0.0,-4700000.0,0.234,427300000.0,340100000.0,806200000.0,0.3,16.967,19.406,19.389,898300000.0,0.0,265.44,4.89,4.887,1458700000.0,7899300000.0,1776100000.0,1776100000.0,0.0,,,,,12900000.0,421300000.0,1.0,116155081.0,116100000,117100000.0,15.298,5895600000.0,300700000.0,97400000.0,0.0,50.78,829700000.0
2,ROK,MRQ,2020-12-31,2020-12-31,2020-12-31,2021-07-27,-1527300000.0,8171000000.0,,2932100000.0,5238900000.0,,13.416,-27000000.0,730400000.0,730400000.0,918800000.0,590400000.0,1.34,4.043,2399000000.0,150500000.0,2248500000.0,2399000000.0,383600000.0,44000000.0,0.0,0.016,1.07,726200000.0,770200000.0,0.492,770200000.0,726200000.0,703600000.0,5.11,5.06,5.11,1557600000.0,,1557600000.0,30708186770.0,19.0,17.208,319500000.0,2.752,1.0,646500000.0,0.413,2442500000.0,22600000.0,5208500000.0,,640600000.0,1345900000.0,0.0,1345900000.0,6297200000.0,2188600000.0,4108600000.0,29138786770.0,25800000.0,-283100000.0,-34600000.0,125900000.0,-124300000.0,-37200000.0,-310100000.0,0.0,346500000.0,26600000.0,593300000.0,593300000.0,593300000.0,0.0,-2900000.0,0.379,374600000.0,271900000.0,721100000.0,0.209,18.707,22.311,22.274,909100000.0,0.0,250.81,4.692,4.689,1379000000.0,7608800000.0,1565300000.0,1565300000.0,0.0,,,,,11500000.0,374600000.0,1.0,116178728.0,116100000,117100000.0,13.482,5728500000.0,351500000.0,110300000.0,0.0,49.341,743500000.0
3,ROK,MRQ,2020-09-30,2020-09-30,2020-09-30,2021-07-27,-1614200000.0,7264700000.0,,2685800000.0,4578900000.0,,8.876,-21900000.0,704600000.0,704600000.0,930700000.0,263700000.0,1.483,5.758,2274000000.0,24600000.0,2249400000.0,2274000000.0,325300000.0,45000000.0,0.0,0.018,1.02,324800000.0,369800000.0,0.236,369800000.0,324800000.0,298600000.0,2.27,2.25,2.27,1027800000.0,,1027800000.0,27329590057.0,22.0,19.348,303900000.0,2.624,1.0,639300000.0,0.407,2129600000.0,26200000.0,4893700000.0,,584000000.0,953500000.0,0.0,953500000.0,5917900000.0,1810800000.0,4107100000.0,25591590057.0,-179400000.0,-5000000.0,27000000.0,-399100000.0,-118500000.0,-490600000.0,-26900000.0,0.0,325800000.0,12300000.0,262700000.0,262700000.0,262700000.0,0.0,1000000.0,0.167,384100000.0,255200000.0,687800000.0,0.449,24.899,25.006,24.992,917300000.0,0.0,220.68,4.043,4.037,1249100000.0,7139800000.0,1570000000.0,1570000000.0,0.0,,,,,11400000.0,354400000.0,1.0,115966966.0,115800000,116900000.0,13.558,5135100000.0,415600000.0,35900000.0,0.0,44.345,875000000.0
4,ROK,MRQ,2020-06-30,2020-06-30,2020-06-30,2021-07-27,-1569900000.0,7329500000.0,,2942500000.0,4387000000.0,,6.659,-22100000.0,909800000.0,909800000.0,839800000.0,314200000.0,1.312,8.099,2647800000.0,422800000.0,2225000000.0,2647800000.0,341700000.0,43500000.0,0.0,0.019,1.02,363500000.0,407000000.0,0.292,407000000.0,363500000.0,338100000.0,2.74,2.73,2.74,770500000.0,,770500000.0,26333903480.0,26.0,22.583,324100000.0,2.801,1.0,554200000.0,0.398,2121700000.0,25400000.0,4703700000.0,,674800000.0,900100000.0,0.0,900100000.0,6240400000.0,2242100000.0,3998300000.0,24670503480.0,268000000.0,-286600000.0,3200000.0,340500000.0,-118000000.0,225700000.0,-317500000.0,-7500000.0,346200000.0,13600000.0,317800000.0,317800000.0,317800000.0,0.0,-3600000.0,0.228,369800000.0,184400000.0,667000000.0,0.372,32.019,32.09,31.934,884800000.0,0.0,213.0,3.801,3.797,1202100000.0,6877200000.0,1394000000.0,1394000000.0,0.0,,,,,12300000.0,370200000.0,1.0,115823960.0,115700000,116400000.0,12.048,5207800000.0,353300000.0,20300000.0,0.0,45.011,700400000.0
5,ROK,MRQ,2020-03-31,2020-03-31,2020-03-31,2021-07-27,-1625800000.0,6665900000.0,,2758200000.0,3907700000.0,,5.352,-18200000.0,641800000.0,641800000.0,982500000.0,129900000.0,1.565,9.227,2305200000.0,81500000.0,2223700000.0,2305200000.0,326200000.0,42300000.0,0.0,0.026,1.02,195200000.0,237500000.0,0.141,237500000.0,195200000.0,169700000.0,1.14,1.13,1.14,620800000.0,,620800000.0,19142374622.0,19.0,16.73,199200000.0,1.717,1.0,698800000.0,0.416,1795300000.0,25500000.0,4772000000.0,,629000000.0,716300000.0,0.0,716300000.0,5728000000.0,1762000000.0,3966000000.0,17533274622.0,-284400000.0,-20800000.0,-78800000.0,-242000000.0,-118400000.0,-438400000.0,-40600000.0,-1600000.0,217400000.0,-22800000.0,132200000.0,132200000.0,132200000.0,0.0,-2300000.0,0.079,361100000.0,337700000.0,742500000.0,0.895,28.243,24.612,24.538,879300000.0,0.0,150.91,2.593,2.589,1301100000.0,6795800000.0,1681300000.0,1681300000.0,0.0,,,,,10900000.0,352000000.0,1.0,116183650.0,116000000,116600000.0,14.494,4870600000.0,369300000.0,37500000.0,0.0,41.988,996200000.0
6,ROK,MRQ,2019-12-31,2019-12-31,2019-12-31,2021-07-27,-1584300000.0,7107900000.0,,3007500000.0,4100400000.0,,6.197,-36800000.0,926200000.0,926200000.0,981600000.0,315400000.0,1.455,8.468,2535300000.0,324500000.0,2210800000.0,2535300000.0,319200000.0,41900000.0,0.0,0.019,1.02,356300000.0,398200000.0,0.236,398200000.0,356300000.0,329900000.0,2.68,2.66,2.68,717000000.0,,717000000.0,24656398735.0,20.0,17.969,194300000.0,1.679,1.0,702900000.0,0.417,1837600000.0,26400000.0,4811900000.0,,625300000.0,860700000.0,0.0,860700000.0,6071400000.0,2067500000.0,4003900000.0,23417898735.0,-92200000.0,-238500000.0,-1200000.0,23500000.0,-117900000.0,-95600000.0,-233000000.0,42300000.0,231100000.0,5300000.0,310700000.0,310700000.0,310700000.0,0.0,4700000.0,0.184,403200000.0,299700000.0,708300000.0,0.381,32.661,25.284,25.59,905100000.0,0.0,202.67,3.476,3.481,1298100000.0,6782000000.0,1684500000.0,1684500000.0,0.0,,,,,11500000.0,403200000.0,1.0,115546942.0,115700000,116600000.0,14.559,5270300000.0,368500000.0,19200000.0,0.0,45.551,940000000.0
7,ROK,MRQ,2019-09-30,2019-09-30,2019-09-30,2021-07-27,-1488000000.0,6113000000.0,,2985700000.0,3127300000.0,,3.478,-22900000.0,1018400000.0,1018400000.0,1007300000.0,8100000.0,1.542,14.124,2256900000.0,300500000.0,1956400000.0,2256900000.0,275600000.0,40000000.0,0.0,0.024,0.97,83400000.0,123400000.0,0.071,123400000.0,83400000.0,56400000.0,0.11,0.1,0.11,404200000.0,,404200000.0,20734559072.0,21.0,18.008,452100000.0,3.891,1.0,722900000.0,0.418,1265200000.0,27000000.0,4149500000.0,,575700000.0,793900000.0,0.0,793900000.0,5708800000.0,1936800000.0,3772000000.0,19282859072.0,229600000.0,0.0,-210700000.0,-600000.0,-112900000.0,-325300000.0,95700000.0,118600000.0,475000000.0,-15800000.0,8100000.0,8100000.0,8100000.0,0.0,0.0,0.005,399000000.0,323900000.0,694600000.0,8.818,47.706,27.713,28.027,571900000.0,0.0,164.8,2.88,2.912,1178700000.0,6440200000.0,1730200000.0,1730200000.0,0.0,,,,,10600000.0,405100000.0,1.0,117007640.0,116200000,117200000.0,14.89,4847800000.0,364100000.0,48300000.0,0.0,41.719,1048900000.0
8,ROK,MRQ,2019-06-30,2019-06-30,2019-06-30,2021-07-27,-930200000.0,6158800000.0,,2945800000.0,3213000000.0,,9.834,-27800000.0,788800000.0,788800000.0,934800000.0,261400000.0,1.509,4.325,2240500000.0,299400000.0,1941100000.0,2240500000.0,293700000.0,36900000.0,0.0,0.023,0.97,348200000.0,385100000.0,0.231,385100000.0,348200000.0,321400000.0,2.22,2.2,2.22,1156500000.0,,1156500000.0,20842352849.0,15.0,13.287,323400000.0,2.75,1.0,730300000.0,0.439,1282200000.0,26800000.0,4375800000.0,,656300000.0,1182500000.0,124600000.0,1057900000.0,5002300000.0,1952500000.0,3049800000.0,19391252849.0,8800000.0,0.0,-239500000.0,-700000.0,-114400000.0,-354600000.0,11200000.0,39000000.0,351200000.0,1000000.0,261400000.0,261400000.0,261400000.0,0.0,0.0,0.157,361700000.0,368600000.0,629900000.0,0.437,16.767,18.761,19.117,556500000.0,0.0,163.83,2.897,2.878,1222600000.0,6431600000.0,1665100000.0,1665100000.0,0.0,,,,,10700000.0,361700000.0,1.0,118362039.0,117600000,118600000.0,14.159,4876600000.0,198100000.0,60000000.0,0.0,41.468,993300000.0
9,ROK,MRQ,2019-03-31,2019-03-31,2019-03-31,2021-07-27,-940300000.0,6254200000.0,,2976800000.0,3277400000.0,,11.239,-35700000.0,780000000.0,780000000.0,949000000.0,346000000.0,1.59,3.68,2231100000.0,298700000.0,1932400000.0,2231100000.0,308900000.0,39400000.0,0.0,0.022,0.97,426100000.0,465500000.0,0.281,465500000.0,426100000.0,402400000.0,2.91,2.88,2.91,1336300000.0,,1336300000.0,22209584274.0,17.0,14.868,108100000.0,0.909,1.0,708200000.0,0.427,1294100000.0,23700000.0,4539300000.0,,665400000.0,1234100000.0,122200000.0,1111900000.0,4917900000.0,1871900000.0,3046000000.0,20975184274.0,147700000.0,-20700000.0,-220300000.0,357600000.0,-115600000.0,21700000.0,-22800000.0,33600000.0,143800000.0,5000000.0,346000000.0,346000000.0,346000000.0,0.0,0.0,0.209,385000000.0,323200000.0,660900000.0,0.333,15.696,21.606,22.07,557800000.0,0.0,175.46,3.118,3.101,1244400000.0,6398000000.0,1657200000.0,1657200000.0,0.0,,,,,10800000.0,385000000.0,1.0,119543966.0,118900000,120000000.0,13.938,4960100000.0,200000000.0,56400000.0,0.0,41.717,1104900000.0
10,ROK,MRQ,2018-12-31,2018-12-31,2018-12-31,2021-07-27,-976900000.0,5935400000.0,,2737900000.0,3197500000.0,,10.593,-41900000.0,632300000.0,632300000.0,903600000.0,80300000.0,1.209,3.658,1866700000.0,631300000.0,1235400000.0,1866700000.0,293000000.0,35900000.0,0.0,0.024,0.97,141500000.0,177400000.0,0.108,177400000.0,141500000.0,120800000.0,0.67,0.66,0.67,1274300000.0,,1274300000.0,19317940208.0,16.0,13.914,170100000.0,1.414,1.0,738700000.0,0.45,1272300000.0,20700000.0,3632000000.0,,627200000.0,1181200000.0,121200000.0,1060000000.0,4661100000.0,2265500000.0,2395600000.0,18160540208.0,13500000.0,0.0,-291100000.0,80300000.0,-116900000.0,-327700000.0,140900000.0,182800000.0,212000000.0,-11700000.0,80300000.0,80300000.0,80300000.0,0.0,0.0,0.049,386700000.0,352000000.0,648200000.0,1.448,14.251,21.31,22.032,559700000.0,0.0,150.48,2.702,2.693,1188700000.0,6167600000.0,1642300000.0,1642300000.0,0.0,,,,,11000000.0,386700000.0,1.0,120684079.0,120300000,121500000.0,13.652,4663100000.0,196400000.0,40500000.0,0.0,38.762,472400000.0
11,ROK,MRQ,2018-09-30,2018-09-30,2018-09-30,2021-07-27,-941900000.0,6262000000.0,,2830700000.0,3431300000.0,,13.247,-46900000.0,618800000.0,618800000.0,993400000.0,345900000.0,1.265,2.871,1776200000.0,551000000.0,1225200000.0,1776200000.0,249900000.0,39700000.0,0.0,0.019,0.92,500900000.0,540600000.0,0.313,540600000.0,500900000.0,481700000.0,2.77,2.73,2.77,1617500000.0,,1617500000.0,23383673235.0,17.0,14.909,315900000.0,2.587,1.0,736100000.0,0.426,1290700000.0,19200000.0,3891800000.0,,581600000.0,1578900000.0,290900000.0,1288000000.0,4644500000.0,2236900000.0,2407600000.0,23095873235.0,-321300000.0,0.0,-386200000.0,550300000.0,-112500000.0,51600000.0,-732300000.0,-685400000.0,362800000.0,-3400000.0,345900000.0,345900000.0,345900000.0,0.0,0.0,0.2,398300000.0,337800000.0,713400000.0,0.332,14.279,43.13,43.916,576800000.0,0.0,187.52,3.465,3.528,1190100000.0,6198100000.0,1729500000.0,1729500000.0,0.0,,,,,9900000.0,415100000.0,1.0,123164853.0,122100000,123300000.0,14.165,4971300000.0,179600000.0,135800000.0,0.0,40.715,593800000.0
12,ROK,MRQ,2018-06-30,2018-06-30,2018-06-30,2021-07-27,-1140500000.0,5837600000.0,,3375800000.0,2461800000.0,,11.609,-22300000.0,940100000.0,940100000.0,954000000.0,198600000.0,1.925,3.042,1227900000.0,800000.0,1227100000.0,1227900000.0,261600000.0,42100000.0,0.0,0.02,0.92,268200000.0,310300000.0,0.183,310300000.0,268200000.0,251700000.0,1.6,1.58,1.6,1444200000.0,,1444200000.0,20979630557.0,18.0,15.362,320800000.0,2.579,1.0,744700000.0,0.438,1301000000.0,16500000.0,3070800000.0,,570300000.0,548600000.0,548600000.0,0.0,4393400000.0,1753600000.0,2639800000.0,20875230557.0,-493800000.0,0.0,-414500000.0,-307800000.0,-114800000.0,-837100000.0,58600000.0,80900000.0,343100000.0,-58400000.0,198600000.0,198600000.0,198600000.0,0.0,0.0,0.117,399600000.0,345100000.0,641800000.0,0.575,14.455,52.956,52.939,537300000.0,0.0,166.23,3.161,3.131,1149300000.0,5851500000.0,1698700000.0,1698700000.0,0.0,,,,,9800000.0,399600000.0,1.0,125580404.0,124400000,125800000.0,13.655,4536600000.0,296700000.0,53100000.0,0.0,36.468,1622200000.0
13,ROK,MRQ,2018-03-31,2018-03-31,2018-03-31,2021-07-27,-1081500000.0,6513600000.0,,3940900000.0,2572700000.0,,15.344,-21900000.0,1433900000.0,1433900000.0,947300000.0,227400000.0,2.099,2.345,1538300000.0,308500000.0,1229800000.0,1538300000.0,286400000.0,43200000.0,0.0,0.018,0.835,316900000.0,360100000.0,0.218,360100000.0,316900000.0,299600000.0,1.79,1.77,1.79,1947200000.0,,1947200000.0,22792413902.0,19.0,16.356,359500000.0,2.833,1.0,703900000.0,0.426,1335200000.0,17300000.0,3405000000.0,,570400000.0,613400000.0,613400000.0,0.0,4566400000.0,1877800000.0,2688600000.0,22260113902.0,-113100000.0,0.0,-439100000.0,-531500000.0,-106200000.0,-1076800000.0,536300000.0,558200000.0,381400000.0,46000000.0,227400000.0,227400000.0,227400000.0,0.0,0.0,0.138,386600000.0,317300000.0,630000000.0,0.466,11.432,53.964,53.932,557200000.0,0.0,174.2,3.422,3.399,1163100000.0,5880900000.0,1651200000.0,1651200000.0,0.0,,,,,10200000.0,386600000.0,1.0,127784810.0,126900000,128500000.0,13.012,5178400000.0,332500000.0,72200000.0,0.0,40.807,2063100000.0
14,ROK,MRQ,2017-12-31,2017-12-31,2017-12-31,2021-07-27,-1175700000.0,7158700000.0,,4533900000.0,2624800000.0,,16.819,-33900000.0,1547000000.0,1547000000.0,886400000.0,-236400000.0,1.983,2.32,2079300000.0,840000000.0,1239300000.0,2079300000.0,267500000.0,39600000.0,0.0,0.016,0.835,317800000.0,357400000.0,0.225,357400000.0,317800000.0,297800000.0,-1.84,-1.84,-1.84,2156200000.0,,2156200000.0,25664447360.0,22.0,19.396,178800000.0,1.395,1.0,700200000.0,0.441,1316300000.0,20000000.0,4088100000.0,,570800000.0,1100500000.0,1100500000.0,0.0,5002500000.0,2286600000.0,2715900000.0,25231547360.0,136100000.0,-9900000.0,-160700000.0,239600000.0,-107300000.0,-26600000.0,-33000000.0,10800000.0,212700000.0,-17000000.0,-236400000.0,-236400000.0,-236400000.0,0.0,0.0,-0.149,382400000.0,317800000.0,582200000.0,-0.454,11.702,67.356,67.474,565800000.0,0.0,196.35,3.938,3.928,1149900000.0,5759700000.0,1586600000.0,1586600000.0,0.0,,,,,8600000.0,386600000.0,1.0,128502915.0,128200000,128200000.0,12.376,5842400000.0,334800000.0,534200000.0,0.0,45.573,2247300000.0
15,ROK,MRQ,2017-09-30,2017-09-30,2017-09-30,2021-07-27,-1179200000.0,7161700000.0,,4420700000.0,2741000000.0,,20.793,-43900000.0,1410900000.0,1410900000.0,976100000.0,204600000.0,2.06,1.689,1843800000.0,600400000.0,1243400000.0,1843800000.0,240600000.0,44900000.0,0.0,0.017,0.76,293000000.0,337900000.0,0.203,337900000.0,293000000.0,273500000.0,1.59,1.58,1.59,2663600000.0,,2663600000.0,23167690893.0,21.0,18.064,63000000.0,0.492,1.0,691400000.0,0.415,1315700000.0,19500000.0,4133100000.0,,558700000.0,1450300000.0,1124600000.0,325700000.0,4498100000.0,2145800000.0,2352300000.0,22874890893.0,-138500000.0,94000000.0,-16400000.0,2000000.0,-97500000.0,-111900000.0,-153000000.0,-203100000.0,106900000.0,19500000.0,204600000.0,204600000.0,204600000.0,0.0,0.0,0.123,391600000.0,299800000.0,623200000.0,0.478,8.588,27.704,27.759,583900000.0,0.0,178.21,3.624,3.626,1135500000.0,6103400000.0,1667500000.0,1667500000.0,0.0,,,,,9100000.0,391600000.0,1.0,128359188.0,128100000,129600000.0,13.017,5846000000.0,443600000.0,68900000.0,0.0,45.636,2274900000.0
16,ROK,MRQ,2017-06-30,2017-06-30,2017-06-30,2021-07-27,-1463700000.0,7215500000.0,,4456500000.0,2759000000.0,,16.963,-29700000.0,1549400000.0,1549400000.0,921500000.0,216900000.0,2.029,2.313,1842200000.0,598400000.0,1243800000.0,1842200000.0,245400000.0,43000000.0,0.0,0.019,0.76,295100000.0,338100000.0,0.211,338100000.0,295100000.0,276000000.0,1.69,1.67,1.69,2178000000.0,,2178000000.0,21288782032.0,20.0,17.131,285600000.0,2.224,1.0,677700000.0,0.424,1301600000.0,19100000.0,4010500000.0,,585500000.0,1065200000.0,1065200000.0,0.0,5037500000.0,2196200000.0,2841300000.0,20866182032.0,108600000.0,0.0,-96200000.0,-25100000.0,-97700000.0,-219000000.0,-2200000.0,27500000.0,315300000.0,14500000.0,216900000.0,216900000.0,216900000.0,0.0,0.0,0.136,386800000.0,290900000.0,610100000.0,0.45,9.58,25.879,25.831,568800000.0,0.0,161.96,3.375,3.364,1111900000.0,5898700000.0,1599200000.0,1599200000.0,0.0,,,,,9200000.0,386800000.0,1.0,128835404.0,128400000,129900000.0,12.455,5913900000.0,640500000.0,59100000.0,0.0,46.058,2260300000.0
17,ROK,MRQ,2017-03-31,2017-03-31,2017-03-31,2021-07-27,-1508000000.0,7065000000.0,,4317400000.0,2747600000.0,,17.077,-27900000.0,1440800000.0,1440800000.0,897800000.0,189500000.0,2.132,2.215,1863400000.0,623400000.0,1240000000.0,1863400000.0,247100000.0,40600000.0,0.0,0.019,0.76,249200000.0,289800000.0,0.186,289800000.0,249200000.0,230300000.0,1.47,1.45,1.47,2197800000.0,,2197800000.0,20329176104.0,19.0,16.693,273100000.0,2.122,1.0,656500000.0,0.422,1302500000.0,18900000.0,4159700000.0,,543200000.0,1092700000.0,1092700000.0,0.0,4867200000.0,2025400000.0,2841800000.0,20024276104.0,-153800000.0,0.0,-33700000.0,-35100000.0,-98000000.0,-166800000.0,-323900000.0,-296000000.0,301000000.0,35900000.0,189500000.0,189500000.0,189500000.0,0.0,0.0,0.122,409200000.0,247300000.0,564600000.0,0.517,9.111,25.659,25.737,567200000.0,0.0,155.71,3.306,3.308,1082600000.0,5877100000.0,1554300000.0,1554300000.0,0.0,,,,,9500000.0,409200000.0,1.0,128599808.0,128700000,130300000.0,12.077,5762500000.0,634000000.0,40800000.0,0.0,44.775,2292000000.0
18,ROK,MRQ,2016-12-31,2016-12-31,2016-12-31,2021-07-27,-1588900000.0,7094300000.0,,4487200000.0,2607100000.0,,15.976,-39100000.0,1594600000.0,1594600000.0,848000000.0,214700000.0,2.036,2.461,1899500000.0,658600000.0,1240900000.0,1899500000.0,226400000.0,40400000.0,0.0,0.022,0.76,276300000.0,316700000.0,0.213,316700000.0,276300000.0,257600000.0,1.67,1.65,1.67,2049700000.0,,2049700000.0,17672498835.0,17.0,14.633,271700000.0,2.118,1.0,642300000.0,0.431,1298400000.0,18700000.0,3896900000.0,,541700000.0,888000000.0,888000000.0,0.0,5044600000.0,2203900000.0,2840700000.0,17233998835.0,68200000.0,-1100000.0,-14400000.0,-40000000.0,-97500000.0,-151900000.0,-37600000.0,2600000.0,310800000.0,-53100000.0,214700000.0,214700000.0,214700000.0,0.0,0.0,0.144,370000000.0,272300000.0,506800000.0,0.455,8.408,22.709,22.896,562600000.0,0.0,134.4,2.9,2.901,1036500000.0,5785600000.0,1490300000.0,1490300000.0,0.0,,,,,10700000.0,370000000.0,1.0,128229158.0,128300000,129700000.0,11.616,5795900000.0,617300000.0,42900000.0,0.0,45.175,2283300000.0
19,ROK,MRQ,2016-09-30,2016-09-30,2016-09-30,2021-07-27,-1538800000.0,7101200000.0,,4185000000.0,2916200000.0,,15.463,-37500000.0,1526400000.0,1526400000.0,886700000.0,185200000.0,2.118,2.568,1964900000.0,448600000.0,1516300000.0,1964900000.0,214500000.0,43000000.0,0.0,0.024,0.725,255100000.0,298100000.0,0.194,298100000.0,255100000.0,236900000.0,1.44,1.43,1.44,1990100000.0,,1990100000.0,16197304931.0,16.0,13.65,234500000.0,1.822,1.0,651900000.0,0.424,1329200000.0,18200000.0,4234600000.0,,526600000.0,902800000.0,902800000.0,0.0,5111100000.0,1975900000.0,3135200000.0,15830804931.0,17100000.0,-117900000.0,-125300000.0,94600000.0,-93500000.0,-123300000.0,-134500000.0,20900000.0,272000000.0,2900000.0,185200000.0,185200000.0,185200000.0,0.0,0.0,0.12,402100000.0,249800000.0,543100000.0,0.503,7.955,21.695,21.846,578300000.0,0.0,122.34,2.693,2.709,1079000000.0,5668400000.0,1538600000.0,1538600000.0,0.0,,,,,9200000.0,402100000.0,1.0,129400073.0,128700000,129600000.0,11.955,5772000000.0,633900000.0,51700000.0,0.0,44.848,2209100000.0
20,ROK,MRQ,2016-06-30,2016-06-30,2016-06-30,2021-07-27,-1328300000.0,6855700000.0,,4153900000.0,2701800000.0,,16.343,-26600000.0,1509300000.0,1509300000.0,857200000.0,191000000.0,2.444,2.232,1875800000.0,354000000.0,1521800000.0,1875800000.0,214700000.0,42800000.0,0.0,0.025,0.725,270400000.0,313200000.0,0.212,313200000.0,270400000.0,252300000.0,1.47,1.46,1.47,2121300000.0,,2121300000.0,15351359892.0,15.0,12.525,249400000.0,1.921,1.0,616800000.0,0.418,1229500000.0,18100000.0,4293400000.0,,556300000.0,923400000.0,923400000.0,0.0,4734400000.0,1699300000.0,3035100000.0,14956859892.0,113000000.0,-100000.0,-101500000.0,76400000.0,-94300000.0,-118200000.0,-39000000.0,-12300000.0,276000000.0,-5800000.0,191000000.0,191000000.0,191000000.0,0.0,0.0,0.13,346700000.0,270100000.0,532600000.0,0.493,7.051,20.055,20.215,567000000.0,0.0,114.82,2.514,2.505,1022500000.0,5482800000.0,1474000000.0,1474000000.0,0.0,,,,,8600000.0,346700000.0,1.0,130263542.0,129800000,130800000.0,11.356,5626200000.0,512700000.0,61300000.0,0.0,43.345,2454600000.0
21,ROK,MRQ,2016-03-31,2016-03-31,2016-03-31,2021-07-27,-1325700000.0,6539600000.0,,4063000000.0,2476600000.0,,16.978,-12400000.0,1396300000.0,1396300000.0,846200000.0,168000000.0,2.7,1.952,1790800000.0,277600000.0,1513200000.0,1790800000.0,226800000.0,45100000.0,0.0,0.024,0.725,234600000.0,279700000.0,0.194,279700000.0,234600000.0,217000000.0,1.29,1.28,1.29,2215600000.0,,2215600000.0,15154074895.0,14.0,12.078,202100000.0,1.549,1.0,594100000.0,0.412,1241500000.0,17600000.0,4187700000.0,,569700000.0,913600000.0,913600000.0,0.0,4324000000.0,1504900000.0,2819100000.0,14949374895.0,-52900000.0,-21100000.0,-121200000.0,116600000.0,-94800000.0,-98900000.0,-175200000.0,-141700000.0,214500000.0,6700000.0,168000000.0,168000000.0,168000000.0,0.0,0.0,0.117,358700000.0,235400000.0,500300000.0,0.562,6.747,19.647,19.817,571600000.0,0.0,113.75,2.471,2.454,1028000000.0,5480100000.0,1440300000.0,1440300000.0,0.0,,,,,9300000.0,358700000.0,1.0,131423076.0,130500000,131300000.0,11.037,5298100000.0,509600000.0,49000000.0,0.0,40.598,2558100000.0
22,ROK,MRQ,2015-12-31,2015-12-31,2015-12-31,2021-07-27,-1339000000.0,6419700000.0,,3957200000.0,2462500000.0,,16.969,-40000000.0,1449200000.0,1449200000.0,813900000.0,185500000.0,2.86,1.87,1653900000.0,161000000.0,1492900000.0,1653900000.0,217100000.0,41300000.0,0.0,0.026,0.725,254300000.0,295600000.0,0.207,295600000.0,254300000.0,236900000.0,1.41,1.4,1.41,2236500000.0,,2236500000.0,13619694140.0,12.0,10.426,144800000.0,1.099,1.0,612700000.0,0.429,1240900000.0,17400000.0,4000100000.0,,562200000.0,770600000.0,770600000.0,0.0,4183200000.0,1383400000.0,2799800000.0,13546094140.0,21900000.0,0.0,-123400000.0,161000000.0,-95600000.0,-57300000.0,-91300000.0,-51300000.0,184800000.0,-14300000.0,185500000.0,185500000.0,185500000.0,0.0,0.0,0.13,359900000.0,252800000.0,469600000.0,0.514,6.057,16.956,17.159,586300000.0,0.0,102.61,2.199,2.195,1015800000.0,5406700000.0,1426600000.0,1426600000.0,0.0,,,,,10100000.0,359900000.0,1.0,132015341.0,131800000,132600000.0,10.824,5178800000.0,496100000.0,51400000.0,0.0,39.293,2573800000.0
23,ROK,MRQ,2015-09-30,2015-09-30,2015-09-30,2021-07-27,-1334600000.0,6404700000.0,,3896800000.0,2507900000.0,,16.93,-39600000.0,1427300000.0,1427300000.0,943300000.0,201300000.0,2.935,1.838,1500900000.0,0.0,1500900000.0,1500900000.0,200800000.0,41600000.0,0.0,0.026,0.65,295600000.0,337200000.0,0.21,337200000.0,295600000.0,278900000.0,1.51,1.49,1.51,2256800000.0,,2256800000.0,13532695841.0,11.0,9.997,308400000.0,2.314,1.0,664200000.0,0.413,1258300000.0,16700000.0,3892300000.0,,535600000.0,721900000.0,721900000.0,0.0,4147900000.0,1327700000.0,2820200000.0,13607695841.0,-139900000.0,0.0,-188800000.0,0.0,-86800000.0,-275400000.0,-175500000.0,-135900000.0,348000000.0,-37000000.0,201300000.0,201300000.0,201300000.0,0.0,0.0,0.125,360700000.0,303500000.0,521700000.0,0.43,6.03,16.442,16.499,605600000.0,0.0,101.47,2.157,2.164,1041000000.0,5316900000.0,1607500000.0,1607500000.0,0.0,,,,,9900000.0,360700000.0,1.0,134105606.0,133300000,134500000.0,12.059,5146400000.0,494800000.0,77600000.0,0.0,38.608,2569100000.0
24,ROK,MRQ,2015-06-30,2015-06-30,2015-06-30,2021-07-27,-1015400000.0,6406500000.0,,4174900000.0,2231600000.0,,19.032,-23400000.0,1567200000.0,1567200000.0,897000000.0,206100000.0,2.948,1.506,1492200000.0,0.0,1492200000.0,1492200000.0,212000000.0,41200000.0,0.0,0.02,0.65,301000000.0,342200000.0,0.217,342200000.0,301000000.0,284600000.0,1.53,1.52,1.53,2556000000.0,,2556000000.0,16875916284.0,14.0,11.981,262900000.0,1.958,1.0,678200000.0,0.431,1284500000.0,16400000.0,3631000000.0,,599400000.0,590600000.0,590600000.0,0.0,3850500000.0,1416000000.0,2434500000.0,16773416284.0,164300000.0,0.0,-79000000.0,0.0,-87400000.0,-160800000.0,21800000.0,45200000.0,286300000.0,17000000.0,206100000.0,206100000.0,206100000.0,0.0,0.0,0.131,376400000.0,301800000.0,547100000.0,0.425,6.562,19.17,19.324,590700000.0,0.0,124.64,2.588,2.582,1084300000.0,5115300000.0,1575200000.0,1575200000.0,0.0,,,,,4600000.0,376400000.0,1.0,134574906.0,134300000,135500000.0,11.729,5122000000.0,345400000.0,78500000.0,0.0,38.138,2758900000.0
25,ROK,MRQ,2015-03-31,2015-03-31,2015-03-31,2021-07-27,-1040700000.0,6280200000.0,,4046000000.0,2234200000.0,,19.025,-17900000.0,1402900000.0,1402900000.0,877600000.0,206000000.0,3.163,1.447,1505400000.0,0.0,1505400000.0,1505400000.0,209800000.0,39100000.0,0.0,0.021,0.65,292200000.0,331300000.0,0.214,331300000.0,292200000.0,276500000.0,1.53,1.51,1.53,2566500000.0,,2566500000.0,15831855707.0,13.0,11.35,267300000.0,1.981,1.0,673200000.0,0.434,1275500000.0,15700000.0,3827900000.0,,595600000.0,634700000.0,634700000.0,0.0,3713700000.0,1279300000.0,2434400000.0,15710155707.0,111000000.0,0.0,-106600000.0,86300000.0,-87800000.0,-107500000.0,-36200000.0,-18300000.0,285200000.0,-30500000.0,206000000.0,206000000.0,206000000.0,0.0,0.0,0.133,382400000.0,290800000.0,515400000.0,0.425,6.121,18.087,18.237,598000000.0,0.0,115.99,2.396,2.386,1060300000.0,5083800000.0,1550800000.0,1550800000.0,0.0,,,,,8200000.0,382400000.0,1.0,135444053.0,134900000,136000000.0,11.496,5004700000.0,344300000.0,70500000.0,0.0,37.099,2766700000.0
26,ROK,MRQ,2014-12-31,2014-12-31,2014-12-31,2021-07-27,-1015900000.0,6202000000.0,,3932500000.0,2269500000.0,,18.946,-39900000.0,1291900000.0,1291900000.0,886900000.0,214200000.0,2.221,1.414,1413600000.0,508000000.0,905600000.0,1413600000.0,198800000.0,40600000.0,0.0,0.021,0.65,302400000.0,343000000.0,0.218,343000000.0,302400000.0,287500000.0,1.58,1.56,1.58,2569100000.0,,2569100000.0,15137052881.0,13.0,11.086,228300000.0,1.684,1.0,687500000.0,0.437,1297000000.0,14900000.0,3255900000.0,,593500000.0,620800000.0,620800000.0,0.0,3632900000.0,1770800000.0,1862100000.0,15097752881.0,100600000.0,-21200000.0,-163700000.0,183000000.0,-88100000.0,-64400000.0,-57000000.0,4100000.0,268200000.0,-46200000.0,214200000.0,214200000.0,214200000.0,0.0,0.0,0.136,386900000.0,300600000.0,479600000.0,0.411,5.877,17.912,18.14,612400000.0,0.0,111.2,2.285,2.283,1106700000.0,4965700000.0,1574400000.0,1574400000.0,0.0,,,,,6400000.0,386900000.0,1.0,135771159.0,135600000,136900000.0,11.611,4905000000.0,356600000.0,73300000.0,0.0,36.173,2161700000.0
27,ROK,MRQ,2014-09-30,2014-09-30,2014-09-30,2021-07-27,-948000000.0,6224300000.0,,3934200000.0,2290100000.0,,19.388,-44500000.0,1191300000.0,1191300000.0,1028900000.0,248700000.0,2.325,1.342,1225400000.0,325000000.0,900400000.0,1225400000.0,196500000.0,38100000.0,0.0,0.021,0.58,354000000.0,392100000.0,0.22,392100000.0,354000000.0,339000000.0,1.81,1.79,1.81,2658100000.0,,2658100000.0,15159617774.0,13.0,11.263,281400000.0,2.053,1.0,752900000.0,0.423,1296800000.0,15000000.0,3269500000.0,,588400000.0,628500000.0,628500000.0,0.0,3566200000.0,1692100000.0,1874100000.0,15149417774.0,16200000.0,0.0,-136700000.0,45100000.0,-79600000.0,-170400000.0,-100700000.0,-56200000.0,325900000.0,-38600000.0,248700000.0,248700000.0,248700000.0,0.0,0.0,0.14,397800000.0,355100000.0,520600000.0,0.32,5.699,18.323,18.375,632900000.0,0.0,109.88,2.287,2.289,1215800000.0,4839600000.0,1781800000.0,1781800000.0,0.0,,,,,9600000.0,397800000.0,1.0,137872386.0,137100000,138800000.0,12.996,4927500000.0,369200000.0,90300000.0,0.0,35.941,2242100000.0
28,ROK,MRQ,2014-06-30,2014-06-30,2014-06-30,2021-07-27,-760600000.0,6145100000.0,,3907700000.0,2237400000.0,,19.724,-38000000.0,1175100000.0,1175100000.0,968000000.0,199700000.0,2.282,1.258,1185300000.0,279900000.0,905400000.0,1185300000.0,235000000.0,40100000.0,0.0,0.018,0.58,288400000.0,328500000.0,0.199,328500000.0,288400000.0,274000000.0,1.44,1.43,1.44,2721900000.0,,2721900000.0,17335999858.0,15.0,13.501,263100000.0,1.907,1.0,681500000.0,0.413,1318100000.0,14400000.0,3124500000.0,,655400000.0,574400000.0,574400000.0,0.0,3423200000.0,1712700000.0,1710500000.0,17327899858.0,-64700000.0,0.0,-106600000.0,-62600000.0,-80000000.0,-238700000.0,-126700000.0,-88700000.0,301100000.0,-400000.0,199700000.0,199700000.0,199700000.0,0.0,0.0,0.121,394400000.0,287100000.0,564100000.0,0.403,6.366,21.84,21.881,610400000.0,0.0,125.16,2.642,2.634,1177800000.0,4590500000.0,1649500000.0,1649500000.0,0.0,,,,,-300000.0,394400000.0,1.0,138445988.0,138000000,139600000.0,11.953,4827000000.0,300000000.0,74300000.0,0.0,34.978,2195000000.0
29,ROK,MRQ,2014-03-31,2014-03-31,2014-03-31,2021-07-27,-775600000.0,6158100000.0,,3929400000.0,2228700000.0,,19.857,-22700000.0,1239800000.0,1239800000.0,944700000.0,180300000.0,2.316,1.239,1247900000.0,342500000.0,905400000.0,1247900000.0,248100000.0,38400000.0,0.0,0.018,0.58,263400000.0,301800000.0,0.189,301800000.0,263400000.0,248400000.0,1.3,1.28,1.3,2750200000.0,,2750200000.0,17195311040.0,15.0,13.582,180100000.0,1.3,1.0,655800000.0,0.41,1312300000.0,15000000.0,3157200000.0,,667500000.0,485800000.0,485800000.0,0.0,3407900000.0,1696700000.0,1711200000.0,17285211040.0,-6200000.0,-13400000.0,-72000000.0,91500000.0,-80400000.0,-53000000.0,-157100000.0,-121000000.0,202800000.0,1100000.0,180300000.0,180300000.0,180300000.0,0.0,0.0,0.113,392500000.0,263300000.0,552400000.0,0.446,6.285,21.677,21.699,610300000.0,0.0,124.55,2.646,2.641,1204400000.0,4550900000.0,1600500000.0,1600500000.0,0.0,,,,,2600000.0,392500000.0,1.0,138781301.0,138500000,140200000.0,11.556,4845800000.0,301100000.0,68100000.0,0.0,34.988,2232700000.0
30,ROK,MRQ,2013-12-31,2013-12-31,2013-12-31,2021-07-27,-793200000.0,5940800000.0,,3719800000.0,2221000000.0,,19.392,-35400000.0,1246000000.0,1246000000.0,928000000.0,198100000.0,2.417,1.21,1156100000.0,251000000.0,905100000.0,1156100000.0,222600000.0,35900000.0,0.0,0.018,0.58,287700000.0,323600000.0,0.203,323600000.0,287700000.0,272800000.0,1.43,1.41,1.43,2687800000.0,,2687800000.0,16267344058.0,15.0,13.089,168100000.0,1.213,1.0,663700000.0,0.417,1293600000.0,14900000.0,3018600000.0,,645600000.0,364600000.0,364600000.0,0.0,3253000000.0,1538700000.0,1714300000.0,16384144058.0,45100000.0,-68100000.0,-61900000.0,72000000.0,-80500000.0,-59700000.0,-98900000.0,8000000.0,203500000.0,200000.0,198100000.0,198100000.0,198100000.0,0.0,0.0,0.124,385400000.0,278300000.0,513600000.0,0.406,6.096,20.661,20.766,610300000.0,0.0,118.16,2.538,2.537,1169400000.0,4451000000.0,1591700000.0,1591700000.0,0.0,,,,,800000.0,385400000.0,1.0,138660664.0,138600000,140400000.0,11.484,4647200000.0,303600000.0,74700000.0,0.0,33.53,2181100000.0
31,ROK,MRQ,2013-09-30,2013-09-30,2013-09-30,2021-07-27,-817700000.0,5844600000.0,,3679900000.0,2164700000.0,,18.654,-59100000.0,1200900000.0,1200900000.0,1018500000.0,215300000.0,2.382,1.261,1084100000.0,179000000.0,905100000.0,1084100000.0,210900000.0,36100000.0,0.0,0.019,0.52,294100000.0,330200000.0,0.192,330200000.0,294100000.0,279200000.0,1.55,1.53,1.55,2585500000.0,,2585500000.0,14929695904.0,14.0,12.578,291900000.0,2.106,1.0,697200000.0,0.406,1235800000.0,14900000.0,2947300000.0,,615400000.0,372700000.0,372700000.0,0.0,3259100000.0,1544700000.0,1714400000.0,14829295904.0,176200000.0,0.0,-26900000.0,-41000000.0,-72400000.0,-131000000.0,-59200000.0,-100000.0,351000000.0,15400000.0,215300000.0,215300000.0,215300000.0,0.0,0.0,0.125,398000000.0,299200000.0,546700000.0,0.335,5.736,19.608,19.694,616000000.0,0.0,106.94,2.335,2.344,1186100000.0,4333400000.0,1715700000.0,1715700000.0,0.0,,,,,600000.0,403700000.0,1.0,138669309.0,138600000,140300000.0,12.379,4608800000.0,336800000.0,63900000.0,0.0,33.253,2135200000.0
32,ROK,MRQ,2013-06-30,2013-06-30,2013-06-30,2021-07-27,-1187700000.0,5771300000.0,,3485100000.0,2286200000.0,,14.455,-31800000.0,1024700000.0,1024700000.0,971300000.0,203700000.0,2.245,1.874,1125100000.0,220000000.0,905100000.0,1125100000.0,225100000.0,37700000.0,0.0,0.023,0.52,272700000.0,310400000.0,0.191,310400000.0,272700000.0,257400000.0,1.46,1.45,1.46,2007800000.0,,2007800000.0,11785177195.0,12.0,10.14,262100000.0,1.887,1.0,652900000.0,0.402,1219400000.0,15300000.0,3100000000.0,,619000000.0,372300000.0,372300000.0,0.0,3763500000.0,1552300000.0,2211200000.0,11611277195.0,57600000.0,0.0,-96800000.0,-16000000.0,-72300000.0,-185300000.0,-42500000.0,-8500000.0,293900000.0,-8500000.0,203700000.0,203700000.0,203700000.0,0.0,0.0,0.125,383700000.0,269200000.0,499300000.0,0.356,5.783,15.772,15.806,581400000.0,0.0,83.14,1.843,1.833,1155100000.0,4118500000.0,1624200000.0,1624200000.0,0.0,,,,,8600000.0,383700000.0,1.0,139659336.0,138900000,140400000.0,11.693,4551900000.0,516800000.0,53700000.0,0.0,32.771,1932800000.0
33,ROK,MRQ,2013-03-31,2013-03-31,2013-03-31,2021-07-27,-1197100000.0,5719900000.0,,3436900000.0,2283000000.0,,14.432,-33400000.0,967100000.0,967100000.0,906400000.0,175900000.0,2.338,1.831,1141000000.0,236000000.0,905000000.0,1141000000.0,243000000.0,36200000.0,0.0,0.021,0.47,242400000.0,278600000.0,0.183,278600000.0,242400000.0,227100000.0,1.25,1.24,1.25,2020500000.0,,2020500000.0,12275751999.0,12.0,10.702,169200000.0,1.209,1.0,616400000.0,0.405,1215700000.0,15300000.0,3208200000.0,,640000000.0,363600000.0,363600000.0,0.0,3699400000.0,1469900000.0,2229500000.0,12072051999.0,12800000.0,-400000.0,-51900000.0,-17000000.0,-66100000.0,-124600000.0,-49300000.0,-13600000.0,202600000.0,-15900000.0,175900000.0,175900000.0,175900000.0,0.0,0.0,0.116,376800000.0,239600000.0,474200000.0,0.376,5.975,16.693,16.8,585000000.0,0.0,86.35,1.936,1.938,1139100000.0,4059200000.0,1522800000.0,1522800000.0,0.0,,,,,1000000.0,376800000.0,1.0,139803729.0,140000000,141800000.0,10.877,4504200000.0,536400000.0,51200000.0,0.0,32.173,1967000000.0
34,ROK,MRQ,2012-12-31,2012-12-31,2012-12-31,2021-07-27,-1180100000.0,5711100000.0,,3392600000.0,2318500000.0,,14.126,-21400000.0,954300000.0,954300000.0,881900000.0,161400000.0,2.28,1.902,1158000000.0,253000000.0,905000000.0,1158000000.0,224000000.0,35200000.0,0.0,0.021,0.47,232600000.0,267800000.0,0.18,267800000.0,232600000.0,217200000.0,1.16,1.14,1.16,1967800000.0,,1967800000.0,11858688107.0,12.0,10.385,145900000.0,1.047,1.0,607300000.0,0.408,1242100000.0,15400000.0,3184800000.0,,646600000.0,350000000.0,350000000.0,0.0,3743300000.0,1487900000.0,2255400000.0,11700588107.0,50400000.0,-84400000.0,-54800000.0,96000000.0,-65500000.0,-13700000.0,-105800000.0,0.0,167300000.0,9600000.0,161400000.0,161400000.0,161400000.0,0.0,0.0,0.108,373500000.0,233800000.0,481200000.0,0.405,5.946,16.362,16.566,579500000.0,0.0,83.99,1.865,1.865,1125700000.0,3949500000.0,1489200000.0,1489200000.0,0.0,,,,,1100000.0,373500000.0,1.0,139309300.0,139300000,141200000.0,10.691,4469000000.0,545800000.0,55800000.0,0.0,32.082,1904700000.0
35,ROK,MRQ,2012-09-30,2012-09-30,2012-09-30,2021-07-27,-1225300000.0,5636500000.0,,3387500000.0,2249000000.0,,13.226,-44500000.0,903900000.0,903900000.0,1009800000.0,195200000.0,2.212,2.044,1062000000.0,157000000.0,905000000.0,1062000000.0,204100000.0,35700000.0,0.0,0.025,0.47,269800000.0,305500000.0,0.184,305500000.0,269800000.0,254900000.0,1.39,1.37,1.39,1851700000.0,,1851700000.0,10186262109.0,10.0,8.747,345600000.0,2.469,1.0,654200000.0,0.393,1158300000.0,14900000.0,3104700000.0,,619000000.0,350000000.0,350000000.0,0.0,3784800000.0,1531600000.0,2253200000.0,9816862109.0,98300000.0,0.0,-86500000.0,-113000000.0,-65900000.0,-264300000.0,-44500000.0,0.0,390100000.0,17300000.0,195200000.0,195200000.0,195200000.0,0.0,0.0,0.117,386400000.0,267800000.0,547600000.0,0.338,5.302,13.32,13.375,587100000.0,0.0,69.55,1.568,1.572,1187300000.0,3858800000.0,1664000000.0,1664000000.0,0.0,,,,,9500000.0,386400000.0,1.0,141148269.0,140000000,141600000.0,11.886,4478200000.0,559700000.0,59700000.0,0.0,31.987,1855900000.0
36,ROK,MRQ,2012-06-30,2012-06-30,2012-06-30,2021-07-27,-1038100000.0,5382400000.0,,3261600000.0,2120800000.0,,13.567,-32300000.0,805600000.0,805600000.0,928900000.0,190700000.0,2.096,1.8,1175000000.0,270000000.0,905000000.0,1175000000.0,226000000.0,35100000.0,0.0,0.026,0.425,260000000.0,295100000.0,0.189,295100000.0,260000000.0,244800000.0,1.34,1.33,1.34,1922500000.0,,1922500000.0,9780621493.0,10.0,8.399,231800000.0,1.636,1.0,631500000.0,0.405,1143700000.0,15200000.0,3051700000.0,,634800000.0,350000000.0,350000000.0,0.0,3459900000.0,1556400000.0,1903500000.0,9428421493.0,-6200000.0,-300000.0,-120400000.0,11000000.0,-60500000.0,-169500000.0,-70100000.0,-37500000.0,264100000.0,-30500000.0,190700000.0,190700000.0,190700000.0,0.0,0.0,0.122,369800000.0,261700000.0,486300000.0,0.317,4.904,12.679,12.655,563900000.0,0.0,66.06,1.509,1.498,1139100000.0,3665200000.0,1560400000.0,1560400000.0,0.0,,,,,10200000.0,369800000.0,1.0,142725121.0,141700000,143500000.0,11.012,4238700000.0,455300000.0,54100000.0,0.0,29.913,1705200000.0
37,ROK,MRQ,2012-03-31,2012-03-31,2012-03-31,2021-07-27,-973500000.0,5434600000.0,,3270600000.0,2164000000.0,,14.25,-30400000.0,811800000.0,811800000.0,942800000.0,167800000.0,2.207,1.676,1164000000.0,259000000.0,905000000.0,1164000000.0,244900000.0,35200000.0,0.0,0.02,0.425,238300000.0,273500000.0,0.175,273500000.0,238300000.0,223300000.0,1.18,1.16,1.18,2030600000.0,,2030600000.0,11719805785.0,12.0,10.29,223100000.0,1.566,1.0,618300000.0,0.396,1168700000.0,15000000.0,3136400000.0,,664100000.0,312500000.0,312500000.0,0.0,3404000000.0,1481700000.0,1922300000.0,11348805785.0,-72200000.0,-5000000.0,1000000.0,-91000000.0,-60700000.0,-143800000.0,-197900000.0,-162500000.0,253500000.0,16300000.0,167800000.0,167800000.0,167800000.0,0.0,0.0,0.107,373100000.0,245200000.0,450700000.0,0.36,5.589,15.495,15.536,565700000.0,0.0,79.7,1.829,1.83,1150000000.0,3602100000.0,1561100000.0,1561100000.0,0.0,,,,,4400000.0,373100000.0,1.0,142394050.0,142500000,144700000.0,10.955,4265900000.0,493300000.0,55500000.0,0.0,29.936,1788900000.0
38,ROK,MRQ,2011-12-31,2011-12-31,2011-12-31,2021-07-27,-1027900000.0,5279100000.0,,3114000000.0,2165100000.0,,13.08,-29800000.0,884000000.0,884000000.0,855200000.0,183300000.0,2.058,1.846,1255000000.0,350000000.0,905000000.0,1255000000.0,215300000.0,32600000.0,0.0,0.021,0.425,257900000.0,290500000.0,0.197,290500000.0,257900000.0,242900000.0,1.29,1.27,1.29,1854800000.0,,1854800000.0,10328544861.0,10.0,9.253,-218800000.0,-1.543,1.0,618700000.0,0.42,1154900000.0,15000000.0,2982400000.0,,677300000.0,150000000.0,150000000.0,0.0,3424300000.0,1512800000.0,1911500000.0,10412444861.0,-104900000.0,-10900000.0,-4500000.0,350000000.0,-60300000.0,294900000.0,-190700000.0,-150000000.0,-189000000.0,-19900000.0,183300000.0,183300000.0,183300000.0,0.0,0.0,0.124,362400000.0,256300000.0,447100000.0,0.329,5.614,14.244,14.358,559100000.0,0.0,73.37,1.705,1.703,1044800000.0,3495500000.0,1473900000.0,1473900000.0,0.0,,,,,1600000.0,362400000.0,1.0,141916926.0,141800000,143900000.0,10.394,4124200000.0,509300000.0,59600000.0,0.0,29.085,1601200000.0
39,ROK,MRQ,2011-09-30,2011-09-30,2011-09-30,2021-07-27,-992900000.0,5284900000.0,,3075100000.0,2209800000.0,,12.275,-43300000.0,988900000.0,988900000.0,991100000.0,201800000.0,2.312,2.023,905000000.0,0.0,905000000.0,905000000.0,189000000.0,34700000.0,0.0,0.026,0.425,270700000.0,305400000.0,0.185,305400000.0,270700000.0,256100000.0,1.41,1.4,1.41,1748000000.0,,1748000000.0,7902932728.0,9.0,7.462,137900000.0,0.968,1.0,663200000.0,0.401,1170600000.0,14600000.0,2700500000.0,,641700000.0,0.0,0.0,0.0,3536900000.0,1329900000.0,2207000000.0,8019732728.0,-32900000.0,0.0,-72800000.0,0.0,-60700000.0,-133200000.0,-43300000.0,0.0,181200000.0,-37400000.0,201800000.0,201800000.0,201800000.0,0.0,0.0,0.122,388100000.0,275100000.0,455100000.0,0.301,4.588,11.493,11.475,561400000.0,0.0,56.0,1.337,1.332,1063400000.0,3382800000.0,1654300000.0,1654300000.0,0.0,,,,,9900000.0,388100000.0,1.0,143209513.0,142400000,144300000.0,11.617,4114300000.0,535800000.0,54300000.0,0.0,28.893,1745200000.0
40,ROK,MRQ,2011-06-30,2011-06-30,2011-06-30,2021-07-27,-708100000.0,5327700000.0,,3095700000.0,2232000000.0,,13.229,-32900000.0,1021800000.0,1021800000.0,909400000.0,179500000.0,2.311,1.808,905000000.0,0.0,905000000.0,905000000.0,205500000.0,32900000.0,0.0,0.016,0.35,236600000.0,269500000.0,0.178,269500000.0,236600000.0,221900000.0,1.25,1.23,1.25,1897100000.0,,1897100000.0,12404739869.0,15.0,12.924,191800000.0,1.338,1.0,606800000.0,0.4,1193400000.0,14700000.0,2678200000.0,,690500000.0,0.0,0.0,0.0,3430600000.0,1339300000.0,2091300000.0,12520139869.0,1500000.0,-45900000.0,-106800000.0,0.0,-50300000.0,-155100000.0,-78800000.0,0.0,224700000.0,13700000.0,179500000.0,179500000.0,179500000.0,-700000.0,0.0,0.118,370000000.0,236800000.0,478900000.0,0.28,6.6,19.959,19.763,544200000.0,0.0,86.76,2.195,2.182,1045400000.0,3180800000.0,1516200000.0,1516200000.0,0.0,,,,,8100000.0,370000000.0,1.0,144307744.0,143400000,145900000.0,10.573,4134300000.0,503000000.0,42400000.0,0.0,28.831,1756400000.0
41,ROK,MRQ,2011-03-31,2011-03-31,2011-03-31,2021-07-27,-770300000.0,5111100000.0,,2947800000.0,2163300000.0,,12.949,-22600000.0,1020300000.0,1020300000.0,887600000.0,166400000.0,2.504,1.752,904900000.0,0.0,904900000.0,904900000.0,202700000.0,31800000.0,0.0,0.014,0.35,219000000.0,250800000.0,0.171,250800000.0,219000000.0,203600000.0,1.16,1.14,1.16,1856900000.0,,1856900000.0,13608664517.0,18.0,15.27,202600000.0,1.413,1.0,576500000.0,0.394,1136300000.0,15400000.0,2682300000.0,,621900000.0,0.0,0.0,0.0,3254200000.0,1177100000.0,2077100000.0,13473064517.0,251000000.0,0.0,54900000.0,0.0,-50300000.0,28100000.0,-22600000.0,0.0,225200000.0,20500000.0,166400000.0,166400000.0,166400000.0,0.0,0.0,0.114,356100000.0,220400000.0,472700000.0,0.302,7.256,23.754,23.781,531300000.0,0.0,94.65,2.47,2.488,1005700000.0,3112400000.0,1464100000.0,1464100000.0,0.0,,,,,-11100000.0,356100000.0,1.0,142346165.0,143400000,146300000.0,10.21,3974800000.0,497800000.0,37200000.0,0.0,27.718,1770700000.0
42,ROK,MRQ,2010-12-31,2010-12-31,2010-12-31,2021-07-27,-830000000.0,4778900000.0,,2631700000.0,2147200000.0,,11.185,-16200000.0,769300000.0,769300000.0,821900000.0,150100000.0,2.35,2.013,904900000.0,0.0,904900000.0,904900000.0,211000000.0,31900000.0,0.0,0.018,0.35,201500000.0,233400000.0,0.171,233400000.0,201500000.0,186700000.0,1.06,1.04,1.06,1586100000.0,,1586100000.0,10259273951.0,14.0,12.125,-3600000.0,-0.025,1.0,543900000.0,0.398,1118500000.0,14800000.0,2675900000.0,,612600000.0,0.0,0.0,0.0,3192800000.0,1120100000.0,2072700000.0,10167773951.0,-44100000.0,0.0,0.0,0.0,-49700000.0,-37700000.0,-16200000.0,0.0,12600000.0,-2600000.0,150100000.0,150100000.0,150100000.0,0.0,0.0,0.11,347000000.0,196900000.0,422600000.0,0.33,6.411,18.906,18.971,530700000.0,0.0,71.71,1.972,1.972,950900000.0,2996500000.0,1365800000.0,1365800000.0,0.0,,,,,-2400000.0,347000000.0,1.0,141790182.0,141800000,144500000.0,9.632,3660400000.0,497100000.0,36600000.0,0.0,25.814,1511600000.0
43,ROK,MRQ,2010-09-30,2010-09-30,2010-09-30,2021-07-27,-841200000.0,4748300000.0,,2586600000.0,2161700000.0,,10.306,-39300000.0,813400000.0,813400000.0,827700000.0,131300000.0,2.116,2.251,904900000.0,0.0,904900000.0,904900000.0,184900000.0,33100000.0,0.0,0.02,0.35,173000000.0,206100000.0,0.152,206100000.0,173000000.0,157800000.0,0.92,0.91,0.92,1460400000.0,,1460400000.0,8835636808.0,14.0,11.689,21300000.0,0.15,1.0,529200000.0,0.39,1129800000.0,15200000.0,2487700000.0,,603300000.0,0.0,0.0,0.0,3287900000.0,1222300000.0,2065600000.0,8756836808.0,-12600000.0,0.0,-21900000.0,0.0,-49600000.0,-67700000.0,-39300000.0,0.0,60600000.0,34400000.0,131300000.0,131300000.0,131300000.0,0.0,0.0,0.097,362700000.0,166500000.0,435700000.0,0.38,5.996,18.86,18.936,536900000.0,0.0,61.73,1.803,1.805,859000000.0,2912400000.0,1356900000.0,1356900000.0,0.0,,,,,5500000.0,354300000.0,1.0,141857068.0,141700000,143700000.0,9.576,3618500000.0,494700000.0,26500000.0,0.0,25.536,1364300000.0
44,ROK,MRQ,2010-06-30,2010-06-30,2010-06-30,2021-07-27,-800400000.0,4614500000.0,,2518600000.0,2095900000.0,,9.69,-23700000.0,826000000.0,826000000.0,760800000.0,119400000.0,2.053,2.354,904800000.0,0.0,904800000.0,904800000.0,191600000.0,30600000.0,0.0,0.024,0.29,170300000.0,200900000.0,0.158,200900000.0,170300000.0,155500000.0,0.84,0.83,0.84,1376000000.0,,1376000000.0,7087590661.0,14.0,11.266,111800000.0,0.787,1.0,507300000.0,0.4,1096300000.0,14800000.0,2370300000.0,,576500000.0,0.0,0.0,0.0,3238500000.0,1226700000.0,2011800000.0,6999990661.0,8800000.0,0.0,-55300000.0,0.0,-41300000.0,-91700000.0,-23700000.0,0.0,135500000.0,-11300000.0,119400000.0,119400000.0,119400000.0,0.0,0.0,0.094,333300000.0,174000000.0,398400000.0,0.345,5.087,19.342,19.251,513000000.0,0.0,49.09,1.53,1.524,826400000.0,2791200000.0,1268100000.0,1268100000.0,0.0,,,,,4600000.0,333300000.0,1.0,142595043.0,142000000,144300000.0,8.93,3518200000.0,467500000.0,36100000.0,0.0,24.776,1291900000.0
45,ROK,MRQ,2010-03-31,2010-03-31,2010-03-31,2021-07-27,-769600000.0,4542200000.0,,2436500000.0,2105700000.0,,9.967,-12500000.0,817200000.0,817200000.0,691400000.0,137000000.0,2.184,2.2,904800000.0,0.0,904800000.0,904800000.0,199600000.0,31900000.0,0.0,0.021,0.29,173800000.0,205700000.0,0.177,205700000.0,173800000.0,158700000.0,0.96,0.95,0.96,1419300000.0,,1419300000.0,8234420629.0,21.0,15.59,166000000.0,1.166,1.0,473100000.0,0.406,1107400000.0,15100000.0,2406700000.0,,524500000.0,0.0,0.0,0.0,3122900000.0,1115700000.0,2007200000.0,8045920629.0,100900000.0,0.0,-13100000.0,0.0,-41400000.0,-49300000.0,-12500000.0,0.0,178500000.0,-15400000.0,137000000.0,137000000.0,137000000.0,-25100000.0,0.0,0.118,323200000.0,149900000.0,379300000.0,0.302,5.669,29.226,29.052,510000000.0,0.0,56.36,1.864,1.859,791800000.0,2774000000.0,1164500000.0,1164500000.0,0.0,,,,,4100000.0,323200000.0,1.0,142759415.0,142400000,144400000.0,8.178,3434800000.0,491300000.0,21700000.0,0.0,24.121,1320800000.0
46,ROK,MRQ,2009-12-31,2009-12-31,2009-12-31,2021-07-27,-726800000.0,4398800000.0,,2257100000.0,2141700000.0,,9.63,-13500000.0,716300000.0,716300000.0,640700000.0,76600000.0,2.268,2.217,904800000.0,0.0,904800000.0,904800000.0,177300000.0,31700000.0,0.0,0.025,0.29,111500000.0,143200000.0,0.134,143200000.0,111500000.0,96100000.0,0.54,0.53,0.54,1367400000.0,,1367400000.0,6943965249.0,24.0,16.327,105900000.0,0.746,1.0,426800000.0,0.4,1138800000.0,15400000.0,2453500000.0,,468700000.0,0.0,0.0,0.0,3031400000.0,995000000.0,2036400000.0,6683065249.0,72500000.0,0.0,6700000.0,0.0,-41300000.0,-32700000.0,-13500000.0,0.0,119400000.0,-900000.0,76600000.0,76600000.0,76600000.0,1200000.0,0.0,0.072,312500000.0,114300000.0,326400000.0,0.537,4.887,37.356,36.992,519100000.0,0.0,46.98,1.587,1.584,769300000.0,2692700000.0,1067500000.0,1067500000.0,0.0,,,,,6600000.0,312500000.0,1.0,142253411.0,142000000,143700000.0,7.518,3260000000.0,491700000.0,19500000.0,0.0,22.958,1262100000.0
47,ROK,MRQ,2009-09-30,2009-09-30,2009-09-30,2021-07-27,-727500000.0,4305700000.0,,2134800000.0,2170900000.0,,9.297,-21700000.0,643800000.0,643800000.0,709100000.0,28900000.0,2.254,2.271,904700000.0,0.0,904700000.0,904700000.0,159100000.0,35300000.0,0.0,0.027,0.29,44000000.0,79300000.0,0.074,79300000.0,44000000.0,28800000.0,0.21,0.2,0.21,1316400000.0,,1316400000.0,6371657337.0,19.0,13.508,96100000.0,0.679,1.0,365300000.0,0.34,1144100000.0,15200000.0,2475300000.0,,436400000.0,0.0,0.0,0.0,2989300000.0,947200000.0,2042100000.0,6047357337.0,63300000.0,-600000.0,3900000.0,0.0,-41200000.0,-36300000.0,-25300000.0,0.0,117800000.0,7100000.0,28900000.0,28900000.0,28900000.0,0.0,0.0,0.027,323500000.0,41800000.0,313300000.0,1.381,4.594,27.401,27.308,532500000.0,0.0,42.6,1.396,1.392,726300000.0,2667200000.0,1074400000.0,1074400000.0,0.0,,,,,6800000.0,316800000.0,1.0,141956745.0,141600000,143300000.0,7.588,3161600000.0,482000000.0,-100000.0,0.0,22.328,1187600000.0
48,ROK,MRQ,2009-06-30,2009-06-30,2009-06-30,2021-07-27,-403500000.0,4164000000.0,,2106200000.0,2057800000.0,,11.344,-21800000.0,580500000.0,580500000.0,640600000.0,32800000.0,2.202,1.59,904800000.0,0.0,904800000.0,904800000.0,0.0,34400000.0,0.0,0.036,0.29,65600000.0,100000000.0,0.099,100000000.0,65600000.0,50200000.0,0.23,0.23,0.23,1607500000.0,,1607500000.0,5015819407.0,10.0,8.08,168100000.0,1.186,1.0,370200000.0,0.366,1137200000.0,15400000.0,2394700000.0,,460300000.0,0.0,0.0,0.0,2556500000.0,956400000.0,1600100000.0,4555519407.0,61000000.0,-600000.0,2600000.0,-75000000.0,-41100000.0,-113200000.0,-30700000.0,-8400000.0,189900000.0,15200000.0,32800000.0,32800000.0,32800000.0,0.0,0.0,0.032,305000000.0,65200000.0,287600000.0,1.261,2.834,14.353,14.468,525800000.0,0.0,32.12,0.961,0.96,740700000.0,4498100000.0,1010800000.0,1010800000.0,0.0,,,,,7300000.0,305000000.0,1.0,141828126.0,141700000,142300000.0,7.133,3026800000.0,288100000.0,17400000.0,20200000.0,21.361,1149800000.0
49,ROK,MRQ,2009-03-31,2009-03-31,2009-03-31,2021-07-27,-463700000.0,4175700000.0,,2137800000.0,2037900000.0,,11.209,-19600000.0,519500000.0,519500000.0,694500000.0,40600000.0,2.138,1.633,979800000.0,75100000.0,904700000.0,979800000.0,0.0,32100000.0,0.0,0.053,0.29,70700000.0,102800000.0,0.097,102800000.0,70700000.0,55400000.0,0.29,0.29,0.29,1586100000.0,,1586100000.0,3622047725.0,6.0,4.607,150300000.0,1.062,1.0,363600000.0,0.344,1108400000.0,15300000.0,2527800000.0,,528300000.0,0.0,0.0,0.0,2589600000.0,999800000.0,1589800000.0,3096447725.0,-34500000.0,-29500000.0,900000.0,-100000000.0,-41200000.0,-142500000.0,-51100000.0,0.0,169900000.0,-10500000.0,40600000.0,40600000.0,40600000.0,0.0,0.0,0.038,292900000.0,70700000.0,299000000.0,1.0,1.952,7.082,7.208,532700000.0,0.0,21.84,0.595,0.594,748100000.0,4551900000.0,1058100000.0,1058100000.0,0.0,,,,,7200000.0,292800000.0,1.0,141778742.0,141500000,142000000.0,7.478,3067300000.0,290700000.0,14800000.0,26100000.0,21.677,1138000000.0
50,ROK,MRQ,2008-12-31,2008-12-31,2008-12-31,2021-07-27,-425400000.0,4399300000.0,,2361000000.0,2038300000.0,,11.432,-26100000.0,554000000.0,554000000.0,718800000.0,118400000.0,1.98,1.718,1079600000.0,175100000.0,904500000.0,1079600000.0,0.0,32300000.0,0.0,0.036,0.29,157300000.0,189600000.0,0.159,189600000.0,157300000.0,142300000.0,0.83,0.83,0.83,1618800000.0,,1618800000.0,4984266867.0,6.0,5.331,22700000.0,0.16,1.0,470400000.0,0.396,1098100000.0,15000000.0,2634500000.0,,600500000.0,0.0,0.0,0.0,2780500000.0,1192300000.0,1588200000.0,4561966867.0,-28200000.0,0.0,-49600000.0,75000000.0,-41000000.0,-15400000.0,-25300000.0,0.0,48800000.0,-36300000.0,118400000.0,118400000.0,118400000.0,-2800000.0,0.0,0.1,315900000.0,154500000.0,362100000.0,0.349,2.818,8.457,8.69,539300000.0,0.0,32.24,0.821,0.822,824000000.0,4554400000.0,1189200000.0,1189200000.0,0.0,,,,,4200000.0,313400000.0,1.0,141500213.0,141600000,142100000.0,8.398,3301200000.0,287800000.0,23900000.0,37100000.0,23.314,1168700000.0
51,ROK,MRQ,2008-09-30,2008-09-30,2008-09-30,2021-07-27,-319000000.0,4593600000.0,,2436600000.0,2157000000.0,,11.72,-47400000.0,582200000.0,582200000.0,896000000.0,125600000.0,1.87,1.72,1004500000.0,100100000.0,904400000.0,1004500000.0,161600000.0,35600000.0,0.0,0.031,0.29,192800000.0,228400000.0,0.154,228400000.0,192800000.0,176700000.0,0.87,0.86,0.87,1688800000.0,,1688800000.0,5868735230.0,7.0,5.79,197100000.0,1.368,1.0,588300000.0,0.396,1165800000.0,16100000.0,2547000000.0,,575500000.0,0.0,0.0,0.0,2904800000.0,1303100000.0,1601700000.0,5436335230.0,-223700000.0,1600000.0,-131200000.0,-234000000.0,-41800000.0,-406400000.0,-45800000.0,0.0,244500000.0,-16100000.0,125600000.0,125600000.0,125600000.0,0.0,0.0,0.085,379100000.0,209200000.0,437300000.0,0.333,3.219,9.412,9.477,553800000.0,0.0,37.34,0.954,0.96,959900000.0,4486100000.0,1484300000.0,1484300000.0,0.0,,,,,7200000.0,397600000.0,1.0,145590124.0,144100000,144500000.0,10.3,3427800000.0,310100000.0,51100000.0,0.0,23.788,1133500000.0
52,ROK,MRQ,2008-06-30,2008-06-30,2008-06-30,2021-07-27,-79400000.0,5111300000.0,,2740900000.0,2370400000.0,,12.964,-42600000.0,805900000.0,805900000.0,869400000.0,152600000.0,1.733,1.695,1238300000.0,334100000.0,904200000.0,1238300000.0,0.0,35300000.0,0.0,0.027,0.29,230100000.0,265400000.0,0.18,265400000.0,230100000.0,213500000.0,1.04,1.03,1.04,1896600000.0,,1896600000.0,6880565399.0,7.0,6.464,149600000.0,1.023,1.0,605600000.0,0.411,1209800000.0,16600000.0,2752300000.0,,602200000.0,0.0,0.0,0.0,3214700000.0,1581600000.0,1633100000.0,6417065399.0,45200000.0,-50800000.0,-23600000.0,13700000.0,-42500000.0,-52100000.0,-93400000.0,0.0,192200000.0,-1100000.0,152600000.0,152600000.0,152600000.0,0.0,0.0,0.103,377600000.0,228000000.0,490700000.0,0.279,3.383,10.397,10.338,535600000.0,0.0,43.73,1.149,1.146,990300000.0,4363000000.0,1475000000.0,1475000000.0,0.0,,,,,8300000.0,377600000.0,1.0,146742863.0,146300000,148100000.0,10.082,3901500000.0,223500000.0,60900000.0,40700000.0,26.668,1159300000.0
53,ROK,MRQ,2008-03-31,2008-03-31,2008-03-31,2021-07-27,-74400000.0,4979500000.0,,2664700000.0,2314800000.0,,12.802,-27000000.0,760700000.0,760700000.0,835300000.0,142800000.0,1.802,1.648,1224200000.0,320100000.0,904100000.0,1224200000.0,0.0,34300000.0,0.0,0.02,0.29,217200000.0,251500000.0,0.179,251500000.0,217200000.0,199700000.0,0.97,0.96,0.97,1880600000.0,,1880600000.0,8905691032.0,9.0,8.361,31600000.0,0.215,1.0,571300000.0,0.406,1173700000.0,17500000.0,2790500000.0,,592700000.0,0.0,0.0,0.0,3098900000.0,1478800000.0,1620100000.0,8518891032.0,-106300000.0,0.0,-103200000.0,-30600000.0,-42600000.0,-175900000.0,-29900000.0,36300000.0,58600000.0,41000000.0,142800000.0,142800000.0,142800000.0,0.0,0.0,0.102,358300000.0,213000000.0,466400000.0,0.299,4.53,13.548,13.479,521600000.0,0.0,57.42,1.581,1.565,980400000.0,4296600000.0,1406600000.0,1406600000.0,0.0,,,,,8500000.0,358300000.0,1.0,148361042.0,146900000,148700000.0,9.575,3805800000.0,218000000.0,56900000.0,34600000.0,25.907,1185900000.0
54,ROK,MRQ,2007-12-31,2007-12-31,2007-12-31,2021-07-27,-158400000.0,4941000000.0,,2667100000.0,2273900000.0,,11.996,-26300000.0,867000000.0,867000000.0,756400000.0,156600000.0,1.73,1.77,1253800000.0,349900000.0,903900000.0,1253800000.0,0.0,31300000.0,0.0,0.017,0.29,237000000.0,268300000.0,0.201,268300000.0,237000000.0,219000000.0,1.05,1.04,1.05,1783800000.0,,1783800000.0,10593467378.0,7.0,6.52,75200000.0,0.506,1.0,575500000.0,0.432,1156200000.0,18000000.0,2630100000.0,,554600000.0,0.0,0.0,0.0,3157200000.0,1541500000.0,1615700000.0,10290567378.0,242800000.0,-61600000.0,-87900000.0,320000000.0,-43300000.0,191600000.0,-51600000.0,0.0,101500000.0,6900000.0,156600000.0,156600000.0,156600000.0,0.0,0.0,0.118,348600000.0,226900000.0,455600000.0,0.276,5.769,8.468,8.83,510200000.0,0.0,68.96,1.983,1.976,937500000.0,4197900000.0,1331900000.0,1331900000.0,0.0,,,,,4100000.0,348600000.0,1.0,149225165.0,148700000,151000000.0,8.957,3784800000.0,214500000.0,62400000.0,98600000.0,25.453,1125600000.0
55,ROK,MRQ,2007-09-30,2007-09-30,2007-09-30,2021-07-27,-169700000.0,4545800000.0,,2382000000.0,2163800000.0,,11.549,-43000000.0,624200000.0,624200000.0,796400000.0,165200000.0,1.365,1.608,927100000.0,521400000.0,405700000.0,927100000.0,0.0,31800000.0,0.0,0.017,0.29,247500000.0,279300000.0,0.204,279300000.0,247500000.0,232600000.0,1.17,1.16,1.17,1742800000.0,,1742800000.0,10615259686.0,6.0,5.621,137700000.0,0.913,1.0,574100000.0,0.419,1101900000.0,14900000.0,2002300000.0,,504700000.0,0.0,0.0,0.0,2803000000.0,1744500000.0,1058500000.0,10604359686.0,-170100000.0,-204900000.0,-242400000.0,109300000.0,-43900000.0,-171300000.0,-215800000.0,32100000.0,180700000.0,20500000.0,165200000.0,165200000.0,165200000.0,-1400000.0,0.0,0.121,306900000.0,267200000.0,498500000.0,0.248,6.085,7.128,7.418,510300000.0,0.0,69.51,2.119,2.205,927700000.0,4098100000.0,1370500000.0,1370500000.0,0.0,,,,,900000.0,340200000.0,1.0,152558764.0,150900000,153100000.0,9.082,3443900000.0,195500000.0,67400000.0,79800000.0,22.822,637500000.0
56,ROK,MRQ,2007-06-30,2007-06-30,2007-06-30,2021-07-27,-14000000.0,4586900000.0,,2512100000.0,2074800000.0,,12.762,-29000000.0,794300000.0,794300000.0,729500000.0,164200000.0,1.584,1.334,805200000.0,396200000.0,409000000.0,805200000.0,0.0,28400000.0,0.0,0.016,0.29,237600000.0,266000000.0,0.208,266000000.0,237600000.0,223800000.0,1.07,1.05,1.07,1965400000.0,,1965400000.0,10592965258.0,6.0,5.667,28800000.0,0.187,1.0,551100000.0,0.43,867900000.0,13800000.0,2143900000.0,,472300000.0,0.0,0.0,0.0,2621500000.0,1586000000.0,1035500000.0,10954465258.0,-325300000.0,0.0,-355400000.0,45800000.0,-44700000.0,-342000000.0,-29900000.0,0.0,57800000.0,9800000.0,164200000.0,164200000.0,164200000.0,3300000.0,0.0,0.128,319700000.0,231400000.0,386300000.0,0.271,5.574,7.36,7.639,480700000.0,0.0,69.44,2.269,2.215,882900000.0,3949500000.0,1280600000.0,1280600000.0,0.0,,,,,-4100000.0,319700000.0,1.0,157754396.0,154000000,156500000.0,8.316,3719000000.0,167200000.0,59600000.0,207800000.0,24.149,926100000.0
57,ROK,MRQ,2007-03-31,2007-03-31,2007-03-31,2021-07-27,-53300000.0,4816900000.0,,2769000000.0,2047900000.0,,13.554,1720700000.0,1119600000.0,1119600000.0,732000000.0,729300000.0,1.771,1.205,758100000.0,349200000.0,408900000.0,758100000.0,0.0,29200000.0,0.0,0.017,0.29,781900000.0,811100000.0,0.672,811100000.0,781900000.0,765600000.0,4.52,4.45,4.52,2184900000.0,,2184900000.0,10767724840.0,6.0,5.822,1828900000.0,11.346,1.0,474500000.0,0.393,869900000.0,16300000.0,2021900000.0,,454000000.0,0.0,0.0,0.0,2632000000.0,1563600000.0,1068400000.0,9918524840.0,686100000.0,-44600000.0,-517800000.0,-530000000.0,-46900000.0,-1090500000.0,1671700000.0,0.0,108200000.0,2600000.0,729300000.0,729300000.0,729300000.0,-622200000.0,0.0,0.604,325600000.0,148900000.0,384400000.0,0.064,4.54,6.733,6.757,474300000.0,0.0,59.87,2.102,2.045,847700000.0,3898900000.0,1206500000.0,1206500000.0,0.0,,,,,3800000.0,325600000.0,1.0,165667694.0,161200000,163800000.0,7.484,3947000000.0,171200000.0,36300000.0,327700000.0,24.485,1205400000.0
58,ROK,MRQ,2006-12-31,2006-12-31,2006-12-31,2021-07-27,-58800000.0,5061500000.0,,2504000000.0,2557500000.0,,11.793,-29200000.0,433500000.0,433500000.0,648700000.0,429100000.0,1.542,1.546,1282700000.0,533200000.0,749500000.0,1282700000.0,0.0,28500000.0,0.0,0.016,0.29,503500000.0,532000000.0,0.464,532000000.0,503500000.0,485100000.0,2.55,2.5,2.55,1988300000.0,,1988300000.0,10947489379.0,9.0,8.527,69000000.0,0.409,1.0,497600000.0,0.434,824800000.0,18400000.0,3461800000.0,,450900000.0,0.0,0.0,0.0,3073200000.0,1624100000.0,1449100000.0,10394189379.0,25400000.0,0.0,-338800000.0,314200000.0,-49200000.0,-69300000.0,-27100000.0,0.0,98200000.0,5900000.0,429100000.0,429100000.0,429100000.0,-298200000.0,0.0,0.374,293100000.0,204500000.0,376600000.0,0.114,5.228,11.674,11.814,468100000.0,0.0,61.08,2.244,2.223,788300000.0,3226900000.0,1146300000.0,1146300000.0,0.0,,,,,2600000.0,293100000.0,1.0,170173369.0,168600000,171400000.0,6.799,4236700000.0,372800000.0,56000000.0,188400000.0,25.129,879900000.0
59,ROK,MRQ,2006-09-30,2006-09-30,2006-09-30,2021-07-27,-75300000.0,4735400000.0,,2188000000.0,2547400000.0,,11.03,39000000.0,408100000.0,408100000.0,705700000.0,165800000.0,1.692,1.469,967200000.0,219000000.0,748200000.0,967200000.0,0.0,28500000.0,0.0,0.015,0.225,231800000.0,260300000.0,0.218,260300000.0,231800000.0,216100000.0,0.95,0.93,0.95,1918200000.0,,1918200000.0,10780330811.0,12.0,10.917,287400000.0,1.653,1.0,488300000.0,0.409,819900000.0,15700000.0,3181300000.0,,411500000.0,0.0,0.0,0.0,2817200000.0,1293300000.0,1523900000.0,10221930811.0,72700000.0,0.0,-294700000.0,66800000.0,-39200000.0,-265800000.0,63100000.0,24100000.0,248400000.0,2000000.0,165800000.0,165800000.0,165800000.0,-26700000.0,0.0,0.139,290700000.0,197600000.0,395700000.0,0.237,5.329,16.84,16.89,468500000.0,0.0,58.1,2.243,2.252,743600000.0,2856200000.0,1194000000.0,1194000000.0,0.0,,,,,5200000.0,290700000.0,1.0,175936847.0,173900000,176900000.0,6.866,3915500000.0,160400000.0,50300000.0,126500000.0,22.516,894700000.0
60,ROK,MRQ,2006-06-30,2006-06-30,2006-06-30,2021-07-27,-490200000.0,4814300000.0,,2186800000.0,2627500000.0,,9.265,-22500000.0,338900000.0,338900000.0,685200000.0,149000000.0,1.85,1.942,897300000.0,152200000.0,745100000.0,897300000.0,0.0,28600000.0,0.0,0.012,0.225,217500000.0,246100000.0,0.21,246100000.0,217500000.0,203700000.0,0.84,0.83,0.84,1636200000.0,,1636200000.0,13327675197.0,17.0,14.96,136600000.0,0.773,1.0,486500000.0,0.415,1162600000.0,13800000.0,3028300000.0,,614200000.0,0.0,0.0,0.0,3178100000.0,1181800000.0,1996300000.0,12782675197.0,38400000.0,-6600000.0,-124900000.0,51100000.0,-39900000.0,-106900000.0,-29100000.0,0.0,159100000.0,-2100000.0,149000000.0,149000000.0,149000000.0,-25600000.0,0.0,0.127,295100000.0,191400000.0,395300000.0,0.268,7.812,22.406,22.433,650300000.0,0.0,72.01,3.359,3.341,867900000.0,2693400000.0,1171700000.0,1171700000.0,0.0,,,,,-900000.0,295100000.0,1.0,177512501.0,176600000,179800000.0,6.635,3651700000.0,262400000.0,54700000.0,38300000.0,20.678,1005000000.0
61,ROK,MRQ,2006-03-31,2006-03-31,2006-03-31,2021-07-27,-500500000.0,4767000000.0,,2098200000.0,2668800000.0,,9.441,-9200000.0,302300000.0,302300000.0,645100000.0,146500000.0,1.898,1.85,847300000.0,101500000.0,745800000.0,847300000.0,0.0,33900000.0,0.0,0.013,0.225,211500000.0,245400000.0,0.219,245400000.0,211500000.0,197500000.0,0.83,0.81,0.83,1672900000.0,,1672900000.0,13348385021.0,17.0,15.035,118400000.0,0.668,1.0,475900000.0,0.425,1150500000.0,14000000.0,3056100000.0,,606200000.0,0.0,0.0,0.0,3094100000.0,1105400000.0,1988700000.0,12744685021.0,57400000.0,-7500000.0,-59100000.0,-1000000.0,-39900000.0,-72800000.0,-23100000.0,0.0,127600000.0,2600000.0,146500000.0,146500000.0,146500000.0,-21300000.0,0.0,0.131,290300000.0,185600000.0,388500000.0,0.271,7.618,23.223,23.423,651500000.0,0.0,71.91,3.269,3.268,849500000.0,2634900000.0,1121000000.0,1121000000.0,0.0,,,,,-19800000.0,290300000.0,1.0,177231053.0,177200000,180700000.0,6.326,3616500000.0,258700000.0,51000000.0,72700000.0,20.409,992800000.0
62,ROK,MRQ,2005-12-31,2005-12-31,2005-12-31,2021-07-27,-507300000.0,4619200000.0,,1964300000.0,2654900000.0,,8.86,67200000.0,246700000.0,246700000.0,620400000.0,145700000.0,1.876,1.917,850400000.0,103200000.0,747200000.0,850400000.0,0.0,26400000.0,0.0,0.014,0.225,209300000.0,235700000.0,0.22,235700000.0,209300000.0,196200000.0,0.82,0.8,0.82,1583300000.0,,1583300000.0,10883512619.0,14.0,12.327,-154600000.0,-0.865,1.0,449300000.0,0.42,1141200000.0,13100000.0,3034400000.0,,595700000.0,0.0,0.0,0.0,3035900000.0,1047300000.0,1988600000.0,10597712619.0,-219400000.0,-25400000.0,-183700000.0,102000000.0,-40300000.0,-110600000.0,41800000.0,0.0,-221800000.0,-3700000.0,145700000.0,145700000.0,145700000.0,-21800000.0,0.0,0.136,264900000.0,184400000.0,397100000.0,0.274,6.693,19.188,19.397,663500000.0,0.0,59.16,2.652,2.645,793700000.0,2574700000.0,1069700000.0,1069700000.0,0.0,,,,,-5200000.0,264900000.0,1.0,179136454.0,178700000,182300000.0,5.986,3478000000.0,214300000.0,50500000.0,37500000.0,19.463,917000000.0
63,ROK,MRQ,2005-09-30,2005-09-30,2005-09-30,2021-07-27,-501500000.0,4525100000.0,,2186500000.0,2338600000.0,,9.126,-17400000.0,463600000.0,463600000.0,166000000.0,129300000.0,2.324,1.744,749400000.0,1200000.0,748200000.0,749400000.0,0.0,200000.0,0.0,0.015,0.225,163500000.0,163700000.0,0.369,163700000.0,163500000.0,152000000.0,0.72,0.7,0.72,1649100000.0,,1649100000.0,9889885600.0,13.0,11.045,65400000.0,0.362,1.0,277500000.0,0.626,1118900000.0,11500000.0,2751200000.0,,569900000.0,0.0,0.0,0.0,2876000000.0,940800000.0,1935200000.0,9606685600.0,-6600000.0,0.0,-105100000.0,-100000.0,-40700000.0,-146000000.0,-17400000.0,0.0,82800000.0,2700000.0,129300000.0,129300000.0,129300000.0,-73500000.0,0.0,0.292,184500000.0,93000000.0,388500000.0,0.312,5.825,17.79,17.932,774500000.0,0.0,52.9,2.337,2.356,799600000.0,2493500000.0,443500000.0,443500000.0,0.0,,,,,12800000.0,184500000.0,1.0,181600862.0,180700000,184200000.0,2.454,3406200000.0,235700000.0,22700000.0,5400000.0,18.85,1245700000.0
64,ROK,MRQ,2005-06-30,2005-06-30,2005-06-30,2021-07-27,-221300000.0,4237100000.0,,2078400000.0,2158700000.0,,10.354,-22900000.0,468800000.0,468800000.0,783700000.0,127300000.0,2.248,1.24,752000000.0,200000.0,751800000.0,752000000.0,0.0,40100000.0,0.0,0.015,0.225,202900000.0,243000000.0,0.192,243000000.0,202900000.0,191200000.0,0.7,0.68,0.7,1891700000.0,,1891700000.0,9225087999.0,12.0,9.521,158100000.0,0.865,1.0,481000000.0,0.38,1126900000.0,11700000.0,2469000000.0,,595000000.0,0.0,0.0,0.0,2345400000.0,924400000.0,1421000000.0,8960887999.0,-15900000.0,0.0,-125100000.0,0.0,-41000000.0,-166200000.0,-22900000.0,0.0,181000000.0,-1900000.0,127300000.0,127300000.0,127300000.0,0.0,0.0,0.101,286600000.0,194400000.0,332000000.0,0.321,4.737,16.039,16.023,771100000.0,0.0,48.71,1.838,1.826,756100000.0,2371100000.0,1264700000.0,1264700000.0,0.0,,,,,2000000.0,286600000.0,1.0,183964032.0,182700000,186400000.0,6.922,3110200000.0,136000000.0,63900000.0,88900000.0,17.024,1154000000.0
65,ROK,MRQ,2005-03-31,2005-03-31,2005-03-31,2021-07-27,-201500000.0,4303300000.0,,2107400000.0,2195900000.0,,10.78,-48900000.0,484700000.0,484700000.0,762500000.0,150000000.0,2.386,1.164,748900000.0,200000.0,748700000.0,748900000.0,0.0,40900000.0,0.0,0.012,0.165,199600000.0,240500000.0,0.197,240500000.0,199600000.0,188100000.0,0.81,0.79,0.81,1989000000.0,,1989000000.0,10718603579.0,15.0,11.764,133300000.0,0.722,1.0,455900000.0,0.374,1139100000.0,11500000.0,2545300000.0,,619700000.0,0.0,0.0,0.0,2314300000.0,883100000.0,1431200000.0,10431603579.0,17000000.0,0.0,-106400000.0,0.0,-30500000.0,-137000000.0,-34700000.0,14900000.0,182200000.0,-900000.0,150000000.0,150000000.0,150000000.0,-7500000.0,0.0,0.123,263300000.0,192600000.0,356600000.0,0.204,5.245,18.701,18.755,792200000.0,0.0,56.64,2.199,2.203,767600000.0,2330400000.0,1218400000.0,1218400000.0,0.0,,,,,31500000.0,263300000.0,1.0,184173792.0,184500000,189000000.0,6.604,3164200000.0,134300000.0,38100000.0,56900000.0,17.15,1224300000.0
66,ROK,MRQ,2004-12-31,2004-12-31,2004-12-31,2021-07-27,-185900000.0,4276100000.0,,2066000000.0,2210100000.0,,10.622,-6400000.0,467700000.0,467700000.0,735800000.0,133400000.0,2.444,1.182,754700000.0,200000.0,754500000.0,754700000.0,0.0,46200000.0,0.0,0.013,0.165,202000000.0,248200000.0,0.209,248200000.0,202000000.0,190900000.0,0.72,0.71,0.72,1959700000.0,,1959700000.0,9410780897.0,14.0,11.241,95900000.0,0.52,1.0,449100000.0,0.379,1148000000.0,11100000.0,2569900000.0,,608800000.0,14900000.0,14900000.0,0.0,2316400000.0,845200000.0,1471200000.0,9126680897.0,-6100000.0,0.0,-71000000.0,0.0,-30500000.0,-102500000.0,-21300000.0,-14900000.0,102300000.0,-3000000.0,133400000.0,133400000.0,133400000.0,-11300000.0,0.0,0.113,263000000.0,186100000.0,334400000.0,0.229,4.657,18.775,18.84,785000000.0,0.0,49.55,1.982,1.985,733100000.0,2274200000.0,1184900000.0,1184900000.0,0.0,,,,,25800000.0,263000000.0,1.0,184191340.0,184500000,189100000.0,6.422,3128100000.0,136500000.0,57500000.0,120200000.0,16.954,1220800000.0
67,ROK,MRQ,2004-09-30,2004-09-30,2004-09-30,2021-07-27,-226800000.0,4213300000.0,,2026100000.0,2187200000.0,,10.114,-9300000.0,473800000.0,473800000.0,772700000.0,148000000.0,2.346,1.264,757900000.0,200000.0,757700000.0,757900000.0,0.0,48200000.0,0.0,0.017,0.165,189000000.0,237200000.0,0.197,237200000.0,189000000.0,178100000.0,0.81,0.78,0.81,1861000000.0,,1861000000.0,7556480752.0,14.0,10.39,233000000.0,1.266,1.0,433500000.0,0.359,1134900000.0,10900000.0,2498900000.0,,574300000.0,0.0,0.0,0.0,2352300000.0,863600000.0,1488700000.0,7133580752.0,144100000.0,0.0,-60800000.0,0.0,-30400000.0,-91400000.0,-9300000.0,0.0,242300000.0,4500000.0,148000000.0,148000000.0,148000000.0,-51400000.0,0.0,0.123,271800000.0,161700000.0,362200000.0,0.204,3.833,17.193,17.277,804500000.0,0.0,38.7,1.617,1.627,719900000.0,2255700000.0,1206200000.0,1206200000.0,0.0,,,,,13900000.0,271800000.0,1.0,184330252.0,184000000,189300000.0,6.555,3078400000.0,144800000.0,30100000.0,8300000.0,16.73,1162500000.0
68,ROK,MRQ,2004-06-30,2004-06-30,2004-06-30,2021-07-27,-306500000.0,4034600000.0,,1868500000.0,2166100000.0,,9.065,-22100000.0,329700000.0,329700000.0,723100000.0,126400000.0,2.052,1.406,752600000.0,300000.0,752300000.0,752600000.0,0.0,44400000.0,0.0,0.018,0.165,140800000.0,185200000.0,0.163,185200000.0,140800000.0,130700000.0,0.68,0.66,0.68,1677100000.0,,1677100000.0,7385122195.0,16.0,11.561,63600000.0,0.344,1.0,411900000.0,0.363,1144300000.0,10100000.0,2402600000.0,,570700000.0,0.0,0.0,0.0,2357500000.0,910600000.0,1446900000.0,6972622195.0,-24100000.0,0.0,-65400000.0,0.0,-30600000.0,-96100000.0,-22100000.0,0.0,85700000.0,300000.0,126400000.0,126400000.0,126400000.0,-900000.0,0.0,0.111,267600000.0,144300000.0,338000000.0,0.243,4.158,20.845,20.955,857200000.0,0.0,37.51,1.68,1.672,709400000.0,2160600000.0,1135000000.0,1135000000.0,0.0,,,,,4400000.0,267600000.0,1.0,185887022.0,185000000,190500000.0,6.135,2890300000.0,152100000.0,4300000.0,48200000.0,15.623,957900000.0
69,ROK,MRQ,2004-03-31,2004-03-31,2004-03-31,2021-07-27,-312900000.0,4068600000.0,,1867900000.0,2200700000.0,,8.924,-18400000.0,353800000.0,353800000.0,695800000.0,78300000.0,2.184,1.442,766300000.0,300000.0,766000000.0,766300000.0,0.0,46800000.0,0.0,0.019,0.165,119800000.0,166600000.0,0.154,166600000.0,119800000.0,109600000.0,0.42,0.41,0.42,1666100000.0,,1666100000.0,6936251631.0,17.0,11.576,108500000.0,0.581,1.0,383800000.0,0.356,1147200000.0,10200000.0,2478700000.0,,557800000.0,0.0,0.0,0.0,2402500000.0,855200000.0,1547300000.0,6483751631.0,38200000.0,0.0,-48600000.0,-8400000.0,-30700000.0,-88000000.0,-18000000.0,0.0,126900000.0,-400000.0,78300000.0,78300000.0,78300000.0,-3400000.0,0.0,0.073,268100000.0,115700000.0,330500000.0,0.393,3.892,19.285,19.261,879900000.0,0.0,34.67,1.601,1.599,689900000.0,2113600000.0,1079600000.0,1079600000.0,0.0,,,,,7500000.0,268100000.0,1.0,187013315.0,186700000,192100000.0,5.783,2921400000.0,155700000.0,31300000.0,71600000.0,15.648,1012700000.0
70,ROK,MRQ,2003-12-31,2003-12-31,2003-12-31,2021-07-27,-319500000.0,4037900000.0,,1814900000.0,2223000000.0,,8.884,-15800000.0,315600000.0,315600000.0,656700000.0,62200000.0,2.281,1.44,768100000.0,8700000.0,759400000.0,768100000.0,0.0,47300000.0,0.0,0.023,0.165,91000000.0,138300000.0,0.14,138300000.0,91000000.0,80500000.0,0.33,0.32,0.33,1655000000.0,,1655000000.0,7183939613.0,19.0,12.84,126200000.0,0.677,1.0,333600000.0,0.337,1151300000.0,10500000.0,2543300000.0,,544200000.0,0.0,0.0,0.0,2382900000.0,795800000.0,1587100000.0,6636939613.0,89200000.0,0.0,-5100000.0,0.0,-30800000.0,-36500000.0,-15800000.0,0.0,142000000.0,-2600000.0,62200000.0,62200000.0,62200000.0,-5100000.0,0.0,0.063,251100000.0,82500000.0,290300000.0,0.5,4.01,21.626,21.707,902800000.0,0.0,35.6,1.66,1.658,668700000.0,2086700000.0,990300000.0,990300000.0,0.0,,,,,14400000.0,251100000.0,1.0,186430888.0,186300000,192300000.0,5.316,2886600000.0,160200000.0,18300000.0,54800000.0,15.494,1019100000.0
71,ROK,MRQ,2003-09-30,2003-09-30,2003-09-30,2021-07-27,-343800000.0,3939900000.0,,1692000000.0,2247900000.0,,8.559,-30100000.0,226400000.0,226400000.0,636100000.0,67600000.0,2.181,1.483,772700000.0,8700000.0,764000000.0,772700000.0,0.0,43600000.0,0.0,0.031,0.165,105100000.0,148700000.0,0.157,148700000.0,105100000.0,94000000.0,0.36,0.36,0.36,1586800000.0,,1586800000.0,5504023704.0,15.0,10.086,112100000.0,0.605,1.0,310200000.0,0.328,1138000000.0,11100000.0,2572500000.0,,536100000.0,0.0,0.0,0.0,2353100000.0,775700000.0,1577400000.0,4851023704.0,100500000.0,0.0,-5800000.0,-300000.0,-30600000.0,-36700000.0,-28000000.0,0.0,142200000.0,8000000.0,67600000.0,67600000.0,67600000.0,-5000000.0,0.0,0.071,208700000.0,101500000.0,315200000.0,0.458,3.057,16.938,17.045,917100000.0,0.0,26.25,1.215,1.219,651500000.0,2143000000.0,946300000.0,946300000.0,0.0,,,,,9900000.0,208700000.0,1.0,184800903.0,185400000,190700000.0,5.104,2801900000.0,159700000.0,26400000.0,50300000.0,15.113,916300000.0
72,ROK,MRQ,2003-06-30,2003-06-30,2003-06-30,2021-07-27,-159000000.0,3943000000.0,,1675000000.0,2268000000.0,,9.189,-29200000.0,126000000.0,126000000.0,688800000.0,128100000.0,1.968,1.319,779000000.0,2000000.0,777000000.0,779000000.0,0.0,50100000.0,0.0,0.035,0.165,95500000.0,145600000.0,0.141,145600000.0,95500000.0,83900000.0,0.69,0.67,0.69,1700000000.0,,1700000000.0,5044230057.0,15.0,9.704,47800000.0,0.258,1.0,344200000.0,0.333,1143000000.0,11600000.0,2602000000.0,,569000000.0,0.0,0.0,0.0,2243000000.0,851000000.0,1392000000.0,4418230057.0,-169600000.0,-800000.0,-18600000.0,-150000000.0,-30500000.0,-199100000.0,-29900000.0,0.0,77000000.0,-17600000.0,128100000.0,128100000.0,128100000.0,0.0,0.0,0.124,253300000.0,90900000.0,316000000.0,0.239,2.599,16.467,16.556,932000000.0,0.0,23.84,1.124,1.122,661000000.0,2141000000.0,1033000000.0,1033000000.0,0.0,,,,,2600000.0,253300000.0,1.0,185328442.0,185000000,189800000.0,5.584,2800000000.0,186000000.0,-44200000.0,158000000.0,15.135,824000000.0
73,ROK,MRQ,2003-03-31,2003-03-31,2003-03-31,2021-07-27,-175000000.0,4009000000.0,,1787000000.0,2222000000.0,,8.798,-26900000.0,296000000.0,296000000.0,692900000.0,49000000.0,1.93,1.455,922000000.0,152000000.0,770000000.0,922000000.0,0.0,47100000.0,0.0,0.04,0.33,79800000.0,126900000.0,0.123,126900000.0,79800000.0,65100000.0,0.26,0.26,0.26,1633000000.0,,1633000000.0,4466227267.0,14.0,8.703,70000000.0,0.377,1.0,336500000.0,0.327,1132000000.0,14700000.0,2577000000.0,,555000000.0,0.0,0.0,0.0,2376000000.0,926000000.0,1450000000.0,3843227267.0,-11100000.0,-24900000.0,-11500000.0,-1800000.0,-30600000.0,-44000000.0,-53700000.0,0.0,96900000.0,-10300000.0,49000000.0,49000000.0,49000000.0,0.0,0.0,0.048,254900000.0,81600000.0,305000000.0,1.269,2.353,16.695,16.829,941000000.0,0.0,20.7,0.988,0.987,636000000.0,2099000000.0,1029400000.0,1029400000.0,0.0,,,,,7400000.0,254900000.0,1.0,185663153.0,185600000,190400000.0,5.546,2877000000.0,181000000.0,16100000.0,173000000.0,15.501,861000000.0
74,ROK,MRQ,2002-12-31,2002-12-31,2002-12-31,2021-07-27,-181000000.0,4006000000.0,,1772000000.0,2234000000.0,,8.685,-14800000.0,307000000.0,307000000.0,663200000.0,41700000.0,1.905,1.485,930000000.0,160000000.0,770000000.0,930000000.0,0.0,49800000.0,0.0,0.032,0.165,74700000.0,124500000.0,0.127,124500000.0,74700000.0,59600000.0,0.22,0.22,0.22,1612000000.0,,1612000000.0,4489982331.0,14.0,8.73,89000000.0,0.48,1.0,320400000.0,0.326,1128000000.0,15100000.0,2571000000.0,,555000000.0,0.0,0.0,0.0,2394000000.0,930000000.0,1464000000.0,3849982331.0,17400000.0,0.0,-22100000.0,-1300000.0,-30700000.0,-55500000.0,-19800000.0,0.0,103800000.0,-11100000.0,41700000.0,41700000.0,41700000.0,0.0,0.0,0.042,250800000.0,69600000.0,291000000.0,0.75,2.388,15.896,15.931,962000000.0,0.0,20.71,1.008,1.006,622000000.0,2156000000.0,983600000.0,983600000.0,0.0,,,,,1000000.0,250800000.0,1.0,185899678.0,185600000,189400000.0,5.3,2878000000.0,178000000.0,17900000.0,185000000.0,15.506,842000000.0
75,ROK,MRQ,2002-09-30,2002-09-30,2002-09-30,2021-07-27,-194000000.0,4006000000.0,,1757000000.0,2249000000.0,,8.66,-25000000.0,289000000.0,289000000.0,613700000.0,49500000.0,1.819,1.49,929000000.0,162000000.0,767000000.0,929000000.0,0.0,43700000.0,0.0,0.041,0.165,79100000.0,122800000.0,0.139,122800000.0,79100000.0,63000000.0,0.27,0.26,0.27,1609000000.0,,1609000000.0,3776007537.0,20.0,9.662,141900000.0,0.764,1.0,270000000.0,0.306,1124000000.0,16100000.0,2556000000.0,,557000000.0,0.0,0.0,0.0,2397000000.0,966000000.0,1431000000.0,3023007537.0,74800000.0,-3000000.0,700000.0,-45000000.0,-30100000.0,-74400000.0,-32000000.0,0.0,166900000.0,3600000.0,49500000.0,49500000.0,49500000.0,-2600000.0,0.0,0.056,188400000.0,81600000.0,325000000.0,0.611,1.879,24.881,24.652,988000000.0,0.0,16.27,0.801,0.797,645000000.0,2165000000.0,883700000.0,883700000.0,0.0,,,,,0.0,188400000.0,1.0,185802553.0,185800000,189400000.0,4.756,2882000000.0,157000000.0,13500000.0,184000000.0,15.511,791000000.0
76,ROK,MRQ,2002-06-30,2002-06-30,2002-06-30,2021-07-27,-166000000.0,4013000000.0,,1779000000.0,2234000000.0,,8.518,-24000000.0,214000000.0,214000000.0,670000000.0,90000000.0,1.643,1.54,967000000.0,207000000.0,760000000.0,967000000.0,0.0,47000000.0,0.0,0.033,0.165,92000000.0,139000000.0,0.14,139000000.0,92000000.0,75000000.0,0.48,0.47,0.48,1580000000.0,,1580000000.0,4526798254.0,30.0,12.235,122000000.0,0.658,1.0,325000000.0,0.327,1118000000.0,17000000.0,2565000000.0,,589000000.0,0.0,0.0,0.0,2433000000.0,1083000000.0,1350000000.0,3703798254.0,27000000.0,-13000000.0,9000000.0,-45000000.0,-31000000.0,-67000000.0,-37000000.0,0.0,146000000.0,-15000000.0,90000000.0,90000000.0,90000000.0,0.0,0.0,0.09,244000000.0,81000000.0,370000000.0,0.344,2.344,44.093,44.4,1006000000.0,0.0,19.98,0.964,0.965,657000000.0,2112000000.0,995000000.0,995000000.0,0.0,,,,,3000000.0,244000000.0,1.0,185375288.0,185500000,190400000.0,5.364,2895000000.0,160000000.0,-15000000.0,197000000.0,15.606,696000000.0
77,ROK,MRQ,2002-03-31,2002-03-31,2002-03-31,2021-07-27,-172000000.0,3911000000.0,,1666000000.0,2245000000.0,,8.304,-28000000.0,187000000.0,187000000.0,659000000.0,61000000.0,1.887,1.553,1010000000.0,101000000.0,909000000.0,1010000000.0,0.0,54000000.0,0.0,0.037,0.165,74000000.0,128000000.0,0.134,128000000.0,74000000.0,57000000.0,0.33,0.33,0.33,1532000000.0,,1532000000.0,4462379363.0,53.0,13.688,34000000.0,0.184,1.0,299000000.0,0.312,1115000000.0,17000000.0,2736000000.0,,587000000.0,0.0,0.0,0.0,2379000000.0,883000000.0,1496000000.0,3699379363.0,17000000.0,-55000000.0,11000000.0,89000000.0,-31000000.0,69000000.0,-83000000.0,0.0,62000000.0,5000000.0,61000000.0,61000000.0,61000000.0,-3000000.0,0.0,0.064,235000000.0,64000000.0,359000000.0,0.5,2.415,132.121,133.733,1019000000.0,0.0,20.06,0.954,0.954,599000000.0,2115000000.0,958000000.0,958000000.0,0.0,,,,,2000000.0,235000000.0,1.0,184415721.0,184500000,188900000.0,5.192,2796000000.0,153000000.0,-4000000.0,225000000.0,15.154,783000000.0
78,ROK,MRQ,2001-12-31,2001-12-31,2001-12-31,2021-07-27,-161000000.0,3958000000.0,,1671000000.0,2287000000.0,,8.532,-19000000.0,170000000.0,170000000.0,647000000.0,-79000000.0,2.089,1.523,933000000.0,11000000.0,922000000.0,933000000.0,0.0,53000000.0,0.0,0.047,0.165,-52000000.0,1000000.0,0.001,1000000.0,-52000000.0,-68000000.0,-0.43,-0.42,-0.43,1569000000.0,,1569000000.0,4093552267.0,21.0,9.057,68000000.0,0.37,1.0,292000000.0,0.311,1134000000.0,16000000.0,2787000000.0,,592000000.0,0.0,0.0,0.0,2389000000.0,800000000.0,1589000000.0,3282552267.0,49000000.0,0.0,4000000.0,1000000.0,-30000000.0,-25000000.0,-19000000.0,0.0,87000000.0,6000000.0,-79000000.0,-79000000.0,-79000000.0,0.0,0.0,-0.084,240000000.0,52000000.0,331000000.0,-0.384,2.092,35.68,35.72,1042000000.0,0.0,17.86,0.801,0.801,610000000.0,2188000000.0,939000000.0,939000000.0,0.0,,,,,1000000.0,240000000.0,1.0,183793520.0,183900000,186600000.0,5.106,2824000000.0,152000000.0,11000000.0,243000000.0,15.356,871000000.0
79,ROK,MRQ,2001-09-30,2001-09-30,2001-09-30,2021-07-27,-162000000.0,4098000000.0,,1721000000.0,2377000000.0,,8.705,-53000000.0,121000000.0,121000000.0,706000000.0,12000000.0,2.013,1.561,919000000.0,10000000.0,909000000.0,919000000.0,0.0,65000000.0,0.0,0.063,0.165,37000000.0,102000000.0,0.107,102000000.0,37000000.0,20000000.0,0.07,0.07,0.07,1600000000.0,,1600000000.0,3430975906.0,8.0,4.88,-61000000.0,-0.332,1.0,243000000.0,0.256,1192000000.0,17000000.0,2849000000.0,,600000000.0,0.0,0.0,0.0,2498000000.0,855000000.0,1643000000.0,2694975906.0,-138000000.0,0.0,2000000.0,-63000000.0,-30000000.0,-91000000.0,-37000000.0,0.0,-8000000.0,-2000000.0,12000000.0,12000000.0,12000000.0,0.0,0.0,0.013,250000000.0,-7000000.0,346000000.0,2.357,1.684,8.836,8.79,1075000000.0,0.0,14.68,0.629,0.627,704000000.0,2242000000.0,949000000.0,949000000.0,0.0,,,,,14000000.0,250000000.0,1.0,183581465.0,183800000,185900000.0,5.163,2906000000.0,152000000.0,8000000.0,240000000.0,15.811,866000000.0
80,ROK,MRQ,2001-06-30,2001-06-30,2001-06-30,2021-07-27,-154000000.0,4174000000.0,,1759000000.0,2415000000.0,,8.771,-49000000.0,259000000.0,259000000.0,797000000.0,34000000.0,1.815,1.599,995000000.0,71000000.0,924000000.0,995000000.0,0.0,70000000.0,0.0,0.027,0.255,25000000.0,95000000.0,0.092,95000000.0,25000000.0,5000000.0,0.18,0.18,0.18,1606000000.0,,1606000000.0,8116519552.0,14.0,9.416,146000000.0,0.797,1.0,236000000.0,0.228,1210000000.0,20000000.0,2731000000.0,,609000000.0,0.0,0.0,0.0,2568000000.0,969000000.0,1599000000.0,6970519552.0,82000000.0,300000000.0,18000000.0,-340000000.0,-47000000.0,-369000000.0,251000000.0,0.0,195000000.0,9000000.0,34000000.0,34000000.0,34000000.0,-61000000.0,0.0,0.033,272000000.0,-36000000.0,353000000.0,1.417,4.34,15.914,16.017,1088000000.0,0.0,38.12,1.56,1.563,656000000.0,2247000000.0,1033000000.0,1033000000.0,0.0,,,,,0.0,272000000.0,1.0,182857281.0,183100000,183100000.0,5.642,2964000000.0,130000000.0,-29000000.0,88000000.0,16.188,790000000.0
81,ROK,MRQ,2001-03-31,2001-03-31,2001-03-31,2021-07-27,-177000000.0,5615000000.0,,2591000000.0,3024000000.0,,15.318,-34000000.0,190000000.0,190000000.0,785000000.0,125000000.0,1.966,1.01,1336000000.0,412000000.0,924000000.0,1336000000.0,0.0,70000000.0,0.0,0.028,0.255,184000000.0,254000000.0,0.216,254000000.0,184000000.0,156000000.0,0.68,0.67,0.68,2794000000.0,,2794000000.0,7837028391.0,10.0,7.345,88000000.0,0.482,1.0,393000000.0,0.334,1232000000.0,28000000.0,4211000000.0,,640000000.0,0.0,0.0,0.0,2821000000.0,1318000000.0,1503000000.0,6625028391.0,15000000.0,0.0,19000000.0,-35000000.0,-46000000.0,-62000000.0,-34000000.0,0.0,122000000.0,6000000.0,125000000.0,125000000.0,125000000.0,-54000000.0,0.0,0.106,263000000.0,130000000.0,384000000.0,0.375,2.371,11.542,11.688,1148000000.0,0.0,36.35,1.422,1.423,733000000.0,3507000000.0,1178000000.0,1178000000.0,0.0,,,,,0.0,263000000.0,1.0,182256627.0,182400000,185300000.0,6.458,4383000000.0,139000000.0,31000000.0,99000000.0,24.03,1273000000.0
82,ROK,MRQ,2000-12-31,2000-12-31,2000-12-31,2021-07-27,-153000000.0,5928000000.0,,2665000000.0,3263000000.0,,14.877,-21000000.0,158000000.0,158000000.0,748000000.0,134000000.0,1.767,1.183,1370000000.0,445000000.0,925000000.0,1370000000.0,0.0,67000000.0,0.0,0.021,0.255,185000000.0,252000000.0,0.224,252000000.0,185000000.0,167000000.0,0.74,0.73,0.74,2715000000.0,,2715000000.0,9452433338.0,11.0,8.508,5000000.0,0.027,1.0,376000000.0,0.335,1251000000.0,18000000.0,4381000000.0,,645000000.0,0.0,0.0,0.0,3213000000.0,1508000000.0,1705000000.0,8702433338.0,-8000000.0,-6000000.0,-58000000.0,430000000.0,-47000000.0,325000000.0,-27000000.0,0.0,26000000.0,-4000000.0,134000000.0,134000000.0,134000000.0,-65000000.0,0.0,0.119,256000000.0,120000000.0,472000000.0,0.345,3.205,14.196,14.433,1179000000.0,0.0,47.63,1.86,1.858,740000000.0,3448000000.0,1124000000.0,1124000000.0,0.0,,,,,0.0,256000000.0,1.0,182709077.0,182500000,184700000.0,6.159,4677000000.0,167000000.0,33000000.0,102000000.0,25.627,1157000000.0
83,ROK,MRQ,2000-09-30,2000-09-30,2000-09-30,2021-07-27,-166000000.0,5289000000.0,,2422000000.0,2867000000.0,,14.466,-67000000.0,170000000.0,170000000.0,816000000.0,145000000.0,2.365,0.982,940000000.0,16000000.0,924000000.0,940000000.0,0.0,70000000.0,0.0,0.034,0.255,191000000.0,261000000.0,0.231,261000000.0,191000000.0,174000000.0,0.78,0.79,0.78,2669000000.0,,2669000000.0,6319598747.0,7.0,5.534,120000000.0,0.65,1.0,316000000.0,0.279,1255000000.0,17000000.0,3780000000.0,,610000000.0,0.0,0.0,0.0,2620000000.0,1024000000.0,1596000000.0,5610598747.0,-34000000.0,0.0,-109000000.0,-6000000.0,-47000000.0,-162000000.0,-67000000.0,0.0,187000000.0,9000000.0,145000000.0,145000000.0,145000000.0,-82000000.0,0.0,0.128,273000000.0,43000000.0,478000000.0,0.327,2.102,8.822,8.967,1194000000.0,0.0,30.31,1.204,1.221,737000000.0,3363000000.0,1132000000.0,1132000000.0,0.0,,,,,7000000.0,273000000.0,1.0,185107184.0,184500000,185700000.0,6.136,4034000000.0,153000000.0,29000000.0,318000000.0,21.864,1398000000.0
84,ROK,MRQ,2000-06-30,2000-06-30,2000-06-30,2021-07-27,-164000000.0,6362000000.0,,3266000000.0,3096000000.0,,14.551,-50000000.0,224000000.0,224000000.0,807000000.0,170000000.0,1.876,1.336,933000000.0,23000000.0,910000000.0,933000000.0,0.0,68000000.0,0.0,0.032,0.255,232000000.0,300000000.0,0.245,300000000.0,232000000.0,214000000.0,0.91,0.9,0.91,2724000000.0,,2724000000.0,6694727870.0,9.0,6.783,156000000.0,0.833,1.0,419000000.0,0.342,1395000000.0,18000000.0,3935000000.0,,1388000000.0,0.0,0.0,0.0,3638000000.0,1741000000.0,1897000000.0,5922727870.0,59000000.0,-10000000.0,-106000000.0,-4000000.0,-48000000.0,-158000000.0,-60000000.0,0.0,206000000.0,20000000.0,170000000.0,170000000.0,170000000.0,-78000000.0,0.0,0.139,265000000.0,154000000.0,729000000.0,0.28,2.174,9.211,9.238,1550000000.0,0.0,31.5,1.953,1.944,1233000000.0,3316000000.0,1226000000.0,1226000000.0,0.0,,,,,0.0,265000000.0,1.0,188023107.0,187200000,189000000.0,6.549,4967000000.0,295000000.0,44000000.0,131000000.0,26.533,1525000000.0
85,ROK,MRQ,2000-03-31,2000-03-31,2000-03-31,2021-07-27,-165000000.0,6365000000.0,,3255000000.0,3110000000.0,,14.533,-4000000.0,165000000.0,165000000.0,767000000.0,164000000.0,1.857,1.311,937000000.0,27000000.0,910000000.0,937000000.0,0.0,68000000.0,0.0,0.024,0.255,230000000.0,298000000.0,0.249,298000000.0,230000000.0,213000000.0,0.87,0.85,0.87,2754000000.0,,2754000000.0,8735253555.0,11.0,8.514,191000000.0,1.008,1.0,430000000.0,0.359,1398000000.0,17000000.0,3986000000.0,,1380000000.0,0.0,0.0,0.0,3611000000.0,1753000000.0,1858000000.0,7934253555.0,-124000000.0,-60000000.0,-35000000.0,-160000000.0,-48000000.0,-243000000.0,-64000000.0,0.0,195000000.0,-12000000.0,164000000.0,164000000.0,164000000.0,-62000000.0,0.0,0.137,262000000.0,168000000.0,724000000.0,0.293,2.881,12.736,12.708,1558000000.0,0.0,41.81,2.182,2.179,1221000000.0,3244000000.0,1197000000.0,1197000000.0,0.0,,,,,0.0,262000000.0,1.0,189769279.0,189500000,192000000.0,6.317,4967000000.0,331000000.0,49000000.0,135000000.0,26.211,1502000000.0
86,ROK,MRQ,1999-12-31,1999-12-31,1999-12-31,2021-07-27,-159000000.0,6515000000.0,,3426000000.0,3089000000.0,,14.105,-37000000.0,296000000.0,296000000.0,717000000.0,157000000.0,1.812,1.431,1097000000.0,186000000.0,911000000.0,1097000000.0,0.0,64000000.0,0.0,0.196,0.255,219000000.0,283000000.0,0.256,283000000.0,219000000.0,198000000.0,0.83,0.81,0.83,2680000000.0,,2680000000.0,9851809681.0,12.0,9.329,20000000.0,0.105,1.0,389000000.0,0.352,1372000000.0,21000000.0,4053000000.0,,1337000000.0,0.0,0.0,0.0,3835000000.0,1891000000.0,1944000000.0,9107809681.0,-67000000.0,0.0,-62000000.0,-3000000.0,-49000000.0,-114000000.0,-37000000.0,0.0,57000000.0,18000000.0,157000000.0,157000000.0,157000000.0,-70000000.0,0.0,0.142,240000000.0,149000000.0,713000000.0,0.307,3.398,15.129,15.104,1562000000.0,0.0,47.88,2.187,2.184,1181000000.0,3138000000.0,1106000000.0,1106000000.0,0.0,,,,,0.0,240000000.0,1.0,190221589.0,190000000,192900000.0,5.821,5143000000.0,364000000.0,41000000.0,152000000.0,27.068,1535000000.0
87,ROK,MRQ,1999-09-30,1999-09-30,1999-09-30,2021-07-27,-153000000.0,6544000000.0,,3419000000.0,3125000000.0,,13.271,102000000.0,356000000.0,356000000.0,-390000000.0,152000000.0,1.622,1.576,1100000000.0,189000000.0,911000000.0,1100000000.0,0.0,15000000.0,0.0,0.179,0.255,91000000.0,106000000.0,-0.214,106000000.0,91000000.0,71000000.0,0.8,0.78,0.8,2540000000.0,,2540000000.0,11021089790.0,14.0,10.506,339000000.0,1.771,1.0,-106000000.0,0.214,1390000000.0,20000000.0,3790000000.0,,1176000000.0,0.0,0.0,0.0,4004000000.0,2108000000.0,1896000000.0,10044089790.0,294000000.0,-75000000.0,-88000000.0,59000000.0,-48000000.0,-77000000.0,27000000.0,0.0,237000000.0,8000000.0,152000000.0,152000000.0,152000000.0,-296000000.0,0.0,-0.306,99000000.0,-205000000.0,843000000.0,0.319,3.954,17.968,17.857,1581000000.0,0.0,52.5,2.131,2.122,1294000000.0,2937000000.0,-496000000.0,-496000000.0,0.0,,,,,37000000.0,99000000.0,1.0,191315996.0,191400000,194800000.0,-2.591,5154000000.0,364000000.0,-81000000.0,91000000.0,26.928,1311000000.0
88,ROK,MRQ,1999-06-30,1999-06-30,1999-06-30,2021-07-27,-153000000.0,6364000000.0,,3129000000.0,3235000000.0,,13.302,-97000000.0,62000000.0,62000000.0,1245000000.0,150000000.0,1.63,1.507,1039000000.0,128000000.0,911000000.0,1039000000.0,0.0,85000000.0,0.0,0.155,0.255,254000000.0,339000000.0,0.185,339000000.0,254000000.0,233000000.0,0.79,0.77,0.79,2538000000.0,,2538000000.0,12565664770.0,19.0,12.914,92000000.0,0.482,1.0,584000000.0,0.319,1462000000.0,21000000.0,3959000000.0,,1390000000.0,0.0,0.0,0.0,3826000000.0,1920000000.0,1906000000.0,11566664770.0,-42000000.0,-52000000.0,26000000.0,-59000000.0,-49000000.0,-82000000.0,-149000000.0,0.0,189000000.0,0.0,150000000.0,150000000.0,150000000.0,0.0,0.0,0.082,330000000.0,254000000.0,693000000.0,0.323,4.557,41.017,40.5,1586000000.0,0.0,60.75,1.643,1.646,1148000000.0,2893000000.0,1829000000.0,1829000000.0,0.0,,,,,0.0,330000000.0,1.0,190397774.0,190800000,194500000.0,9.586,4902000000.0,313000000.0,83000000.0,99000000.0,25.692,1209000000.0
89,ROK,MRQ,1999-03-31,1999-03-31,1999-03-31,2021-07-27,-151000000.0,6377000000.0,,3188000000.0,3189000000.0,,12.7,-89000000.0,104000000.0,104000000.0,1183000000.0,143000000.0,1.569,1.643,1103000000.0,192000000.0,911000000.0,1103000000.0,0.0,83000000.0,0.0,0.221,8.63,245000000.0,328000000.0,0.19,328000000.0,245000000.0,221000000.0,0.75,0.74,0.75,2413000000.0,,2413000000.0,9099686737.0,-107.0,41.551,191000000.0,1.005,1.0,543000000.0,0.315,1418000000.0,24000000.0,3926000000.0,,1406000000.0,0.0,0.0,0.0,3964000000.0,2032000000.0,1932000000.0,8053686737.0,-91000000.0,-104000000.0,16000000.0,-145000000.0,-49000000.0,-178000000.0,-193000000.0,0.0,280000000.0,0.0,143000000.0,143000000.0,143000000.0,0.0,0.0,0.083,298000000.0,245000000.0,741000000.0,11.507,3.338,-23.011,-24.114,1563000000.0,0.0,42.44,1.167,1.168,1153000000.0,2866000000.0,1726000000.0,1726000000.0,0.0,,,,,0.0,298000000.0,1.0,189766417.0,190000000,193200000.0,9.084,4959000000.0,314000000.0,78000000.0,108000000.0,26.1,1156000000.0
90,ROK,MRQ,1998-12-31,1998-12-31,1998-12-31,2021-07-27,-134000000.0,6318000000.0,,3230000000.0,3088000000.0,,12.47,-55000000.0,195000000.0,195000000.0,1135000000.0,114000000.0,1.593,1.668,1241000000.0,331000000.0,910000000.0,1241000000.0,0.0,68000000.0,0.0,0.021,0.255,208000000.0,276000000.0,0.167,276000000.0,208000000.0,189000000.0,0.6,0.59,0.6,2368000000.0,,2368000000.0,10171577015.0,-73.0,63.572,-1000000.0,-0.005,1.0,519000000.0,0.314,1333000000.0,19000000.0,4003000000.0,,1352000000.0,0.0,0.0,0.0,3950000000.0,2028000000.0,1922000000.0,9210577015.0,92000000.0,46000000.0,-38000000.0,180000000.0,-48000000.0,94000000.0,-9000000.0,0.0,54000000.0,0.0,114000000.0,114000000.0,114000000.0,20000000.0,0.0,0.069,291000000.0,228000000.0,680000000.0,0.425,3.89,-23.986,-24.65,1518000000.0,0.0,48.56,1.34,1.342,1136000000.0,2840000000.0,1654000000.0,1654000000.0,0.0,,,,,0.0,291000000.0,1.0,189674156.0,189900000,192200000.0,8.71,4985000000.0,314000000.0,75000000.0,67000000.0,26.251,1202000000.0
91,ROK,MRQ,1998-09-30,1998-09-30,1998-09-30,2021-07-27,-135000000.0,7170000000.0,,4096000000.0,3074000000.0,,16.99,-69000000.0,103000000.0,103000000.0,1262000000.0,-125000000.0,2.066,1.21,1064000000.0,156000000.0,908000000.0,1064000000.0,0.0,69000000.0,0.0,0.241,0.255,-39000000.0,30000000.0,0.016,30000000.0,-39000000.0,-62000000.0,-0.64,-0.64,-0.64,3245000000.0,,3245000000.0,7854749839.0,-34.0,109.094,182000000.0,0.953,1.0,570000000.0,0.311,1330000000.0,23000000.0,4818000000.0,,1313000000.0,0.0,0.0,0.0,3925000000.0,1983000000.0,1942000000.0,6930749839.0,-57000000.0,-99000000.0,-98000000.0,814000000.0,-49000000.0,-188000000.0,-168000000.0,0.0,251000000.0,0.0,-125000000.0,-125000000.0,-125000000.0,255000000.0,0.0,-0.068,354000000.0,216000000.0,733000000.0,-0.398,2.136,-16.269,-16.86,1535000000.0,0.0,36.25,1.013,1.049,1223000000.0,3697000000.0,1832000000.0,1832000000.0,103000000.0,,,,,0.0,354000000.0,1.0,191193099.0,191000000,191000000.0,9.592,5840000000.0,258000000.0,63000000.0,19000000.0,30.576,2113000000.0
92,ROK,MRQ,1998-06-30,1998-06-30,1998-06-30,2021-07-27,-136000000.0,7453000000.0,,4393000000.0,3060000000.0,,17.753,-127000000.0,164000000.0,164000000.0,1657000000.0,-482000000.0,2.11,1.148,1088000000.0,180000000.0,908000000.0,1088000000.0,0.0,84000000.0,0.0,0.182,0.255,-499000000.0,-415000000.0,-0.245,-415000000.0,-499000000.0,-517000000.0,-2.47,-2.47,-2.47,3469000000.0,,3469000000.0,10151421296.0,-1015.0,32.537,96000000.0,0.491,1.0,35000000.0,0.021,1368000000.0,18000000.0,4927000000.0,,1358000000.0,0.0,0.0,0.0,3984000000.0,2082000000.0,1902000000.0,9432421296.0,-98000000.0,99000000.0,-270000000.0,123000000.0,-50000000.0,-197000000.0,-28000000.0,0.0,223000000.0,0.0,-482000000.0,-482000000.0,-482000000.0,62000000.0,0.0,-0.285,472000000.0,-437000000.0,686000000.0,-0.103,2.719,-49.127,-45.714,1425000000.0,0.0,48.0,1.395,1.387,1074000000.0,3839000000.0,1692000000.0,1692000000.0,0.0,,,,,0.0,472000000.0,1.0,196508777.0,195400000,195400000.0,8.659,6085000000.0,251000000.0,-35000000.0,62000000.0,31.141,2311000000.0
93,ROK,MRQ,1998-03-31,1998-03-31,1998-03-31,2021-07-27,-116000000.0,8123000000.0,,3780000000.0,4343000000.0,,21.763,-65000000.0,272000000.0,272000000.0,1170000000.0,109000000.0,2.04,0.864,991000000.0,84000000.0,907000000.0,991000000.0,0.0,78000000.0,0.0,0.153,0.255,191000000.0,269000000.0,0.159,269000000.0,191000000.0,178000000.0,0.54,0.54,0.54,4357000000.0,,4357000000.0,11842510581.0,16.0,12.146,41000000.0,0.205,1.0,524000000.0,0.309,1805000000.0,13000000.0,5184000000.0,,1699000000.0,0.0,0.0,0.0,3766000000.0,1853000000.0,1913000000.0,11526510581.0,89000000.0,0.0,-306000000.0,490000000.0,-51000000.0,133000000.0,-65000000.0,0.0,106000000.0,0.0,109000000.0,109000000.0,109000000.0,13000000.0,0.0,0.064,320000000.0,204000000.0,774000000.0,0.472,2.646,25.222,25.964,2298000000.0,0.0,57.38,1.714,1.708,1274000000.0,4447000000.0,1694000000.0,1694000000.0,0.0,,,,,0.0,320000000.0,1.0,200880282.0,200200000,203600000.0,8.462,6318000000.0,249000000.0,69000000.0,43000000.0,31.558,1927000000.0
94,ROK,MRQ,1997-12-31,1997-12-31,1997-12-31,2021-07-27,-127000000.0,7904000000.0,,3615000000.0,4289000000.0,,22.461,-46000000.0,183000000.0,183000000.0,1116000000.0,72000000.0,1.697,0.718,499000000.0,342000000.0,157000000.0,499000000.0,0.0,75000000.0,0.0,0.169,7.955,113000000.0,188000000.0,0.116,188000000.0,113000000.0,109000000.0,0.35,0.35,0.35,4600000000.0,,4600000000.0,,,,97000000.0,0.474,1.0,506000000.0,0.312,1795000000.0,4000000.0,4295000000.0,,1616000000.0,0.0,0.0,0.0,3304000000.0,2130000000.0,1174000000.0,10495994734.0,-100000000.0,-158000000.0,-231000000.0,283000000.0,-52000000.0,0.0,-204000000.0,0.0,143000000.0,0.0,72000000.0,72000000.0,72000000.0,-29000000.0,0.0,0.044,405000000.0,101000000.0,757000000.0,22.729,2.282,19.546,20.571,2246000000.0,0.0,52.25,1.51,1.54,1294000000.0,4438000000.0,1622000000.0,1622000000.0,0.0,,,,,0.0,302000000.0,1.0,200880282.0,204800000,207800000.0,7.92,6109000000.0,251000000.0,37000000.0,138000000.0,29.829,1485000000.0
95,ROK,MRQ,1997-09-30,1997-09-30,1997-09-30,2021-07-27,-103000000.0,7642000000.0,,4294000000.0,3348000000.0,,23.119,-106000000.0,269000000.0,269000000.0,1220000000.0,109000000.0,2.596,0.588,208000000.0,52000000.0,156000000.0,208000000.0,0.0,85000000.0,0.0,0.018,0.29,185000000.0,270000000.0,0.154,270000000.0,185000000.0,178000000.0,0.53,0.53,0.53,4811000000.0,,4811000000.0,,,,-34000000.0,-0.163,1.0,536000000.0,0.305,1698000000.0,7000000.0,4229000000.0,,1303000000.0,0.0,0.0,0.0,2831000000.0,1654000000.0,1177000000.0,,-103000000.0,403000000.0,-220000000.0,-556000000.0,-60000000.0,-558000000.0,297000000.0,0.0,72000000.0,0.0,109000000.0,109000000.0,109000000.0,8000000.0,0.0,0.062,343000000.0,193000000.0,651000000.0,0.547,,,20.93,1430000000.0,0.0,63.0,,2.08,1096000000.0,4409000000.0,1756000000.0,1756000000.0,0.0,,,,,0.0,320000000.0,1.0,,208100000,211100000.0,8.438,5944000000.0,220000000.0,69000000.0,97000000.0,28.563,2640000000.0
96,ROK,MRQ,1997-06-30,1997-06-30,1997-06-30,2021-07-27,,,,,,,,69000000.0,,,1124000000.0,167000000.0,,,,,,,,-15000000.0,,0.02,0.29,263000000.0,248000000.0,0.15,248000000.0,263000000.0,253000000.0,0.79,0.78,0.79,,,,,,,30000000.0,0.141,1.0,529000000.0,0.32,,10000000.0,,,,,,,,,,,-265000000.0,15000000.0,-271000000.0,198000000.0,-62000000.0,-234000000.0,84000000.0,0.0,-39000000.0,0.0,167000000.0,167000000.0,167000000.0,-47000000.0,0.0,0.101,313000000.0,216000000.0,,0.367,,,,,0.0,59.25,,,,,1653000000.0,1653000000.0,0.0,,,,,0.0,313000000.0,1.0,,212300000,215400000.0,7.786,,,86000000.0,,,
97,ROK,MRQ,1997-03-31,1997-03-31,1997-03-31,2021-07-27,,,,,,,,-155000000.0,,,1325000000.0,189000000.0,,,,,,,,106000000.0,,0.018,0.29,289000000.0,395000000.0,0.206,395000000.0,289000000.0,283000000.0,0.87,0.85,0.87,,,,,,,37000000.0,0.171,1.0,594000000.0,0.31,,6000000.0,,,,,,,,,,,-132000000.0,-22000000.0,-262000000.0,344000000.0,-63000000.0,-153000000.0,-177000000.0,0.0,192000000.0,0.0,189000000.0,189000000.0,189000000.0,-34000000.0,0.0,0.098,339000000.0,255000000.0,,0.333,,,,,0.0,64.88,,,,,1919000000.0,1919000000.0,0.0,,,,,0.0,339000000.0,1.0,,216200000,219600000.0,8.876,,,94000000.0,,,
98,ROK,MRQ,1996-12-31,1996-12-31,1996-12-31,2021-07-27,,,,,,,,463000000.0,,,1285000000.0,179000000.0,,,,,,,,117000000.0,,0.019,0.29,275000000.0,392000000.0,0.21,392000000.0,275000000.0,271000000.0,0.82,0.81,0.82,,,,,,,645000000.0,2.949,1.0,586000000.0,0.313,,4000000.0,,,,,,,,,,,130000000.0,-1000000.0,-47000000.0,-494000000.0,-63000000.0,-357000000.0,462000000.0,0.0,182000000.0,0.0,179000000.0,179000000.0,179000000.0,-25000000.0,0.0,0.096,336000000.0,250000000.0,,0.354,,,,,0.0,60.88,,,,,1871000000.0,1871000000.0,0.0,,,,,0.0,336000000.0,1.0,,218700000,221800000.0,8.555,,,92000000.0,,,
0,ROK,MRT,2021-06-30,2021-06-30,2021-06-30,2021-07-27,-1075000000.0,8573100000.0,8081625000.0,3286200000.0,5286900000.0,0.836,19.566,-98100000.0,913800000.0,913800000.0,3942000000.0,1533400000.0,1.338,2.641,2269900000.0,24600000.0,2245300000.0,2269900000.0,413200000.0,180700000.0,0.0,0.015,4.23,1924900000.0,2105600000.0,0.311,2105600000.0,1924900000.0,1830400000.0,13.29,13.17,13.29,2269600000.0,1668050000.0,2269600000.0,34839056304.0,18.0,16.546,1284600000.0,11.074,1.0,2817600000.0,0.417,2428800000.0,94500000.0,5044100000.0,5135225000.0,734400000.0,1589400000.0,0.0,1589400000.0,5995000000.0,2456300000.0,3538700000.0,33200256304.0,29800000.0,-288000000.0,-88800000.0,-397700000.0,-491400000.0,-993400000.0,-399100000.0,-8500000.0,1382700000.0,39600000.0,1542300000.0,1542300000.0,1542300000.0,0.0,-8900000.0,0.228,1657800000.0,1159800000.0,890200000.0,0.318,14.628,21.526,21.521,889800000.0,0.0,286.02,4.912,4.908,1431100000.0,7921900000.0,6759600000.0,6759600000.0,0.0,0.191,0.925,0.375,0.285,49300000.0,1587200000.0,1.0,116076695.0,116000000,117000000.0,58.272,6144300000.0,180400000.0,288100000.0,0.0,52.968,829900000.0
1,ROK,MRT,2021-03-31,2021-03-31,2021-03-31,2021-07-27,-1526000000.0,8317700000.0,7770725000.0,2969500000.0,5348200000.0,0.811,15.652,-95900000.0,641900000.0,641900000.0,3698000000.0,1578600000.0,1.388,3.406,2280700000.0,25600000.0,2255100000.0,2280700000.0,393100000.0,178400000.0,0.0,0.016,4.18,1950200000.0,2128600000.0,0.338,2128600000.0,1950200000.0,1852700000.0,13.69,13.58,13.69,1817200000.0,1293275000.0,1817200000.0,32500804701.0,17.0,15.269,1171500000.0,10.09,1.0,2607400000.0,0.414,2422100000.0,97500000.0,5394600000.0,5050125000.0,681100000.0,1534900000.0,0.0,1534900000.0,6189000000.0,2139800000.0,4049200000.0,30832204701.0,25900000.0,-574600000.0,-49700000.0,-57600000.0,-485200000.0,-604000000.0,-681100000.0,-7500000.0,1267400000.0,43600000.0,1588800000.0,1588800000.0,1588800000.0,0.0,-10200000.0,0.252,1555800000.0,1051600000.0,806200000.0,0.305,16.967,19.406,19.389,898300000.0,0.0,265.44,4.89,4.887,1458700000.0,7899300000.0,6305400000.0,6305400000.0,0.0,0.204,1.229,0.386,0.309,48100000.0,1520500000.0,1.0,116155081.0,116100000,117100000.0,54.31,5895600000.0,300700000.0,263900000.0,0.0,50.78,829700000.0
2,ROK,MRT,2020-12-31,2020-12-31,2020-12-31,2021-07-27,-1527300000.0,8171000000.0,7357775000.0,2932100000.0,5238900000.0,0.844,13.416,-89200000.0,730400000.0,730400000.0,3671800000.0,1298200000.0,1.34,4.043,2399000000.0,150500000.0,2248500000.0,2399000000.0,383600000.0,174800000.0,0.0,0.016,4.13,1609700000.0,1784500000.0,0.287,1784500000.0,1609700000.0,1510000000.0,11.26,11.17,11.26,1557600000.0,994175000.0,1557600000.0,30708186770.0,19.0,17.208,1146700000.0,9.877,1.0,2538800000.0,0.409,2442500000.0,99700000.0,5208500000.0,4894475000.0,640600000.0,1345900000.0,0.0,1345900000.0,6297200000.0,2188600000.0,4108600000.0,29138786770.0,-170000000.0,-595500000.0,-83200000.0,-174700000.0,-479200000.0,-740500000.0,-695100000.0,-9100000.0,1235900000.0,29700000.0,1306000000.0,1306000000.0,1306000000.0,0.0,-7800000.0,0.21,1489600000.0,1049200000.0,721100000.0,0.367,18.707,22.311,22.274,909100000.0,0.0,250.81,4.692,4.689,1379000000.0,7608800000.0,6210600000.0,6210600000.0,0.0,0.177,1.314,0.329,0.259,46100000.0,1451200000.0,1.0,116178728.0,116100000,117100000.0,53.494,5728500000.0,351500000.0,204000000.0,0.0,49.341,743500000.0
3,ROK,MRT,2020-09-30,2020-09-30,2020-09-30,2021-07-27,-1614200000.0,7264700000.0,7092000000.0,2685800000.0,4578900000.0,0.893,8.876,-99000000.0,704600000.0,704600000.0,3734600000.0,1023200000.0,1.483,5.758,2274000000.0,24600000.0,2249400000.0,2274000000.0,325300000.0,172700000.0,0.0,0.018,4.08,1239800000.0,1412500000.0,0.223,1412500000.0,1239800000.0,1136300000.0,8.83,8.77,8.83,1027800000.0,784025000.0,1027800000.0,27329590057.0,22.0,19.348,1021500000.0,8.821,1.0,2595200000.0,0.41,2129600000.0,103500000.0,4893700000.0,4795325000.0,584000000.0,953500000.0,0.0,953500000.0,5917900000.0,1810800000.0,4107100000.0,25591590057.0,-288000000.0,-550900000.0,-49800000.0,-277100000.0,-472800000.0,-798900000.0,-618000000.0,33200000.0,1120500000.0,8400000.0,1023400000.0,1023400000.0,1023400000.0,0.0,-200000.0,0.162,1509500000.0,1085700000.0,687800000.0,0.462,24.899,25.006,24.992,917300000.0,0.0,220.68,4.043,4.037,1249100000.0,7139800000.0,6329800000.0,6329800000.0,0.0,0.144,1.305,0.259,0.196,46100000.0,1479800000.0,1.0,115966966.0,115800000,116600000.0,54.661,5135100000.0,415600000.0,112900000.0,0.0,44.345,875000000.0
4,ROK,MRT,2020-06-30,2020-06-30,2020-06-30,2021-07-27,-1569900000.0,7329500000.0,6804075000.0,2942500000.0,4387000000.0,0.954,6.659,-100000000.0,909800000.0,909800000.0,3811200000.0,767600000.0,1.312,8.099,2647800000.0,422800000.0,2225000000.0,2647800000.0,341700000.0,167700000.0,0.0,0.019,4.03,998400000.0,1166100000.0,0.18,1166100000.0,998400000.0,894100000.0,6.67,6.62,6.67,770500000.0,628125000.0,770500000.0,26333903480.0,26.0,22.583,1169700000.0,10.11,1.0,2678800000.0,0.413,2121700000.0,104300000.0,4703700000.0,4609275000.0,674800000.0,900100000.0,0.0,900100000.0,6240400000.0,2242100000.0,3998300000.0,24670503480.0,121000000.0,-545900000.0,-287500000.0,121400000.0,-467200000.0,-633600000.0,-495400000.0,151800000.0,1269700000.0,-19700000.0,768800000.0,768800000.0,768800000.0,0.0,-1200000.0,0.118,1533100000.0,1145700000.0,667000000.0,0.604,32.019,32.09,31.934,884800000.0,0.0,213.0,3.801,3.797,1202100000.0,6877200000.0,6490000000.0,6490000000.0,0.0,0.113,1.224,0.217,0.154,45300000.0,1530500000.0,1.0,115823960.0,115700000,116400000.0,56.093,5207800000.0,353300000.0,125300000.0,0.0,45.011,700400000.0
5,ROK,MRT,2020-03-31,2020-03-31,2020-03-31,2021-07-27,-1625800000.0,6665900000.0,6511400000.0,2758200000.0,3907700000.0,1.038,5.352,-105700000.0,641800000.0,641800000.0,3906200000.0,714800000.0,1.565,9.227,2305200000.0,81500000.0,2223700000.0,2305200000.0,326200000.0,161100000.0,0.0,0.026,3.98,983100000.0,1144200000.0,0.169,1144200000.0,983100000.0,877400000.0,6.15,6.09,6.15,620800000.0,724625000.0,620800000.0,19142374622.0,19.0,16.73,1169000000.0,10.078,1.0,2854900000.0,0.422,1795300000.0,105700000.0,4772000000.0,4527300000.0,629000000.0,716300000.0,0.0,716300000.0,5728000000.0,1762000000.0,3966000000.0,17533274622.0,-138200000.0,-259300000.0,-530200000.0,-219800000.0,-463600000.0,-1213900000.0,-166700000.0,198300000.0,1274700000.0,-32300000.0,712400000.0,712400000.0,712400000.0,0.0,2400000.0,0.105,1525000000.0,1329900000.0,742500000.0,0.647,28.243,24.612,24.538,879300000.0,0.0,150.91,2.593,2.589,1301100000.0,6795800000.0,6761100000.0,6761100000.0,0.0,0.109,0.983,0.217,0.145,43700000.0,1522000000.0,1.0,116183650.0,116000000,116600000.0,58.285,4870600000.0,369300000.0,165000000.0,0.0,41.988,996200000.0
6,ROK,MRT,2019-12-31,2019-12-31,2019-12-31,2021-07-27,-1584300000.0,7107900000.0,6408475000.0,3007500000.0,4100400000.0,1.051,6.197,-123200000.0,926200000.0,926200000.0,3872700000.0,930900000.0,1.455,8.468,2535300000.0,324500000.0,2210800000.0,2535300000.0,319200000.0,158200000.0,0.0,0.019,3.93,1214000000.0,1372200000.0,0.204,1372200000.0,1214000000.0,1110100000.0,7.92,7.84,7.92,717000000.0,903500000.0,717000000.0,24656398735.0,20.0,17.969,1077900000.0,9.316,1.0,2864300000.0,0.425,1837600000.0,103900000.0,4811900000.0,4469125000.0,625300000.0,860700000.0,0.0,860700000.0,6071400000.0,2067500000.0,4003900000.0,23417898735.0,293900000.0,-259200000.0,-671700000.0,379800000.0,-460800000.0,-753800000.0,-148900000.0,233500000.0,1201100000.0,-4500000.0,926200000.0,926200000.0,926200000.0,0.0,4700000.0,0.137,1548900000.0,1315400000.0,708300000.0,0.496,32.661,25.284,25.59,905100000.0,0.0,202.67,3.476,3.481,1298100000.0,6782000000.0,6737000000.0,6737000000.0,0.0,0.145,1.025,0.272,0.18,43600000.0,1555000000.0,1.0,115546942.0,115700000,116600000.0,58.228,5270300000.0,368500000.0,183900000.0,0.0,45.551,940000000.0
7,ROK,MRT,2019-09-30,2019-09-30,2019-09-30,2021-07-27,-1488000000.0,6113000000.0,6115350000.0,2985700000.0,3127300000.0,1.095,3.417,-128300000.0,1018400000.0,1018400000.0,3794700000.0,695800000.0,1.542,14.124,2256900000.0,300500000.0,1956400000.0,2256900000.0,275600000.0,152200000.0,0.0,0.024,3.88,999200000.0,1151400000.0,0.172,1151400000.0,999200000.0,901000000.0,5.88,5.83,5.88,404200000.0,1042825000.0,404200000.0,20734559072.0,21.0,18.008,1053700000.0,8.907,1.0,2900100000.0,0.433,1265200000.0,98200000.0,4149500000.0,4174150000.0,575700000.0,793900000.0,0.0,793900000.0,5708800000.0,1936800000.0,3772000000.0,19282859072.0,399600000.0,-20700000.0,-961600000.0,436600000.0,-459800000.0,-985900000.0,225000000.0,374000000.0,1182000000.0,-21500000.0,695800000.0,695800000.0,695800000.0,0.0,0.0,0.104,1532400000.0,1367700000.0,694600000.0,0.66,47.706,27.713,28.027,571900000.0,0.0,164.8,2.88,2.912,1178700000.0,6440200000.0,6694800000.0,6694800000.0,0.0,0.114,0.667,0.239,0.149,43100000.0,1538500000.0,1.0,117007640.0,118300000,119300000.0,56.592,4847800000.0,364100000.0,205200000.0,0.0,40.979,1048900000.0
8,ROK,MRT,2019-06-30,2019-06-30,2019-06-30,2021-07-27,-930200000.0,6158800000.0,6152600000.0,2945800000.0,3213000000.0,1.088,9.834,-152300000.0,788800000.0,788800000.0,3780800000.0,1033600000.0,1.509,4.325,2240500000.0,299400000.0,1941100000.0,2240500000.0,293700000.0,151900000.0,0.0,0.023,3.83,1416700000.0,1568600000.0,0.234,1568600000.0,1416700000.0,1326300000.0,8.57,8.47,8.57,1156500000.0,1346150000.0,1156500000.0,20842352849.0,15.0,13.287,917500000.0,7.802,1.0,2913300000.0,0.435,1282200000.0,90400000.0,4375800000.0,4109725000.0,656300000.0,1182500000.0,124600000.0,1057900000.0,5002300000.0,1952500000.0,3049800000.0,19391252849.0,-151300000.0,-20700000.0,-1137100000.0,987500000.0,-459400000.0,-609000000.0,-603000000.0,-430000000.0,1069800000.0,-9100000.0,1033600000.0,1033600000.0,1033600000.0,0.0,0.0,0.154,1531700000.0,1381600000.0,629900000.0,0.447,16.767,18.761,19.117,556500000.0,0.0,163.83,2.897,2.878,1222600000.0,6431600000.0,6694100000.0,6694100000.0,0.0,0.168,0.768,0.345,0.212,42400000.0,1548500000.0,1.0,118362039.0,117600000,118600000.0,56.923,4876600000.0,198100000.0,292700000.0,0.0,41.468,993300000.0
9,ROK,MRT,2019-03-31,2019-03-31,2019-03-31,2021-07-27,-940300000.0,6254200000.0,6072300000.0,2976800000.0,3277400000.0,1.108,11.239,-146800000.0,780000000.0,780000000.0,3800000000.0,970800000.0,1.59,3.68,2231100000.0,298700000.0,1932400000.0,2231100000.0,308900000.0,157100000.0,0.0,0.022,3.78,1336700000.0,1493800000.0,0.222,1493800000.0,1336700000.0,1256600000.0,7.95,7.85,7.95,1336300000.0,1418075000.0,1336300000.0,22209584274.0,17.0,14.868,914900000.0,7.695,1.0,2927700000.0,0.435,1294100000.0,80100000.0,4539300000.0,3783475000.0,665400000.0,1234100000.0,122200000.0,1111900000.0,4917900000.0,1871900000.0,3046000000.0,20975184274.0,-653900000.0,-20700000.0,-1312100000.0,680400000.0,-459800000.0,-1091500000.0,-555600000.0,-388100000.0,1061700000.0,-68500000.0,970800000.0,970800000.0,970800000.0,0.0,0.0,0.144,1569600000.0,1358100000.0,660900000.0,0.475,15.696,21.606,22.07,557800000.0,0.0,175.46,3.118,3.101,1244400000.0,6398000000.0,6727700000.0,6727700000.0,0.0,0.16,0.685,0.353,0.199,41500000.0,1586400000.0,1.0,119543966.0,118900000,120000000.0,56.583,4960100000.0,200000000.0,285800000.0,0.0,41.717,1104900000.0
10,ROK,MRT,2018-12-31,2018-12-31,2018-12-31,2021-07-27,-976900000.0,5935400000.0,6137150000.0,2737900000.0,3197500000.0,1.095,10.593,-133000000.0,632300000.0,632300000.0,3798300000.0,852200000.0,1.209,3.658,1866700000.0,631300000.0,1235400000.0,1866700000.0,293000000.0,160900000.0,0.0,0.024,3.645,1227500000.0,1388400000.0,0.207,1388400000.0,1227500000.0,1153800000.0,6.83,6.74,6.83,1274300000.0,1570800000.0,1274300000.0,19317940208.0,16.0,13.914,1166300000.0,9.695,1.0,2923400000.0,0.435,1272300000.0,73700000.0,3632000000.0,3499900000.0,627200000.0,1181200000.0,121200000.0,1060000000.0,4661100000.0,2265500000.0,2395600000.0,18160540208.0,-914700000.0,0.0,-1530900000.0,-208700000.0,-450400000.0,-2190000000.0,3500000.0,136500000.0,1299300000.0,-27500000.0,852200000.0,852200000.0,852200000.0,0.0,0.0,0.127,1571200000.0,1352200000.0,648200000.0,0.534,14.251,21.31,22.032,559700000.0,0.0,150.48,2.702,2.693,1188700000.0,6167600000.0,6721700000.0,6721700000.0,0.0,0.139,0.543,0.351,0.183,40900000.0,1588000000.0,1.0,120684079.0,120300000,121500000.0,55.874,4663100000.0,196400000.0,301600000.0,0.0,38.762,472400000.0
11,ROK,MRT,2018-09-30,2018-09-30,2018-09-30,2021-07-27,-941900000.0,6262000000.0,6442975000.0,2830700000.0,3431300000.0,1.035,12.899,-125000000.0,618800000.0,618800000.0,3781100000.0,535500000.0,1.265,2.871,1776200000.0,551000000.0,1225200000.0,1776200000.0,249900000.0,164600000.0,0.0,0.019,3.51,1403800000.0,1568400000.0,0.235,1568400000.0,1403800000.0,1330800000.0,4.27,4.21,4.27,1617500000.0,1791275000.0,1617500000.0,23383673235.0,17.0,14.909,1175000000.0,9.37,1.0,2884900000.0,0.433,1290700000.0,73000000.0,3891800000.0,3613925000.0,581600000.0,1578900000.0,290900000.0,1288000000.0,4644500000.0,2236900000.0,2407600000.0,23095873235.0,-792100000.0,-9900000.0,-1400500000.0,-49400000.0,-440800000.0,-1888900000.0,-170400000.0,-35500000.0,1300000000.0,-32800000.0,535500000.0,535500000.0,535500000.0,0.0,0.0,0.08,1571100000.0,1313800000.0,713400000.0,0.822,14.279,43.13,43.916,576800000.0,0.0,187.52,3.465,3.528,1190100000.0,6198100000.0,6666000000.0,6666000000.0,0.0,0.083,0.299,0.388,0.211,38500000.0,1587900000.0,1.0,123164853.0,125400000,126900000.0,53.158,4971300000.0,179600000.0,795300000.0,0.0,39.644,593800000.0
12,ROK,MRT,2018-06-30,2018-06-30,2018-06-30,2021-07-27,-1140500000.0,5837600000.0,6667900000.0,3375800000.0,2461800000.0,0.99,11.609,-122000000.0,940100000.0,940100000.0,3763800000.0,394200000.0,1.925,3.042,1227900000.0,800000.0,1227100000.0,1227900000.0,261600000.0,169800000.0,0.0,0.02,3.35,1195900000.0,1365700000.0,0.207,1365700000.0,1195900000.0,1122600000.0,3.14,3.09,3.14,1444200000.0,2052800000.0,1444200000.0,20979630557.0,18.0,15.362,922100000.0,7.412,1.0,2840200000.0,0.43,1301000000.0,73300000.0,3070800000.0,3674250000.0,570300000.0,548600000.0,548600000.0,0.0,4393400000.0,1753600000.0,2639800000.0,20875230557.0,-609300000.0,84100000.0,-1030700000.0,-597700000.0,-425800000.0,-2052400000.0,408900000.0,446800000.0,1044100000.0,-9900000.0,394200000.0,394200000.0,394200000.0,0.0,0.0,0.06,1560200000.0,1280000000.0,641800000.0,1.067,14.455,52.956,52.939,537300000.0,0.0,166.23,3.161,3.131,1149300000.0,5851500000.0,6604000000.0,6604000000.0,0.0,0.059,0.192,0.325,0.181,37700000.0,1564400000.0,1.0,125580404.0,124400000,125800000.0,53.087,4536600000.0,296700000.0,728400000.0,0.0,36.468,1622200000.0
13,ROK,MRT,2018-03-31,2018-03-31,2018-03-31,2021-07-27,-1081500000.0,6513600000.0,7012375000.0,3940900000.0,2572700000.0,0.928,15.344,-129400000.0,1433900000.0,1433900000.0,3731300000.0,412500000.0,2.099,2.345,1538300000.0,308500000.0,1229800000.0,1538300000.0,286400000.0,170700000.0,0.0,0.018,3.19,1222800000.0,1393500000.0,0.214,1393500000.0,1222800000.0,1146900000.0,3.23,3.18,3.23,1947200000.0,2236250000.0,1947200000.0,22792413902.0,19.0,16.356,886900000.0,6.989,1.0,2773200000.0,0.426,1335200000.0,75900000.0,3405000000.0,3909175000.0,570400000.0,613400000.0,613400000.0,0.0,4566400000.0,1877800000.0,2688600000.0,22260113902.0,-6900000.0,84100000.0,-712400000.0,-315000000.0,-408700000.0,-1434300000.0,348100000.0,393400000.0,1016300000.0,63000000.0,412500000.0,412500000.0,412500000.0,0.0,0.0,0.063,1547400000.0,1225800000.0,630000000.0,0.988,11.432,53.964,53.932,557200000.0,0.0,174.2,3.422,3.399,1163100000.0,5880900000.0,6504500000.0,6504500000.0,0.0,0.059,0.184,0.313,0.188,37100000.0,1551600000.0,1.0,127784810.0,126900000,128500000.0,51.257,5178400000.0,332500000.0,734400000.0,0.0,40.807,2063100000.0
14,ROK,MRT,2017-12-31,2017-12-31,2017-12-31,2021-07-27,-1175700000.0,7158700000.0,7150225000.0,4533900000.0,2624800000.0,0.896,16.819,-135400000.0,1547000000.0,1547000000.0,3681800000.0,374600000.0,1.983,2.32,2079300000.0,840000000.0,1239300000.0,2079300000.0,267500000.0,168100000.0,0.0,0.016,3.115,1155100000.0,1323200000.0,0.207,1323200000.0,1155100000.0,1077600000.0,2.91,2.86,2.91,2156200000.0,2298900000.0,2156200000.0,25664447360.0,22.0,19.396,800500000.0,6.244,1.0,2725800000.0,0.425,1316300000.0,77500000.0,4088100000.0,4097850000.0,570800000.0,1100500000.0,1100500000.0,0.0,5002500000.0,2286600000.0,2715900000.0,25231547360.0,-47600000.0,84100000.0,-307000000.0,181400000.0,-400500000.0,-524300000.0,-512100000.0,-460800000.0,935900000.0,52900000.0,374600000.0,374600000.0,374600000.0,0.0,0.0,0.058,1570000000.0,1155800000.0,582200000.0,1.07,11.702,67.356,67.474,565800000.0,0.0,196.35,3.938,3.928,1149900000.0,5759700000.0,6407600000.0,6407600000.0,0.0,0.052,0.163,0.282,0.18,36400000.0,1574200000.0,1.0,128502915.0,128200000,128200000.0,49.981,5842400000.0,334800000.0,703000000.0,0.0,45.573,2247300000.0
15,ROK,MRT,2017-09-30,2017-09-30,2017-09-30,2021-07-27,-1179200000.0,7161700000.0,7134125000.0,4420700000.0,2741000000.0,0.885,20.745,-140600000.0,1410900000.0,1410900000.0,3643400000.0,825700000.0,2.06,1.689,1843800000.0,600400000.0,1243400000.0,1843800000.0,240600000.0,168900000.0,0.0,0.017,3.04,1113600000.0,1282500000.0,0.203,1282500000.0,1113600000.0,1037400000.0,6.42,6.35,6.42,2663600000.0,2272275000.0,2663600000.0,23167690893.0,21.0,18.064,893400000.0,6.958,1.0,2667900000.0,0.423,1315700000.0,76200000.0,4133100000.0,4050050000.0,558700000.0,1450300000.0,1124600000.0,325700000.0,4498100000.0,2145800000.0,2352300000.0,22874890893.0,-115500000.0,92900000.0,-160700000.0,-98200000.0,-390700000.0,-649600000.0,-516700000.0,-469000000.0,1034000000.0,16800000.0,825700000.0,825700000.0,825700000.0,0.0,0.0,0.131,1557600000.0,1110300000.0,623200000.0,0.474,8.588,27.704,27.759,583900000.0,0.0,178.21,3.624,3.626,1135500000.0,6103400000.0,6311300000.0,6311300000.0,0.0,0.116,0.363,0.275,0.176,38500000.0,1557600000.0,1.0,128359188.0,128400000,129900000.0,49.153,5846000000.0,443600000.0,211700000.0,0.0,45.53,2274900000.0
16,ROK,MRT,2017-06-30,2017-06-30,2017-06-30,2021-07-27,-1463700000.0,7215500000.0,7119000000.0,4456500000.0,2759000000.0,0.868,16.963,-134200000.0,1549400000.0,1549400000.0,3554000000.0,806300000.0,2.029,2.313,1842200000.0,598400000.0,1243800000.0,1842200000.0,245400000.0,167000000.0,0.0,0.019,3.005,1075700000.0,1242700000.0,0.201,1242700000.0,1075700000.0,1000800000.0,6.27,6.2,6.27,2178000000.0,2103900000.0,2178000000.0,21288782032.0,20.0,17.131,1064900000.0,8.294,1.0,2628400000.0,0.425,1301600000.0,74900000.0,4010500000.0,4075425000.0,585500000.0,1065200000.0,1065200000.0,0.0,5037500000.0,2196200000.0,2841300000.0,20866182032.0,40100000.0,-119000000.0,-269600000.0,-5600000.0,-386700000.0,-661000000.0,-498200000.0,-245000000.0,1199100000.0,200000.0,806300000.0,806300000.0,806300000.0,0.0,0.0,0.13,1568100000.0,1060300000.0,610100000.0,0.479,9.58,25.879,25.831,568800000.0,0.0,161.96,3.375,3.364,1111900000.0,5898700000.0,6182400000.0,6182400000.0,0.0,0.113,0.383,0.264,0.174,38600000.0,1568100000.0,1.0,128835404.0,128400000,129900000.0,48.15,5913900000.0,640500000.0,194500000.0,0.0,46.058,2260300000.0
17,ROK,MRT,2017-03-31,2017-03-31,2017-03-31,2021-07-27,-1508000000.0,7065000000.0,7029050000.0,4317400000.0,2747600000.0,0.862,17.077,-131100000.0,1440800000.0,1440800000.0,3489700000.0,780400000.0,2.132,2.215,1863400000.0,623400000.0,1240000000.0,1863400000.0,247100000.0,166800000.0,0.0,0.019,2.97,1051000000.0,1217800000.0,0.201,1217800000.0,1051000000.0,977100000.0,6.05,5.99,6.05,2197800000.0,2089725000.0,2197800000.0,20329176104.0,19.0,16.693,1028700000.0,7.993,1.0,2567500000.0,0.424,1302500000.0,73900000.0,4159700000.0,4146150000.0,543200000.0,1092700000.0,1092700000.0,0.0,4867200000.0,2025400000.0,2841800000.0,20024276104.0,44500000.0,-119100000.0,-274900000.0,95900000.0,-383300000.0,-560200000.0,-535000000.0,-284800000.0,1159800000.0,-20100000.0,780400000.0,780400000.0,780400000.0,0.0,0.0,0.129,1528000000.0,1039500000.0,564600000.0,0.491,9.111,25.659,25.737,567200000.0,0.0,155.71,3.306,3.308,1082600000.0,5877100000.0,6057200000.0,6057200000.0,0.0,0.111,0.373,0.253,0.174,38000000.0,1528000000.0,1.0,128599808.0,128700000,130300000.0,47.064,5762500000.0,634000000.0,196700000.0,0.0,44.775,2292000000.0
18,ROK,MRT,2016-12-31,2016-12-31,2016-12-31,2021-07-27,-1588900000.0,7094300000.0,6897700000.0,4487200000.0,2607100000.0,0.862,15.976,-115600000.0,1594600000.0,1594600000.0,3438100000.0,758900000.0,2.036,2.461,1899500000.0,658600000.0,1240900000.0,1899500000.0,226400000.0,171300000.0,0.0,0.022,2.935,1036400000.0,1207700000.0,0.203,1207700000.0,1036400000.0,963800000.0,5.87,5.82,5.87,2049700000.0,2094175000.0,2049700000.0,17672498835.0,17.0,14.633,957700000.0,7.465,1.0,2505100000.0,0.422,1298400000.0,72600000.0,3896900000.0,4153150000.0,541700000.0,888000000.0,888000000.0,0.0,5044600000.0,2203900000.0,2840700000.0,17233998835.0,145400000.0,-140200000.0,-362400000.0,247600000.0,-380100000.0,-492300000.0,-386300000.0,-130500000.0,1073300000.0,-49300000.0,758900000.0,758900000.0,758900000.0,0.0,0.0,0.128,1477500000.0,1027600000.0,506800000.0,0.5,8.408,22.709,22.896,562600000.0,0.0,134.4,2.9,2.901,1036500000.0,5785600000.0,5943200000.0,5943200000.0,0.0,0.11,0.362,0.25,0.174,37800000.0,1477500000.0,1.0,128229158.0,128300000,129700000.0,46.323,5795900000.0,617300000.0,204900000.0,0.0,45.175,2283300000.0
19,ROK,MRT,2016-09-30,2016-09-30,2016-09-30,2021-07-27,-1538800000.0,7101200000.0,6729050000.0,4185000000.0,2916200000.0,0.874,15.285,-116500000.0,1526400000.0,1526400000.0,3404000000.0,729700000.0,2.118,2.568,1964900000.0,448600000.0,1516300000.0,1964900000.0,214500000.0,172200000.0,0.0,0.024,2.9,1014400000.0,1186600000.0,0.202,1186600000.0,1014400000.0,943100000.0,5.6,5.56,5.6,1990100000.0,2140875000.0,1990100000.0,16197304931.0,16.0,13.65,830800000.0,6.381,1.0,2475500000.0,0.421,1329200000.0,71300000.0,4234600000.0,4178950000.0,526600000.0,902800000.0,902800000.0,0.0,5111100000.0,1975900000.0,3135200000.0,15830804931.0,99100000.0,-139100000.0,-471400000.0,448600000.0,-378200000.0,-397700000.0,-440000000.0,-184400000.0,947300000.0,-10500000.0,729700000.0,729700000.0,729700000.0,0.0,0.0,0.124,1467400000.0,1008100000.0,543100000.0,0.518,7.955,21.695,21.846,578300000.0,0.0,122.34,2.693,2.709,1079000000.0,5668400000.0,5879500000.0,5879500000.0,0.0,0.108,0.341,0.243,0.173,37200000.0,1467400000.0,1.0,129400073.0,130200000,131100000.0,45.157,5772000000.0,633900000.0,213400000.0,0.0,44.332,2209100000.0
20,ROK,MRT,2016-06-30,2016-06-30,2016-06-30,2021-07-27,-1328300000.0,6855700000.0,6554925000.0,4153900000.0,2701800000.0,0.907,16.343,-118600000.0,1509300000.0,1509300000.0,3460600000.0,745800000.0,2.444,2.232,1875800000.0,354000000.0,1521800000.0,1875800000.0,214700000.0,170800000.0,0.0,0.025,2.825,1054900000.0,1225700000.0,0.206,1225700000.0,1054900000.0,985100000.0,5.68,5.63,5.68,2121300000.0,2207550000.0,2121300000.0,15351359892.0,15.0,12.525,904700000.0,6.97,1.0,2487800000.0,0.418,1229500000.0,69800000.0,4293400000.0,4093375000.0,556300000.0,923400000.0,923400000.0,0.0,4734400000.0,1699300000.0,3035100000.0,14956859892.0,-57900000.0,-21200000.0,-534900000.0,354000000.0,-371500000.0,-549800000.0,-481000000.0,-341200000.0,1023300000.0,-50400000.0,745800000.0,745800000.0,745800000.0,0.0,0.0,0.125,1426000000.0,1061800000.0,532600000.0,0.497,7.051,20.055,20.215,567000000.0,0.0,114.82,2.514,2.505,1022500000.0,5482800000.0,5948400000.0,5948400000.0,0.0,0.114,0.338,0.258,0.177,37900000.0,1426000000.0,1.0,130263542.0,129800000,130800000.0,45.827,5626200000.0,512700000.0,239300000.0,0.0,43.345,2454600000.0
21,ROK,MRT,2016-03-31,2016-03-31,2016-03-31,2021-07-27,-1325700000.0,6539600000.0,6442625000.0,4063000000.0,2476600000.0,0.939,16.978,-115400000.0,1396300000.0,1396300000.0,3500400000.0,760900000.0,2.7,1.952,1790800000.0,277600000.0,1513200000.0,1790800000.0,226800000.0,169200000.0,0.0,0.024,2.75,1085500000.0,1254700000.0,0.207,1254700000.0,1085500000.0,1017400000.0,5.74,5.69,5.74,2215600000.0,2316225000.0,2215600000.0,15154074895.0,14.0,12.078,918200000.0,7.036,1.0,2549200000.0,0.421,1241500000.0,68100000.0,4187700000.0,3927775000.0,569700000.0,913600000.0,913600000.0,0.0,4324000000.0,1504900000.0,2819100000.0,14949374895.0,-6600000.0,-21100000.0,-512400000.0,277600000.0,-364600000.0,-592400000.0,-420200000.0,-283700000.0,1033600000.0,-27600000.0,760900000.0,760900000.0,760900000.0,0.0,0.0,0.126,1455700000.0,1093500000.0,500300000.0,0.479,6.747,19.647,19.817,571600000.0,0.0,113.75,2.471,2.454,1028000000.0,5480100000.0,6049600000.0,6049600000.0,0.0,0.118,0.329,0.276,0.179,33900000.0,1455700000.0,1.0,131423076.0,130500000,131300000.0,46.357,5298100000.0,509600000.0,256500000.0,0.0,40.598,2558100000.0
22,ROK,MRT,2015-12-31,2015-12-31,2015-12-31,2021-07-27,-1339000000.0,6419700000.0,6377775000.0,3957200000.0,2462500000.0,0.966,16.969,-120900000.0,1449200000.0,1449200000.0,3531800000.0,798900000.0,2.86,1.87,1653900000.0,161000000.0,1492900000.0,1653900000.0,217100000.0,163200000.0,0.0,0.026,2.675,1143100000.0,1306300000.0,0.212,1306300000.0,1143100000.0,1076900000.0,5.98,5.92,5.98,2236500000.0,2403950000.0,2236500000.0,13619694140.0,12.0,10.426,983400000.0,7.461,1.0,2628300000.0,0.427,1240900000.0,66200000.0,4000100000.0,3837825000.0,562200000.0,770600000.0,770600000.0,0.0,4183200000.0,1383400000.0,2799800000.0,13546094140.0,157300000.0,0.0,-497800000.0,247300000.0,-357600000.0,-601000000.0,-281200000.0,-160300000.0,1104300000.0,-64800000.0,798900000.0,798900000.0,798900000.0,0.0,0.0,0.13,1479400000.0,1148900000.0,469600000.0,0.447,6.057,16.956,17.159,586300000.0,0.0,102.61,2.199,2.195,1015800000.0,5406700000.0,6160100000.0,6160100000.0,0.0,0.125,0.332,0.298,0.186,32800000.0,1479400000.0,1.0,132015341.0,131800000,132600000.0,46.738,5178800000.0,496100000.0,278000000.0,0.0,39.293,2573800000.0
23,ROK,MRT,2015-09-30,2015-09-30,2015-09-30,2021-07-27,-1334600000.0,6404700000.0,6323350000.0,3896800000.0,2507900000.0,0.998,16.779,-120800000.0,1427300000.0,1427300000.0,3604800000.0,827600000.0,2.935,1.838,1500900000.0,0.0,1500900000.0,1500900000.0,200800000.0,162500000.0,0.0,0.026,2.6,1191200000.0,1353700000.0,0.215,1353700000.0,1191200000.0,1127500000.0,6.15,6.09,6.15,2256800000.0,2487100000.0,2256800000.0,13532695841.0,11.0,9.997,1066900000.0,7.932,1.0,2703100000.0,0.429,1258300000.0,63700000.0,3892300000.0,3651775000.0,535600000.0,721900000.0,721900000.0,0.0,4147900000.0,1327700000.0,2820200000.0,13607695841.0,236000000.0,-21200000.0,-538100000.0,269300000.0,-350100000.0,-608100000.0,-246900000.0,-104900000.0,1187700000.0,-96700000.0,827600000.0,827600000.0,827600000.0,0.0,0.0,0.131,1506400000.0,1196700000.0,521700000.0,0.423,6.03,16.442,16.499,605600000.0,0.0,101.47,2.157,2.164,1041000000.0,5316900000.0,6307900000.0,6307900000.0,0.0,0.131,0.333,0.326,0.189,29100000.0,1506400000.0,1.0,134105606.0,134500000,135700000.0,46.899,5146400000.0,494800000.0,299900000.0,0.0,38.263,2569100000.0
24,ROK,MRT,2015-06-30,2015-06-30,2015-06-30,2021-07-27,-1015400000.0,6406500000.0,6278250000.0,4174900000.0,2231600000.0,1.032,19.032,-125700000.0,1567200000.0,1567200000.0,3690400000.0,875000000.0,2.948,1.506,1492200000.0,0.0,1492200000.0,1492200000.0,212000000.0,159000000.0,0.0,0.02,2.53,1249600000.0,1408600000.0,0.217,1408600000.0,1249600000.0,1187600000.0,6.45,6.38,6.45,2556000000.0,2587425000.0,2556000000.0,16875916284.0,14.0,11.981,1039900000.0,7.743,1.0,2791800000.0,0.431,1284500000.0,62000000.0,3631000000.0,3496075000.0,599400000.0,590600000.0,590600000.0,0.0,3850500000.0,1416000000.0,2434500000.0,16773416284.0,392100000.0,-21200000.0,-486000000.0,314400000.0,-342900000.0,-503100000.0,-172100000.0,-25200000.0,1165600000.0,-98300000.0,875000000.0,875000000.0,875000000.0,0.0,0.0,0.135,1543500000.0,1248300000.0,547100000.0,0.392,6.562,19.17,19.324,590700000.0,0.0,124.64,2.588,2.582,1084300000.0,5115300000.0,6482200000.0,6482200000.0,0.0,0.139,0.338,0.357,0.193,28800000.0,1543500000.0,1.0,134574906.0,134300000,135500000.0,48.267,5122000000.0,345400000.0,312600000.0,0.0,38.138,2758900000.0
25,ROK,MRT,2015-03-31,2015-03-31,2015-03-31,2021-07-27,-1040700000.0,6280200000.0,6212900000.0,4046000000.0,2234200000.0,1.055,19.025,-140300000.0,1402900000.0,1402900000.0,3761400000.0,868600000.0,3.163,1.447,1505400000.0,0.0,1505400000.0,1505400000.0,209800000.0,157900000.0,0.0,0.021,2.46,1237000000.0,1394900000.0,0.213,1394900000.0,1237000000.0,1177000000.0,6.36,6.29,6.36,2566500000.0,2628900000.0,2566500000.0,15831855707.0,13.0,11.35,1040100000.0,7.71,1.0,2795100000.0,0.426,1275500000.0,60000000.0,3827900000.0,3369450000.0,595600000.0,634700000.0,634700000.0,0.0,3713700000.0,1279300000.0,2434400000.0,15710155707.0,163100000.0,-21200000.0,-513600000.0,251800000.0,-335500000.0,-581000000.0,-320600000.0,-159100000.0,1180400000.0,-115700000.0,868600000.0,868600000.0,868600000.0,0.0,0.0,0.132,1561500000.0,1233600000.0,515400000.0,0.387,6.121,18.087,18.237,598000000.0,0.0,115.99,2.396,2.386,1060300000.0,5083800000.0,6556500000.0,6556500000.0,0.0,0.14,0.33,0.367,0.189,23900000.0,1561500000.0,1.0,135444053.0,134900000,136000000.0,48.603,5004700000.0,344300000.0,308400000.0,0.0,37.099,2766700000.0
26,ROK,MRT,2014-12-31,2014-12-31,2014-12-31,2021-07-27,-1015900000.0,6202000000.0,6182375000.0,3932500000.0,2269500000.0,1.069,18.946,-145100000.0,1291900000.0,1291900000.0,3828500000.0,842900000.0,2.221,1.414,1413600000.0,508000000.0,905600000.0,1413600000.0,198800000.0,157200000.0,0.0,0.021,2.39,1208200000.0,1365400000.0,0.207,1365400000.0,1208200000.0,1148900000.0,6.13,6.06,6.13,2569100000.0,2674825000.0,2569100000.0,15137052881.0,13.0,11.086,952900000.0,7.027,1.0,2777700000.0,0.42,1297000000.0,59300000.0,3255900000.0,3201775000.0,593500000.0,620800000.0,620800000.0,0.0,3632900000.0,1770800000.0,1862100000.0,15097752881.0,45900000.0,-34600000.0,-479000000.0,257000000.0,-328100000.0,-526500000.0,-441500000.0,-261800000.0,1098000000.0,-84100000.0,842900000.0,842900000.0,842900000.0,0.0,0.0,0.128,1571600000.0,1206100000.0,479600000.0,0.39,5.877,17.912,18.14,612400000.0,0.0,111.2,2.285,2.283,1106700000.0,4965700000.0,6606200000.0,6606200000.0,0.0,0.136,0.315,0.377,0.183,18300000.0,1571600000.0,1.0,135771159.0,135600000,136900000.0,48.718,4905000000.0,356600000.0,306000000.0,0.0,36.173,2161700000.0
27,ROK,MRT,2014-09-30,2014-09-30,2014-09-30,2021-07-27,-948000000.0,6224300000.0,6117075000.0,3934200000.0,2290100000.0,1.083,19.262,-140600000.0,1191300000.0,1191300000.0,3869600000.0,826800000.0,2.325,1.342,1225400000.0,325000000.0,900400000.0,1225400000.0,196500000.0,152500000.0,0.0,0.021,2.32,1193500000.0,1346000000.0,0.203,1346000000.0,1193500000.0,1134200000.0,5.98,5.91,5.98,2658100000.0,2704500000.0,2658100000.0,15159617774.0,13.0,11.263,892700000.0,6.469,1.0,2753900000.0,0.416,1296800000.0,59300000.0,3269500000.0,3142450000.0,588400000.0,628500000.0,628500000.0,0.0,3566200000.0,1692100000.0,1874100000.0,15149417774.0,-9600000.0,-81500000.0,-377200000.0,146000000.0,-320500000.0,-521800000.0,-483400000.0,-257900000.0,1033300000.0,-37700000.0,826800000.0,826800000.0,826800000.0,0.0,0.0,0.125,1570100000.0,1183800000.0,520600000.0,0.388,5.699,18.323,18.375,632900000.0,0.0,109.88,2.287,2.289,1215800000.0,4839600000.0,6623500000.0,6623500000.0,0.0,0.135,0.306,0.38,0.18,12700000.0,1570100000.0,1.0,137872386.0,138000000,139700000.0,47.996,4927500000.0,369200000.0,307400000.0,0.0,35.707,2242100000.0
28,ROK,MRT,2014-06-30,2014-06-30,2014-06-30,2021-07-27,-760600000.0,6145100000.0,6022150000.0,3907700000.0,2237400000.0,1.089,19.724,-155200000.0,1175100000.0,1175100000.0,3859200000.0,793400000.0,2.282,1.258,1185300000.0,279900000.0,905400000.0,1185300000.0,235000000.0,150500000.0,0.0,0.018,2.26,1133600000.0,1284100000.0,0.196,1284100000.0,1133600000.0,1074400000.0,5.72,5.65,5.72,2721900000.0,2686350000.0,2721900000.0,17335999858.0,15.0,13.501,903200000.0,6.545,1.0,2698200000.0,0.411,1318100000.0,59200000.0,3124500000.0,3061900000.0,655400000.0,574400000.0,574400000.0,0.0,3423200000.0,1712700000.0,1710500000.0,17327899858.0,150400000.0,-81500000.0,-267400000.0,59900000.0,-313300000.0,-482400000.0,-441900000.0,-201800000.0,1058400000.0,16300000.0,793400000.0,793400000.0,793400000.0,0.0,0.0,0.121,1570300000.0,1127900000.0,564100000.0,0.395,6.366,21.84,21.881,610400000.0,0.0,125.16,2.642,2.634,1177800000.0,4590500000.0,6557400000.0,6557400000.0,0.0,0.132,0.295,0.37,0.173,3700000.0,1576000000.0,1.0,138445988.0,138000000,139600000.0,47.517,4827000000.0,300000000.0,281000000.0,0.0,34.978,2195000000.0
29,ROK,MRT,2014-03-31,2014-03-31,2014-03-31,2021-07-27,-775600000.0,6158100000.0,5928700000.0,3929400000.0,2228700000.0,1.102,19.857,-149000000.0,1239800000.0,1239800000.0,3862500000.0,797400000.0,2.316,1.239,1247900000.0,342500000.0,905400000.0,1247900000.0,248100000.0,148100000.0,0.0,0.018,2.2,1117900000.0,1266000000.0,0.194,1266000000.0,1117900000.0,1057800000.0,5.74,5.67,5.74,2750200000.0,2507825000.0,2750200000.0,17195311040.0,15.0,13.582,902200000.0,6.514,1.0,2669600000.0,0.409,1312300000.0,60100000.0,3157200000.0,3055775000.0,667500000.0,485800000.0,485800000.0,0.0,3407900000.0,1696700000.0,1711200000.0,17285211040.0,272700000.0,-81500000.0,-257600000.0,106500000.0,-305600000.0,-429000000.0,-357700000.0,-121600000.0,1051200000.0,8200000.0,797400000.0,797400000.0,797400000.0,0.0,0.0,0.122,1559600000.0,1110000000.0,552400000.0,0.383,6.285,21.677,21.699,610300000.0,0.0,124.55,2.646,2.641,1204400000.0,4550900000.0,6532100000.0,6532100000.0,0.0,0.134,0.318,0.366,0.171,12600000.0,1565300000.0,1.0,138781301.0,138500000,140200000.0,47.163,4845800000.0,301100000.0,260400000.0,0.0,34.988,2232700000.0
30,ROK,MRT,2013-12-31,2013-12-31,2013-12-31,2021-07-27,-793200000.0,5940800000.0,5819150000.0,3719800000.0,2221000000.0,1.109,19.392,-159700000.0,1246000000.0,1246000000.0,3824200000.0,793000000.0,2.417,1.21,1156100000.0,251000000.0,905100000.0,1156100000.0,222600000.0,145900000.0,0.0,0.018,2.09,1096900000.0,1242800000.0,0.193,1242800000.0,1096900000.0,1036500000.0,5.69,5.63,5.69,2687800000.0,2325400000.0,2687800000.0,16267344058.0,15.0,13.089,891300000.0,6.431,1.0,2630200000.0,0.408,1293600000.0,60400000.0,3018600000.0,3068525000.0,645600000.0,364600000.0,364600000.0,0.0,3253000000.0,1538700000.0,1714300000.0,16384144058.0,291700000.0,-68500000.0,-237500000.0,-2000000.0,-291300000.0,-500600000.0,-249900000.0,-14200000.0,1051000000.0,-8800000.0,793000000.0,793000000.0,793000000.0,0.0,0.0,0.123,1543900000.0,1086300000.0,513600000.0,0.367,6.096,20.661,20.766,610300000.0,0.0,118.16,2.538,2.537,1169400000.0,4451000000.0,6454400000.0,6454400000.0,0.0,0.136,0.341,0.357,0.17,11000000.0,1549600000.0,1.0,138660664.0,138600000,140400000.0,46.569,4647200000.0,303600000.0,243500000.0,0.0,33.53,2181100000.0
31,ROK,MRT,2013-09-30,2013-09-30,2013-09-30,2021-07-27,-817700000.0,5844600000.0,5761725000.0,3679900000.0,2164700000.0,1.102,18.574,-145700000.0,1200900000.0,1200900000.0,3778100000.0,756300000.0,2.382,1.261,1084100000.0,179000000.0,905100000.0,1084100000.0,210900000.0,145200000.0,0.0,0.019,1.98,1041800000.0,1187000000.0,0.187,1187000000.0,1041800000.0,980900000.0,5.43,5.36,5.43,2585500000.0,2145400000.0,2585500000.0,14929695904.0,14.0,12.578,869100000.0,6.244,1.0,2573800000.0,0.405,1235800000.0,60900000.0,2947300000.0,3110075000.0,615400000.0,372700000.0,372700000.0,0.0,3259100000.0,1544700000.0,1714400000.0,14829295904.0,297000000.0,-84800000.0,-230400000.0,22000000.0,-276300000.0,-454600000.0,-256800000.0,-22200000.0,1014800000.0,600000.0,756300000.0,756300000.0,756300000.0,0.0,0.0,0.119,1532000000.0,1041800000.0,546700000.0,0.365,5.736,19.608,19.694,616000000.0,0.0,106.94,2.335,2.344,1186100000.0,4333400000.0,6351900000.0,6351900000.0,0.0,0.131,0.353,0.335,0.164,11300000.0,1537700000.0,1.0,138669309.0,139200000,140900000.0,45.631,4608800000.0,336800000.0,224600000.0,0.0,33.109,2135200000.0
32,ROK,MRT,2013-06-30,2013-06-30,2013-06-30,2021-07-27,-1187700000.0,5771300000.0,5709700000.0,3485100000.0,2286200000.0,1.103,14.455,-131100000.0,1024700000.0,1024700000.0,3769400000.0,736200000.0,2.245,1.874,1125100000.0,220000000.0,905100000.0,1125100000.0,225100000.0,144800000.0,0.0,0.023,1.93,1017500000.0,1162300000.0,0.184,1162300000.0,1017500000.0,956600000.0,5.26,5.2,5.26,2007800000.0,1961950000.0,2007800000.0,11785177195.0,12.0,10.14,922800000.0,6.644,1.0,2530800000.0,0.402,1219400000.0,60900000.0,3100000000.0,3149425000.0,619000000.0,372300000.0,372300000.0,0.0,3763500000.0,1552300000.0,2211200000.0,11611277195.0,219100000.0,-84800000.0,-290000000.0,-50000000.0,-269800000.0,-587900000.0,-242100000.0,-22100000.0,1053900000.0,2500000.0,736200000.0,736200000.0,736200000.0,0.0,0.0,0.117,1520400000.0,1010400000.0,499300000.0,0.367,5.783,15.772,15.806,581400000.0,0.0,83.14,1.843,1.833,1155100000.0,4118500000.0,6300200000.0,6300200000.0,0.0,0.129,0.375,0.323,0.162,20200000.0,1520400000.0,1.0,139659336.0,138900000,140400000.0,45.358,4551900000.0,516800000.0,220400000.0,0.0,32.771,1932800000.0
33,ROK,MRT,2013-03-31,2013-03-31,2013-03-31,2021-07-27,-1197100000.0,5719900000.0,5612475000.0,3436900000.0,2283000000.0,1.111,14.432,-131600000.0,967100000.0,967100000.0,3727000000.0,723200000.0,2.338,1.831,1141000000.0,236000000.0,905000000.0,1141000000.0,243000000.0,142200000.0,0.0,0.021,1.835,1004800000.0,1147000000.0,0.184,1147000000.0,1004800000.0,944000000.0,5.14,5.08,5.14,2020500000.0,1940625000.0,2020500000.0,12275751999.0,12.0,10.702,892500000.0,6.375,1.0,2509400000.0,0.402,1215700000.0,60800000.0,3208200000.0,3137350000.0,640000000.0,363600000.0,363600000.0,0.0,3699400000.0,1469900000.0,2229500000.0,12072051999.0,155300000.0,-85100000.0,-313600000.0,-23000000.0,-258000000.0,-572100000.0,-269700000.0,-51100000.0,1024100000.0,-19500000.0,723200000.0,723200000.0,723200000.0,0.0,0.0,0.116,1506500000.0,1002900000.0,474200000.0,0.357,5.975,16.693,16.8,585000000.0,0.0,86.35,1.936,1.938,1139100000.0,4059200000.0,6236400000.0,6236400000.0,0.0,0.129,0.373,0.32,0.161,21800000.0,1506500000.0,1.0,139803729.0,140000000,141800000.0,44.546,4504200000.0,536400000.0,220800000.0,0.0,32.173,1967000000.0
34,ROK,MRT,2012-12-31,2012-12-31,2012-12-31,2021-07-27,-1180100000.0,5711100000.0,5541150000.0,3392600000.0,2318500000.0,1.132,14.126,-128600000.0,954300000.0,954300000.0,3763400000.0,715100000.0,2.28,1.902,1158000000.0,253000000.0,905000000.0,1158000000.0,224000000.0,141200000.0,0.0,0.021,1.79,1000700000.0,1141900000.0,0.182,1141900000.0,1000700000.0,940200000.0,5.07,5.0,5.07,1967800000.0,1943150000.0,1967800000.0,11858688107.0,12.0,10.385,946400000.0,6.794,1.0,2511300000.0,0.4,1242100000.0,60500000.0,3184800000.0,3119400000.0,646600000.0,350000000.0,350000000.0,0.0,3743300000.0,1487900000.0,2255400000.0,11700588107.0,70300000.0,-89700000.0,-260700000.0,-97000000.0,-252600000.0,-591300000.0,-418300000.0,-200000000.0,1075000000.0,12700000.0,715100000.0,715100000.0,715100000.0,0.0,0.0,0.114,1502800000.0,1008500000.0,481200000.0,0.353,5.946,16.362,16.566,579500000.0,0.0,83.99,1.865,1.865,1125700000.0,3949500000.0,6274700000.0,6274700000.0,0.0,0.129,0.368,0.321,0.159,25200000.0,1502800000.0,1.0,139309300.0,139300000,141200000.0,45.045,4469000000.0,545800000.0,225100000.0,0.0,32.082,1904700000.0
35,ROK,MRT,2012-09-30,2012-09-30,2012-09-30,2021-07-27,-1225300000.0,5636500000.0,5433150000.0,3387500000.0,2249000000.0,1.152,13.086,-137000000.0,903900000.0,903900000.0,3736700000.0,737000000.0,2.212,2.044,1062000000.0,157000000.0,905000000.0,1062000000.0,204100000.0,138600000.0,0.0,0.025,1.745,1026000000.0,1164600000.0,0.186,1164600000.0,1026000000.0,965900000.0,5.2,5.13,5.2,1851700000.0,1914900000.0,1851700000.0,10186262109.0,10.0,8.747,581700000.0,4.111,1.0,2522700000.0,0.403,1158300000.0,60100000.0,3104700000.0,3068800000.0,619000000.0,350000000.0,350000000.0,0.0,3784800000.0,1531600000.0,2253200000.0,9816862109.0,-85000000.0,-16200000.0,-210400000.0,157000000.0,-247400000.0,-282700000.0,-503200000.0,-350000000.0,718700000.0,-16800000.0,737000000.0,737000000.0,737000000.0,0.0,0.0,0.118,1491700000.0,1031000000.0,547600000.0,0.336,5.302,13.32,13.375,587100000.0,0.0,69.55,1.568,1.572,1187300000.0,3858800000.0,6259400000.0,6259400000.0,0.0,0.136,0.385,0.334,0.164,25700000.0,1491700000.0,1.0,141148269.0,141500000,143400000.0,44.236,4478200000.0,559700000.0,228900000.0,0.0,31.648,1855900000.0
36,ROK,MRT,2012-06-30,2012-06-30,2012-06-30,2021-07-27,-1038100000.0,5382400000.0,5345250000.0,3261600000.0,2120800000.0,1.169,13.567,-135800000.0,805600000.0,805600000.0,3718000000.0,743600000.0,2.096,1.8,1175000000.0,270000000.0,905000000.0,1175000000.0,226000000.0,137600000.0,0.0,0.026,1.7,1026900000.0,1164500000.0,0.186,1164500000.0,1026900000.0,967100000.0,5.22,5.16,5.22,1922500000.0,1888975000.0,1922500000.0,9780621493.0,10.0,8.399,374000000.0,2.639,1.0,2531700000.0,0.405,1143700000.0,59800000.0,3051700000.0,2967750000.0,634800000.0,350000000.0,350000000.0,0.0,3459900000.0,1556400000.0,1903500000.0,9428421493.0,-216200000.0,-16200000.0,-196700000.0,270000000.0,-242200000.0,-151600000.0,-502000000.0,-350000000.0,509800000.0,-71500000.0,743600000.0,743600000.0,743600000.0,0.0,0.0,0.119,1493400000.0,1038300000.0,486300000.0,0.326,4.904,12.679,12.655,563900000.0,0.0,66.06,1.509,1.498,1139100000.0,3665200000.0,6249700000.0,6249700000.0,0.0,0.139,0.394,0.346,0.164,26100000.0,1493400000.0,1.0,142725121.0,141700000,143500000.0,44.105,4238700000.0,455300000.0,223500000.0,0.0,29.913,1705200000.0
37,ROK,MRT,2012-03-31,2012-03-31,2012-03-31,2021-07-27,-973500000.0,5434600000.0,5331575000.0,3270600000.0,2164000000.0,1.164,14.25,-136400000.0,811800000.0,811800000.0,3698500000.0,732400000.0,2.207,1.676,1164000000.0,259000000.0,905000000.0,1164000000.0,244900000.0,135400000.0,0.0,0.02,1.625,1003500000.0,1138900000.0,0.184,1138900000.0,1003500000.0,944200000.0,5.13,5.06,5.13,2030600000.0,1882625000.0,2030600000.0,11719805785.0,12.0,10.29,334000000.0,2.344,1.0,2507000000.0,0.404,1168700000.0,59300000.0,3136400000.0,2874375000.0,664100000.0,312500000.0,312500000.0,0.0,3404000000.0,1481700000.0,1922300000.0,11348805785.0,-208500000.0,-61800000.0,-183100000.0,259000000.0,-232000000.0,-137200000.0,-510700000.0,-312500000.0,470400000.0,-27300000.0,732400000.0,732400000.0,732400000.0,-700000.0,0.0,0.118,1493600000.0,1013400000.0,450700000.0,0.317,5.589,15.495,15.536,565700000.0,0.0,79.7,1.829,1.83,1150000000.0,3602100000.0,6205500000.0,6205500000.0,0.0,0.137,0.389,0.349,0.162,24000000.0,1493600000.0,1.0,142394050.0,142500000,144700000.0,43.547,4265900000.0,493300000.0,211800000.0,0.0,29.936,1788900000.0
38,ROK,MRT,2011-12-31,2011-12-31,2011-12-31,2021-07-27,-1027900000.0,5279100000.0,5250700000.0,3114000000.0,2165100000.0,1.163,13.08,-128600000.0,884000000.0,884000000.0,3643300000.0,731000000.0,2.058,1.846,1255000000.0,350000000.0,905000000.0,1255000000.0,215300000.0,132000000.0,0.0,0.021,1.55,984200000.0,1116200000.0,0.183,1116200000.0,984200000.0,924500000.0,5.11,5.04,5.11,1854800000.0,1839200000.0,1854800000.0,10328544861.0,10.0,9.253,313500000.0,2.211,1.0,2465200000.0,0.404,1154900000.0,59700000.0,2982400000.0,2760850000.0,677300000.0,150000000.0,150000000.0,0.0,3424300000.0,1512800000.0,1911500000.0,10412444861.0,114700000.0,-56800000.0,-129200000.0,350000000.0,-221600000.0,34700000.0,-335400000.0,-150000000.0,442100000.0,-23100000.0,731000000.0,731000000.0,731000000.0,-700000.0,0.0,0.12,1476600000.0,988600000.0,447100000.0,0.303,5.614,14.244,14.358,559100000.0,0.0,73.37,1.705,1.703,1044800000.0,3495500000.0,6108500000.0,6108500000.0,0.0,0.139,0.397,0.356,0.161,8500000.0,1476600000.0,1.0,141916926.0,141800000,143900000.0,43.078,4124200000.0,509300000.0,193500000.0,0.0,29.085,1601200000.0
39,ROK,MRT,2011-09-30,2011-09-30,2011-09-30,2021-07-27,-992900000.0,5284900000.0,5125650000.0,3075100000.0,2209800000.0,1.171,12.249,-115000000.0,988900000.0,988900000.0,3610000000.0,697800000.0,2.312,2.023,905000000.0,0.0,905000000.0,905000000.0,189000000.0,131300000.0,0.0,0.026,1.475,927800000.0,1059100000.0,0.177,1059100000.0,927800000.0,868300000.0,4.88,4.8,4.88,1748000000.0,1772025000.0,1748000000.0,7902932728.0,9.0,7.462,528700000.0,3.705,1.0,2390400000.0,0.398,1170600000.0,59500000.0,2700500000.0,2684225000.0,641700000.0,0.0,0.0,0.0,3536900000.0,1329900000.0,2207000000.0,8019732728.0,175500000.0,-45900000.0,-124700000.0,0.0,-211000000.0,-297900000.0,-160900000.0,0.0,643700000.0,-5800000.0,697800000.0,697800000.0,697800000.0,-700000.0,0.0,0.116,1461200000.0,929200000.0,455100000.0,0.302,4.588,11.493,11.475,561400000.0,0.0,56.0,1.337,1.332,1063400000.0,3382800000.0,6000400000.0,6000400000.0,0.0,0.136,0.394,0.346,0.155,4500000.0,1461200000.0,1.0,143209513.0,142700000,145200000.0,42.049,4114300000.0,535800000.0,170500000.0,0.0,28.832,1745200000.0
40,ROK,MRT,2011-06-30,2011-06-30,2011-06-30,2021-07-27,-708100000.0,5327700000.0,4991500000.0,3095700000.0,2232000000.0,1.143,13.229,-111000000.0,1021800000.0,1021800000.0,3446600000.0,627300000.0,2.311,1.808,905000000.0,0.0,905000000.0,905000000.0,205500000.0,129700000.0,0.0,0.016,1.4,830100000.0,959800000.0,0.168,959800000.0,830100000.0,770000000.0,4.39,4.32,4.39,1897100000.0,1700125000.0,1897100000.0,12404739869.0,15.0,12.924,412100000.0,2.874,1.0,2256400000.0,0.396,1193400000.0,60100000.0,2678200000.0,2631025000.0,690500000.0,0.0,0.0,0.0,3430600000.0,1339300000.0,2091300000.0,12520139869.0,195800000.0,-45900000.0,-73800000.0,0.0,-199900000.0,-232400000.0,-156900000.0,0.0,523100000.0,66000000.0,627300000.0,627300000.0,627300000.0,-700000.0,0.0,0.11,1435800000.0,820600000.0,478900000.0,0.319,6.6,19.959,19.763,544200000.0,0.0,86.76,2.195,2.182,1045400000.0,3180800000.0,5703000000.0,5703000000.0,0.0,0.126,0.369,0.316,0.146,100000.0,1427400000.0,1.0,144307744.0,143400000,145900000.0,39.77,4134300000.0,503000000.0,142700000.0,0.0,28.831,1756400000.0
41,ROK,MRT,2011-03-31,2011-03-31,2011-03-31,2021-07-27,-770300000.0,5111100000.0,4813200000.0,2947800000.0,2163300000.0,1.133,12.949,-101800000.0,1020300000.0,1020300000.0,3298000000.0,567200000.0,2.504,1.752,904900000.0,0.0,904900000.0,904900000.0,202700000.0,127400000.0,0.0,0.014,1.34,763800000.0,891200000.0,0.163,891200000.0,763800000.0,703600000.0,3.98,3.92,3.98,1856900000.0,1569850000.0,1856900000.0,13608664517.0,18.0,15.27,332100000.0,2.316,1.0,2156900000.0,0.395,1136300000.0,60200000.0,2682300000.0,2554050000.0,621900000.0,0.0,0.0,0.0,3254200000.0,1177100000.0,2077100000.0,13473064517.0,203100000.0,0.0,-22300000.0,0.0,-190900000.0,-169000000.0,-101800000.0,0.0,433900000.0,41000000.0,567200000.0,567200000.0,567200000.0,0.0,0.0,0.104,1399100000.0,757800000.0,472700000.0,0.337,7.256,23.754,23.781,531300000.0,0.0,94.65,2.47,2.488,1005700000.0,3112400000.0,5454900000.0,5454900000.0,0.0,0.118,0.361,0.299,0.14,-3400000.0,1390700000.0,1.0,142346165.0,143400000,146300000.0,38.04,3974800000.0,497800000.0,136400000.0,0.0,27.718,1770700000.0
42,ROK,MRT,2010-12-31,2010-12-31,2010-12-31,2021-07-27,-830000000.0,4778900000.0,4670975000.0,2631700000.0,2147200000.0,1.104,11.185,-91700000.0,769300000.0,769300000.0,3101800000.0,537800000.0,2.35,2.013,904900000.0,0.0,904900000.0,904900000.0,211000000.0,127500000.0,0.0,0.018,1.28,718600000.0,846100000.0,0.164,846100000.0,718600000.0,658700000.0,3.78,3.73,3.78,1586100000.0,1460450000.0,1586100000.0,10259273951.0,14.0,12.125,295500000.0,2.084,1.0,2053500000.0,0.398,1118500000.0,59900000.0,2675900000.0,2485150000.0,612600000.0,0.0,0.0,0.0,3192800000.0,1120100000.0,2072700000.0,10167773951.0,53000000.0,0.0,-90300000.0,0.0,-182000000.0,-246400000.0,-91700000.0,0.0,387200000.0,5100000.0,537800000.0,537800000.0,537800000.0,-25100000.0,0.0,0.104,1366200000.0,687300000.0,422600000.0,0.339,6.411,18.906,18.971,530700000.0,0.0,71.71,1.972,1.972,950900000.0,2996500000.0,5155300000.0,5155300000.0,0.0,0.115,0.368,0.289,0.139,11800000.0,1357800000.0,1.0,141790182.0,141800000,144500000.0,36.356,3660400000.0,497100000.0,120900000.0,0.0,25.814,1511600000.0
43,ROK,MRT,2010-09-30,2010-09-30,2010-09-30,2021-07-27,-841200000.0,4748300000.0,4575950000.0,2586600000.0,2161700000.0,1.061,10.285,-89000000.0,813400000.0,813400000.0,2920600000.0,464300000.0,2.116,2.251,904900000.0,0.0,904900000.0,904900000.0,184900000.0,127300000.0,0.0,0.02,1.22,628600000.0,755900000.0,0.156,755900000.0,628600000.0,568100000.0,3.26,3.22,3.26,1460400000.0,1405775000.0,1460400000.0,8835636808.0,14.0,11.689,405000000.0,2.852,1.0,1936400000.0,0.399,1129800000.0,60500000.0,2487700000.0,2429550000.0,603300000.0,0.0,0.0,0.0,3287900000.0,1222300000.0,2065600000.0,8756836808.0,169600000.0,0.0,-83600000.0,0.0,-173600000.0,-241400000.0,-89000000.0,0.0,494000000.0,6800000.0,464300000.0,464300000.0,464300000.0,-23900000.0,0.0,0.096,1331700000.0,604700000.0,435700000.0,0.374,5.996,18.86,18.936,536900000.0,0.0,61.73,1.803,1.805,859000000.0,2912400000.0,4857000000.0,4857000000.0,0.0,0.101,0.33,0.259,0.129,20800000.0,1323300000.0,1.0,141857068.0,142000000,144000000.0,34.204,3618500000.0,494700000.0,103800000.0,0.0,25.482,1364300000.0
44,ROK,MRT,2010-06-30,2010-06-30,2010-06-30,2021-07-27,-800400000.0,4614500000.0,4465300000.0,2518600000.0,2095900000.0,1.024,9.69,-71400000.0,826000000.0,826000000.0,2802000000.0,361900000.0,2.053,2.354,904800000.0,0.0,904800000.0,904800000.0,191600000.0,129500000.0,0.0,0.024,1.16,499600000.0,629100000.0,0.138,629100000.0,499600000.0,439100000.0,2.55,2.51,2.55,1376000000.0,1369775000.0,1376000000.0,7087590661.0,14.0,11.266,479800000.0,3.379,1.0,1772500000.0,0.387,1096300000.0,60500000.0,2370300000.0,2426450000.0,576500000.0,0.0,0.0,0.0,3238500000.0,1226700000.0,2011800000.0,6999990661.0,245500000.0,-600000.0,-57800000.0,0.0,-165200000.0,-210000000.0,-75000000.0,0.0,551200000.0,-20500000.0,361900000.0,361900000.0,361900000.0,-23900000.0,0.0,0.079,1292500000.0,480000000.0,398400000.0,0.455,5.087,19.342,19.251,513000000.0,0.0,49.09,1.53,1.524,826400000.0,2791200000.0,4574500000.0,4574500000.0,0.0,0.081,0.264,0.206,0.109,22100000.0,1285800000.0,1.0,142595043.0,142000000,144300000.0,32.215,3518200000.0,467500000.0,77200000.0,0.0,24.776,1291900000.0
45,ROK,MRT,2010-03-31,2010-03-31,2010-03-31,2021-07-27,-769600000.0,4542200000.0,4352675000.0,2436500000.0,2105700000.0,0.992,9.967,-69500000.0,817200000.0,817200000.0,2681800000.0,275300000.0,2.184,2.2,904800000.0,0.0,904800000.0,904800000.0,199600000.0,133300000.0,0.0,0.021,1.16,394900000.0,528200000.0,0.122,528200000.0,394900000.0,333800000.0,1.94,1.91,1.94,1419300000.0,1427650000.0,1419300000.0,8234420629.0,21.0,15.59,536100000.0,3.765,1.0,1635400000.0,0.379,1107400000.0,61100000.0,2406700000.0,2432550000.0,524500000.0,0.0,0.0,0.0,3122900000.0,1115700000.0,2007200000.0,8045920629.0,297700000.0,-1200000.0,100000.0,-75000000.0,-165000000.0,-231500000.0,-82000000.0,-8400000.0,605600000.0,6000000.0,275300000.0,275300000.0,275300000.0,-23900000.0,0.0,0.064,1264200000.0,371200000.0,379300000.0,0.598,5.669,29.226,29.052,510000000.0,0.0,56.36,1.864,1.859,791800000.0,2774000000.0,4317200000.0,4317200000.0,0.0,0.063,0.193,0.162,0.091,24800000.0,1257500000.0,1.0,142759415.0,142400000,144400000.0,30.317,3434800000.0,491300000.0,58500000.0,0.0,24.121,1320800000.0
46,ROK,MRT,2009-12-31,2009-12-31,2009-12-31,2021-07-27,-726800000.0,4398800000.0,4261050000.0,2257100000.0,2141700000.0,0.988,9.63,-76600000.0,716300000.0,716300000.0,2684900000.0,178900000.0,2.268,2.217,904800000.0,0.0,904800000.0,904800000.0,177300000.0,133500000.0,0.0,0.025,1.16,291800000.0,425300000.0,0.101,425300000.0,291800000.0,230500000.0,1.27,1.25,1.27,1367400000.0,1469350000.0,1367400000.0,6943965249.0,24.0,16.327,520400000.0,3.665,1.0,1525900000.0,0.362,1138800000.0,61300000.0,2453500000.0,2462825000.0,468700000.0,0.0,0.0,0.0,3031400000.0,995000000.0,2036400000.0,6683065249.0,162300000.0,-30700000.0,14100000.0,-175000000.0,-164800000.0,-324700000.0,-120600000.0,-8400000.0,597000000.0,10900000.0,178900000.0,178900000.0,178900000.0,1200000.0,0.0,0.042,1233900000.0,292000000.0,326400000.0,0.913,4.887,37.356,36.992,519100000.0,0.0,46.98,1.587,1.584,769300000.0,2692700000.0,4210800000.0,4210800000.0,0.0,0.042,0.122,0.118,0.069,27900000.0,1227100000.0,1.0,142253411.0,142000000,143700000.0,29.654,3260000000.0,491700000.0,51600000.0,0.0,22.958,1262100000.0
47,ROK,MRT,2009-09-30,2009-09-30,2009-09-30,2021-07-27,-727500000.0,4305700000.0,4261175000.0,2134800000.0,2170900000.0,1.017,9.297,-89200000.0,643800000.0,643800000.0,2763000000.0,220700000.0,2.254,2.271,904700000.0,0.0,904700000.0,904700000.0,159100000.0,134100000.0,0.0,0.027,1.16,337600000.0,471700000.0,0.109,471700000.0,337600000.0,276700000.0,1.56,1.55,1.56,1316400000.0,1532200000.0,1316400000.0,6371657337.0,19.0,13.508,437200000.0,3.088,1.0,1569500000.0,0.362,1144100000.0,60900000.0,2475300000.0,2508075000.0,436400000.0,0.0,0.0,0.0,2989300000.0,947200000.0,2042100000.0,6047357337.0,61600000.0,-30700000.0,-42200000.0,-100000000.0,-164500000.0,-307400000.0,-132400000.0,-8400000.0,526400000.0,-24500000.0,220700000.0,220700000.0,220700000.0,-2800000.0,0.0,0.051,1234700000.0,334800000.0,313300000.0,0.744,4.594,27.401,27.308,532500000.0,0.0,42.6,1.396,1.392,726300000.0,2667200000.0,4332500000.0,4332500000.0,0.0,0.052,0.144,0.135,0.078,25500000.0,1228000000.0,1.0,141956745.0,141600000,142400000.0,30.597,3161600000.0,482000000.0,56000000.0,0.0,22.328,1187600000.0
48,ROK,MRT,2009-06-30,2009-06-30,2009-06-30,2021-07-27,-403500000.0,4164000000.0,4333150000.0,2106200000.0,2057800000.0,1.094,11.344,-114900000.0,580500000.0,580500000.0,2949900000.0,317400000.0,2.202,1.59,904800000.0,0.0,904800000.0,904800000.0,0.0,134400000.0,0.0,0.036,1.16,486400000.0,620800000.0,0.131,620800000.0,486400000.0,424600000.0,2.22,2.21,2.22,1607500000.0,1625300000.0,1607500000.0,5015819407.0,10.0,8.08,538200000.0,3.798,1.0,1792500000.0,0.378,1137200000.0,61800000.0,2394700000.0,2526000000.0,460300000.0,0.0,0.0,0.0,2556500000.0,956400000.0,1600100000.0,4555519407.0,-225400000.0,-28500000.0,-177300000.0,-334000000.0,-165100000.0,-677500000.0,-152900000.0,-8400000.0,653100000.0,-47700000.0,317400000.0,317400000.0,317400000.0,-2800000.0,0.0,0.067,1292900000.0,499600000.0,287600000.0,0.523,2.834,14.353,14.468,525800000.0,0.0,32.12,0.961,0.96,740700000.0,4498100000.0,4742400000.0,4742400000.0,0.0,0.073,0.195,0.193,0.103,25900000.0,1308800000.0,1.0,141828126.0,141700000,142300000.0,33.468,3026800000.0,288100000.0,107200000.0,20200000.0,21.361,1149800000.0
49,ROK,MRT,2009-03-31,2009-03-31,2009-03-31,2021-07-27,-463700000.0,4175700000.0,4569975000.0,2137800000.0,2037900000.0,1.139,11.209,-135700000.0,519500000.0,519500000.0,3178700000.0,437200000.0,2.138,1.633,979800000.0,75100000.0,904700000.0,979800000.0,0.0,135300000.0,0.0,0.053,1.16,650900000.0,786200000.0,0.151,786200000.0,650900000.0,587900000.0,3.03,3.01,3.03,1586100000.0,1697575000.0,1586100000.0,3622047725.0,6.0,4.607,519700000.0,3.673,1.0,2027900000.0,0.389,1108400000.0,63000000.0,2527800000.0,2615400000.0,528300000.0,0.0,0.0,0.0,2589600000.0,999800000.0,1589800000.0,3096447725.0,-241200000.0,-78700000.0,-203500000.0,-245300000.0,-166500000.0,-616400000.0,-215600000.0,0.0,655400000.0,-64000000.0,437200000.0,437200000.0,437200000.0,-2800000.0,0.0,0.084,1365500000.0,662400000.0,299000000.0,0.383,1.952,7.082,7.208,532700000.0,0.0,21.84,0.595,0.594,748100000.0,4551900000.0,5206600000.0,5206600000.0,0.0,0.096,0.258,0.249,0.125,26900000.0,1381400000.0,1.0,141778742.0,141500000,142000000.0,36.796,3067300000.0,290700000.0,150700000.0,26100000.0,21.677,1138000000.0
50,ROK,MRT,2008-12-31,2008-12-31,2008-12-31,2021-07-27,-425400000.0,4399300000.0,4770925000.0,2361000000.0,2038300000.0,1.164,11.432,-143100000.0,554000000.0,554000000.0,3319500000.0,539400000.0,1.98,1.718,1079600000.0,175100000.0,904500000.0,1079600000.0,0.0,137500000.0,0.0,0.036,1.16,797400000.0,934900000.0,0.168,934900000.0,797400000.0,732200000.0,3.71,3.68,3.71,1618800000.0,1771200000.0,1618800000.0,4984266867.0,6.0,5.331,401000000.0,2.832,1.0,2235600000.0,0.402,1098100000.0,65200000.0,2634500000.0,2681075000.0,600500000.0,0.0,0.0,0.0,2780500000.0,1192300000.0,1588200000.0,4561966867.0,-313000000.0,-49200000.0,-307600000.0,-175900000.0,-167900000.0,-649800000.0,-194400000.0,36300000.0,544100000.0,-12500000.0,539400000.0,539400000.0,539400000.0,-2800000.0,0.0,0.097,1430900000.0,804700000.0,362100000.0,0.313,2.818,8.457,8.69,539300000.0,0.0,32.24,0.821,0.822,824000000.0,4554400000.0,5555100000.0,5555100000.0,0.0,0.113,0.305,0.297,0.144,28200000.0,1446900000.0,1.0,141500213.0,141600000,142100000.0,39.231,3301200000.0,287800000.0,192800000.0,37100000.0,23.314,1168700000.0
51,ROK,MRT,2008-09-30,2008-09-30,2008-09-30,2021-07-27,-319000000.0,4593600000.0,4906350000.0,2436600000.0,2157000000.0,1.161,11.528,-143300000.0,582200000.0,582200000.0,3357100000.0,577600000.0,1.87,1.72,1004500000.0,100100000.0,904400000.0,1004500000.0,161600000.0,136500000.0,0.0,0.031,1.16,877100000.0,1013600000.0,0.178,1013600000.0,877100000.0,808900000.0,3.94,3.89,3.94,1688800000.0,1812450000.0,1688800000.0,5868735230.0,7.0,5.79,453500000.0,3.096,1.0,2340700000.0,0.411,1165800000.0,68200000.0,2547000000.0,2679975000.0,575500000.0,0.0,0.0,0.0,2904800000.0,1303100000.0,1601700000.0,5436335230.0,-42000000.0,-110800000.0,-345900000.0,69100000.0,-170200000.0,-442800000.0,-220700000.0,36300000.0,596800000.0,30700000.0,577600000.0,577600000.0,577600000.0,0.0,0.0,0.101,1463600000.0,877100000.0,437300000.0,0.294,3.219,9.412,9.477,553800000.0,0.0,37.34,0.954,0.96,959900000.0,4486100000.0,5697800000.0,5697800000.0,0.0,0.118,0.319,0.327,0.154,28100000.0,1482100000.0,1.0,145590124.0,146500000,148100000.0,38.893,3427800000.0,310100000.0,231300000.0,0.0,23.398,1133500000.0
52,ROK,MRT,2008-06-30,2008-06-30,2008-06-30,2021-07-27,-79400000.0,5111300000.0,4894400000.0,2740900000.0,2370400000.0,1.141,12.964,-138900000.0,805900000.0,805900000.0,3257500000.0,617200000.0,1.733,1.695,1238300000.0,334100000.0,904200000.0,1238300000.0,0.0,132700000.0,0.0,0.027,1.16,931800000.0,1064500000.0,0.191,1064500000.0,931800000.0,864800000.0,4.23,4.19,4.23,1896600000.0,1825950000.0,1896600000.0,6880565399.0,7.0,6.464,394100000.0,2.694,1.0,2326500000.0,0.417,1209800000.0,67000000.0,2752300000.0,2543800000.0,602200000.0,0.0,0.0,0.0,3214700000.0,1581600000.0,1633100000.0,6417065399.0,11600000.0,-317300000.0,-457100000.0,412400000.0,-172300000.0,-207700000.0,-390700000.0,68400000.0,533000000.0,67300000.0,617200000.0,617200000.0,617200000.0,-1400000.0,0.0,0.111,1391400000.0,935100000.0,490700000.0,0.274,3.383,10.397,10.338,535600000.0,0.0,43.73,1.149,1.146,990300000.0,4363000000.0,5584000000.0,5584000000.0,0.0,0.126,0.338,0.366,0.167,21800000.0,1424700000.0,1.0,146742863.0,146300000,148100000.0,38.168,3901500000.0,223500000.0,247600000.0,40700000.0,26.668,1159300000.0
53,ROK,MRT,2008-03-31,2008-03-31,2008-03-31,2021-07-27,-74400000.0,4979500000.0,4763300000.0,2664700000.0,2314800000.0,1.131,12.802,-125300000.0,760700000.0,760700000.0,3117600000.0,628800000.0,1.802,1.648,1224200000.0,320100000.0,904100000.0,1224200000.0,0.0,125800000.0,0.0,0.02,1.16,939300000.0,1065100000.0,0.198,1065100000.0,939300000.0,875100000.0,4.26,4.21,4.26,1880600000.0,1843150000.0,1880600000.0,8905691032.0,9.0,8.361,273300000.0,1.86,1.0,2272000000.0,0.422,1173700000.0,64200000.0,2790500000.0,2391700000.0,592700000.0,0.0,0.0,0.0,3098900000.0,1478800000.0,1620100000.0,8518891032.0,-358900000.0,-266500000.0,-788900000.0,444500000.0,-174500000.0,-497600000.0,-327200000.0,68400000.0,398600000.0,78200000.0,628800000.0,628800000.0,628800000.0,1900000.0,0.0,0.117,1333500000.0,938500000.0,466400000.0,0.272,4.53,13.548,13.479,521600000.0,0.0,57.42,1.581,1.565,980400000.0,4296600000.0,5389600000.0,5389600000.0,0.0,0.132,0.341,0.393,0.174,9400000.0,1366800000.0,1.0,148361042.0,146900000,148700000.0,36.689,3805800000.0,218000000.0,246300000.0,34600000.0,25.907,1185900000.0
54,ROK,MRT,2007-12-31,2007-12-31,2007-12-31,2021-07-27,-158400000.0,4941000000.0,4722650000.0,2667100000.0,2273900000.0,1.099,11.996,1622400000.0,867000000.0,867000000.0,3014300000.0,1215300000.0,1.73,1.77,1253800000.0,349900000.0,903900000.0,1253800000.0,0.0,120700000.0,0.0,0.017,1.16,1504000000.0,1624700000.0,0.313,1624700000.0,1504000000.0,1441000000.0,7.81,7.7,7.81,1783800000.0,1919225000.0,1783800000.0,10593467378.0,7.0,6.52,2070600000.0,13.925,1.0,2175200000.0,0.419,1156200000.0,63000000.0,2630100000.0,2199550000.0,554600000.0,0.0,0.0,0.0,3157200000.0,1541500000.0,1615700000.0,10290567378.0,433500000.0,-311100000.0,-1203500000.0,-54900000.0,-178800000.0,-1412200000.0,1374400000.0,32100000.0,448200000.0,39800000.0,1215300000.0,1215300000.0,1215300000.0,-620300000.0,0.0,0.234,1300800000.0,874400000.0,455600000.0,0.149,5.769,8.468,8.83,510200000.0,0.0,68.96,1.983,1.976,937500000.0,4197900000.0,5189500000.0,5189500000.0,0.0,0.257,0.633,0.684,0.29,4700000.0,1334100000.0,1.0,149225165.0,148700000,151000000.0,34.899,3784800000.0,214500000.0,225700000.0,98600000.0,25.453,1125600000.0
55,ROK,MRT,2007-09-30,2007-09-30,2007-09-30,2021-07-27,-169700000.0,4545800000.0,4752775000.0,2382000000.0,2163800000.0,1.053,10.982,1619500000.0,624200000.0,624200000.0,2906600000.0,1487800000.0,1.365,1.608,927100000.0,521400000.0,405700000.0,927100000.0,0.0,117900000.0,0.0,0.017,1.16,1770500000.0,1888400000.0,0.377,1888400000.0,1770500000.0,1707100000.0,9.37,9.23,9.37,1742800000.0,1970350000.0,1742800000.0,10615259686.0,6.0,5.621,2064400000.0,13.008,1.0,2097300000.0,0.419,1101900000.0,63400000.0,2002300000.0,2407475000.0,504700000.0,0.0,0.0,0.0,2803000000.0,1744500000.0,1058500000.0,10604359686.0,216100000.0,-249500000.0,-1454400000.0,-60700000.0,-184700000.0,-1673100000.0,1398900000.0,32100000.0,444900000.0,38800000.0,1487800000.0,1487800000.0,1487800000.0,-918500000.0,0.0,0.297,1245300000.0,852000000.0,498500000.0,0.124,6.085,7.128,7.418,510300000.0,0.0,69.51,2.119,2.205,927700000.0,4098100000.0,5003900000.0,5003900000.0,0.0,0.313,0.755,0.735,0.354,3200000.0,1278600000.0,1.0,152558764.0,158700000,161200000.0,31.531,3443900000.0,195500000.0,219300000.0,79800000.0,21.701,637500000.0
56,ROK,MRT,2007-06-30,2007-06-30,2007-06-30,2021-07-27,-14000000.0,4586900000.0,4800175000.0,2512100000.0,2074800000.0,1.006,12.762,1701500000.0,794300000.0,794300000.0,2815900000.0,1488400000.0,1.584,1.334,805200000.0,396200000.0,409000000.0,805200000.0,0.0,114600000.0,0.0,0.016,1.095,1754800000.0,1869400000.0,0.387,1869400000.0,1754800000.0,1690600000.0,9.09,8.93,9.09,1965400000.0,2014200000.0,1965400000.0,10592965258.0,6.0,5.667,2214100000.0,14.377,1.0,2011500000.0,0.417,867900000.0,64200000.0,2143900000.0,2702225000.0,472300000.0,0.0,0.0,0.0,2621500000.0,1586000000.0,1035500000.0,10954465258.0,458900000.0,-44600000.0,-1506700000.0,-103200000.0,-180000000.0,-1767600000.0,1677800000.0,24100000.0,512600000.0,20300000.0,1488400000.0,1488400000.0,1488400000.0,-943800000.0,0.0,0.308,1229100000.0,782400000.0,386300000.0,0.12,5.574,7.36,7.639,480700000.0,0.0,69.44,2.269,2.215,882900000.0,3949500000.0,4827400000.0,4827400000.0,0.0,0.31,0.739,0.649,0.364,7500000.0,1229100000.0,1.0,157754396.0,154000000,156500000.0,31.347,3719000000.0,167200000.0,202200000.0,207800000.0,24.149,926100000.0
57,ROK,MRT,2007-03-31,2007-03-31,2007-03-31,2021-07-27,-53300000.0,4816900000.0,4857025000.0,2769000000.0,2047900000.0,0.971,13.554,1708000000.0,1119600000.0,1119600000.0,2771600000.0,1473200000.0,1.771,1.205,758100000.0,349200000.0,408900000.0,758100000.0,0.0,114800000.0,0.0,0.017,1.03,1734700000.0,1849500000.0,0.392,1849500000.0,1734700000.0,1670500000.0,8.86,8.71,8.86,2184900000.0,1931900000.0,2184900000.0,10767724840.0,6.0,5.822,2321900000.0,14.404,1.0,1946900000.0,0.413,869900000.0,64200000.0,2021900000.0,2923325000.0,454000000.0,0.0,0.0,0.0,2632000000.0,1563600000.0,1068400000.0,9918524840.0,822600000.0,-51200000.0,-1276200000.0,-97900000.0,-175200000.0,-1532500000.0,1678600000.0,24100000.0,613900000.0,8400000.0,1473200000.0,1473200000.0,1473200000.0,-972700000.0,0.0,0.312,1204500000.0,742400000.0,384400000.0,0.116,4.54,6.733,6.757,474300000.0,0.0,59.87,2.102,2.045,847700000.0,3898900000.0,4718500000.0,4718500000.0,0.0,0.303,0.763,0.593,0.368,10700000.0,1204500000.0,1.0,165667694.0,161200000,163800000.0,29.271,3947000000.0,171200000.0,197300000.0,327700000.0,24.485,1205400000.0
58,ROK,MRT,2006-12-31,2006-12-31,2006-12-31,2021-07-27,-58800000.0,5061500000.0,4844550000.0,2504000000.0,2557500000.0,0.956,11.793,-21900000.0,433500000.0,433500000.0,2684700000.0,890400000.0,1.542,1.546,1282700000.0,533200000.0,749500000.0,1282700000.0,0.0,119500000.0,0.0,0.016,0.965,1164300000.0,1283800000.0,0.277,1283800000.0,1164300000.0,1102400000.0,5.17,5.07,5.17,1988300000.0,1803900000.0,1988300000.0,10947489379.0,9.0,8.527,611400000.0,3.626,1.0,1948300000.0,0.421,824800000.0,61900000.0,3461800000.0,3181875000.0,450900000.0,0.0,0.0,0.0,3073200000.0,1624100000.0,1449100000.0,10394189379.0,193900000.0,-14100000.0,-817500000.0,431100000.0,-168200000.0,-514800000.0,-16200000.0,24100000.0,633300000.0,8400000.0,890400000.0,890400000.0,890400000.0,-371800000.0,0.0,0.192,1169200000.0,779100000.0,376600000.0,0.187,5.228,11.674,11.814,468100000.0,0.0,61.08,2.244,2.223,788300000.0,3226900000.0,4633000000.0,4633000000.0,0.0,0.184,0.494,0.366,0.251,-12900000.0,1169200000.0,1.0,170173369.0,168600000,171400000.0,27.479,4236700000.0,372800000.0,212000000.0,188400000.0,25.129,879900000.0
59,ROK,MRT,2006-09-30,2006-09-30,2006-09-30,2021-07-27,-75300000.0,4735400000.0,4733975000.0,2188000000.0,2547400000.0,0.962,10.862,74500000.0,408100000.0,408100000.0,2656400000.0,607000000.0,1.692,1.469,967200000.0,219000000.0,748200000.0,967200000.0,0.0,117400000.0,0.0,0.015,0.9,870100000.0,987500000.0,0.217,987500000.0,870100000.0,813500000.0,3.44,3.37,3.44,1918200000.0,1702650000.0,1918200000.0,10780330811.0,12.0,10.917,387800000.0,2.196,1.0,1900000000.0,0.417,819900000.0,56600000.0,3181300000.0,3075025000.0,411500000.0,0.0,0.0,0.0,2817200000.0,1293300000.0,1523900000.0,10221930811.0,-50900000.0,-39500000.0,-662400000.0,218900000.0,-159300000.0,-556100000.0,52700000.0,24100000.0,313300000.0,-1200000.0,607000000.0,607000000.0,607000000.0,-95400000.0,0.0,0.133,1141000000.0,759000000.0,395700000.0,0.262,5.329,16.84,16.89,468500000.0,0.0,58.1,2.243,2.252,743600000.0,2856200000.0,4556400000.0,4556400000.0,0.0,0.128,0.357,0.283,0.191,-20700000.0,1141000000.0,1.0,175936847.0,176600000,179900000.0,25.801,3915500000.0,160400000.0,206500000.0,126500000.0,22.172,894700000.0
60,ROK,MRT,2006-06-30,2006-06-30,2006-06-30,2021-07-27,-490200000.0,4814300000.0,4681400000.0,2186800000.0,2627500000.0,0.813,9.265,18100000.0,338900000.0,338900000.0,2116700000.0,570500000.0,1.85,1.942,897300000.0,152200000.0,745100000.0,897300000.0,0.0,89100000.0,0.0,0.012,0.9,801800000.0,890900000.0,0.234,890900000.0,801800000.0,749400000.0,3.21,3.14,3.21,1636200000.0,1635375000.0,1636200000.0,13327675197.0,17.0,14.96,165800000.0,0.939,1.0,1689200000.0,0.444,1162600000.0,52400000.0,3028300000.0,2967500000.0,614200000.0,0.0,0.0,0.0,3178100000.0,1181800000.0,1996300000.0,12782675197.0,-130200000.0,-39500000.0,-472800000.0,152000000.0,-160800000.0,-436300000.0,-27800000.0,0.0,147700000.0,-500000.0,570500000.0,570500000.0,570500000.0,-142200000.0,0.0,0.15,1034800000.0,654400000.0,395300000.0,0.28,7.812,22.406,22.433,650300000.0,0.0,72.01,3.359,3.341,867900000.0,2693400000.0,3805900000.0,3805900000.0,0.0,0.122,0.349,0.27,0.211,-13100000.0,1034800000.0,1.0,177512501.0,176600000,179800000.0,21.551,3651700000.0,262400000.0,178900000.0,38300000.0,20.678,1005000000.0
61,ROK,MRT,2006-03-31,2006-03-31,2006-03-31,2021-07-27,-500500000.0,4767000000.0,4537100000.0,2098200000.0,2668800000.0,0.859,9.441,17700000.0,302300000.0,302300000.0,2215200000.0,548800000.0,1.898,1.85,847300000.0,101500000.0,745800000.0,847300000.0,0.0,100600000.0,0.0,0.013,0.9,787200000.0,887800000.0,0.228,887800000.0,787200000.0,736900000.0,3.07,2.99,3.07,1672900000.0,1699250000.0,1672900000.0,13348385021.0,17.0,15.035,187300000.0,1.057,1.0,1683700000.0,0.432,1150500000.0,50300000.0,3056100000.0,2827675000.0,606200000.0,0.0,0.0,0.0,3094100000.0,1105400000.0,1988700000.0,12744685021.0,-184500000.0,-32900000.0,-473000000.0,100900000.0,-161900000.0,-495600000.0,-21600000.0,0.0,169600000.0,-300000.0,548800000.0,548800000.0,548800000.0,-116600000.0,0.0,0.141,1026300000.0,657400000.0,388500000.0,0.293,7.618,23.223,23.423,651500000.0,0.0,71.91,3.269,3.268,849500000.0,2634900000.0,3898900000.0,3898900000.0,0.0,0.121,0.323,0.278,0.202,-10200000.0,1026300000.0,1.0,177231053.0,177200000,180700000.0,22.003,3616500000.0,258700000.0,188100000.0,72700000.0,20.409,992800000.0
62,ROK,MRT,2005-12-31,2005-12-31,2005-12-31,2021-07-27,-507300000.0,4619200000.0,4421175000.0,1964300000.0,2654900000.0,0.904,8.86,-22000000.0,246700000.0,246700000.0,2332600000.0,552300000.0,1.876,1.917,850400000.0,103200000.0,747200000.0,850400000.0,0.0,107600000.0,0.0,0.014,0.84,775300000.0,882900000.0,0.221,882900000.0,775300000.0,727500000.0,3.05,2.97,3.05,1583300000.0,1778275000.0,1583300000.0,10883512619.0,14.0,12.327,202200000.0,1.132,1.0,1663700000.0,0.416,1141200000.0,47800000.0,3034400000.0,2699975000.0,595700000.0,0.0,0.0,0.0,3035900000.0,1047300000.0,1988600000.0,10597712619.0,-224900000.0,-25400000.0,-520300000.0,101900000.0,-152500000.0,-559800000.0,-33200000.0,14900000.0,224200000.0,-3800000.0,552300000.0,552300000.0,552300000.0,-102800000.0,0.0,0.138,999300000.0,664400000.0,397100000.0,0.275,6.693,19.188,19.397,663500000.0,0.0,59.16,2.652,2.645,793700000.0,2574700000.0,3996300000.0,3996300000.0,0.0,0.125,0.311,0.287,0.194,41100000.0,999300000.0,1.0,179136454.0,178700000,182300000.0,22.363,3478000000.0,214300000.0,175200000.0,37500000.0,19.463,917000000.0
63,ROK,MRT,2005-09-30,2005-09-30,2005-09-30,2021-07-27,-501500000.0,4525100000.0,4335400000.0,2186500000.0,2338600000.0,0.948,9.007,-95600000.0,463600000.0,463600000.0,2448000000.0,540000000.0,2.324,1.744,749400000.0,1200000.0,748200000.0,749400000.0,0.0,127400000.0,0.0,0.015,0.78,768000000.0,895400000.0,0.218,895400000.0,768000000.0,722200000.0,2.95,2.88,2.95,1649100000.0,1872375000.0,1649100000.0,9889885600.0,13.0,11.045,452700000.0,2.472,1.0,1663500000.0,0.405,1118900000.0,45800000.0,2751200000.0,2583850000.0,569900000.0,0.0,0.0,0.0,2876000000.0,940800000.0,1935200000.0,9606685600.0,-11600000.0,0.0,-407600000.0,-100000.0,-142700000.0,-551700000.0,-96300000.0,0.0,548300000.0,-3100000.0,540000000.0,540000000.0,540000000.0,-92300000.0,0.0,0.131,997400000.0,666100000.0,388500000.0,0.264,5.825,17.79,17.932,774500000.0,0.0,52.9,2.337,2.356,799600000.0,2493500000.0,4111500000.0,4111500000.0,0.0,0.125,0.288,0.297,0.187,72100000.0,997400000.0,1.0,181600862.0,183100000,187200000.0,22.455,3406200000.0,235700000.0,182200000.0,5400000.0,18.603,1245700000.0
64,ROK,MRT,2005-06-30,2005-06-30,2005-06-30,2021-07-27,-221300000.0,4237100000.0,4257450000.0,2078400000.0,2158700000.0,1.145,10.354,-87500000.0,468800000.0,468800000.0,3054700000.0,558700000.0,2.248,1.24,752000000.0,200000.0,751800000.0,752000000.0,0.0,175400000.0,0.0,0.015,0.72,793500000.0,968900000.0,0.199,968900000.0,793500000.0,748300000.0,3.04,2.96,3.04,1891700000.0,1925350000.0,1891700000.0,9225087999.0,12.0,9.521,620300000.0,3.395,1.0,1819500000.0,0.373,1126900000.0,45200000.0,2469000000.0,2520775000.0,595000000.0,0.0,0.0,0.0,2345400000.0,924400000.0,1421000000.0,8960887999.0,139100000.0,0.0,-363300000.0,0.0,-132400000.0,-497100000.0,-88200000.0,0.0,707800000.0,-1300000.0,558700000.0,558700000.0,558700000.0,-70200000.0,0.0,0.115,1084700000.0,734800000.0,332000000.0,0.237,4.737,16.039,16.023,771100000.0,0.0,48.71,1.838,1.826,756100000.0,2371100000.0,4874200000.0,4874200000.0,0.0,0.131,0.29,0.315,0.163,73200000.0,1084700000.0,1.0,183964032.0,182700000,186400000.0,26.679,3110200000.0,136000000.0,189600000.0,88900000.0,17.024,1154000000.0
65,ROK,MRT,2005-03-31,2005-03-31,2005-03-31,2021-07-27,-201500000.0,4303300000.0,4206825000.0,2107400000.0,2195900000.0,1.128,10.78,-86700000.0,484700000.0,484700000.0,2994100000.0,557800000.0,2.386,1.164,748900000.0,200000.0,748700000.0,748900000.0,0.0,179700000.0,0.0,0.012,0.66,731400000.0,911100000.0,0.192,911100000.0,731400000.0,687800000.0,3.02,2.94,3.02,1989000000.0,1871700000.0,1989000000.0,10718603579.0,15.0,11.764,525800000.0,2.85,1.0,1750400000.0,0.369,1139100000.0,43600000.0,2545300000.0,2504175000.0,619700000.0,0.0,0.0,0.0,2314300000.0,883100000.0,1431200000.0,10431603579.0,130900000.0,0.0,-303600000.0,0.0,-122000000.0,-427000000.0,-87400000.0,0.0,612500000.0,900000.0,557800000.0,557800000.0,557800000.0,-71100000.0,0.0,0.118,1065700000.0,684700000.0,356600000.0,0.219,5.245,18.701,18.755,792200000.0,0.0,56.64,2.199,2.203,767600000.0,2330400000.0,4744500000.0,4744500000.0,0.0,0.133,0.298,0.292,0.154,75600000.0,1065700000.0,1.0,184173792.0,184500000,189000000.0,25.715,3164200000.0,134300000.0,130000000.0,56900000.0,17.15,1224300000.0
66,ROK,MRT,2004-12-31,2004-12-31,2004-12-31,2021-07-27,-185900000.0,4276100000.0,4148150000.0,2066000000.0,2210100000.0,1.11,10.622,-56200000.0,467700000.0,467700000.0,2927400000.0,486100000.0,2.444,1.182,754700000.0,200000.0,754500000.0,754700000.0,0.0,185600000.0,0.0,0.013,0.66,651600000.0,837200000.0,0.182,837200000.0,651600000.0,609300000.0,2.63,2.56,2.63,1959700000.0,1790975000.0,1959700000.0,9410780897.0,14.0,11.241,501000000.0,2.715,1.0,1678300000.0,0.364,1148000000.0,42300000.0,2569900000.0,2487525000.0,608800000.0,14900000.0,14900000.0,0.0,2316400000.0,845200000.0,1471200000.0,9126680897.0,152100000.0,0.0,-245800000.0,-8400000.0,-122200000.0,-378000000.0,-70700000.0,-14900000.0,557200000.0,1400000.0,486100000.0,486100000.0,486100000.0,-67000000.0,0.0,0.106,1070500000.0,607800000.0,334400000.0,0.251,4.657,18.775,18.84,785000000.0,0.0,49.55,1.982,1.985,733100000.0,2274200000.0,4605700000.0,4605700000.0,0.0,0.117,0.271,0.262,0.141,51600000.0,1070500000.0,1.0,184191340.0,184500000,189100000.0,24.963,3128100000.0,136500000.0,123200000.0,120200000.0,16.954,1220800000.0
67,ROK,MRT,2004-09-30,2004-09-30,2004-09-30,2021-07-27,-226800000.0,4213300000.0,4088600000.0,2026100000.0,2187200000.0,1.079,10.032,-65600000.0,473800000.0,473800000.0,2848300000.0,414900000.0,2.346,1.264,757900000.0,200000.0,757700000.0,757900000.0,0.0,186700000.0,0.0,0.017,0.66,540600000.0,727300000.0,0.165,727300000.0,540600000.0,498900000.0,2.24,2.17,2.24,1861000000.0,1714800000.0,1861000000.0,7556480752.0,14.0,10.39,531300000.0,2.864,1.0,1562800000.0,0.354,1134900000.0,41700000.0,2498900000.0,2480875000.0,574300000.0,0.0,0.0,0.0,2352300000.0,863600000.0,1488700000.0,7133580752.0,247400000.0,0.0,-179900000.0,-8400000.0,-122500000.0,-312000000.0,-65200000.0,0.0,596900000.0,1800000.0,414900000.0,414900000.0,414900000.0,-60800000.0,0.0,0.094,1058600000.0,504200000.0,362200000.0,0.295,3.833,17.193,17.277,804500000.0,0.0,38.7,1.617,1.627,719900000.0,2255700000.0,4411100000.0,4411100000.0,0.0,0.101,0.242,0.218,0.123,40200000.0,1058600000.0,1.0,184330252.0,185500000,191100000.0,23.78,3078400000.0,144800000.0,84000000.0,8300000.0,16.595,1162500000.0
68,ROK,MRT,2004-06-30,2004-06-30,2004-06-30,2021-07-27,-306500000.0,4034600000.0,4020250000.0,1868500000.0,2166100000.0,1.033,9.065,-86400000.0,329700000.0,329700000.0,2711700000.0,334500000.0,2.052,1.406,752600000.0,300000.0,752300000.0,752600000.0,0.0,182100000.0,0.0,0.018,0.66,456700000.0,638800000.0,0.154,638800000.0,456700000.0,414800000.0,1.79,1.75,1.79,1677100000.0,1646250000.0,1677100000.0,7385122195.0,16.0,11.561,410400000.0,2.218,1.0,1439500000.0,0.347,1144300000.0,41900000.0,2402600000.0,2499275000.0,570700000.0,0.0,0.0,0.0,2357500000.0,910600000.0,1446900000.0,6972622195.0,203800000.0,0.0,-124900000.0,-8700000.0,-122700000.0,-257300000.0,-83900000.0,0.0,496800000.0,5300000.0,334500000.0,334500000.0,334500000.0,-14400000.0,0.0,0.081,995500000.0,444000000.0,338000000.0,0.369,4.158,20.845,20.955,857200000.0,0.0,37.51,1.68,1.672,709400000.0,2160600000.0,4151200000.0,4151200000.0,0.0,0.083,0.203,0.183,0.11,36200000.0,995500000.0,1.0,185887022.0,185000000,190500000.0,22.439,2890300000.0,152100000.0,80300000.0,48200000.0,15.623,957900000.0
69,ROK,MRT,2004-03-31,2004-03-31,2004-03-31,2021-07-27,-312900000.0,4068600000.0,3997350000.0,1867900000.0,2200700000.0,1.013,8.924,-93500000.0,353800000.0,353800000.0,2677400000.0,336200000.0,2.184,1.442,766300000.0,300000.0,766000000.0,766300000.0,0.0,187800000.0,0.0,0.019,0.66,411400000.0,599200000.0,0.148,599200000.0,411400000.0,368000000.0,1.8,1.76,1.8,1666100000.0,1651975000.0,1666100000.0,6936251631.0,17.0,11.576,394600000.0,2.114,1.0,1371800000.0,0.339,1147200000.0,43400000.0,2478700000.0,2549125000.0,557800000.0,0.0,0.0,0.0,2402500000.0,855200000.0,1547300000.0,6483751631.0,58300000.0,-800000.0,-78100000.0,-158700000.0,-122600000.0,-360300000.0,-91700000.0,0.0,488100000.0,-12600000.0,336200000.0,336200000.0,336200000.0,-13500000.0,0.0,0.083,981200000.0,390600000.0,330500000.0,0.367,3.892,19.285,19.261,879900000.0,0.0,34.67,1.601,1.599,689900000.0,2113600000.0,4049200000.0,4049200000.0,0.0,0.084,0.204,0.161,0.102,34400000.0,981200000.0,1.0,187013315.0,186700000,192100000.0,21.688,2921400000.0,155700000.0,31800000.0,71600000.0,15.648,1012700000.0
70,ROK,MRT,2003-12-31,2003-12-31,2003-12-31,2021-07-27,-319500000.0,4037900000.0,3982450000.0,1814900000.0,2223000000.0,1.004,8.884,-102000000.0,315600000.0,315600000.0,2674500000.0,306900000.0,2.281,1.44,768100000.0,8700000.0,759400000.0,768100000.0,0.0,188100000.0,0.0,0.023,0.825,371400000.0,559500000.0,0.14,559500000.0,371400000.0,323500000.0,1.64,1.61,1.64,1655000000.0,1643700000.0,1655000000.0,7183939613.0,19.0,12.84,356100000.0,1.911,1.0,1324500000.0,0.331,1151300000.0,47900000.0,2543300000.0,2573700000.0,544200000.0,0.0,0.0,0.0,2382900000.0,795800000.0,1587100000.0,6636939613.0,9000000.0,-25700000.0,-41000000.0,-152100000.0,-122500000.0,-316300000.0,-127400000.0,0.0,458100000.0,-22500000.0,306900000.0,306900000.0,306900000.0,-10100000.0,0.0,0.077,968000000.0,356500000.0,290300000.0,0.503,4.01,21.626,21.707,902800000.0,0.0,35.6,1.66,1.658,668700000.0,2086700000.0,3999000000.0,3999000000.0,0.0,0.077,0.187,0.144,0.093,34300000.0,968000000.0,1.0,186430888.0,186300000,192300000.0,21.465,2886600000.0,160200000.0,16600000.0,54800000.0,15.494,1019100000.0
71,ROK,MRT,2003-09-30,2003-09-30,2003-09-30,2021-07-27,-343800000.0,3939900000.0,3974475000.0,1692000000.0,2247900000.0,1.004,8.559,-101000000.0,226400000.0,226400000.0,2681000000.0,286400000.0,2.181,1.483,772700000.0,8700000.0,764000000.0,772700000.0,0.0,190600000.0,0.0,0.031,0.825,355100000.0,545700000.0,0.137,545700000.0,355100000.0,302600000.0,1.54,1.51,1.54,1586800000.0,1632950000.0,1586800000.0,5504023704.0,15.0,10.086,318900000.0,1.72,1.0,1311300000.0,0.328,1138000000.0,52500000.0,2572500000.0,2580625000.0,536100000.0,0.0,0.0,0.0,2353100000.0,775700000.0,1577400000.0,4851023704.0,-62800000.0,-25700000.0,-58000000.0,-153400000.0,-122400000.0,-335300000.0,-131400000.0,0.0,419900000.0,-31000000.0,286400000.0,286400000.0,286400000.0,-5000000.0,0.0,0.072,967700000.0,343600000.0,315200000.0,0.536,3.057,16.938,17.045,917100000.0,0.0,26.25,1.215,1.219,651500000.0,2143000000.0,3992300000.0,3992300000.0,0.0,0.072,0.175,0.138,0.089,20900000.0,967700000.0,1.0,184800903.0,185400000,190100000.0,21.533,2801900000.0,159700000.0,16200000.0,50300000.0,15.113,916300000.0
72,ROK,MRT,2003-06-30,2003-06-30,2003-06-30,2021-07-27,-159000000.0,3943000000.0,3991000000.0,1675000000.0,2268000000.0,0.985,9.189,-95900000.0,126000000.0,126000000.0,2658600000.0,268300000.0,1.968,1.319,779000000.0,2000000.0,777000000.0,779000000.0,0.0,190700000.0,0.0,0.035,0.825,329100000.0,519800000.0,0.132,519800000.0,329100000.0,271600000.0,1.44,1.41,1.44,1700000000.0,1638500000.0,1700000000.0,5044230057.0,15.0,9.704,348700000.0,1.885,1.0,1271100000.0,0.323,1143000000.0,57500000.0,2602000000.0,2576500000.0,569000000.0,0.0,0.0,0.0,2243000000.0,851000000.0,1392000000.0,4418230057.0,-88500000.0,-28700000.0,-51500000.0,-198100000.0,-121900000.0,-373000000.0,-135400000.0,0.0,444600000.0,-35400000.0,268300000.0,268300000.0,268300000.0,-2600000.0,0.0,0.068,947400000.0,323700000.0,316000000.0,0.573,2.599,16.467,16.556,932000000.0,0.0,23.84,1.124,1.122,661000000.0,2141000000.0,3929700000.0,3929700000.0,0.0,0.067,0.164,0.128,0.084,11000000.0,947400000.0,1.0,185328442.0,185000000,189800000.0,21.242,2800000000.0,186000000.0,3300000.0,158000000.0,15.135,824000000.0
73,ROK,MRT,2003-03-31,2003-03-31,2003-03-31,2021-07-27,-175000000.0,4009000000.0,4008500000.0,1787000000.0,2222000000.0,0.971,8.798,-90700000.0,296000000.0,296000000.0,2639800000.0,230200000.0,1.93,1.455,922000000.0,152000000.0,770000000.0,922000000.0,0.0,187600000.0,0.0,0.04,0.825,325600000.0,513200000.0,0.132,513200000.0,325600000.0,262700000.0,1.23,1.21,1.23,1633000000.0,1608500000.0,1633000000.0,4466227267.0,14.0,8.703,422900000.0,2.279,1.0,1251900000.0,0.322,1132000000.0,62900000.0,2577000000.0,2567250000.0,555000000.0,0.0,0.0,0.0,2376000000.0,926000000.0,1450000000.0,3843227267.0,108100000.0,-40900000.0,-23900000.0,-93100000.0,-122400000.0,-240900000.0,-142500000.0,0.0,513600000.0,-32800000.0,230200000.0,230200000.0,230200000.0,-2600000.0,0.0,0.059,938100000.0,313800000.0,305000000.0,0.671,2.353,16.695,16.829,941000000.0,0.0,20.7,0.988,0.987,636000000.0,2099000000.0,3891700000.0,3891700000.0,0.0,0.057,0.143,0.127,0.084,11400000.0,938100000.0,1.0,185663153.0,185600000,190400000.0,20.968,2877000000.0,181000000.0,32500000.0,173000000.0,15.501,861000000.0
74,ROK,MRT,2002-12-31,2002-12-31,2002-12-31,2021-07-27,-181000000.0,4006000000.0,3984000000.0,1772000000.0,2234000000.0,0.959,8.685,-91800000.0,307000000.0,307000000.0,2605900000.0,242200000.0,1.905,1.485,930000000.0,160000000.0,770000000.0,930000000.0,0.0,194500000.0,0.0,0.032,0.66,319800000.0,514300000.0,0.135,514300000.0,319800000.0,254600000.0,1.3,1.28,1.3,1612000000.0,1583250000.0,1612000000.0,4489982331.0,14.0,8.73,386900000.0,2.085,1.0,1214400000.0,0.318,1128000000.0,65200000.0,2571000000.0,2607000000.0,555000000.0,0.0,0.0,0.0,2394000000.0,930000000.0,1464000000.0,3849982331.0,136200000.0,-71000000.0,-1400000.0,-2300000.0,-122800000.0,-127900000.0,-171800000.0,0.0,478700000.0,-17500000.0,242200000.0,242200000.0,242200000.0,-5600000.0,0.0,0.063,918200000.0,296200000.0,291000000.0,0.508,2.388,15.896,15.931,962000000.0,0.0,20.71,1.008,1.006,622000000.0,2156000000.0,3820300000.0,3820300000.0,0.0,0.061,0.153,0.123,0.084,6000000.0,918200000.0,1.0,185899678.0,185600000,189400000.0,20.584,2878000000.0,178000000.0,12400000.0,185000000.0,15.506,842000000.0
75,ROK,MRT,2002-09-30,2002-09-30,2002-09-30,2021-07-27,-194000000.0,4006000000.0,3972000000.0,1757000000.0,2249000000.0,0.951,8.702,-96000000.0,289000000.0,289000000.0,2589700000.0,121500000.0,1.819,1.49,929000000.0,162000000.0,767000000.0,929000000.0,0.0,197700000.0,0.0,0.041,0.66,193100000.0,390800000.0,0.104,390800000.0,193100000.0,127000000.0,0.66,0.64,0.66,1609000000.0,1572500000.0,1609000000.0,3776007537.0,20.0,9.662,365900000.0,1.979,1.0,1186000000.0,0.314,1124000000.0,66100000.0,2556000000.0,2661000000.0,557000000.0,0.0,0.0,0.0,2397000000.0,966000000.0,1431000000.0,3023007537.0,167800000.0,-71000000.0,24700000.0,0.0,-122100000.0,-97400000.0,-171000000.0,0.0,461900000.0,-400000.0,121500000.0,121500000.0,121500000.0,-5600000.0,0.0,0.032,907400000.0,278600000.0,325000000.0,1.0,1.879,24.881,24.652,988000000.0,0.0,16.27,0.801,0.797,645000000.0,2165000000.0,3775700000.0,3775700000.0,0.0,0.031,0.077,0.073,0.051,6000000.0,907400000.0,1.0,185802553.0,184900000,188800000.0,20.42,2882000000.0,157000000.0,5500000.0,184000000.0,15.587,791000000.0
76,ROK,MRT,2002-06-30,2002-06-30,2002-06-30,2021-07-27,-166000000.0,4013000000.0,3995000000.0,1779000000.0,2234000000.0,0.961,8.518,-124000000.0,214000000.0,214000000.0,2682000000.0,84000000.0,1.643,1.54,967000000.0,207000000.0,760000000.0,967000000.0,0.0,219000000.0,0.0,0.033,0.66,151000000.0,370000000.0,0.096,370000000.0,151000000.0,84000000.0,0.45,0.45,0.45,1580000000.0,1570250000.0,1580000000.0,4526798254.0,30.0,12.235,163000000.0,0.879,1.0,1159000000.0,0.302,1118000000.0,67000000.0,2565000000.0,2734250000.0,589000000.0,0.0,0.0,0.0,2433000000.0,1083000000.0,1350000000.0,3703798254.0,-45000000.0,-68000000.0,26000000.0,-18000000.0,-122000000.0,-114000000.0,-176000000.0,0.0,287000000.0,-6000000.0,84000000.0,84000000.0,84000000.0,-3000000.0,0.0,0.022,969000000.0,190000000.0,370000000.0,1.467,2.344,44.093,44.4,1006000000.0,0.0,19.98,0.964,0.965,657000000.0,2112000000.0,3841000000.0,3841000000.0,0.0,0.021,0.053,0.055,0.039,20000000.0,969000000.0,1.0,185375288.0,185500000,190400000.0,20.706,2895000000.0,160000000.0,0.0,197000000.0,15.606,696000000.0
77,ROK,MRT,2002-03-31,2002-03-31,2002-03-31,2021-07-27,-172000000.0,3911000000.0,4035250000.0,1666000000.0,2245000000.0,0.961,8.304,-149000000.0,187000000.0,187000000.0,2809000000.0,28000000.0,1.887,1.553,1010000000.0,101000000.0,909000000.0,1010000000.0,0.0,242000000.0,0.0,0.037,0.75,84000000.0,326000000.0,0.084,326000000.0,84000000.0,14000000.0,0.15,0.16,0.15,1532000000.0,1576750000.0,1532000000.0,4462379363.0,53.0,13.688,187000000.0,1.014,1.0,1070000000.0,0.276,1115000000.0,70000000.0,2736000000.0,2775750000.0,587000000.0,0.0,0.0,0.0,2379000000.0,883000000.0,1496000000.0,3699379363.0,10000000.0,245000000.0,35000000.0,-313000000.0,-138000000.0,-416000000.0,112000000.0,0.0,336000000.0,18000000.0,28000000.0,28000000.0,28000000.0,-64000000.0,0.0,0.007,997000000.0,73000000.0,359000000.0,5.0,2.415,132.121,133.733,1019000000.0,0.0,20.06,0.954,0.954,599000000.0,2115000000.0,3879000000.0,3879000000.0,0.0,0.007,0.018,0.03,0.022,17000000.0,997000000.0,1.0,184415721.0,184500000,188900000.0,21.024,2796000000.0,153000000.0,-14000000.0,225000000.0,15.154,783000000.0
78,ROK,MRT,2001-12-31,2001-12-31,2001-12-31,2021-07-27,-161000000.0,3958000000.0,4461250000.0,1671000000.0,2287000000.0,0.919,8.532,-155000000.0,170000000.0,170000000.0,2935000000.0,92000000.0,2.089,1.523,933000000.0,11000000.0,922000000.0,933000000.0,0.0,258000000.0,0.0,0.047,0.84,194000000.0,452000000.0,0.11,452000000.0,194000000.0,113000000.0,0.5,0.5,0.5,1569000000.0,1892250000.0,1569000000.0,4093552267.0,21.0,9.057,241000000.0,1.31,1.0,1164000000.0,0.284,1134000000.0,81000000.0,2787000000.0,3144500000.0,592000000.0,0.0,0.0,0.0,2389000000.0,800000000.0,1589000000.0,3282552267.0,8000000.0,300000000.0,43000000.0,-437000000.0,-153000000.0,-547000000.0,161000000.0,0.0,396000000.0,19000000.0,92000000.0,92000000.0,92000000.0,-115000000.0,0.0,0.022,1025000000.0,139000000.0,331000000.0,1.68,2.092,35.68,35.72,1042000000.0,0.0,17.86,0.801,0.801,610000000.0,2188000000.0,4099000000.0,4099000000.0,0.0,0.021,0.049,0.062,0.047,15000000.0,1025000000.0,1.0,183793520.0,183900000,186600000.0,22.289,2824000000.0,152000000.0,21000000.0,243000000.0,15.356,871000000.0
79,ROK,MRT,2001-09-30,2001-09-30,2001-09-30,2021-07-27,-162000000.0,4098000000.0,4953750000.0,1721000000.0,2377000000.0,0.865,8.748,-157000000.0,121000000.0,121000000.0,3037000000.0,305000000.0,2.013,1.561,919000000.0,10000000.0,909000000.0,919000000.0,0.0,272000000.0,0.0,0.063,0.93,431000000.0,703000000.0,0.164,703000000.0,431000000.0,348000000.0,1.67,1.65,1.67,1600000000.0,2178750000.0,1600000000.0,3430975906.0,8.0,4.88,178000000.0,0.973,1.0,1248000000.0,0.291,1192000000.0,83000000.0,2849000000.0,3543000000.0,600000000.0,0.0,0.0,0.0,2498000000.0,855000000.0,1643000000.0,2694975906.0,-49000000.0,294000000.0,-19000000.0,-8000000.0,-170000000.0,-197000000.0,153000000.0,0.0,335000000.0,9000000.0,305000000.0,305000000.0,305000000.0,-180000000.0,0.0,0.071,1041000000.0,207000000.0,346000000.0,0.557,1.684,8.836,8.79,1075000000.0,0.0,14.68,0.629,0.627,704000000.0,2242000000.0,4285000000.0,4285000000.0,0.0,0.062,0.14,0.122,0.101,14000000.0,1041000000.0,1.0,183581465.0,182900000,185300000.0,23.428,2906000000.0,152000000.0,43000000.0,240000000.0,15.888,866000000.0
80,ROK,MRT,2001-06-30,2001-06-30,2001-06-30,2021-07-27,-154000000.0,4174000000.0,5251500000.0,1759000000.0,2415000000.0,0.851,8.771,-171000000.0,259000000.0,259000000.0,3146000000.0,438000000.0,1.815,1.599,995000000.0,71000000.0,924000000.0,995000000.0,0.0,277000000.0,0.0,0.027,1.02,585000000.0,862000000.0,0.193,862000000.0,585000000.0,502000000.0,2.38,2.37,2.38,1606000000.0,2446000000.0,1606000000.0,8116519552.0,14.0,9.416,359000000.0,1.961,1.0,1321000000.0,0.296,1210000000.0,83000000.0,2731000000.0,3775750000.0,609000000.0,0.0,0.0,0.0,2568000000.0,969000000.0,1599000000.0,6970519552.0,55000000.0,294000000.0,-130000000.0,49000000.0,-187000000.0,-268000000.0,123000000.0,0.0,530000000.0,20000000.0,438000000.0,438000000.0,438000000.0,-262000000.0,0.0,0.098,1064000000.0,257000000.0,353000000.0,0.429,4.34,15.914,16.017,1088000000.0,0.0,38.12,1.56,1.563,656000000.0,2247000000.0,4467000000.0,4467000000.0,0.0,0.083,0.179,0.155,0.131,7000000.0,1064000000.0,1.0,182857281.0,183100000,183100000.0,24.397,2964000000.0,130000000.0,64000000.0,88000000.0,16.188,790000000.0
81,ROK,MRT,2001-03-31,2001-03-31,2001-03-31,2021-07-27,-177000000.0,5615000000.0,5798500000.0,2591000000.0,3024000000.0,0.804,15.318,-172000000.0,190000000.0,190000000.0,3156000000.0,574000000.0,1.966,1.01,1336000000.0,412000000.0,924000000.0,1336000000.0,0.0,275000000.0,0.0,0.028,1.02,792000000.0,1067000000.0,0.229,1067000000.0,792000000.0,711000000.0,3.11,3.09,3.11,2794000000.0,2725500000.0,2794000000.0,7837028391.0,10.0,7.345,369000000.0,2.023,1.0,1504000000.0,0.323,1232000000.0,81000000.0,4211000000.0,4076750000.0,640000000.0,0.0,0.0,0.0,2821000000.0,1318000000.0,1503000000.0,6625028391.0,32000000.0,-16000000.0,-254000000.0,385000000.0,-188000000.0,-57000000.0,-188000000.0,0.0,541000000.0,31000000.0,574000000.0,574000000.0,574000000.0,-279000000.0,0.0,0.123,1057000000.0,447000000.0,384000000.0,0.328,2.371,11.542,11.688,1148000000.0,0.0,36.35,1.422,1.423,733000000.0,3507000000.0,4660000000.0,4660000000.0,0.0,0.099,0.211,0.194,0.17,7000000.0,1057000000.0,1.0,182256627.0,182400000,185300000.0,25.548,4383000000.0,139000000.0,137000000.0,99000000.0,24.03,1273000000.0
82,ROK,MRT,2000-12-31,2000-12-31,2000-12-31,2021-07-27,-153000000.0,5928000000.0,5986000000.0,2665000000.0,3263000000.0,0.782,14.877,-142000000.0,158000000.0,158000000.0,3138000000.0,613000000.0,1.767,1.183,1370000000.0,445000000.0,925000000.0,1370000000.0,0.0,273000000.0,0.0,0.021,1.02,838000000.0,1111000000.0,0.237,1111000000.0,838000000.0,768000000.0,3.3,3.27,3.3,2715000000.0,2715500000.0,2715000000.0,9452433338.0,11.0,8.508,472000000.0,2.586,1.0,1541000000.0,0.329,1251000000.0,70000000.0,4381000000.0,4020500000.0,645000000.0,0.0,0.0,0.0,3213000000.0,1508000000.0,1705000000.0,8702433338.0,-107000000.0,-76000000.0,-308000000.0,260000000.0,-190000000.0,-238000000.0,-218000000.0,0.0,614000000.0,13000000.0,613000000.0,613000000.0,613000000.0,-287000000.0,0.0,0.131,1056000000.0,485000000.0,472000000.0,0.309,3.205,14.196,14.433,1179000000.0,0.0,47.63,1.86,1.858,740000000.0,3448000000.0,4679000000.0,4679000000.0,0.0,0.102,0.226,0.208,0.179,7000000.0,1056000000.0,1.0,182709077.0,182500000,184700000.0,25.638,4677000000.0,167000000.0,155000000.0,102000000.0,25.627,1157000000.0
83,ROK,MRT,2000-09-30,2000-09-30,2000-09-30,2021-07-27,-166000000.0,5289000000.0,6132750000.0,2422000000.0,2867000000.0,0.76,14.212,-158000000.0,170000000.0,170000000.0,3107000000.0,636000000.0,2.365,0.982,940000000.0,16000000.0,924000000.0,940000000.0,0.0,270000000.0,0.0,0.034,1.02,872000000.0,1142000000.0,0.245,1142000000.0,872000000.0,799000000.0,3.38,3.35,3.38,2669000000.0,2706750000.0,2669000000.0,6319598747.0,7.0,5.534,487000000.0,2.593,1.0,1554000000.0,0.333,1255000000.0,73000000.0,3780000000.0,3938500000.0,610000000.0,0.0,0.0,0.0,2620000000.0,1024000000.0,1596000000.0,5610598747.0,-166000000.0,-70000000.0,-312000000.0,-173000000.0,-192000000.0,-677000000.0,-228000000.0,0.0,645000000.0,35000000.0,636000000.0,636000000.0,636000000.0,-292000000.0,0.0,0.136,1040000000.0,514000000.0,478000000.0,0.302,2.102,8.822,8.967,1194000000.0,0.0,30.31,1.204,1.221,737000000.0,3363000000.0,4661000000.0,4661000000.0,0.0,0.104,0.235,0.221,0.187,7000000.0,1040000000.0,1.0,185107184.0,187800000,189900000.0,24.819,4034000000.0,153000000.0,163000000.0,318000000.0,21.48,1398000000.0
84,ROK,MRT,2000-06-30,2000-06-30,2000-06-30,2021-07-27,-164000000.0,6362000000.0,6446500000.0,3266000000.0,3096000000.0,0.47,14.551,11000000.0,224000000.0,224000000.0,1901000000.0,643000000.0,1.876,1.336,933000000.0,23000000.0,910000000.0,933000000.0,0.0,215000000.0,0.0,0.032,1.02,772000000.0,987000000.0,0.325,987000000.0,772000000.0,696000000.0,3.41,3.34,3.41,2724000000.0,2674500000.0,2724000000.0,6694727870.0,9.0,6.783,706000000.0,3.771,1.0,1132000000.0,0.373,1395000000.0,76000000.0,3935000000.0,3941000000.0,1388000000.0,0.0,0.0,0.0,3638000000.0,1741000000.0,1897000000.0,5922727870.0,162000000.0,-145000000.0,-291000000.0,-108000000.0,-193000000.0,-592000000.0,-134000000.0,0.0,695000000.0,34000000.0,643000000.0,643000000.0,643000000.0,-506000000.0,0.0,0.212,866000000.0,266000000.0,729000000.0,0.299,2.174,9.211,9.238,1550000000.0,0.0,31.5,1.953,1.944,1233000000.0,3316000000.0,3033000000.0,3033000000.0,0.0,0.1,0.24,0.196,0.255,37000000.0,866000000.0,1.0,188023107.0,187200000,189000000.0,16.202,4967000000.0,295000000.0,53000000.0,131000000.0,26.533,1525000000.0
85,ROK,MRT,2000-03-31,2000-03-31,2000-03-31,2021-07-27,-165000000.0,6365000000.0,6447000000.0,3255000000.0,3110000000.0,0.564,14.533,-36000000.0,165000000.0,165000000.0,2339000000.0,623000000.0,1.857,1.311,937000000.0,27000000.0,910000000.0,937000000.0,0.0,232000000.0,0.0,0.024,1.02,794000000.0,1026000000.0,0.282,1026000000.0,794000000.0,715000000.0,3.29,3.21,3.29,2754000000.0,2628000000.0,2754000000.0,8735253555.0,11.0,8.514,642000000.0,3.388,1.0,1297000000.0,0.357,1398000000.0,79000000.0,3986000000.0,3947000000.0,1380000000.0,0.0,0.0,0.0,3611000000.0,1753000000.0,1858000000.0,7934253555.0,61000000.0,-187000000.0,-159000000.0,-163000000.0,-194000000.0,-516000000.0,-223000000.0,0.0,678000000.0,14000000.0,623000000.0,623000000.0,623000000.0,-428000000.0,0.0,0.171,931000000.0,366000000.0,724000000.0,0.31,2.881,12.736,12.708,1558000000.0,0.0,41.81,2.182,2.179,1221000000.0,3244000000.0,3636000000.0,3636000000.0,0.0,0.097,0.237,0.201,0.218,37000000.0,931000000.0,1.0,189769279.0,189500000,192000000.0,19.187,4967000000.0,331000000.0,92000000.0,135000000.0,26.211,1502000000.0
86,ROK,MRT,1999-12-31,1999-12-31,1999-12-31,2021-07-27,-159000000.0,6515000000.0,6450000000.0,3426000000.0,3089000000.0,0.646,14.105,-121000000.0,296000000.0,296000000.0,2755000000.0,602000000.0,1.812,1.431,1097000000.0,186000000.0,911000000.0,1097000000.0,0.0,247000000.0,0.0,0.196,9.395,809000000.0,1056000000.0,0.254,1056000000.0,809000000.0,723000000.0,3.17,3.1,3.17,2680000000.0,2542750000.0,2680000000.0,9851809681.0,12.0,9.329,642000000.0,3.379,1.0,1410000000.0,0.339,1372000000.0,86000000.0,4053000000.0,3932000000.0,1337000000.0,0.0,0.0,0.0,3835000000.0,1891000000.0,1944000000.0,9107809681.0,94000000.0,-231000000.0,-108000000.0,-148000000.0,-195000000.0,-451000000.0,-352000000.0,0.0,763000000.0,26000000.0,602000000.0,602000000.0,602000000.0,-366000000.0,0.0,0.145,967000000.0,443000000.0,713000000.0,2.964,3.398,15.129,15.104,1562000000.0,0.0,47.88,2.187,2.184,1181000000.0,3138000000.0,4165000000.0,4165000000.0,0.0,0.093,0.237,0.206,0.194,37000000.0,967000000.0,1.0,190221589.0,190000000,192900000.0,21.921,5143000000.0,364000000.0,121000000.0,152000000.0,27.068,1535000000.0
87,ROK,MRT,1999-09-30,1999-09-30,1999-09-30,2021-07-27,-153000000.0,6544000000.0,6400750000.0,3419000000.0,3125000000.0,0.736,13.333,-139000000.0,356000000.0,356000000.0,3173000000.0,559000000.0,1.622,1.576,1100000000.0,189000000.0,911000000.0,1100000000.0,0.0,251000000.0,0.0,0.179,9.395,798000000.0,1049000000.0,0.223,1049000000.0,798000000.0,714000000.0,2.94,2.89,2.94,2540000000.0,2464750000.0,2540000000.0,11021089790.0,14.0,10.506,621000000.0,3.26,1.0,1540000000.0,0.327,1390000000.0,84000000.0,3790000000.0,3919500000.0,1176000000.0,0.0,0.0,0.0,4004000000.0,2108000000.0,1896000000.0,10044089790.0,253000000.0,-185000000.0,-84000000.0,35000000.0,-194000000.0,-243000000.0,-324000000.0,0.0,760000000.0,8000000.0,559000000.0,559000000.0,559000000.0,-276000000.0,0.0,0.119,1018000000.0,522000000.0,843000000.0,3.196,3.954,17.968,17.857,1581000000.0,0.0,52.5,2.131,2.122,1294000000.0,2937000000.0,4713000000.0,4713000000.0,0.0,0.087,0.227,0.204,0.169,37000000.0,1018000000.0,1.0,191315996.0,190500000,193600000.0,24.74,5154000000.0,364000000.0,155000000.0,91000000.0,27.055,1311000000.0
88,ROK,MRT,1999-06-30,1999-06-30,1999-06-30,2021-07-27,-153000000.0,6364000000.0,6557250000.0,3129000000.0,3235000000.0,1.074,13.302,-310000000.0,62000000.0,62000000.0,4825000000.0,282000000.0,1.63,1.507,1039000000.0,128000000.0,911000000.0,1039000000.0,0.0,305000000.0,0.0,0.155,9.395,668000000.0,973000000.0,0.138,973000000.0,668000000.0,581000000.0,1.5,1.46,1.5,2538000000.0,2641000000.0,2538000000.0,12565664770.0,19.0,12.914,464000000.0,2.432,1.0,2216000000.0,0.315,1462000000.0,87000000.0,3959000000.0,4176500000.0,1390000000.0,0.0,0.0,0.0,3826000000.0,1920000000.0,1906000000.0,11566664770.0,-98000000.0,-209000000.0,-94000000.0,790000000.0,-195000000.0,-354000000.0,-519000000.0,0.0,774000000.0,0.0,282000000.0,282000000.0,282000000.0,275000000.0,0.0,0.04,1273000000.0,943000000.0,693000000.0,6.263,4.557,41.017,40.5,1586000000.0,0.0,60.75,1.643,1.646,1148000000.0,2893000000.0,7041000000.0,7041000000.0,103000000.0,0.043,0.107,0.16,0.095,0.0,1273000000.0,1.0,190397774.0,190800000,194500000.0,36.903,4902000000.0,313000000.0,299000000.0,99000000.0,25.692,1209000000.0
89,ROK,MRT,1999-03-31,1999-03-31,1999-03-31,2021-07-27,-151000000.0,6377000000.0,6829500000.0,3188000000.0,3189000000.0,1.011,12.7,-340000000.0,104000000.0,104000000.0,5237000000.0,-350000000.0,1.569,1.643,1103000000.0,192000000.0,911000000.0,1103000000.0,0.0,304000000.0,0.0,0.221,9.395,-85000000.0,219000000.0,0.032,219000000.0,-85000000.0,-169000000.0,-1.76,-1.78,-1.76,2413000000.0,2873750000.0,2413000000.0,9099686737.0,-107.0,41.551,468000000.0,2.463,1.0,1667000000.0,0.241,1418000000.0,84000000.0,3926000000.0,4418500000.0,1406000000.0,0.0,0.0,0.0,3964000000.0,2032000000.0,1932000000.0,8053686737.0,-154000000.0,-58000000.0,-390000000.0,972000000.0,-196000000.0,-469000000.0,-398000000.0,0.0,808000000.0,0.0,-350000000.0,-350000000.0,-350000000.0,337000000.0,0.0,-0.051,1415000000.0,252000000.0,741000000.0,-5.338,3.338,-23.011,-24.114,1563000000.0,0.0,42.44,1.167,1.168,1153000000.0,2866000000.0,6904000000.0,6904000000.0,103000000.0,-0.051,-0.122,-0.019,-0.012,0.0,1415000000.0,1.0,189766417.0,190000000,193200000.0,36.337,4959000000.0,314000000.0,181000000.0,108000000.0,26.1,1156000000.0
90,ROK,MRT,1998-12-31,1998-12-31,1998-12-31,2021-07-27,-134000000.0,6318000000.0,7266000000.0,3230000000.0,3088000000.0,0.946,12.47,-316000000.0,195000000.0,195000000.0,5224000000.0,-384000000.0,1.593,1.668,1241000000.0,331000000.0,910000000.0,1241000000.0,0.0,299000000.0,0.0,0.021,1.02,-139000000.0,160000000.0,0.023,160000000.0,-139000000.0,-212000000.0,-1.97,-1.98,-1.97,2368000000.0,3359750000.0,2368000000.0,10171577015.0,-73.0,63.572,318000000.0,1.675,1.0,1648000000.0,0.24,1333000000.0,73000000.0,4003000000.0,4733000000.0,1352000000.0,0.0,0.0,0.0,3950000000.0,2028000000.0,1922000000.0,9210577015.0,26000000.0,46000000.0,-712000000.0,1607000000.0,-198000000.0,-158000000.0,-270000000.0,0.0,634000000.0,0.0,-384000000.0,-384000000.0,-384000000.0,350000000.0,0.0,-0.056,1437000000.0,211000000.0,680000000.0,-0.518,3.89,-23.986,-24.65,1518000000.0,0.0,48.56,1.34,1.342,1136000000.0,2840000000.0,6872000000.0,6872000000.0,103000000.0,-0.053,-0.114,-0.029,-0.02,0.0,1437000000.0,1.0,189674156.0,189900000,192200000.0,36.187,4985000000.0,314000000.0,172000000.0,67000000.0,26.251,1202000000.0
91,ROK,MRT,1998-09-30,1998-09-30,1998-09-30,2021-07-27,-135000000.0,7170000000.0,7662500000.0,4096000000.0,3074000000.0,0.893,16.397,-307000000.0,103000000.0,103000000.0,5205000000.0,-426000000.0,2.066,1.21,1064000000.0,156000000.0,908000000.0,1064000000.0,0.0,306000000.0,0.0,0.241,8.72,-234000000.0,72000000.0,0.011,72000000.0,-234000000.0,-292000000.0,-2.15,-2.15,-2.15,3245000000.0,3917750000.0,3245000000.0,7854749839.0,-34.0,109.094,416000000.0,2.102,1.0,1635000000.0,0.239,1330000000.0,58000000.0,4818000000.0,4806000000.0,1313000000.0,0.0,0.0,0.0,3925000000.0,1983000000.0,1942000000.0,6930749839.0,-166000000.0,-158000000.0,-905000000.0,1710000000.0,-202000000.0,-252000000.0,-465000000.0,0.0,723000000.0,0.0,-426000000.0,-426000000.0,-426000000.0,301000000.0,0.0,-0.062,1551000000.0,84000000.0,733000000.0,-4.056,2.136,-16.269,-16.86,1535000000.0,0.0,36.25,1.013,1.049,1223000000.0,3697000000.0,6840000000.0,6840000000.0,103000000.0,-0.056,-0.109,-0.049,-0.034,0.0,1448000000.0,1.0,191193099.0,197900000,197900000.0,34.563,5840000000.0,258000000.0,134000000.0,19000000.0,29.51,2113000000.0
92,ROK,MRT,1998-06-30,1998-06-30,1998-06-30,2021-07-27,-136000000.0,7453000000.0,7780500000.0,4393000000.0,3060000000.0,0.869,17.753,-344000000.0,164000000.0,164000000.0,5163000000.0,-192000000.0,2.11,1.148,1088000000.0,180000000.0,908000000.0,1088000000.0,0.0,322000000.0,0.0,0.182,8.755,-10000000.0,312000000.0,0.046,312000000.0,-10000000.0,-52000000.0,-1.05,-1.05,-1.05,3469000000.0,4309250000.0,3469000000.0,10151421296.0,-1015.0,32.537,200000000.0,1.024,1.0,1601000000.0,0.237,1368000000.0,42000000.0,4927000000.0,4658750000.0,1358000000.0,0.0,0.0,0.0,3984000000.0,2082000000.0,1902000000.0,9432421296.0,-212000000.0,344000000.0,-1027000000.0,340000000.0,-213000000.0,-622000000.0,0.0,0.0,544000000.0,0.0,-192000000.0,-192000000.0,-192000000.0,54000000.0,0.0,-0.028,1540000000.0,61000000.0,686000000.0,-8.338,2.719,-49.127,-45.714,1425000000.0,0.0,48.0,1.395,1.387,1074000000.0,3839000000.0,6764000000.0,6764000000.0,0.0,-0.025,-0.045,-0.002,-0.001,0.0,1414000000.0,1.0,196508777.0,195400000,195400000.0,34.616,6085000000.0,251000000.0,140000000.0,62000000.0,31.141,2311000000.0
93,ROK,MRT,1998-03-31,1998-03-31,1998-03-31,2021-07-27,-116000000.0,8123000000.0,,3780000000.0,4343000000.0,,21.763,-148000000.0,272000000.0,272000000.0,4630000000.0,457000000.0,2.04,0.864,991000000.0,84000000.0,907000000.0,991000000.0,0.0,223000000.0,0.0,0.153,8.79,752000000.0,975000000.0,0.145,975000000.0,752000000.0,718000000.0,2.21,2.2,2.21,4357000000.0,,4357000000.0,11842510581.0,16.0,12.146,134000000.0,0.669,1.0,2095000000.0,0.312,1805000000.0,34000000.0,5184000000.0,,1699000000.0,0.0,0.0,0.0,3766000000.0,1853000000.0,1913000000.0,11526510581.0,-379000000.0,260000000.0,-1028000000.0,415000000.0,-225000000.0,-659000000.0,112000000.0,0.0,282000000.0,0.0,457000000.0,457000000.0,457000000.0,-55000000.0,0.0,0.068,1381000000.0,714000000.0,774000000.0,3.977,2.646,25.222,25.964,2298000000.0,0.0,57.38,1.714,1.708,1274000000.0,4447000000.0,6725000000.0,6725000000.0,0.0,,,,0.112,0.0,1255000000.0,1.0,200880282.0,200200000,203600000.0,33.591,6318000000.0,249000000.0,261000000.0,43000000.0,31.558,1927000000.0
94,ROK,MRT,1997-12-31,1997-12-31,1997-12-31,2021-07-27,-127000000.0,7904000000.0,,3615000000.0,4289000000.0,,22.461,-238000000.0,183000000.0,183000000.0,4785000000.0,537000000.0,1.697,0.718,499000000.0,342000000.0,157000000.0,499000000.0,0.0,251000000.0,0.0,0.169,8.825,850000000.0,1101000000.0,0.158,1101000000.0,850000000.0,823000000.0,2.54,2.51,2.54,4600000000.0,,4600000000.0,,,,130000000.0,0.635,1.0,2165000000.0,0.312,1795000000.0,27000000.0,4295000000.0,,1616000000.0,0.0,0.0,0.0,3304000000.0,2130000000.0,1174000000.0,10495994734.0,-600000000.0,238000000.0,-984000000.0,269000000.0,-237000000.0,-945000000.0,0.0,0.0,368000000.0,0.0,537000000.0,537000000.0,537000000.0,-102000000.0,0.0,0.077,1400000000.0,765000000.0,757000000.0,3.474,2.282,19.546,20.571,2246000000.0,0.0,52.25,1.51,1.54,1294000000.0,4438000000.0,6950000000.0,6950000000.0,0.0,,,,0.122,0.0,1274000000.0,1.0,200880282.0,204800000,207800000.0,33.936,6109000000.0,251000000.0,286000000.0,138000000.0,29.829,1485000000.0
95,ROK,MRT,1997-09-30,1997-09-30,1997-09-30,2021-07-27,-103000000.0,7642000000.0,,4294000000.0,3348000000.0,,22.502,271000000.0,269000000.0,269000000.0,4456000000.0,644000000.0,2.596,0.588,208000000.0,52000000.0,156000000.0,208000000.0,0.0,293000000.0,0.0,0.018,1.16,969000000.0,1262000000.0,0.195,1262000000.0,969000000.0,942000000.0,3.01,2.97,3.01,4811000000.0,,4811000000.0,,,,678000000.0,3.171,1.0,2020000000.0,0.312,1698000000.0,27000000.0,4229000000.0,,1303000000.0,0.0,0.0,0.0,2831000000.0,1654000000.0,1177000000.0,,-370000000.0,395000000.0,-800000000.0,-508000000.0,-248000000.0,-1302000000.0,666000000.0,0.0,407000000.0,0.0,644000000.0,644000000.0,644000000.0,-207000000.0,0.0,0.099,1258000000.0,762000000.0,651000000.0,0.385,,,20.93,1430000000.0,0.0,63.0,,2.08,1096000000.0,4409000000.0,6476000000.0,6476000000.0,0.0,,,,0.15,0.0,1235000000.0,1.0,,213800000,217100000.0,30.29,5944000000.0,220000000.0,298000000.0,97000000.0,27.802,2640000000.0
96,ROK,MRT,1997-06-30,1997-06-30,1997-06-30,2021-07-27,,,,,,,,,,,,,,,,,,,,,,0.02,1.16,,,,,,,,,,,,,,,,,,1.0,,,,,,,,,,,,,,,,,,,,,,,,,,,,,,,,,,,,,,,,59.25,,,,,,,,,,,,,,1.0,,212300000,,,,,,,,
97,ROK,MRT,1997-03-31,1997-03-31,1997-03-31,2021-07-27,,,,,,,,,,,,,,,,,,,,,,0.018,1.16,,,,,,,,,,,,,,,,,,1.0,,,,,,,,,,,,,,,,,,,,,,,,,,,,,,,,,,,,,,,,64.88,,,,,,,,,,,,,,1.0,,216200000,,,,,,,,
98,ROK,MRT,1996-12-31,1996-12-31,1996-12-31,2021-07-27,,,,,,,,,,,,,,,,,,,,,,0.019,1.16,,,,,,,,,,,,,,,,,,1.0,,,,,,,,,,,,,,,,,,,,,,,,,,,,,,,,,,,,,,,,60.88,,,,,,,,,,,,,,1.0,,218700000,,,,,,,,
99,ROK,MRT,1996-09-30,1996-09-30,1996-09-30,2021-07-27,,,,,,,,-293000000.0,,,4158000000.0,726000000.0,,,,,,,,301000000.0,,0.021,1.16,916000000.0,1217000000.0,0.207,1217000000.0,916000000.0,894000000.0,3.34,3.28,3.34,,,,,,,346000000.0,1.59,1.0,1716000000.0,0.292,,22000000.0,,,,,,,,,,,20000000.0,-53000000.0,-6000000.0,458000000.0,-253000000.0,-30000000.0,-346000000.0,0.0,639000000.0,0.0,726000000.0,726000000.0,726000000.0,-362000000.0,0.0,0.124,1162000000.0,554000000.0,,0.347,,,16.88,,0.0,56.38,,2.089,,,5874000000.0,5874000000.0,0.0,,,,0.156,0.0,1162000000.0,1.0,,217600000,221100000.0,26.994,,,168000000.0,,,
