None,ticker,dimension,calendardate,datekey,reportperiod,lastupdated,accoci,assets,assetsavg,assetsc,assetsnc,assetturnover,bvps,capex,cashneq,cashnequsd,cor,consolinc,currentratio,de,debt,debtc,debtnc,debtusd,deferredrev,depamor,deposits,divyield,dps,ebit,ebitda,ebitdamargin,ebitdausd,ebitusd,ebt,eps,epsdil,epsusd,equity,equityavg,equityusd,ev,evebit,evebitda,fcf,fcfps,fxusd,gp,grossmargin,intangibles,intexp,invcap,invcapavg,inventory,investments,investmentsc,investmentsnc,liabilities,liabilitiesc,liabilitiesnc,marketcap,ncf,ncfbus,ncfcommon,ncfdebt,ncfdiv,ncff,ncfi,ncfinv,ncfo,ncfx,netinc,netinccmn,netinccmnusd,netincdis,netincnci,netmargin,opex,opinc,payables,payoutratio,pb,pe,pe1,ppnenet,prefdivis,price,ps,ps1,receivables,retearn,revenue,revenueusd,rnd,roa,roe,roic,ros,sbcomp,sgna,sharefactor,sharesbas,shareswa,shareswadil,sps,tangibles,taxassets,taxexp,taxliabilities,tbvps,workingcapital
0,NEBLQ,MRY,2019-12-31,2019-12-31,2019-12-31,2021-08-25,-58389000.0,8284498000.0,8714261500.0,422107000.0,7862391000.0,0.15,14.698,-268783000.0,104621000.0,104621000.0,747404000.0,-874366000.0,0.817,1.264,3842004000.0,62505000.0,3779499000.0,3842004000.0,0.0,440221000.0,0.0,0.0,0.0,-459695000.0,-19474000.0,-0.015,-19474000.0,-459695000.0,-739130000.0,-2.81,-2.81,-2.81,3658972000.0,3868223250.0,3658972000.0,4108387157.0,-9.0,-210.968,-82012000.0,-0.329,1.0,558034000.0,0.427,0.0,279435000.0,11504953000.0,11785930250.0,0.0,0.0,0.0,0.0,4625526000.0,516928000.0,4108598000.0,304024157.0,-269983000.0,12753000.0,0.0,-66092000.0,0.0,-200724000.0,-256030000.0,0.0,186771000.0,0.0,-700590000.0,-700590000.0,-700590000.0,0.0,-173776000.0,-0.537,1224307000.0,-666273000.0,108208000.0,0.0,0.083,-0.434,-0.434,7733924000.0,0.0,1.22,0.233,0.233,198665000.0,2907776000.0,1305438000.0,1305438000.0,0.0,-0.08,-0.181,-0.039,-0.352,14737000.0,168792000.0,1.0,249200129.0,248949000.0,248949000.0,5.244,8284498000.0,59771000.0,-38540000.0,98916000.0,33.278,-94821000.0
1,NEBLQ,MRY,2018-12-31,2018-12-31,2018-12-31,2021-08-25,-57072000.0,9264923000.0,9581956000.0,659056000.0,8605867000.0,0.113,17.246,-194779000.0,375232000.0,375232000.0,667021000.0,-1130535000.0,1.803,1.084,3877402000.0,0.0,3877402000.0,3877402000.0,0.0,486530000.0,0.0,0.0,0.0,-694080000.0,-207550000.0,-0.192,-207550000.0,-694080000.0,-991691000.0,-3.59,-3.59,-3.59,4253171000.0,4472835000.0,4253171000.0,4223257325.0,-6.0,-20.348,-22928000.0,-0.093,1.0,415805000.0,0.384,0.0,297611000.0,12401636000.0,12726121250.0,0.0,0.0,0.0,0.0,4610349000.0,365457000.0,4244892000.0,646601325.0,-286922000.0,5402000.0,0.0,-238347000.0,0.0,-269396000.0,-189377000.0,0.0,171851000.0,0.0,-885050000.0,-885050000.0,-885050000.0,0.0,-245485000.0,-0.817,1361879000.0,-946074000.0,125557000.0,0.0,0.152,-0.731,-0.73,8480718000.0,0.0,2.62,0.597,0.597,200722000.0,3608366000.0,1082826000.0,1082826000.0,0.0,-0.092,-0.198,-0.055,-0.641,23993000.0,73216000.0,1.0,246794399.0,246614000.0,246614000.0,4.391,9264923000.0,20498000.0,-106641000.0,121081000.0,37.569,293599000.0
2,NEBLQ,MRY,2017-12-31,2017-12-31,2017-12-31,2021-08-25,-42888000.0,10794659000.0,10930985250.0,1038975000.0,9755684000.0,0.113,21.558,-120707000.0,662829000.0,662829000.0,661372000.0,-493927000.0,1.752,0.918,4045710000.0,249843000.0,3795867000.0,4045710000.0,0.0,547990000.0,0.0,0.0,0.0,-181893000.0,366097000.0,0.296,366097000.0,-181893000.0,-473882000.0,-2.11,-2.11,-2.11,5276161000.0,5350006500.0,5276161000.0,4543467351.0,-25.0,12.411,295968000.0,1.209,1.0,575543000.0,0.465,0.0,291989000.0,13584516000.0,13779706500.0,0.0,0.0,0.0,0.0,4844031000.0,593024000.0,4251007000.0,1107251351.0,-62893000.0,2382000.0,0.0,-300042000.0,0.0,-361243000.0,-118325000.0,0.0,416675000.0,0.0,-516511000.0,-516511000.0,-516511000.0,0.0,22584000.0,-0.418,741263000.0,-165720000.0,84032000.0,0.0,0.21,-2.144,-2.142,9489240000.0,0.0,4.52,0.895,0.894,204696000.0,4637677000.0,1236915000.0,1236915000.0,0.0,-0.047,-0.097,-0.013,-0.147,29115000.0,71634000.0,1.0,244967113.0,244743000.0,244743000.0,5.054,10794659000.0,105345000.0,42629000.0,199353000.0,44.106,445951000.0
3,NEBLQ,MRY,2016-12-31,2016-12-31,2016-12-31,2021-08-25,-52140000.0,11440117000.0,12304652750.0,1192614000.0,10247503000.0,0.187,23.686,-711403000.0,725722000.0,725722000.0,923188000.0,-857873000.0,1.883,0.864,4340111000.0,299882000.0,4040229000.0,4340111000.0,0.0,611067000.0,0.0,0.032,0.19,-815821000.0,-204754000.0,-0.089,-204754000.0,-815821000.0,-1038736000.0,-3.82,-3.82,-3.82,5758681000.0,6667895000.0,5758681000.0,5143875556.0,-6.0,-25.122,431337000.0,1.774,1.0,1378877000.0,0.599,0.0,222915000.0,14421213000.0,15232119000.0,0.0,0.0,0.0,0.0,4972672000.0,633293000.0,4339379000.0,1439941556.0,213477000.0,24808000.0,0.0,-81349000.0,-47534000.0,-242668000.0,-686595000.0,0.0,1142740000.0,0.0,-929580000.0,-929580000.0,-929580000.0,0.0,71707000.0,-0.404,2139074000.0,-760197000.0,108224000.0,-0.05,0.25,-1.549,-1.55,10061948000.0,0.0,5.92,0.625,0.625,319152000.0,5154221000.0,2302065000.0,2302065000.0,0.0,-0.076,-0.139,-0.054,-0.354,34720000.0,69258000.0,1.0,243233371.0,243127000.0,243127000.0,9.469,11440117000.0,55480000.0,-109156000.0,48645000.0,47.054,559321000.0
4,NEBLQ,MRY,2015-12-31,2015-12-31,2015-12-31,2021-08-25,-63175000.0,12865645000.0,13071588000.0,1240618000.0,11625027000.0,0.256,27.666,-417930000.0,512245000.0,512245000.0,1302805000.0,583201000.0,1.437,0.813,4462562000.0,299924000.0,4162638000.0,4462562000.0,0.0,634305000.0,0.0,0.121,1.275,884086000.0,1518391000.0,0.453,1518391000.0,884086000.0,670232000.0,2.06,2.06,2.06,6699229000.0,6687347000.0,6699229000.0,6877094020.0,8.0,4.529,1346977000.0,5.563,1.0,2049447000.0,0.611,0.0,213854000.0,15952378000.0,16656219500.0,0.0,0.0,0.0,0.0,5443415000.0,863584000.0,4579831000.0,2552804020.0,443735000.0,0.0,-100630000.0,-380767000.0,-315534000.0,-888635000.0,-432537000.0,0.0,1764907000.0,0.0,511000000.0,511000000.0,511000000.0,0.0,72201000.0,0.152,1129446000.0,920001000.0,223221000.0,0.619,0.381,4.996,5.121,11483623000.0,0.0,10.55,0.762,0.762,498931000.0,6131501000.0,3352252000.0,3352252000.0,0.0,0.039,0.076,0.053,0.264,39172000.0,76843000.0,1.0,241971945.0,242146000.0,247402000.0,13.844,12865645000.0,55525000.0,159232000.0,180737000.0,53.132,377034000.0
5,NEBLQ,MRY,2014-12-31,2014-12-31,2014-12-31,2021-08-25,-69418000.0,13286822000.0,15167854000.0,928562000.0,12358260000.0,0.213,25.957,-2072885000.0,68510000.0,68510000.0,1566890000.0,83316000.0,1.389,0.914,4869020000.0,0.0,4869020000.0,4869020000.0,0.0,863547000.0,0.0,0.091,1.5,270321000.0,1133868000.0,0.351,1133868000.0,270321000.0,115142000.0,0.03,0.03,0.03,6564730000.0,7819644500.0,6564730000.0,8848656492.0,33.0,7.804,-294677000.0,-1.165,1.0,1665614000.0,0.515,0.0,155179000.0,17418658000.0,19627024000.0,0.0,0.0,0.0,0.0,5999788000.0,668674000.0,5331114000.0,4179929492.0,-45948000.0,0.0,-154145000.0,1022903000.0,-386579000.0,285112000.0,-2109268000.0,0.0,1778208000.0,0.0,8491000.0,8491000.0,8491000.0,-160502000.0,74825000.0,0.003,1479672000.0,185942000.0,265389000.0,50.0,0.637,492.278,552.333,12112509000.0,0.0,16.57,1.293,1.296,569096000.0,5936035000.0,3232504000.0,3232504000.0,0.0,0.001,0.001,0.014,0.084,46389000.0,106771000.0,1.0,252258871.0,252909000.0,252909000.0,12.781,13286822000.0,107490000.0,106651000.0,214819000.0,52.536,259888000.0
6,NEBLQ,MRY,2013-12-31,2013-12-31,2013-12-31,2021-08-25,-82164000.0,16217957000.0,15575833000.0,1390935000.0,14827022000.0,0.163,32.858,-2426520000.0,114458000.0,114458000.0,1230775000.0,850406000.0,1.322,0.861,5556251000.0,0.0,5556251000.0,5556251000.0,0.0,879422000.0,0.0,0.02,0.76,981114000.0,1860536000.0,0.733,1860536000.0,981114000.0,874814000.0,3.05,3.05,3.05,8322583000.0,8029629000.0,8322583000.0,14624639906.0,15.0,7.86,-724203000.0,-2.859,1.0,1307368000.0,0.515,0.0,106300000.0,20607835000.0,19669769750.0,0.0,0.0,0.0,0.0,7167929000.0,1051915000.0,6116014000.0,9495171906.0,-167634000.0,0.0,-7653000.0,921333000.0,-194913000.0,615156000.0,-2485107000.0,0.0,1702317000.0,0.0,782697000.0,782697000.0,782697000.0,0.0,67709000.0,0.308,566831000.0,740537000.0,347214000.0,0.249,1.141,12.131,12.285,14558090000.0,0.0,37.47,3.741,3.739,949069000.0,7591927000.0,2538143000.0,2538143000.0,0.0,0.05,0.097,0.05,0.387,43620000.0,117997000.0,1.0,253407310.0,253288000.0,253547000.0,10.021,16217957000.0,140269000.0,92117000.0,350574000.0,64.03,339020000.0
7,NEBLQ,MRY,2012-12-31,2012-12-31,2012-12-31,2021-08-25,-115449000.0,14607774000.0,14249849250.0,1305325000.0,13302449000.0,0.154,30.595,-1669811000.0,282092000.0,282092000.0,1047710000.0,556137000.0,1.432,0.792,4634375000.0,0.0,4634375000.0,4634375000.0,0.0,758621000.0,0.0,0.007,0.26,703290000.0,1461911000.0,0.664,1461911000.0,703290000.0,617527000.0,2.05,2.05,2.05,7723166000.0,7587858000.0,7723166000.0,13220684691.0,19.0,9.043,-288118000.0,-1.141,1.0,1152989000.0,0.524,0.0,85763000.0,18048608000.0,17733759000.0,0.0,0.0,0.0,0.0,6119484000.0,911449000.0,5208035000.0,8799722691.0,42896000.0,0.0,-10516000.0,551444000.0,-138293000.0,452091000.0,-1790888000.0,0.0,1381693000.0,0.0,522344000.0,522344000.0,522344000.0,0.0,33793000.0,0.237,527425000.0,625564000.0,350147000.0,0.127,1.139,16.847,16.985,13025972000.0,0.0,34.82,3.999,3.994,743673000.0,7066023000.0,2200699000.0,2200699000.0,0.0,0.037,0.069,0.04,0.32,35930000.0,99990000.0,1.0,252720353.0,252435000.0,252791000.0,8.718,14607774000.0,112423000.0,95183000.0,361302000.0,57.867,393876000.0
8,NEBLQ,MRY,2011-12-31,2011-12-31,2011-12-31,2021-08-25,-74321000.0,13495159000.0,12703703750.0,1059612000.0,12435547000.0,0.212,29.461,-2621235000.0,239196000.0,239196000.0,1476524000.0,363625000.0,1.281,0.729,4071964000.0,0.0,4071964000.0,4071964000.0,0.0,658640000.0,0.0,0.0,0.0,499250000.0,1157890000.0,0.43,1157890000.0,499250000.0,443523000.0,1.46,1.46,1.46,7406521000.0,7286745750.0,7406521000.0,11243511646.0,23.0,9.71,-1880995000.0,-7.482,1.0,1219308000.0,0.452,0.0,55727000.0,16500747000.0,15375679500.0,0.0,0.0,0.0,0.0,5397307000.0,827180000.0,4570127000.0,7628660646.0,-98675000.0,0.0,-309000.0,1329339000.0,-150532000.0,1682631000.0,-2521546000.0,0.0,740240000.0,0.0,370898000.0,370898000.0,370898000.0,0.0,-7273000.0,0.138,728815000.0,490493000.0,436006000.0,0.0,1.03,20.568,20.699,12130345000.0,0.0,30.22,2.83,2.818,587163000.0,6676444000.0,2695832000.0,2695832000.0,0.0,0.029,0.051,0.032,0.185,31904000.0,91377000.0,1.0,252437480.0,251405000.0,251989000.0,10.723,13495159000.0,75284000.0,72625000.0,337711000.0,53.679,232432000.0
9,NEBLQ,MRY,2010-12-31,2010-12-31,2010-12-31,2021-08-25,-50220000.0,11302387000.0,9986603750.0,911794000.0,10390593000.0,0.281,28.299,-1406010000.0,337871000.0,337871000.0,1259270000.0,773432000.0,1.138,0.56,2766697000.0,80213000.0,2686484000.0,2766697000.0,0.0,539829000.0,0.0,0.02,0.715,925963000.0,1465792000.0,0.522,1465792000.0,925963000.0,916506000.0,3.03,3.02,3.03,7163003000.0,7140476750.0,7163003000.0,11380170860.0,12.0,7.764,230892000.0,0.912,1.0,1547906000.0,0.551,0.0,9457000.0,12929766000.0,10498150000.0,0.0,0.0,0.0,0.0,4014753000.0,801447000.0,3213306000.0,9024061860.0,-397622000.0,-1629644000.0,-217618000.0,1278074000.0,-227325000.0,861945000.0,-2896469000.0,0.0,1636902000.0,0.0,773429000.0,773429000.0,773429000.0,0.0,3000.0,0.276,631826000.0,916080000.0,374814000.0,0.236,1.26,11.668,11.805,10048087000.0,0.0,35.77,3.215,3.225,387414000.0,6630500000.0,2807176000.0,2807176000.0,0.0,0.077,0.108,0.088,0.33,34930000.0,91997000.0,1.0,252280175.0,253123000.0,253936000.0,11.09,11302387000.0,81066000.0,143077000.0,355270000.0,44.652,110347000.0
10,NEBLQ,MRY,2009-12-31,2009-12-31,2009-12-31,2021-08-25,-54881000.0,8396896000.0,7867924000.0,1483190000.0,6913706000.0,0.463,26.308,-1431498000.0,735493000.0,735493000.0,1110626000.0,1678642000.0,3.418,0.237,750946000.0,0.0,750946000.0,750946000.0,0.0,408313000.0,0.0,0.003,0.134,2017587000.0,2425900000.0,0.666,2425900000.0,2017587000.0,2015902000.0,6.44,6.42,6.44,6788432000.0,6230055250.0,6788432000.0,10655646987.0,5.0,4.392,705218000.0,2.733,1.0,2530158000.0,0.695,0.0,1685000.0,7978402000.0,7489956750.0,0.0,0.0,0.0,0.0,1608464000.0,433947000.0,1174517000.0,10660833987.0,222182000.0,0.0,-198836000.0,-172700000.0,-47939000.0,-419475000.0,-1495059000.0,0.0,2136716000.0,0.0,1678642000.0,1678642000.0,1678642000.0,0.0,0.0,0.461,519414000.0,2010744000.0,197800000.0,0.021,1.57,6.351,6.32,6634452000.0,0.0,40.7,2.928,2.885,647454000.0,5855737000.0,3640784000.0,3640784000.0,0.0,0.213,0.269,0.269,0.554,37995000.0,80262000.0,1.0,261936953.0,258035000.0,258891000.0,14.11,8396896000.0,0.0,337260000.0,368991000.0,32.542,1049243000.0
11,NEBLQ,MRY,2008-12-31,2008-12-31,2008-12-31,2021-08-25,-57257000.0,7106799000.0,6555827000.0,1240341000.0,5866458000.0,0.526,19.981,-1084240000.0,513311000.0,513311000.0,1133782000.0,1560995000.0,1.827,0.343,923487000.0,172698000.0,750789000.0,923487000.0,0.0,356658000.0,0.0,0.041,0.91,1916846000.0,2273504000.0,0.66,2273504000.0,1916846000.0,1912458000.0,5.85,5.81,5.85,5290715000.0,4940207250.0,5290715000.0,6343583988.0,3.0,2.79,803952000.0,3.036,1.0,2312719000.0,0.671,0.0,4388000.0,6837982000.0,6447776750.0,0.0,0.0,0.0,0.0,1816084000.0,678993000.0,1137091000.0,5830365988.0,352253000.0,0.0,-301351000.0,138903000.0,-244198000.0,-406646000.0,-1129293000.0,0.0,1888192000.0,0.0,1560995000.0,1560995000.0,1560995000.0,0.0,0.0,0.453,404316000.0,1908403000.0,259107000.0,0.156,1.102,3.735,3.776,5647017000.0,0.0,22.09,1.692,1.697,658356000.0,4919667000.0,3446501000.0,3446501000.0,0.0,0.238,0.316,0.297,0.556,35899000.0,74143000.0,1.0,263936894.0,264782000.0,266805000.0,13.016,7106799000.0,0.0,351463000.0,372229000.0,26.84,561348000.0
12,NEBLQ,MRY,2007-12-31,2007-12-31,2007-12-31,2021-08-25,-5067000.0,5876006000.0,5349703750.0,860191000.0,5015815000.0,0.56,16.154,-1170714000.0,161058000.0,161058000.0,1129145000.0,1206011000.0,1.746,0.364,784516000.0,10334000.0,774182000.0,784516000.0,0.0,292987000.0,0.0,0.002,0.12,1502013000.0,1795000000.0,0.599,1795000000.0,1502013000.0,1488902000.0,4.49,4.45,4.49,4308322000.0,3839202000.0,4308322000.0,15839553351.0,11.0,8.824,243659000.0,0.914,1.0,1866166000.0,0.623,0.0,13111000.0,6006692000.0,5559773000.0,0.0,0.0,0.0,0.0,1567684000.0,492772000.0,1074912000.0,15203161351.0,99348000.0,10000000.0,-156802000.0,90370000.0,-32197000.0,-91152000.0,-1223873000.0,0.0,1414373000.0,0.0,1206011000.0,1206011000.0,1206011000.0,0.0,0.0,0.403,375304000.0,1490862000.0,198395000.0,0.027,3.529,12.606,12.586,4795916000.0,0.0,56.51,5.076,5.032,652181000.0,3602870000.0,2995311000.0,2995311000.0,0.0,0.225,0.314,0.27,0.501,34681000.0,85831000.0,1.0,269034885.0,266700000.0,269330000.0,11.231,5876006000.0,0.0,282891000.0,326262000.0,22.032,367419000.0
13,NEBLQ,MRY,2006-12-31,2006-12-31,2006-12-31,2021-08-25,-19876000.0,4585914000.0,4451121500.0,569980000.0,4015934000.0,0.472,11.879,-1049256000.0,61710000.0,61710000.0,883916000.0,731866000.0,1.337,0.42,694098000.0,9629000.0,684469000.0,694098000.0,0.0,253325000.0,0.0,0.002,0.08,937454000.0,1190779000.0,0.567,1190779000.0,937454000.0,921287000.0,2.69,2.66,2.69,3228993000.0,3079880000.0,3228993000.0,10880534378.0,12.0,9.137,-60541000.0,-0.223,1.0,1216323000.0,0.579,0.0,16167000.0,4792042000.0,4646871500.0,4461000.0,0.0,0.0,0.0,1356921000.0,426260000.0,930661000.0,10324243378.0,-60135000.0,691261000.0,-228946000.0,-448169000.0,-21825000.0,-698940000.0,-349910000.0,46002000.0,988715000.0,0.0,731866000.0,731866000.0,731866000.0,0.0,0.0,0.348,288893000.0,927430000.0,196111000.0,0.03,3.197,14.107,14.154,3858393000.0,0.0,38.075,4.916,4.928,462432000.0,2446056000.0,2100239000.0,2100239000.0,0.0,0.164,0.238,0.202,0.446,21560000.0,46272000.0,1.0,271155440.0,271834000.0,274756000.0,7.726,4585914000.0,0.0,189421000.0,272314000.0,16.87,143720000.0
14,NEBLQ,MRY,2005-12-31,2005-12-31,2005-12-31,2021-08-25,-25353000.0,4346367000.0,3670769000.0,522455000.0,3823912000.0,0.377,9.977,-432727000.0,121845000.0,121845000.0,756821000.0,296696000.0,2.015,0.591,1138297000.0,8972000.0,1129325000.0,1138297000.0,0.0,241752000.0,0.0,0.001,0.05,383878000.0,625630000.0,0.453,625630000.0,383878000.0,364092000.0,1.09,1.08,1.09,2731734000.0,2605910500.0,2731734000.0,9930386363.0,26.0,15.873,96283000.0,0.352,1.0,625316000.0,0.452,0.0,19786000.0,5103484000.0,3916849500.0,3940000.0,718096000.0,44457000.0,673639000.0,1614633000.0,259335000.0,1355298000.0,9656619363.0,63055000.0,-722676000.0,68628000.0,626483000.0,-13655000.0,681456000.0,-1147411000.0,87655000.0,529010000.0,0.0,296696000.0,296696000.0,296696000.0,0.0,0.0,0.215,252271000.0,373045000.0,93914000.0,0.046,3.535,32.547,32.358,2999019000.0,0.0,35.27,6.987,6.987,328253000.0,1736015000.0,1382137000.0,1382137000.0,0.0,0.081,0.114,0.098,0.278,7377000.0,40278000.0,1.0,273791306.0,273791306.0,,5.048,4346367000.0,0.0,67396000.0,272834000.0,15.875,263120000.0
15,NEBLQ,MRY,2004-12-31,2004-12-31,2004-12-31,2021-08-25,2538000.0,3307973000.0,3237595250.0,425283000.0,2882690000.0,0.329,8.807,-258906000.0,58790000.0,58790000.0,636222000.0,146086000.0,1.986,0.387,511649000.0,8361000.0,503288000.0,511649000.0,0.0,209123000.0,0.0,0.0,0.0,196206000.0,405329000.0,0.38,405329000.0,196206000.0,161817000.0,0.55,0.545,0.55,2384434000.0,2290963750.0,2384434000.0,7161734257.0,37.0,17.669,73315000.0,0.271,1.0,430009000.0,0.403,0.0,34389000.0,3546666000.0,3459772000.0,4013000.0,133316000.0,132788000.0,528000.0,923539000.0,214166000.0,709373000.0,6733044257.0,-3777000.0,2295000.0,39358000.0,-77933000.0,0.0,-38575000.0,-297423000.0,32136000.0,332221000.0,0.0,146086000.0,146086000.0,146086000.0,0.0,0.0,0.137,242837000.0,187172000.0,83012000.0,0.0,2.824,46.09,45.218,2743620000.0,0.0,24.87,6.315,6.315,205023000.0,1452974000.0,1066231000.0,1066231000.0,0.0,0.045,0.064,0.057,0.184,5753000.0,33714000.0,1.0,270729564.0,270729564.0,,3.938,3307973000.0,0.0,15731000.0,229389000.0,12.219,211117000.0
16,NEBLQ,MRY,2003-12-31,2003-12-31,2003-12-31,2021-08-25,10000.0,3189633000.0,3123521000.0,421959000.0,2767674000.0,0.316,8.141,-111128000.0,62567000.0,62567000.0,560490000.0,166416000.0,1.729,0.464,589573000.0,47666000.0,541907000.0,589573000.0,0.0,182590000.0,0.0,0.0,0.0,227275000.0,409865000.0,0.415,409865000.0,227275000.0,186984000.0,0.63,0.625,0.63,2178425000.0,2106759750.0,2178425000.0,5278216562.0,23.0,12.878,254180000.0,0.95,1.0,426890000.0,0.432,0.0,40291000.0,3472616000.0,3390517000.0,4086000.0,195144000.0,175276000.0,19868000.0,1011208000.0,244023000.0,767185000.0,4786911562.0,-242000.0,-184223000.0,9432000.0,-80580000.0,0.0,-62480000.0,-303070000.0,29265000.0,365308000.0,0.0,166416000.0,166416000.0,166416000.0,0.0,0.0,0.169,205752000.0,221138000.0,87178000.0,0.0,2.197,28.765,28.397,2625866000.0,0.0,17.89,4.848,4.848,149235000.0,1306888000.0,987380000.0,987380000.0,0.0,0.053,0.079,0.067,0.23,4627000.0,26634000.0,1.0,267574710.0,267574710.0,,3.69,3189633000.0,0.0,20568000.0,245091000.0,11.921,177936000.0
17,NEBLQ,MRY,2002-12-31,2002-12-31,2002-12-31,2021-08-25,-6292000.0,3065714000.0,2906949000.0,465643000.0,2600071000.0,0.341,7.431,-162392000.0,201177000.0,201177000.0,560506000.0,209503000.0,1.732,0.541,670139000.0,80577000.0,589562000.0,670139000.0,0.0,154469000.0,0.0,0.0,0.0,285947000.0,440416000.0,0.445,440416000.0,285947000.0,243325000.0,0.79,0.785,0.79,1989210000.0,1925318000.0,1989210000.0,5068593024.0,18.0,11.509,282972000.0,1.057,1.0,429742000.0,0.434,0.0,42622000.0,3265869000.0,3087217500.0,3628000.0,95495000.0,72957000.0,22538000.0,1076504000.0,268807000.0,807697000.0,4704430024.0,-45400000.0,-346494000.0,-18599000.0,64228000.0,0.0,49985000.0,-540749000.0,-31863000.0,445364000.0,0.0,209503000.0,209503000.0,209503000.0,0.0,0.0,0.212,146185000.0,283557000.0,64783000.0,0.0,2.365,22.455,22.247,2471043000.0,0.0,17.575,4.751,4.751,164613000.0,1140472000.0,990248000.0,990248000.0,0.0,0.072,0.109,0.093,0.289,4878000.0,26939000.0,1.0,267677384.0,267677384.0,,3.699,3065714000.0,0.0,33822000.0,236495000.0,11.453,196836000.0
18,NEBLQ,MRY,2001-12-31,2001-12-31,2001-12-31,2021-08-25,-11737000.0,2750740000.0,,494049000.0,2256691000.0,,,-122046000.0,246075000.0,246075000.0,502601000.0,262922000.0,2.38,0.547,605561000.0,55430000.0,550131000.0,605561000.0,0.0,118575000.0,0.0,0.0,0.0,396224000.0,514799000.0,0.5,514799000.0,396224000.0,348472000.0,0.99,0.98,0.99,1778319000.0,,1778319000.0,,,,329000000.0,,1.0,527159000.0,0.512,0.0,47752000.0,2902677000.0,,3626000.0,66515000.0,41597000.0,24918000.0,972421000.0,207549000.0,764872000.0,,63474000.0,-68336000.0,-62823000.0,-95137000.0,0.0,-161869000.0,-225703000.0,-35321000.0,451046000.0,0.0,262922000.0,262922000.0,262922000.0,0.0,0.0,0.255,142872000.0,384287000.0,46996000.0,0.0,,,17.192,2149217000.0,0.0,17.02,,,169008000.0,930969000.0,1029760000.0,1029760000.0,0.0,,,,0.385,4110000.0,24297000.0,1.0,,,,,2750740000.0,0.0,85550000.0,237782000.0,,286500000.0
19,NEBLQ,MRY,2000-12-31,2000-12-31,2000-12-31,2021-08-25,,,,,,,,-143496000.0,,,495030000.0,165554000.0,,,,,,,,110787000.0,,0.0,0.0,280885000.0,391672000.0,0.436,391672000.0,280885000.0,226307000.0,0.62,0.61,0.62,,,,,,,187240000.0,,1.0,403194000.0,0.449,,54578000.0,,,,,,,,,,,40408000.0,-48118000.0,-7986000.0,-91272000.0,0.0,-99137000.0,-191191000.0,423000.0,330736000.0,0.0,165554000.0,165554000.0,165554000.0,0.0,0.0,0.184,134570000.0,268624000.0,,0.0,,,35.032,,0.0,21.72,,,,,898224000.0,898224000.0,0.0,,,,0.313,2139000.0,23783000.0,1.0,,,,,,,60753000.0,,,
0,NEBLQ,MRQ,2020-09-30,2020-09-30,2020-09-30,2021-08-25,-58496000.0,7112667000.0,,611186000.0,6501481000.0,,9.994,-43248000.0,325097000.0,325097000.0,150549000.0,-50868000.0,3.062,1.835,4251429000.0,0.0,4251429000.0,4251429000.0,0.0,90606000.0,0.0,0.0,0.0,-2170000.0,88436000.0,0.366,88436000.0,-2170000.0,-25597000.0,-0.2,-0.2,-0.2,2509034000.0,,2509034000.0,3768014374.0,-3.0,-4.694,145135000.0,0.578,1.0,91287000.0,0.377,0.0,23427000.0,10839416000.0,,0.0,0.0,0.0,0.0,4603633000.0,199583000.0,4404050000.0,5523374.0,146336000.0,1201000.0,0.0,0.0,0.0,0.0,-42047000.0,0.0,188383000.0,0.0,-50868000.0,-50868000.0,-50868000.0,0.0,0.0,-0.21,110162000.0,-18875000.0,81119000.0,0.0,0.002,-0.005,-0.005,6431386000.0,0.0,0.022,0.005,0.005,167435000.0,1752037000.0,241836000.0,241836000.0,0.0,,,,,1500000.0,15662000.0,1.0,251062455.0,251062455.0,,0.963,7112667000.0,42198000.0,25271000.0,81069000.0,28.33,411603000.0
1,NEBLQ,MRQ,2020-06-30,2020-06-30,2020-06-30,2021-08-25,-59928000.0,7187480000.0,,601173000.0,6586307000.0,,10.189,-32894000.0,191217000.0,191217000.0,160488000.0,-42194000.0,0.135,1.811,3953708000.0,3953708000.0,0.0,3953708000.0,0.0,89365000.0,0.0,0.0,0.0,-93090000.0,-3725000.0,-0.016,-3725000.0,-93090000.0,-163369000.0,-0.17,-0.17,-0.17,2556970000.0,,2556970000.0,3858090997.0,-2.0,-3.334,16199000.0,0.065,1.0,77430000.0,0.325,0.0,70279000.0,6507985000.0,,0.0,0.0,0.0,0.0,4630510000.0,4441986000.0,188524000.0,80580997.0,15290000.0,227000.0,0.0,-1132000.0,0.0,-1136000.0,-32667000.0,0.0,49093000.0,0.0,-42194000.0,-42194000.0,-42194000.0,0.0,0.0,-0.177,172883000.0,-95453000.0,94735000.0,0.0,0.032,-0.051,-0.051,6486557000.0,0.0,0.321,0.065,0.065,163972000.0,1802905000.0,237918000.0,237918000.0,0.0,,,,,2607000.0,73003000.0,1.0,250952965.0,250952965.0,,0.948,7187480000.0,193116000.0,-121175000.0,92789000.0,28.641,-3840813000.0
2,NEBLQ,MRQ,2020-03-31,2020-03-31,2020-03-31,2021-08-25,-59957000.0,7261099000.0,,621313000.0,6639786000.0,,10.394,-36461000.0,175927000.0,175927000.0,172829000.0,-1062677000.0,0.942,1.796,3953437000.0,260958000.0,3692479000.0,3953437000.0,0.0,103681000.0,0.0,0.0,0.0,-1134837000.0,-1031156000.0,-3.666,-1031156000.0,-1134837000.0,-1205717000.0,-4.25,-4.25,-4.25,2596532000.0,,2596532000.0,3802334038.0,-2.0,-3.271,-37271000.0,-0.149,1.0,108482000.0,0.386,0.0,70880000.0,10379004000.0,,0.0,0.0,0.0,0.0,4664567000.0,659605000.0,4004962000.0,64951038.0,71306000.0,0.0,-1010000.0,110000000.0,0.0,108577000.0,-36461000.0,0.0,-810000.0,0.0,-1062677000.0,-1062677000.0,-1062677000.0,0.0,0.0,-3.778,1241037000.0,-1132555000.0,87871000.0,0.0,0.025,-0.038,-0.038,6535338000.0,0.0,0.26,0.05,0.05,208817000.0,1845099000.0,281311000.0,281311000.0,0.0,,,,,3245000.0,17839000.0,1.0,249811683.0,249811683.0,,1.126,7261099000.0,192683000.0,-143040000.0,98269000.0,29.066,-38292000.0
3,NEBLQ,MRQ,2019-12-31,2019-12-31,2019-12-31,2021-08-25,-58389000.0,8284498000.0,,422107000.0,7862391000.0,,14.698,-46196000.0,104621000.0,104621000.0,192327000.0,48200000.0,0.817,1.264,3842004000.0,62505000.0,3779499000.0,3842004000.0,0.0,106740000.0,0.0,0.0,0.0,36976000.0,143716000.0,0.316,143716000.0,36976000.0,-34248000.0,-0.13,-0.13,-0.13,3658972000.0,,3658972000.0,4108387157.0,-9.0,-210.968,172049000.0,0.691,1.0,261761000.0,0.576,0.0,71224000.0,11504953000.0,,0.0,0.0,0.0,0.0,4625526000.0,516928000.0,4108598000.0,304024157.0,-31372000.0,3323000.0,0.0,-100000000.0,0.0,-206744000.0,-42873000.0,0.0,218245000.0,0.0,-32870000.0,-32870000.0,-32870000.0,-3821000.0,81070000.0,-0.072,145500000.0,116261000.0,108208000.0,0.0,0.083,-0.434,-0.434,7733924000.0,0.0,1.22,0.233,0.233,198665000.0,2907776000.0,454088000.0,454088000.0,0.0,,,,,4315000.0,18976000.0,1.0,249200129.0,248949000.0,,1.824,8284498000.0,59771000.0,-1378000.0,98916000.0,33.278,-94821000.0
4,NEBLQ,MRQ,2019-09-30,2019-09-30,2019-09-30,2021-08-25,-56376000.0,8395515000.0,,445279000.0,7950236000.0,,14.422,-70233000.0,135993000.0,135993000.0,189708000.0,-706952000.0,0.578,1.302,3940356000.0,362493000.0,3577863000.0,3940356000.0,0.0,112755000.0,0.0,0.0,0.0,-378725000.0,-265970000.0,-0.965,-265970000.0,-378725000.0,-447716000.0,-1.79,-1.79,-1.79,3593766000.0,,3593766000.0,4015783767.0,-8.0,-62.172,-94245000.0,-0.378,1.0,85818000.0,0.311,0.0,68991000.0,11429136000.0,,0.0,0.0,0.0,0.0,4680301000.0,770742000.0,3909559000.0,316461767.0,-17773000.0,63000.0,0.0,83998000.0,0.0,76409000.0,-70170000.0,0.0,-24012000.0,0.0,-444871000.0,-444871000.0,-444871000.0,0.0,-262081000.0,-1.615,725830000.0,-640012000.0,108789000.0,0.0,0.088,-0.452,-0.45,7809123000.0,0.0,1.27,0.273,0.273,206235000.0,2940646000.0,275526000.0,275526000.0,0.0,,,,,2511000.0,17565000.0,1.0,249182494.0,249182494.0,,1.106,8395515000.0,40605000.0,-2845000.0,82560000.0,33.692,-325463000.0
5,NEBLQ,MRQ,2019-06-30,2019-06-30,2019-06-30,2021-08-25,-55871000.0,9060719000.0,,462094000.0,8598625000.0,,16.201,-55561000.0,153766000.0,153766000.0,184246000.0,-148644000.0,0.629,1.148,3853088000.0,300000000.0,3553088000.0,3853088000.0,0.0,111148000.0,0.0,0.0,0.0,-120166000.0,-9018000.0,-0.031,-9018000.0,-120166000.0,-189142000.0,-0.61,-0.61,-0.61,4036649000.0,,4036649000.0,4129618140.0,-26.0,14.1,-22248000.0,-0.089,1.0,108690000.0,0.371,0.0,68976000.0,12025252000.0,,0.0,0.0,0.0,0.0,4632970000.0,734789000.0,3898181000.0,465920140.0,-33327000.0,1437000.0,0.0,0.0,0.0,-12516000.0,-54124000.0,0.0,33313000.0,0.0,-151960000.0,-151960000.0,-151960000.0,0.0,3316000.0,-0.519,227400000.0,-118710000.0,118040000.0,0.0,0.115,-1.38,-1.375,8459590000.0,0.0,1.87,0.4,0.4,222889000.0,3385517000.0,292936000.0,292936000.0,0.0,,,,,4959000.0,116252000.0,1.0,249155155.0,249155155.0,,1.176,9060719000.0,25682000.0,-37182000.0,96385000.0,36.366,-272695000.0
6,NEBLQ,MRQ,2019-03-31,2019-03-31,2019-03-31,2021-08-25,-56014000.0,9116314000.0,,461110000.0,8655204000.0,,16.821,-96793000.0,187093000.0,187093000.0,181123000.0,-66970000.0,0.774,1.083,3850791000.0,300000000.0,3550791000.0,3850791000.0,0.0,109578000.0,0.0,0.0,0.0,2220000.0,111798000.0,0.395,111798000.0,2220000.0,-68024000.0,-0.29,-0.29,-0.29,4183506000.0,,4183506000.0,4215951487.0,-7.0,-26.156,-137568000.0,-0.553,1.0,101765000.0,0.36,0.0,70244000.0,12184380000.0,,0.0,0.0,0.0,0.0,4532506000.0,595632000.0,3936874000.0,713781487.0,-187511000.0,7930000.0,0.0,-50090000.0,0.0,-57873000.0,-88863000.0,0.0,-40775000.0,0.0,-70889000.0,-70889000.0,-70889000.0,0.0,3919000.0,-0.251,125577000.0,-23812000.0,111044000.0,0.0,0.171,-0.877,-0.87,8506582000.0,0.0,2.87,0.631,0.631,211729000.0,3537477000.0,282888000.0,282888000.0,0.0,,,,,2952000.0,15999000.0,1.0,248704351.0,248704351.0,,1.137,9116314000.0,16294000.0,2865000.0,107491000.0,36.655,-134522000.0
7,NEBLQ,MRQ,2018-12-31,2018-12-31,2018-12-31,2021-08-25,-57072000.0,9264923000.0,,659056000.0,8605867000.0,,17.246,-45450000.0,375232000.0,375232000.0,193427000.0,-30825000.0,1.803,1.084,3877402000.0,0.0,3877402000.0,3877402000.0,0.0,114226000.0,0.0,0.0,0.0,-15628000.0,98598000.0,0.318,98598000.0,-15628000.0,-89369000.0,-0.13,-0.13,-0.13,4253171000.0,,4253171000.0,4223257325.0,-6.0,-20.348,83085000.0,0.337,1.0,116465000.0,0.376,0.0,73741000.0,12401636000.0,,0.0,0.0,0.0,0.0,4610349000.0,365457000.0,4244892000.0,646601325.0,48912000.0,1267000.0,0.0,-20543000.0,0.0,-35440000.0,-44183000.0,0.0,128535000.0,0.0,-33062000.0,-33062000.0,-33062000.0,0.0,2237000.0,-0.107,138210000.0,-21745000.0,125557000.0,0.0,0.152,-0.731,-0.73,8480718000.0,0.0,2.62,0.597,0.597,200722000.0,3608366000.0,309892000.0,309892000.0,0.0,,,,,5328000.0,14694000.0,1.0,246794399.0,246614000.0,,1.257,9264923000.0,20498000.0,-56307000.0,121081000.0,37.569,293599000.0
8,NEBLQ,MRQ,2018-09-30,2018-09-30,2018-09-30,2021-08-25,-50042000.0,9401091000.0,,660775000.0,8740316000.0,,17.375,-73455000.0,326320000.0,326320000.0,172661000.0,-78358000.0,2.092,1.098,3902976000.0,0.0,3902976000.0,3902976000.0,0.0,113868000.0,0.0,0.0,0.0,-22357000.0,91511000.0,0.328,91511000.0,-22357000.0,-96082000.0,-0.33,-0.33,-0.33,4287966000.0,,4287966000.0,5166012548.0,-6.0,-17.921,-84033000.0,-0.341,1.0,106747000.0,0.382,0.0,73725000.0,12661928000.0,,0.0,0.0,0.0,0.0,4709424000.0,315819000.0,4393605000.0,1734887548.0,-84497000.0,380000.0,0.0,-793000.0,0.0,-844000.0,-73075000.0,0.0,-10578000.0,0.0,-81591000.0,-81591000.0,-81591000.0,0.0,3233000.0,-0.292,128590000.0,-21843000.0,103285000.0,0.0,0.405,-1.979,-1.975,8543422000.0,0.0,7.03,1.574,1.574,200215000.0,3641447000.0,279408000.0,279408000.0,0.0,,,,,5930000.0,14722000.0,1.0,246783435.0,246783435.0,,1.132,9401091000.0,64486000.0,-14491000.0,246499000.0,38.094,344956000.0
9,NEBLQ,MRQ,2018-06-30,2018-06-30,2018-06-30,2021-08-25,-49883000.0,9393687000.0,,697253000.0,8696434000.0,,17.677,-42058000.0,411492000.0,411492000.0,159734000.0,-878032000.0,2.068,1.059,3842617000.0,0.0,3842617000.0,3842617000.0,0.0,129681000.0,0.0,0.0,0.0,-592772000.0,-463091000.0,-1.792,-463091000.0,-592772000.0,-666902000.0,-2.55,-2.55,-2.55,4362232000.0,,4362232000.0,4941794046.0,-6.0,-16.77,-43077000.0,-0.175,1.0,98635000.0,0.382,0.0,74130000.0,12487576000.0,,0.0,0.0,0.0,0.0,4620637000.0,337236000.0,4283401000.0,1562122046.0,-50186000.0,3638000.0,0.0,-618000.0,0.0,-10747000.0,-38420000.0,0.0,-1019000.0,0.0,-628063000.0,-628063000.0,-628063000.0,0.0,-249969000.0,-2.431,944241000.0,-845606000.0,93612000.0,0.0,0.358,-1.752,-1.744,8521410000.0,0.0,6.33,1.434,1.434,212229000.0,3721433000.0,258369000.0,258369000.0,0.0,,,,,6453000.0,21717000.0,1.0,246780734.0,246780734.0,,1.047,9393687000.0,12811000.0,-38839000.0,189239000.0,38.065,360017000.0
10,NEBLQ,MRQ,2018-03-31,2018-03-31,2018-03-31,2021-08-25,-47437000.0,10268123000.0,,720460000.0,9547663000.0,,20.213,-33816000.0,461678000.0,461678000.0,141199000.0,-143320000.0,2.447,0.924,3841350000.0,0.0,3841350000.0,3841350000.0,0.0,128755000.0,0.0,0.0,0.0,-63323000.0,65432000.0,0.278,65432000.0,-63323000.0,-139338000.0,-0.58,-0.58,-0.58,4987971000.0,,4987971000.0,4298420765.0,-16.0,16.12,21097000.0,0.085,1.0,93958000.0,0.4,0.0,76015000.0,13353345000.0,,0.0,0.0,0.0,0.0,4609338000.0,294450000.0,4314888000.0,915539765.0,-201151000.0,117000.0,0.0,-216393000.0,0.0,-222365000.0,-33699000.0,0.0,54913000.0,0.0,-142334000.0,-142334000.0,-142334000.0,0.0,-986000.0,-0.605,150838000.0,-56880000.0,94275000.0,0.0,0.184,-2.563,-2.541,9398860000.0,0.0,3.71,0.825,0.825,181804000.0,4351061000.0,235157000.0,235157000.0,0.0,,,,,6282000.0,22083000.0,1.0,246776217.0,246776217.0,,0.953,10268123000.0,21530000.0,2996000.0,210918000.0,41.609,426010000.0
11,NEBLQ,MRQ,2017-12-31,2017-12-31,2017-12-31,2021-08-25,-42888000.0,10794659000.0,,1038975000.0,9755684000.0,,21.558,-34007000.0,662829000.0,662829000.0,158404000.0,-12979000.0,1.752,0.918,4045710000.0,249843000.0,3795867000.0,4045710000.0,0.0,138071000.0,0.0,0.0,0.0,-120189000.0,17882000.0,0.054,17882000.0,-120189000.0,-192635000.0,-0.1,-0.1,-0.1,5276161000.0,,5276161000.0,4543467351.0,-25.0,12.411,83588000.0,0.342,1.0,171181000.0,0.519,0.0,72446000.0,13584516000.0,,0.0,0.0,0.0,0.0,4844031000.0,593024000.0,4251007000.0,1107251351.0,54066000.0,1076000.0,0.0,0.0,0.0,-30598000.0,-32931000.0,0.0,117595000.0,0.0,-24675000.0,-24675000.0,-24675000.0,-1486000.0,11696000.0,-0.075,281475000.0,-110294000.0,84032000.0,0.0,0.21,-2.144,-2.142,9489240000.0,0.0,4.52,0.895,0.894,204696000.0,4637677000.0,329585000.0,329585000.0,0.0,,,,,7327000.0,21765000.0,1.0,244967113.0,244743000.0,,1.347,10794659000.0,105345000.0,-167960000.0,199353000.0,44.106,445951000.0
12,NEBLQ,MRQ,2017-09-30,2017-09-30,2017-09-30,2021-08-25,-49561000.0,10898219000.0,,941289000.0,9956930000.0,,21.588,-19092000.0,608763000.0,608763000.0,169878000.0,-99481000.0,1.581,0.933,4044979000.0,249652000.0,3795327000.0,4044979000.0,0.0,137607000.0,0.0,0.0,0.0,-52510000.0,85097000.0,0.32,85097000.0,-52510000.0,-125397000.0,-0.4,-0.4,-0.4,5286962000.0,,5286962000.0,4566945915.0,-3.0,-5.114,25703000.0,0.105,1.0,96334000.0,0.362,0.0,72887000.0,13739174000.0,,0.0,0.0,0.0,0.0,4933362000.0,595261000.0,4338101000.0,1126553915.0,5786000.0,992000.0,0.0,-42000.0,0.0,-20909000.0,-18100000.0,0.0,44795000.0,0.0,-96792000.0,-96792000.0,-96792000.0,0.0,-2689000.0,-0.364,152938000.0,-56604000.0,83986000.0,0.0,0.213,-0.628,-0.628,9712267000.0,0.0,4.6,0.855,0.855,202533000.0,4662468000.0,266212000.0,266212000.0,0.0,,,,,6601000.0,15331000.0,1.0,244903025.0,244903025.0,,1.087,10898219000.0,55394000.0,-28605000.0,307073000.0,44.5,346028000.0
13,NEBLQ,MRQ,2017-06-30,2017-06-30,2017-06-30,2021-08-25,-50354000.0,11025097000.0,,938093000.0,10087004000.0,,21.973,-29499000.0,602977000.0,602977000.0,167175000.0,-97693000.0,1.447,0.921,4043369000.0,249475000.0,3793894000.0,4043369000.0,0.0,136594000.0,0.0,0.006,0.0,-38354000.0,98240000.0,0.353,98240000.0,-38354000.0,-111563000.0,-0.38,-0.38,-0.38,5376369000.0,,5376369000.0,4407808221.0,-3.0,-5.276,82913000.0,0.339,1.0,110967000.0,0.399,0.0,73209000.0,13817035000.0,,0.0,0.0,0.0,0.0,4952680000.0,648454000.0,4304226000.0,885760221.0,83206000.0,314000.0,0.0,0.0,0.0,-21000.0,-29185000.0,0.0,112412000.0,0.0,-93350000.0,-93350000.0,-93350000.0,1486000.0,-4343000.0,-0.336,155252000.0,-44285000.0,86643000.0,0.0,0.165,-0.505,-0.506,9838295000.0,0.0,3.62,0.617,0.617,242657000.0,4759260000.0,278142000.0,278142000.0,0.0,,,,,7890000.0,18658000.0,1.0,244685144.0,244685144.0,,1.137,11025097000.0,18169000.0,-18213000.0,302264000.0,45.058,289639000.0
14,NEBLQ,MRQ,2017-03-31,2017-03-31,2017-03-31,2021-08-25,-51672000.0,11005966000.0,,964484000.0,10041482000.0,,22.317,-38109000.0,519771000.0,519771000.0,165915000.0,-283774000.0,1.754,0.883,4041819000.0,249299000.0,3792520000.0,4041819000.0,0.0,135718000.0,0.0,0.006,0.0,29160000.0,164878000.0,0.454,164878000.0,29160000.0,-44287000.0,-1.24,-1.24,-1.24,5460534000.0,,5460534000.0,5128939345.0,-5.0,-14.837,103764000.0,0.424,1.0,197061000.0,0.543,0.0,73447000.0,13978101000.0,,0.0,0.0,0.0,0.0,4824141000.0,549913000.0,4274228000.0,1514550345.0,-205951000.0,0.0,0.0,-300000000.0,0.0,-309715000.0,-38109000.0,0.0,141873000.0,0.0,-301694000.0,-301694000.0,-301694000.0,0.0,17920000.0,-0.831,151598000.0,45463000.0,83782000.0,0.0,0.277,-1.133,-1.128,9944398000.0,0.0,6.19,0.738,0.738,285522000.0,4852610000.0,362976000.0,362976000.0,0.0,,,,,7297000.0,15880000.0,1.0,244676954.0,244676954.0,,1.483,11005966000.0,96233000.0,257407000.0,228778000.0,44.982,414571000.0
15,NEBLQ,MRQ,2016-12-31,2016-12-31,2016-12-31,2021-08-25,-52140000.0,11440117000.0,,1192614000.0,10247503000.0,,23.686,-142755000.0,725722000.0,725722000.0,181114000.0,-1283170000.0,1.883,0.864,4340111000.0,299882000.0,4040229000.0,4340111000.0,0.0,155160000.0,0.0,0.032,0.0,-1396383000.0,-1241223000.0,-3.026,-1241223000.0,-1396383000.0,-1452323000.0,-5.3,-5.3,-5.3,5758681000.0,,5758681000.0,5143875556.0,-6.0,-25.122,39617000.0,0.163,1.0,229042000.0,0.558,0.0,55940000.0,14421213000.0,,0.0,0.0,0.0,0.0,4972672000.0,633293000.0,4339379000.0,1439941556.0,299670000.0,24808000.0,0.0,240858000.0,0.0,194010000.0,-76712000.0,0.0,182372000.0,0.0,-1302850000.0,-1302850000.0,-1302850000.0,0.0,19680000.0,-3.176,1612205000.0,-1383163000.0,108224000.0,0.0,0.25,-1.549,-1.55,10061948000.0,0.0,5.92,0.625,0.625,319152000.0,5154221000.0,410156000.0,410156000.0,0.0,,,,,7498000.0,14912000.0,1.0,243233371.0,243127000.0,,1.687,11440117000.0,55480000.0,-149473000.0,48645000.0,47.054,559321000.0
16,NEBLQ,MRQ,2016-09-30,2016-09-30,2016-09-30,2021-08-25,-61169000.0,12584138000.0,,883784000.0,11700354000.0,,28.966,-469307000.0,426052000.0,426052000.0,216346000.0,-44235000.0,1.292,0.685,4129986000.0,299762000.0,3830224000.0,4129986000.0,0.0,155242000.0,0.0,0.054,0.02,-12514000.0,142728000.0,0.371,142728000.0,-12514000.0,-65083000.0,-0.23,-0.23,-0.23,7044935000.0,,7044935000.0,4848082970.0,9.0,4.283,-368162000.0,-1.514,1.0,168807000.0,0.438,0.0,52569000.0,15603954000.0,,0.0,0.0,0.0,0.0,4826155000.0,684118000.0,4142037000.0,1542002970.0,-396926000.0,0.0,0.0,0.0,-4992000.0,-25907000.0,-472164000.0,0.0,101145000.0,0.0,-55081000.0,-55081000.0,-55081000.0,0.0,10846000.0,-0.143,171015000.0,-2208000.0,114392000.0,-0.087,0.219,6.976,7.459,11591788000.0,0.0,6.34,0.561,0.561,319567000.0,6457071000.0,385153000.0,385153000.0,0.0,,,,,7657000.0,15773000.0,1.0,243218134.0,243218134.0,,1.584,12584138000.0,35387000.0,-10002000.0,109506000.0,51.74,199666000.0
17,NEBLQ,MRQ,2016-06-30,2016-06-30,2016-06-30,2021-08-25,-61870000.0,12739444000.0,,1330576000.0,11408868000.0,,29.179,-51015000.0,822978000.0,822978000.0,258474000.0,345399000.0,1.673,0.693,4129058000.0,299642000.0,3829416000.0,4129058000.0,0.0,150946000.0,0.0,0.084,0.02,436994000.0,587940000.0,0.657,587940000.0,436994000.0,379688000.0,1.28,1.28,1.28,7096687000.0,,7096687000.0,5931466259.0,6.0,3.773,635770000.0,2.614,1.0,636309000.0,0.711,0.0,57306000.0,15249964000.0,,0.0,0.0,0.0,0.0,4919663000.0,795560000.0,4124103000.0,2004081259.0,586780000.0,0.0,0.0,-22207000.0,-4996000.0,-48579000.0,-51426000.0,0.0,686785000.0,0.0,322866000.0,322866000.0,322866000.0,0.0,22533000.0,0.361,186595000.0,449714000.0,138659000.0,0.016,0.282,3.329,3.433,11276006000.0,0.0,8.24,0.615,0.615,353677000.0,6517161000.0,894783000.0,894783000.0,0.0,,,,,8607000.0,19033000.0,1.0,243213745.0,243213745.0,,3.679,12739444000.0,33469000.0,56822000.0,157831000.0,52.38,535016000.0
18,NEBLQ,MRQ,2016-03-31,2016-03-31,2016-03-31,2021-08-25,-60638000.0,12454912000.0,,952019000.0,11502893000.0,,27.842,-48326000.0,236198000.0,236198000.0,267254000.0,124133000.0,1.306,0.733,4163583000.0,299523000.0,3864060000.0,4163583000.0,0.0,149719000.0,0.0,0.101,0.15,156082000.0,305801000.0,0.5,305801000.0,156082000.0,98982000.0,0.42,0.42,0.42,6771277000.0,,6771277000.0,6493802579.0,8.0,4.641,124112000.0,0.51,1.0,344719000.0,0.563,0.0,57100000.0,15653345000.0,,0.0,0.0,0.0,0.0,4963499000.0,728952000.0,4234547000.0,2517146579.0,-276047000.0,0.0,0.0,-300000000.0,-37546000.0,-362192000.0,-86293000.0,0.0,172438000.0,0.0,105485000.0,105485000.0,105485000.0,0.0,18648000.0,0.172,169259000.0,175460000.0,142955000.0,0.357,0.372,5.746,5.881,11387676000.0,0.0,10.35,0.797,0.797,506017000.0,6199112000.0,611973000.0,611973000.0,0.0,,,,,10958000.0,19540000.0,1.0,243202568.0,243202568.0,,2.516,12454912000.0,55326000.0,-6503000.0,163444000.0,51.212,223067000.0
19,NEBLQ,MRQ,2015-12-31,2015-12-31,2015-12-31,2021-08-25,-63175000.0,12865645000.0,,1240618000.0,11625027000.0,,27.666,-140417000.0,512245000.0,512245000.0,313189000.0,-137528000.0,1.437,0.813,4462562000.0,299924000.0,4162638000.0,4462562000.0,0.0,160392000.0,0.0,0.121,0.15,-64992000.0,95400000.0,0.111,95400000.0,-64992000.0,-117650000.0,-0.62,-0.62,-0.62,6699229000.0,,6699229000.0,6877094020.0,8.0,4.529,372265000.0,1.537,1.0,544495000.0,0.635,0.0,52658000.0,15952378000.0,,0.0,0.0,0.0,0.0,5443415000.0,863584000.0,4579831000.0,2552804020.0,347815000.0,0.0,0.0,0.0,-37091000.0,-53283000.0,-111584000.0,0.0,512682000.0,0.0,-152241000.0,-152241000.0,-152241000.0,0.0,14713000.0,-0.178,593975000.0,-49480000.0,223221000.0,-0.242,0.381,4.996,5.121,11483623000.0,0.0,10.55,0.762,0.762,498931000.0,6131501000.0,857684000.0,857684000.0,0.0,,,,,8876000.0,15285000.0,1.0,241971945.0,242146000.0,,3.542,12865645000.0,55525000.0,34591000.0,180737000.0,53.132,377034000.0
20,NEBLQ,MRQ,2015-09-30,2015-09-30,2015-09-30,2021-08-25,-72032000.0,13058018000.0,,935877000.0,12122141000.0,,28.392,-107230000.0,164430000.0,164430000.0,310850000.0,344431000.0,1.035,0.796,4488720000.0,299993000.0,4188727000.0,4488720000.0,0.0,160652000.0,0.0,0.137,0.375,422283000.0,582935000.0,0.65,582935000.0,422283000.0,367596000.0,1.32,1.32,1.32,6870029000.0,,6870029000.0,7230746183.0,19.0,7.108,377117000.0,1.559,1.0,585821000.0,0.653,0.0,54687000.0,16478112000.0,,0.0,0.0,0.0,0.0,5465245000.0,904196000.0,4561049000.0,2639888183.0,-83253000.0,0.0,0.0,-350000000.0,-92774000.0,-455338000.0,-112262000.0,0.0,484347000.0,0.0,325807000.0,325807000.0,325807000.0,0.0,18624000.0,0.363,175848000.0,409973000.0,207892000.0,0.284,0.384,49.186,34.094,11918667000.0,0.0,10.91,0.8,0.8,530401000.0,6320833000.0,896671000.0,896671000.0,0.0,,,,,9149000.0,15196000.0,1.0,241969586.0,241969586.0,,3.706,13058018000.0,66852000.0,41789000.0,200661000.0,53.966,31681000.0
21,NEBLQ,MRQ,2015-06-30,2015-06-30,2015-06-30,2021-08-25,-69173000.0,13204716000.0,,1010304000.0,12194412000.0,,27.404,-80976000.0,247683000.0,247683000.0,336859000.0,177848000.0,1.059,0.883,4838541000.0,350000000.0,4488541000.0,4838541000.0,0.0,159123000.0,0.0,0.097,0.375,255901000.0,415024000.0,0.523,415024000.0,255901000.0,198436000.0,0.64,0.64,0.64,6630714000.0,,6630714000.0,8503970263.0,53.0,10.17,318320000.0,1.316,1.0,456696000.0,0.576,0.0,57465000.0,16841680000.0,,0.0,0.0,0.0,0.0,5857318000.0,953894000.0,4903424000.0,3723812263.0,165480000.0,0.0,0.0,-23998000.0,-92814000.0,-143442000.0,-90374000.0,0.0,399296000.0,0.0,159031000.0,159031000.0,159031000.0,0.0,18817000.0,0.2,181547000.0,275149000.0,220475000.0,0.586,0.562,-25.689,-30.176,11970445000.0,0.0,15.39,1.152,1.152,540423000.0,6087800000.0,793555000.0,793555000.0,0.0,,,,,9747000.0,22424000.0,1.0,241963110.0,241963110.0,,3.28,13204716000.0,60564000.0,39405000.0,214188000.0,54.573,56410000.0
22,NEBLQ,MRQ,2015-03-31,2015-03-31,2015-03-31,2021-08-25,-74781000.0,13157973000.0,,862363000.0,12295610000.0,,27.069,-89307000.0,82203000.0,82203000.0,341907000.0,198450000.0,1.473,0.899,4862361000.0,0.0,4862361000.0,4862361000.0,0.0,154138000.0,0.0,0.105,0.375,270894000.0,425032000.0,0.528,425032000.0,270894000.0,221850000.0,0.72,0.72,0.72,6549416000.0,,6549416000.0,8255615519.0,40.0,8.418,279275000.0,1.154,1.0,462435000.0,0.575,0.0,49044000.0,17352708000.0,,0.0,0.0,0.0,0.0,5885575000.0,585423000.0,5300152000.0,3455105519.0,13693000.0,0.0,-100630000.0,-6769000.0,-92855000.0,-236572000.0,-118317000.0,0.0,368582000.0,0.0,178403000.0,178403000.0,178403000.0,0.0,20047000.0,0.222,178076000.0,284359000.0,246539000.0,0.521,0.528,-49.762,-59.5,12046683000.0,0.0,14.28,1.066,1.066,594720000.0,6021583000.0,804342000.0,804342000.0,0.0,,,,,11400000.0,23938000.0,1.0,241954168.0,241954168.0,,3.324,13157973000.0,59743000.0,43447000.0,237704000.0,54.382,276940000.0
23,NEBLQ,MRQ,2014-12-31,2014-12-31,2014-12-31,2021-08-25,-69418000.0,13286822000.0,,928562000.0,12358260000.0,,25.957,-325390000.0,68510000.0,68510000.0,404557000.0,-595034000.0,1.389,0.914,4869020000.0,0.0,4869020000.0,4869020000.0,0.0,167167000.0,0.0,0.091,0.375,-572858000.0,-405691000.0,-0.504,-405691000.0,-572858000.0,-613543000.0,-2.36,-2.36,-2.36,6564730000.0,,6564730000.0,8848656492.0,33.0,7.804,64520000.0,0.255,1.0,400183000.0,0.497,0.0,40685000.0,17418658000.0,,0.0,0.0,0.0,0.0,5999788000.0,668674000.0,5331114000.0,4179929492.0,156000.0,0.0,-101444000.0,115642000.0,-95936000.0,-80447000.0,-309307000.0,0.0,389910000.0,0.0,-609569000.0,-609569000.0,-609569000.0,15030000.0,14535000.0,-0.757,942047000.0,-541864000.0,265389000.0,-0.159,0.637,492.278,552.333,12112509000.0,0.0,16.57,1.293,1.296,569096000.0,5936035000.0,804740000.0,804740000.0,0.0,,,,,8957000.0,29452000.0,1.0,252258871.0,252909000.0,,3.182,13286822000.0,107490000.0,-3974000.0,214819000.0,52.536,259888000.0
24,NEBLQ,MRQ,2014-09-30,2014-09-30,2014-09-30,2021-08-25,-45768000.0,13950197000.0,,1031045000.0,12919152000.0,,29.019,-531091000.0,68354000.0,68354000.0,399315000.0,147646000.0,1.572,0.793,4737081000.0,0.0,4737081000.0,4737081000.0,0.0,196081000.0,0.0,0.062,0.375,205708000.0,401789000.0,0.485,401789000.0,205708000.0,167957000.0,0.49,0.49,0.49,7378323000.0,,7378323000.0,11523080532.0,11.0,5.763,-174616000.0,-0.687,1.0,429481000.0,0.518,0.0,37751000.0,17962914000.0,,0.0,0.0,0.0,0.0,5848478000.0,656010000.0,5192468000.0,5649671532.0,-72183000.0,0.0,-52701000.0,449789000.0,-96903000.0,143086000.0,-571744000.0,0.0,356475000.0,0.0,127175000.0,127175000.0,127175000.0,20214000.0,20471000.0,0.153,185848000.0,243633000.0,267811000.0,0.765,0.766,7.132,7.238,12633666000.0,0.0,22.22,1.792,1.792,610134000.0,6634194000.0,828796000.0,828796000.0,0.0,,,,,10915000.0,24602000.0,1.0,254260645.0,254260645.0,,3.26,13950197000.0,126295000.0,40782000.0,280942000.0,54.866,375035000.0
25,NEBLQ,MRQ,2014-06-30,2014-06-30,2014-06-30,2021-08-25,-71264000.0,16989900000.0,,1412076000.0,15577824000.0,,34.525,-699121000.0,140537000.0,140537000.0,388634000.0,257462000.0,1.568,0.853,6013946000.0,0.0,6013946000.0,6013946000.0,0.0,254394000.0,0.0,0.037,0.375,305175000.0,559569000.0,0.696,559569000.0,305175000.0,268824000.0,0.91,0.91,0.91,8777479000.0,,8777479000.0,14146098795.0,12.0,6.548,-173094000.0,-0.681,1.0,415147000.0,0.516,0.0,36351000.0,21962495000.0,,0.0,0.0,0.0,0.0,7487067000.0,900814000.0,6586253000.0,8532051795.0,25802000.0,0.0,0.0,285070000.0,-96900000.0,167204000.0,-667429000.0,0.0,526027000.0,0.0,234559000.0,234559000.0,234559000.0,-94234000.0,22903000.0,0.292,179942000.0,235205000.0,365961000.0,0.412,0.972,9.01,9.12,15273529000.0,0.0,33.56,2.878,2.878,889942000.0,8017321000.0,803781000.0,803781000.0,0.0,,,,,13495000.0,27080000.0,1.0,254232771.0,254232771.0,,3.162,16989900000.0,148345000.0,34265000.0,361158000.0,66.828,511262000.0
26,NEBLQ,MRQ,2014-03-31,2014-03-31,2014-03-31,2021-08-25,-74446000.0,16444497000.0,,1371536000.0,15072961000.0,,33.675,-517283000.0,114735000.0,114735000.0,374384000.0,273242000.0,1.533,0.837,5728782000.0,0.0,5728782000.0,5728782000.0,0.0,245905000.0,0.0,0.031,0.375,332296000.0,578201000.0,0.727,578201000.0,332296000.0,291904000.0,0.99,0.99,0.99,8558046000.0,,8558046000.0,13762298392.0,12.0,6.708,-11487000.0,-0.045,1.0,420803000.0,0.529,0.0,40392000.0,21164029000.0,,0.0,0.0,0.0,0.0,7161785000.0,894515000.0,6267270000.0,8320505392.0,277000.0,0.0,0.0,172402000.0,-96840000.0,55269000.0,-560788000.0,0.0,505796000.0,0.0,256326000.0,256326000.0,256326000.0,0.0,16916000.0,0.322,171835000.0,248968000.0,323593000.0,0.379,0.972,9.36,9.462,14825569000.0,0.0,32.74,2.618,2.618,877127000.0,7815082000.0,795187000.0,795187000.0,0.0,,,,,13022000.0,25637000.0,1.0,254138833.0,254138833.0,,3.129,16444497000.0,135733000.0,35578000.0,394777000.0,64.707,477021000.0
27,NEBLQ,MRQ,2013-12-31,2013-12-31,2013-12-31,2021-08-25,-82164000.0,16217957000.0,,1390935000.0,14827022000.0,,32.858,-762793000.0,114458000.0,114458000.0,346298000.0,188908000.0,1.322,0.861,5556251000.0,0.0,5556251000.0,5556251000.0,0.0,236966000.0,0.0,0.02,0.25,223021000.0,459987000.0,0.634,459987000.0,223021000.0,191836000.0,0.68,0.68,0.68,8322583000.0,,8322583000.0,14624639906.0,15.0,7.86,-222130000.0,-0.877,1.0,378791000.0,0.522,0.0,31185000.0,20607835000.0,,0.0,0.0,0.0,0.0,7167929000.0,1051915000.0,6116014000.0,9495171906.0,-63912000.0,0.0,-95000.0,248278000.0,-64126000.0,149859000.0,-754434000.0,0.0,540663000.0,0.0,174060000.0,174060000.0,174060000.0,0.0,14848000.0,0.24,172912000.0,205879000.0,347214000.0,0.368,1.141,12.131,12.285,14558090000.0,0.0,37.47,3.741,3.739,949069000.0,7591927000.0,725089000.0,725089000.0,0.0,,,,,10149000.0,31801000.0,1.0,253407310.0,253288000.0,,2.863,16217957000.0,140269000.0,17776000.0,350574000.0,64.03,339020000.0
28,NEBLQ,MRQ,2013-09-30,2013-09-30,2013-09-30,2021-08-25,-110583000.0,15729331000.0,,1375003000.0,14354328000.0,,32.003,-419416000.0,178370000.0,178370000.0,300325000.0,300459000.0,1.397,0.848,5307838000.0,0.0,5307838000.0,5307838000.0,0.0,223711000.0,0.0,0.017,0.25,338958000.0,562669000.0,0.878,562669000.0,338958000.0,315809000.0,1.1,1.1,1.1,8108559000.0,,8108559000.0,14679839371.0,15.0,8.161,96173000.0,0.38,1.0,340188000.0,0.531,0.0,23149000.0,19874213000.0,,0.0,0.0,0.0,0.0,6872515000.0,984586000.0,5887929000.0,9569742371.0,12163000.0,0.0,-481000.0,31402000.0,-64115000.0,-56111000.0,-447315000.0,0.0,515589000.0,0.0,281957000.0,281957000.0,281957000.0,0.0,18502000.0,0.44,100940000.0,239248000.0,318013000.0,0.227,1.18,12.999,13.115,14072457000.0,0.0,37.77,4.255,4.255,865746000.0,7417890000.0,640513000.0,640513000.0,0.0,,,,,13136000.0,33776000.0,1.0,253368874.0,253368874.0,,2.528,15729331000.0,143635000.0,33852000.0,321966000.0,62.081,390417000.0
29,NEBLQ,MRQ,2013-06-30,2013-06-30,2013-06-30,2021-08-25,-116429000.0,15466086000.0,,1344226000.0,14121860000.0,,30.826,-872321000.0,166207000.0,166207000.0,520021000.0,193326000.0,1.237,0.885,5276304000.0,0.0,5276304000.0,5276304000.0,0.0,212589000.0,0.0,0.014,0.13,238109000.0,450698000.0,0.443,450698000.0,238109000.0,213444000.0,0.69,0.69,0.69,7807466000.0,,7807466000.0,14147699102.0,18.0,8.861,-428808000.0,-1.693,1.0,497364000.0,0.489,0.0,24665000.0,19489593000.0,,0.0,0.0,0.0,0.0,6905786000.0,1086590000.0,5819196000.0,9518034102.0,-48321000.0,0.0,-340000.0,431973000.0,-33337000.0,353222000.0,-845056000.0,0.0,443513000.0,0.0,176620000.0,176620000.0,176620000.0,0.0,16706000.0,0.174,243504000.0,253860000.0,344468000.0,0.188,1.219,16.727,16.852,13844336000.0,0.0,37.58,3.819,3.819,834576000.0,7135980000.0,1017385000.0,1017385000.0,0.0,,,,,10180000.0,26850000.0,1.0,253273925.0,253273925.0,,4.017,15466086000.0,148281000.0,36824000.0,341747000.0,61.065,257636000.0
30,NEBLQ,MRQ,2013-03-31,2013-03-31,2013-03-31,2021-08-25,-112352000.0,14889958000.0,,1428565000.0,13461393000.0,,31.118,-371990000.0,214528000.0,214528000.0,507297000.0,167713000.0,1.759,0.79,4844193000.0,0.0,4844193000.0,4844193000.0,0.0,206156000.0,0.0,0.01,0.13,211713000.0,417869000.0,0.43,417869000.0,211713000.0,184412000.0,0.59,0.59,0.59,7879908000.0,,7879908000.0,14012842234.0,18.0,9.003,-169438000.0,-0.669,1.0,463678000.0,0.478,0.0,27301000.0,18707438000.0,,0.0,0.0,0.0,0.0,6227273000.0,812185000.0,5415088000.0,9660559234.0,-67564000.0,0.0,-6737000.0,209680000.0,-33335000.0,168186000.0,-438302000.0,0.0,202552000.0,0.0,150060000.0,150060000.0,150060000.0,0.0,17653000.0,0.155,233887000.0,229791000.0,319674000.0,0.22,1.226,17.494,17.581,13184865000.0,0.0,38.15,4.069,4.069,887759000.0,7215777000.0,970975000.0,970975000.0,0.0,,,,,10155000.0,25569000.0,1.0,253225668.0,253225668.0,,3.834,14889958000.0,115720000.0,34352000.0,371057000.0,58.801,616380000.0
31,NEBLQ,MRQ,2012-12-31,2012-12-31,2012-12-31,2021-08-25,-115449000.0,14607774000.0,,1305325000.0,13302449000.0,,30.595,-422672000.0,282092000.0,282092000.0,-355616000.0,134439000.0,1.432,0.792,4634375000.0,0.0,4634375000.0,4634375000.0,0.0,208842000.0,0.0,0.007,0.13,158633000.0,367475000.0,-0.967,367475000.0,158633000.0,129653000.0,0.5,0.5,0.5,7723166000.0,,7723166000.0,13220684691.0,19.0,9.043,27517000.0,0.109,1.0,-24330000.0,0.064,0.0,28980000.0,18048608000.0,,0.0,0.0,0.0,0.0,6119484000.0,911449000.0,5208035000.0,8799722691.0,63625000.0,0.0,-13936000.0,-5192000.0,-33201000.0,-37859000.0,-348705000.0,0.0,450189000.0,0.0,127577000.0,127577000.0,127577000.0,0.0,6862000.0,-0.336,-82832000.0,58502000.0,350147000.0,0.26,1.139,16.847,16.985,13025972000.0,0.0,34.82,3.999,3.994,743673000.0,7066023000.0,-379946000.0,-379946000.0,0.0,,,,,7148000.0,24602000.0,1.0,252720353.0,252435000.0,,-1.505,14607774000.0,112423000.0,2076000.0,361302000.0,57.867,393876000.0
32,NEBLQ,MRQ,2012-09-30,2012-09-30,2012-09-30,2021-08-25,-72077000.0,14460406000.0,,1304492000.0,13155914000.0,,30.21,-581999000.0,218467000.0,218467000.0,483163000.0,129680000.0,1.549,0.796,4639429000.0,0.0,4639429000.0,4639429000.0,0.0,195087000.0,0.0,0.004,0.13,165571000.0,360658000.0,0.408,360658000.0,165571000.0,139936000.0,0.45,0.45,0.45,7631060000.0,,7631060000.0,13207172370.0,19.0,9.216,-186441000.0,-0.738,1.0,400869000.0,0.453,0.0,25635000.0,18039159000.0,,0.0,0.0,0.0,0.0,6071084000.0,842209000.0,5228875000.0,9038171370.0,-56826000.0,0.0,3720000.0,195000000.0,-33195000.0,165525000.0,-617909000.0,0.0,395558000.0,0.0,114774000.0,114774000.0,114774000.0,0.0,14906000.0,0.13,221945000.0,178924000.0,298363000.0,0.289,1.184,17.322,17.454,12812144000.0,0.0,35.78,2.713,2.713,791408000.0,6938434000.0,884032000.0,884032000.0,0.0,,,,,10942000.0,26858000.0,1.0,252604007.0,252604007.0,,3.5,14460406000.0,118540000.0,25162000.0,366402000.0,57.245,462283000.0
33,NEBLQ,MRQ,2012-06-30,2012-06-30,2012-06-30,2021-08-25,-75461000.0,14036016000.0,,1287730000.0,12748286000.0,,29.71,-300257000.0,275293000.0,275293000.0,460319000.0,178675000.0,1.595,0.773,4444294000.0,0.0,4444294000.0,4444294000.0,0.0,183615000.0,0.0,0.0,0.0,226826000.0,410441000.0,0.457,410441000.0,226826000.0,206174000.0,0.63,0.63,0.63,7498338000.0,,7498338000.0,12445477136.0,18.0,8.87,135063000.0,0.535,1.0,438604000.0,0.488,0.0,20652000.0,17397904000.0,,0.0,0.0,0.0,0.0,5795849000.0,807113000.0,4988736000.0,8210156136.0,66453000.0,0.0,3672000.0,0.0,-35527000.0,-36869000.0,-331998000.0,0.0,435320000.0,0.0,159818000.0,159818000.0,159818000.0,0.0,18857000.0,0.178,194109000.0,244495000.0,277647000.0,0.0,1.095,15.139,15.272,12422636000.0,0.0,32.53,2.577,2.577,693533000.0,6823758000.0,898923000.0,898923000.0,0.0,,,,,9087000.0,25404000.0,1.0,252387216.0,252387216.0,,3.562,14036016000.0,97900000.0,46356000.0,327307000.0,55.613,480617000.0
34,NEBLQ,MRQ,2012-03-31,2012-03-31,2012-03-31,2021-08-25,-70560000.0,13895201000.0,,1254673000.0,12640528000.0,,29.737,-364883000.0,208840000.0,208840000.0,459844000.0,113343000.0,1.842,0.756,4444161000.0,0.0,4444161000.0,4444161000.0,0.0,171077000.0,0.0,0.0,0.0,152260000.0,323337000.0,0.405,323337000.0,152260000.0,141764000.0,0.47,0.47,0.47,7498868000.0,,7498868000.0,13281610087.0,24.0,10.761,-264257000.0,-1.048,1.0,337846000.0,0.424,0.0,10496000.0,17449365000.0,,0.0,0.0,0.0,0.0,5671834000.0,681157000.0,4990677000.0,9448842087.0,-30356000.0,0.0,-3972000.0,361636000.0,-36370000.0,361294000.0,-492276000.0,0.0,100626000.0,0.0,120175000.0,120175000.0,120175000.0,0.0,-6832000.0,0.151,194203000.0,143643000.0,335276000.0,0.0,1.26,21.643,21.912,12089312000.0,0.0,37.47,3.242,3.242,738835000.0,6796619000.0,797690000.0,797690000.0,0.0,,,,,8753000.0,23126000.0,1.0,252170859.0,252170859.0,,3.163,13895201000.0,95308000.0,21589000.0,337520000.0,55.102,573516000.0
35,NEBLQ,MRQ,2011-12-31,2011-12-31,2011-12-31,2021-08-25,-74321000.0,13495159000.0,,1059612000.0,12435547000.0,,29.461,-648663000.0,239196000.0,239196000.0,399763000.0,119440000.0,1.281,0.729,4071964000.0,0.0,4071964000.0,4071964000.0,0.0,171186000.0,0.0,0.0,0.0,167474000.0,338660000.0,0.451,338660000.0,167474000.0,157147000.0,0.5,0.5,0.5,7406521000.0,,7406521000.0,11243511646.0,23.0,9.71,-367453000.0,-1.462,1.0,351282000.0,0.468,0.0,10327000.0,16500747000.0,,0.0,0.0,0.0,0.0,5397307000.0,827180000.0,4570127000.0,7628660646.0,42181000.0,0.0,884000.0,260000000.0,-36079000.0,279805000.0,-518834000.0,0.0,281210000.0,0.0,127003000.0,127003000.0,127003000.0,0.0,-7563000.0,0.169,189680000.0,161602000.0,436006000.0,0.0,1.03,20.568,20.699,12130345000.0,0.0,30.22,2.83,2.818,587163000.0,6676444000.0,751045000.0,751045000.0,0.0,,,,,5047000.0,18494000.0,1.0,252437480.0,251405000.0,,2.987,13495159000.0,75284000.0,30144000.0,337711000.0,53.679,232432000.0
36,NEBLQ,MRQ,2011-09-30,2011-09-30,2011-09-30,2021-08-25,-56212000.0,12951533000.0,,1001444000.0,11950089000.0,,29.033,-556357000.0,197015000.0,197015000.0,380571000.0,135555000.0,1.541,0.68,3811866000.0,0.0,3811866000.0,3811866000.0,0.0,166213000.0,0.0,0.0,0.0,164461000.0,330674000.0,0.448,330674000.0,164461000.0,152931000.0,0.53,0.53,0.53,7327775000.0,,7327775000.0,10698567471.0,24.0,9.788,-330095000.0,-1.308,1.0,357331000.0,0.484,0.0,11530000.0,15916534000.0,,0.0,0.0,0.0,0.0,4979864000.0,649850000.0,4330014000.0,7407674471.0,-33862000.0,0.0,827000.0,290000000.0,-114453000.0,293515000.0,-553639000.0,0.0,226262000.0,0.0,135317000.0,135317000.0,135317000.0,0.0,238000.0,0.183,193749000.0,163582000.0,320053000.0,0.0,1.011,21.619,21.581,11421032000.0,0.0,29.35,2.862,2.862,601161000.0,6549441000.0,737902000.0,737902000.0,0.0,,,,,10469000.0,27536000.0,1.0,252390953.0,252390953.0,,2.924,12951533000.0,57335000.0,17614000.0,389325000.0,51.315,351594000.0
37,NEBLQ,MRQ,2011-06-30,2011-06-30,2011-06-30,2021-08-25,-42316000.0,12438238000.0,,977496000.0,11460742000.0,,28.639,-801891000.0,230877000.0,230877000.0,364201000.0,54174000.0,1.56,0.639,3521770000.0,0.0,3521770000.0,3521770000.0,0.0,163119000.0,0.0,0.017,0.0,78420000.0,241539000.0,0.385,241539000.0,78420000.0,63591000.0,0.21,0.21,0.21,7221712000.0,,7221712000.0,12596845267.0,32.0,12.397,-655897000.0,-2.601,1.0,263796000.0,0.42,0.0,14829000.0,15102575000.0,,0.0,0.0,0.0,0.0,4617870000.0,626556000.0,3991314000.0,9937880267.0,-277804000.0,0.0,1343000.0,425000000.0,0.0,429122000.0,-852920000.0,0.0,145994000.0,0.0,54083000.0,54083000.0,54083000.0,0.0,91000.0,0.086,184751000.0,79045000.0,303902000.0,0.0,1.376,33.877,33.684,11062570000.0,0.0,39.41,4.034,4.034,510019000.0,6739078000.0,627997000.0,627997000.0,0.0,,,,,8117000.0,21632000.0,1.0,252166462.0,252166462.0,,2.49,12438238000.0,80815000.0,9508000.0,326833000.0,49.326,350940000.0
38,NEBLQ,MRQ,2011-03-31,2011-03-31,2011-03-31,2021-08-25,-46731000.0,11929885000.0,,1124990000.0,10804895000.0,,28.498,-614324000.0,508681000.0,508681000.0,331989000.0,54456000.0,1.856,0.591,3167646000.0,0.0,3167646000.0,3167646000.0,0.0,158122000.0,0.0,0.016,0.0,88895000.0,247017000.0,0.427,247017000.0,88895000.0,69854000.0,0.22,0.21,0.22,7190975000.0,,7190975000.0,13940436701.0,24.0,11.911,-527550000.0,-2.091,1.0,246899000.0,0.427,0.0,19041000.0,13982862000.0,,0.0,0.0,0.0,0.0,4253319000.0,605988000.0,3647331000.0,11511610701.0,170810000.0,0.0,-3363000.0,354339000.0,0.0,680189000.0,-596153000.0,0.0,86774000.0,0.0,54495000.0,54495000.0,54495000.0,0.0,-39000.0,0.094,160635000.0,86264000.0,395131000.0,0.0,1.601,25.179,25.204,10439729000.0,0.0,45.62,4.523,4.523,445875000.0,6684995000.0,578888000.0,578888000.0,0.0,,,,,8271000.0,23715000.0,1.0,252336929.0,252336929.0,,2.294,11929885000.0,0.0,15359000.0,261641000.0,47.278,519002000.0
39,NEBLQ,MRQ,2010-12-31,2010-12-31,2010-12-31,2021-08-25,-50220000.0,11302387000.0,,911794000.0,10390593000.0,,28.299,-519917000.0,337871000.0,337871000.0,352371000.0,98294000.0,1.138,0.56,2766697000.0,80213000.0,2686484000.0,2766697000.0,0.0,154463000.0,0.0,0.02,0.0,119372000.0,273835000.0,0.425,273835000.0,119372000.0,115034000.0,0.4,0.4,0.4,7163003000.0,,7163003000.0,11380170860.0,12.0,7.764,-168712000.0,-0.667,1.0,291414000.0,0.453,0.0,4338000.0,12929766000.0,,0.0,0.0,0.0,0.0,4014753000.0,801447000.0,3213306000.0,9024061860.0,-29371000.0,0.0,1970000.0,40000000.0,-227325000.0,4369000.0,-384945000.0,0.0,351205000.0,0.0,98758000.0,98758000.0,98758000.0,0.0,-464000.0,0.153,175199000.0,116215000.0,374814000.0,0.0,1.26,11.668,11.805,10048087000.0,0.0,35.77,3.215,3.225,387414000.0,6630500000.0,643785000.0,643785000.0,0.0,,,,,8024000.0,20736000.0,1.0,252280175.0,253123000.0,,2.543,11302387000.0,81066000.0,16276000.0,355270000.0,44.652,110347000.0
40,NEBLQ,MRQ,2010-09-30,2010-09-30,2010-09-30,2021-08-25,-60994000.0,11006424000.0,,988057000.0,10018367000.0,,27.654,-354692000.0,367242000.0,367242000.0,335497000.0,86487000.0,1.676,0.538,2723351000.0,52650000.0,2670701000.0,2723351000.0,0.0,143282000.0,0.0,0.021,0.665,110451000.0,253733000.0,0.414,253733000.0,110451000.0,106307000.0,0.34,0.34,0.34,7075995000.0,,7075995000.0,8313818952.0,6.0,4.586,-83419000.0,-0.326,1.0,277121000.0,0.452,0.0,4144000.0,12773091000.0,,0.0,0.0,0.0,0.0,3805334000.0,589442000.0,3215892000.0,8645902952.0,-715870000.0,-1629644000.0,-125338000.0,1238074000.0,0.0,975132000.0,-1962275000.0,0.0,271273000.0,0.0,86020000.0,86020000.0,86020000.0,0.0,467000.0,0.14,168764000.0,108357000.0,277944000.0,1.956,1.222,7.712,7.768,9679534000.0,0.0,33.79,2.786,2.786,487029000.0,6531742000.0,612618000.0,612618000.0,0.0,,,,,10621000.0,25482000.0,1.0,255871647.0,255871647.0,,2.394,11006424000.0,0.0,20287000.0,306396000.0,43.015,398615000.0
41,NEBLQ,MRQ,2010-06-30,2010-06-30,2010-06-30,2021-08-25,-63003000.0,8903502000.0,,1686496000.0,7217006000.0,,28.41,-210953000.0,1083112000.0,1083112000.0,291340000.0,217925000.0,3.861,0.225,751028000.0,0.0,751028000.0,751028000.0,0.0,126227000.0,0.0,0.005,0.05,269553000.0,395780000.0,0.557,395780000.0,269553000.0,269043000.0,0.85,0.85,0.85,7268372000.0,,7268372000.0,7811299437.0,5.0,3.601,299537000.0,1.171,1.0,418582000.0,0.59,0.0,510000.0,8134591000.0,,0.0,0.0,0.0,0.0,1635130000.0,436827000.0,1198303000.0,7908022437.0,235402000.0,0.0,1244000.0,0.0,11935000.0,-10127000.0,-264961000.0,0.0,510490000.0,0.0,217925000.0,217925000.0,217925000.0,0.0,0.0,0.307,150035000.0,268547000.0,199850000.0,0.059,1.088,5.412,5.48,6935973000.0,0.0,30.91,2.328,2.328,471348000.0,6445722000.0,709922000.0,709922000.0,0.0,,,,,8185000.0,23808000.0,1.0,255840260.0,255840260.0,,2.775,8903502000.0,0.0,51118000.0,344946000.0,34.801,1249669000.0
42,NEBLQ,MRQ,2010-03-31,2010-03-31,2010-03-31,2021-08-25,-60647000.0,8734102000.0,,1591940000.0,7142162000.0,,27.409,-320448000.0,847710000.0,847710000.0,280062000.0,370726000.0,3.301,0.238,750987000.0,0.0,750987000.0,750987000.0,0.0,115857000.0,0.0,0.002,0.0,426587000.0,542444000.0,0.645,542444000.0,426587000.0,426122000.0,1.44,1.43,1.44,7054537000.0,,7054537000.0,10778914644.0,6.0,4.567,183486000.0,0.713,1.0,560789000.0,0.667,0.0,465000.0,8155152000.0,,0.0,0.0,0.0,0.0,1679565000.0,482227000.0,1197338000.0,10763461644.0,112217000.0,0.0,-95494000.0,0.0,-11935000.0,-107429000.0,-284288000.0,0.0,503934000.0,0.0,370726000.0,370726000.0,370726000.0,0.0,0.0,0.441,137828000.0,422961000.0,249847000.0,0.0,1.526,6.583,6.649,6864922000.0,0.0,41.82,3.002,3.002,622213000.0,6227512000.0,840851000.0,840851000.0,0.0,,,,,8100000.0,21971000.0,1.0,257375936.0,257375936.0,,3.267,8734102000.0,0.0,55396000.0,379800000.0,33.935,1109713000.0
43,NEBLQ,MRQ,2009-12-31,2009-12-31,2009-12-31,2021-08-25,-54881000.0,8396896000.0,,1483190000.0,6913706000.0,,26.308,-631866000.0,735493000.0,735493000.0,301894000.0,446415000.0,3.418,0.237,750946000.0,0.0,750946000.0,750946000.0,0.0,112667000.0,0.0,0.003,0.0,508266000.0,620933000.0,0.66,620933000.0,508266000.0,507842000.0,1.72,1.72,1.72,6788432000.0,,6788432000.0,10655646987.0,5.0,4.392,-10363000.0,-0.04,1.0,638232000.0,0.679,0.0,424000.0,7978402000.0,,0.0,0.0,0.0,0.0,1608464000.0,433947000.0,1174517000.0,10660833987.0,-20600000.0,0.0,-71435000.0,0.0,-12846000.0,-84281000.0,-557822000.0,0.0,621503000.0,0.0,446415000.0,446415000.0,446415000.0,0.0,0.0,0.475,131814000.0,506418000.0,197800000.0,0.0,1.57,6.351,6.32,6634452000.0,0.0,40.7,2.928,2.885,647454000.0,5855737000.0,940126000.0,940126000.0,0.0,,,,,9452000.0,19361000.0,1.0,261936953.0,258035000.0,,3.643,8396896000.0,0.0,61427000.0,368991000.0,32.542,1049243000.0
44,NEBLQ,MRQ,2009-09-30,2009-09-30,2009-09-30,2021-08-25,-53771000.0,8089375000.0,,1603515000.0,6485860000.0,,24.535,-331822000.0,756093000.0,756093000.0,274201000.0,426083000.0,3.222,0.261,750906000.0,0.0,750906000.0,750906000.0,0.0,103245000.0,0.0,0.005,0.094,507018000.0,610263000.0,0.674,610263000.0,507018000.0,506639000.0,1.63,1.63,1.63,6416940000.0,,6416940000.0,10007556253.0,5.0,4.146,184952000.0,0.707,1.0,631434000.0,0.697,0.0,379000.0,7586506000.0,,0.0,0.0,0.0,0.0,1672435000.0,497682000.0,1174753000.0,9928110253.0,84673000.0,0.0,-63935000.0,0.0,-24623000.0,-88558000.0,-343543000.0,0.0,516774000.0,0.0,426083000.0,426083000.0,426083000.0,0.0,0.0,0.47,127021000.0,504413000.0,232713000.0,0.058,1.547,6.014,6.025,6206434000.0,0.0,37.96,2.75,2.75,750020000.0,5398530000.0,905635000.0,905635000.0,0.0,,,,,11249000.0,21700000.0,1.0,261541366.0,261541366.0,,3.463,8089375000.0,0.0,80556000.0,396995000.0,30.93,1105833000.0
45,NEBLQ,MRQ,2009-06-30,2009-06-30,2009-06-30,2021-08-25,-51442000.0,7682122000.0,,1453977000.0,6228145000.0,,23.204,-242729000.0,671420000.0,671420000.0,275216000.0,391849000.0,3.439,0.267,750866000.0,0.0,750866000.0,750866000.0,0.0,99417000.0,0.0,0.004,0.0,487130000.0,586547000.0,0.653,586547000.0,487130000.0,486769000.0,1.5,1.49,1.5,6062295000.0,,6062295000.0,8140062633.0,4.0,3.44,207876000.0,0.796,1.0,623656000.0,0.694,0.0,361000.0,7338724000.0,,0.0,0.0,0.0,0.0,1619827000.0,422844000.0,1196983000.0,7902978633.0,157677000.0,0.0,2787000.0,0.0,0.0,2787000.0,-295715000.0,0.0,450605000.0,0.0,391849000.0,391849000.0,391849000.0,0.0,0.0,0.436,137844000.0,485812000.0,204914000.0,0.0,1.304,4.917,4.959,5952076000.0,0.0,30.25,2.215,2.215,693649000.0,4950702000.0,898872000.0,898872000.0,0.0,,,,,8894000.0,21484000.0,1.0,261255492.0,261255492.0,,3.441,7682122000.0,0.0,94920000.0,344649000.0,29.405,1031133000.0
46,NEBLQ,MRQ,2009-03-31,2009-03-31,2009-03-31,2021-08-25,-57338000.0,7303303000.0,,1263277000.0,6040026000.0,,21.616,-225081000.0,513743000.0,513743000.0,259315000.0,414295000.0,2.609,0.292,750827000.0,0.0,750827000.0,750827000.0,0.0,92984000.0,0.0,0.038,0.04,515173000.0,608157000.0,0.679,608157000.0,515173000.0,514652000.0,1.58,1.58,1.58,5652554000.0,,5652554000.0,6709722539.0,3.0,2.881,322753000.0,1.234,1.0,636836000.0,0.711,0.0,521000.0,7056195000.0,,0.0,0.0,0.0,0.0,1650749000.0,484192000.0,1166557000.0,6299546539.0,432000.0,0.0,-66253000.0,-172700000.0,-10470000.0,-249423000.0,-297979000.0,0.0,547834000.0,0.0,414295000.0,414295000.0,414295000.0,0.0,0.0,0.462,122735000.0,514101000.0,218167000.0,0.025,1.114,3.959,4.015,5792106000.0,0.0,24.09,1.81,1.81,655899000.0,4547546000.0,896151000.0,896151000.0,0.0,,,,,8400000.0,17717000.0,1.0,261500479.0,261500479.0,,3.427,7303303000.0,0.0,100357000.0,415687000.0,27.928,779085000.0
47,NEBLQ,MRQ,2008-12-31,2008-12-31,2008-12-31,2021-08-25,-57257000.0,7106799000.0,,1240341000.0,5866458000.0,,20.234,-316182000.0,513311000.0,513311000.0,286585000.0,418567000.0,1.827,0.343,923487000.0,172698000.0,750789000.0,923487000.0,0.0,93252000.0,0.0,0.041,0.04,515535000.0,608787000.0,0.669,608787000.0,515535000.0,513579000.0,1.59,1.58,1.59,5290715000.0,,5290715000.0,6343583988.0,3.0,2.79,240345000.0,0.919,1.0,623569000.0,0.685,0.0,1956000.0,6837982000.0,,0.0,0.0,0.0,0.0,1816084000.0,678993000.0,1137091000.0,5830365988.0,299658000.0,0.0,-30041000.0,196585000.0,-10560000.0,145914000.0,-402783000.0,0.0,556527000.0,0.0,418567000.0,418567000.0,418567000.0,0.0,0.0,0.46,109464000.0,514105000.0,259107000.0,0.025,1.102,3.735,3.776,5647017000.0,0.0,22.09,1.692,1.697,658356000.0,4919667000.0,910154000.0,910154000.0,0.0,,,,,7625000.0,17176000.0,1.0,263936894.0,261479000.0,262422000.0,3.481,7106799000.0,0.0,95012000.0,372229000.0,27.179,561348000.0
48,NEBLQ,MRQ,2008-09-30,2008-09-30,2008-09-30,2021-08-25,-15024000.0,6611157000.0,,964455000.0,5646702000.0,,18.745,-334876000.0,213653000.0,213653000.0,275633000.0,382522000.0,1.737,0.332,726871000.0,25352000.0,701519000.0,726871000.0,0.0,92671000.0,0.0,0.021,0.04,469954000.0,562625000.0,0.653,562625000.0,469954000.0,469353000.0,1.43,1.42,1.43,4962696000.0,,4962696000.0,12223316429.0,7.0,5.621,61276000.0,0.231,1.0,586348000.0,0.68,0.0,601000.0,6569219000.0,,0.0,0.0,0.0,0.0,1648461000.0,555156000.0,1093305000.0,11814815429.0,-107311000.0,0.0,-244739000.0,-2606000.0,-10728000.0,-258561000.0,-244902000.0,0.0,396152000.0,0.0,382522000.0,382522000.0,382522000.0,0.0,0.0,0.444,118698000.0,467650000.0,305718000.0,0.028,2.381,7.93,7.939,5395063000.0,0.0,43.9,3.508,3.451,662178000.0,4511660000.0,861981000.0,861981000.0,0.0,,,,,9803000.0,16027000.0,1.0,269130192.0,264746000.0,267041000.0,3.256,6611157000.0,0.0,86831000.0,366280000.0,24.972,409299000.0
49,NEBLQ,MRQ,2008-06-30,2008-06-30,2008-06-30,2021-08-25,-10271000.0,6352320000.0,,969915000.0,5382405000.0,,18.02,-222411000.0,320964000.0,320964000.0,280814000.0,375718000.0,2.089,0.312,729465000.0,27958000.0,701507000.0,729465000.0,0.0,87836000.0,0.0,0.014,0.79,461725000.0,549561000.0,0.676,549561000.0,461725000.0,461004000.0,1.4,1.39,1.4,4843152000.0,,4843152000.0,17871258661.0,10.0,8.548,220405000.0,0.82,1.0,532127000.0,0.655,0.0,721000.0,6296605000.0,,0.0,0.0,0.0,0.0,1509168000.0,464216000.0,1044952000.0,17458842661.0,1367000.0,0.0,-115000.0,-2560000.0,-212164000.0,-204281000.0,-237168000.0,0.0,442816000.0,0.0,375718000.0,375718000.0,375718000.0,0.0,0.0,0.462,71982000.0,460145000.0,172805000.0,0.564,3.605,12.247,12.28,5139149000.0,0.0,64.96,5.295,5.295,560923000.0,4139866000.0,812941000.0,812941000.0,0.0,,,,,9755000.0,19667000.0,1.0,268762972.0,268762972.0,,3.025,6352320000.0,0.0,85286000.0,357335000.0,23.635,505699000.0
50,NEBLQ,MRQ,2008-03-31,2008-03-31,2008-03-31,2021-08-25,-5212000.0,6153032000.0,,985492000.0,5167540000.0,,17.362,-210771000.0,319597000.0,319597000.0,290750000.0,384188000.0,2.061,0.319,732013000.0,30518000.0,701495000.0,732013000.0,0.0,82899000.0,0.0,0.003,0.04,469632000.0,552531000.0,0.641,552531000.0,469632000.0,468522000.0,1.43,1.42,1.43,4664266000.0,,4664266000.0,13967087088.0,8.0,7.088,281926000.0,1.049,1.0,570675000.0,0.662,0.0,1110000.0,6087301000.0,,3924000.0,0.0,0.0,0.0,1488766000.0,478147000.0,1010619000.0,13343629088.0,158539000.0,0.0,-26456000.0,-52516000.0,-10746000.0,-89718000.0,-244440000.0,0.0,492697000.0,0.0,384188000.0,384188000.0,384188000.0,0.0,0.0,0.446,104172000.0,466503000.0,169192000.0,0.028,2.861,9.959,9.974,4944773000.0,0.0,49.67,4.156,4.156,576981000.0,3976312000.0,861425000.0,861425000.0,0.0,,,,,8716000.0,21273000.0,1.0,268645643.0,268645643.0,,3.207,6153032000.0,0.0,84334000.0,367981000.0,22.904,507345000.0
51,NEBLQ,MRQ,2007-12-31,2007-12-31,2007-12-31,2021-08-25,-5067000.0,5876006000.0,,860191000.0,5015815000.0,,16.132,-302674000.0,161058000.0,161058000.0,302598000.0,347380000.0,1.746,0.364,784516000.0,10334000.0,774182000.0,784516000.0,0.0,82607000.0,0.0,0.002,0.04,427362000.0,509969000.0,0.613,509969000.0,427362000.0,426132000.0,1.27,1.26,1.27,4308322000.0,,4308322000.0,15839553351.0,11.0,8.824,116314000.0,0.436,1.0,529014000.0,0.636,0.0,1230000.0,6006692000.0,,0.0,0.0,0.0,0.0,1567684000.0,492772000.0,1074912000.0,15203161351.0,10479000.0,10000000.0,-60828000.0,-2472000.0,-10669000.0,-66492000.0,-342017000.0,0.0,418988000.0,0.0,347380000.0,347380000.0,347380000.0,0.0,0.0,0.418,104179000.0,424835000.0,198395000.0,0.031,3.529,12.606,12.586,4795916000.0,0.0,56.51,5.076,5.032,652181000.0,3602870000.0,831612000.0,831612000.0,0.0,,,,,8730000.0,26686000.0,1.0,269034885.0,267075000.0,269510000.0,3.114,5876006000.0,0.0,78752000.0,326262000.0,22.001,367419000.0
52,NEBLQ,MRQ,2007-09-30,2007-09-30,2007-09-30,2021-08-25,-19028000.0,5508913000.0,,752043000.0,4756870000.0,,15.003,-331534000.0,150579000.0,150579000.0,293348000.0,318280000.0,1.679,0.377,786971000.0,10148000.0,776823000.0,786971000.0,0.0,77992000.0,0.0,0.002,0.04,400673000.0,478665000.0,0.605,478665000.0,400673000.0,391527000.0,1.19,1.18,1.19,4001082000.0,,4001082000.0,13841390127.0,10.0,8.586,31783000.0,0.119,1.0,497928000.0,0.629,0.0,9146000.0,5697473000.0,,4430000.0,0.0,0.0,0.0,1507831000.0,447832000.0,1059999000.0,13169433127.0,-1851000.0,0.0,11153000.0,-37428000.0,-10740000.0,-37015000.0,-328153000.0,0.0,363317000.0,0.0,318280000.0,318280000.0,318280000.0,0.0,0.0,0.402,104209000.0,393719000.0,197832000.0,0.034,3.291,12.444,12.402,4575109000.0,0.0,49.05,4.837,4.805,546641000.0,3266159000.0,791276000.0,791276000.0,0.0,,,,,9048000.0,24617000.0,1.0,268489972.0,266684000.0,269476000.0,2.967,5508913000.0,0.0,73247000.0,292738000.0,20.657,304211000.0
53,NEBLQ,MRQ,2007-06-30,2007-06-30,2007-06-30,2021-08-25,-23171000.0,5193268000.0,,733952000.0,4459316000.0,,13.688,-318241000.0,152430000.0,152430000.0,276367000.0,290031000.0,1.661,0.415,824387000.0,9970000.0,814417000.0,824387000.0,0.0,67923000.0,0.0,0.002,0.02,361519000.0,429442000.0,0.592,429442000.0,361519000.0,360288000.0,1.09,1.08,1.09,3668890000.0,,3668890000.0,13769552433.0,12.0,9.48,43581000.0,0.163,1.0,449632000.0,0.619,0.0,1231000.0,5423335000.0,,4655000.0,0.0,0.0,0.0,1524378000.0,441890000.0,1082488000.0,13069900433.0,75317000.0,0.0,-2089000.0,47615000.0,-5379000.0,40147000.0,-326652000.0,0.0,361822000.0,0.0,290031000.0,290031000.0,290031000.0,0.0,0.0,0.399,88625000.0,361007000.0,180019000.0,0.018,3.562,13.798,13.793,4297384000.0,0.0,48.76,5.242,5.242,529720000.0,2958619000.0,725999000.0,725999000.0,0.0,,,,,9563000.0,20302000.0,1.0,268045538.0,268045538.0,,2.708,5193268000.0,0.0,70257000.0,294137000.0,19.375,292062000.0
54,NEBLQ,MRQ,2007-03-31,2007-03-31,2007-03-31,2021-08-25,-19556000.0,4820628000.0,,632066000.0,4188562000.0,,12.559,-218265000.0,77113000.0,77113000.0,256432000.0,250320000.0,1.547,0.427,776765000.0,9800000.0,766965000.0,776765000.0,0.0,64465000.0,0.0,0.002,0.02,312459000.0,376924000.0,0.583,376924000.0,312459000.0,310955000.0,0.94,0.93,0.94,3378514000.0,,3378514000.0,11215018185.0,11.0,8.526,51981000.0,0.193,1.0,389992000.0,0.603,0.0,1504000.0,5111592000.0,,4642000.0,0.0,0.0,0.0,1442114000.0,408688000.0,1033426000.0,10582630185.0,15403000.0,0.0,-105038000.0,82655000.0,-5409000.0,-27792000.0,-227051000.0,0.0,270246000.0,0.0,250320000.0,250320000.0,250320000.0,0.0,0.0,0.387,78691000.0,311301000.0,138897000.0,0.021,3.132,12.644,12.69,4028858000.0,0.0,39.34,4.632,4.632,501264000.0,2673967000.0,646424000.0,646424000.0,0.0,,,,,7340000.0,14226000.0,1.0,269004326.0,269004326.0,,2.403,4820628000.0,0.0,60635000.0,317981000.0,17.92,223378000.0
55,NEBLQ,MRQ,2006-12-31,2006-12-31,2006-12-31,2021-08-25,-19876000.0,4585914000.0,,569980000.0,4015934000.0,,11.879,-308622000.0,61710000.0,61710000.0,228313000.0,199702000.0,1.337,0.42,694098000.0,9629000.0,684469000.0,694098000.0,0.0,65859000.0,0.0,0.002,0.02,261247000.0,327106000.0,0.585,327106000.0,261247000.0,260214000.0,0.735,0.725,0.735,3228993000.0,,3228993000.0,10880534378.0,12.0,9.137,-15169000.0,-0.056,1.0,330511000.0,0.591,0.0,1033000.0,4792042000.0,,4461000.0,0.0,0.0,0.0,1356921000.0,426260000.0,930661000.0,10324243378.0,-78388000.0,0.0,-92603000.0,-2353000.0,-5402000.0,-100358000.0,-271483000.0,30541000.0,293453000.0,0.0,199702000.0,199702000.0,199702000.0,0.0,0.0,0.357,73016000.0,257495000.0,196111000.0,0.027,3.197,14.107,14.154,3858393000.0,0.0,38.075,4.916,4.928,462432000.0,2446056000.0,558824000.0,558824000.0,0.0,,,,,5730000.0,13457000.0,1.0,271155440.0,271834000.0,,2.056,4585914000.0,0.0,60512000.0,272314000.0,16.87,143720000.0
56,NEBLQ,MRQ,2006-09-30,2006-09-30,2006-09-30,2021-08-25,2422000.0,4413072000.0,,666891000.0,3746181000.0,,11.525,-298531000.0,140098000.0,140098000.0,228350000.0,207172000.0,1.98,0.399,696389000.0,9460000.0,686929000.0,696389000.0,0.0,60711000.0,0.0,0.002,0.02,258238000.0,318949000.0,0.568,318949000.0,258238000.0,257356000.0,0.77,0.76,0.77,3153587000.0,,3153587000.0,9255757175.0,11.0,8.737,26171000.0,0.096,1.0,333636000.0,0.594,0.0,882000.0,4632577000.0,,4565000.0,29652000.0,29652000.0,0.0,1259485000.0,336786000.0,922699000.0,8781010175.0,-83792000.0,0.0,-93318000.0,-2365000.0,-5426000.0,-101109000.0,-307385000.0,8879000.0,324702000.0,0.0,207172000.0,207172000.0,207172000.0,0.0,0.0,0.369,77435000.0,256201000.0,132990000.0,0.026,2.784,13.861,13.802,3595684000.0,0.0,32.09,4.617,4.617,440797000.0,2251756000.0,561986000.0,561986000.0,0.0,,,,,5724000.0,11875000.0,1.0,273636964.0,273636964.0,,2.054,4413072000.0,0.0,50184000.0,291291000.0,16.127,330105000.0
57,NEBLQ,MRQ,2006-06-30,2006-06-30,2006-06-30,2021-08-25,2629000.0,4259183000.0,,762072000.0,3497111000.0,,10.984,-251307000.0,223890000.0,223890000.0,221128000.0,179761000.0,2.498,0.407,698637000.0,9295000.0,689342000.0,698637000.0,0.0,67394000.0,0.0,0.002,0.02,225079000.0,292473000.0,0.565,292473000.0,225079000.0,223306000.0,0.655,0.65,0.655,3026510000.0,,3026510000.0,11325283172.0,18.0,12.606,-31850000.0,-0.116,1.0,296386000.0,0.573,0.0,1773000.0,4428873000.0,,4266000.0,38668000.0,37113000.0,1555000.0,1232673000.0,305057000.0,927616000.0,10252340172.0,162947000.0,691261000.0,-49554000.0,-439043000.0,-5511000.0,-494108000.0,437598000.0,0.0,219457000.0,0.0,179761000.0,179761000.0,179761000.0,0.0,0.0,0.347,73200000.0,223186000.0,118012000.0,0.031,3.388,20.389,20.278,3345341000.0,0.0,37.21,6.005,6.005,443093000.0,2050010000.0,517514000.0,517514000.0,0.0,,,,,4711000.0,10655000.0,1.0,275526476.0,275526476.0,,1.878,4259183000.0,0.0,43545000.0,284676000.0,15.458,457015000.0
58,NEBLQ,MRQ,2006-03-31,2006-03-31,2006-03-31,2021-08-25,-742000.0,4546317000.0,,1235327000.0,3310990000.0,,10.61,-190796000.0,60943000.0,60943000.0,206125000.0,145231000.0,1.395,0.562,1133886000.0,609289000.0,524597000.0,1133886000.0,0.0,59361000.0,0.0,0.001,0.02,192890000.0,252251000.0,0.546,252251000.0,192890000.0,180411000.0,0.53,0.525,0.53,2910430000.0,,2910430000.0,12139453167.0,24.0,15.972,-39693000.0,-0.145,1.0,255790000.0,0.554,0.0,12479000.0,4733994000.0,,4247000.0,739733000.0,738115000.0,1618000.0,1635887000.0,885266000.0,750621000.0,11123001167.0,-60902000.0,0.0,6529000.0,-4408000.0,-5486000.0,-3365000.0,-208640000.0,6582000.0,151103000.0,0.0,145231000.0,145231000.0,145231000.0,0.0,0.0,0.314,65242000.0,190548000.0,90490000.0,0.038,3.822,28.06,27.966,3142022000.0,0.0,40.55,7.252,7.252,399059000.0,1875760000.0,461915000.0,461915000.0,0.0,,,,,5395000.0,10285000.0,1.0,274303358.0,274303358.0,,1.684,4546317000.0,0.0,35180000.0,297365000.0,16.574,350061000.0
59,NEBLQ,MRQ,2005-12-31,2005-12-31,2005-12-31,2021-08-25,-25353000.0,4346367000.0,,522455000.0,3823912000.0,,9.977,-204513000.0,121845000.0,121845000.0,194593000.0,101333000.0,2.015,0.591,1138297000.0,8972000.0,1129325000.0,1138297000.0,0.0,64570000.0,0.0,0.001,0.02,131152000.0,195722000.0,0.543,195722000.0,131152000.0,127646000.0,0.37,0.375,0.37,2731734000.0,,2731734000.0,9930386363.0,26.0,15.873,-13455000.0,-0.049,1.0,166006000.0,0.46,0.0,3506000.0,5103484000.0,,3940000.0,718096000.0,44457000.0,673639000.0,1614633000.0,259335000.0,1355298000.0,9656619363.0,-44828000.0,-694302000.0,17000.0,697854000.0,-5487000.0,692384000.0,-928270000.0,68000.0,191058000.0,0.0,101333000.0,101333000.0,101333000.0,0.0,0.0,0.281,37383000.0,128623000.0,93914000.0,0.054,3.535,32.547,32.358,2999019000.0,0.0,35.27,6.987,6.987,328253000.0,1736015000.0,360599000.0,360599000.0,0.0,,,,,1831000.0,13037000.0,1.0,273791306.0,273791306.0,,1.317,4346367000.0,0.0,26313000.0,272834000.0,15.875,263120000.0
60,NEBLQ,MRQ,2005-09-30,2005-09-30,2005-09-30,2021-08-25,-2075000.0,3592212000.0,,540333000.0,3051879000.0,,9.715,-120122000.0,166673000.0,166673000.0,191561000.0,76523000.0,1.888,0.352,440440000.0,8815000.0,431625000.0,440440000.0,0.0,61276000.0,0.0,0.001,0.01,96672000.0,157948000.0,0.43,157948000.0,96672000.0,91519000.0,0.28,0.275,0.28,2656262000.0,,2656262000.0,9627252207.0,31.0,17.64,27633000.0,0.101,1.0,175644000.0,0.478,0.0,5153000.0,3579800000.0,,4162000.0,44837000.0,44837000.0,0.0,935950000.0,286179000.0,649771000.0,9359271207.0,21028000.0,-28374000.0,14656000.0,-2263000.0,-2739000.0,9654000.0,-136381000.0,4257000.0,147755000.0,0.0,76523000.0,76523000.0,76523000.0,0.0,0.0,0.208,81065000.0,94579000.0,161636000.0,0.036,3.523,37.703,37.207,2919044000.0,0.0,34.23,7.071,7.071,269788000.0,1640169000.0,367205000.0,367205000.0,0.0,,,,,2181000.0,9324000.0,1.0,273423056.0,273423056.0,,1.343,3592212000.0,0.0,14996000.0,248881000.0,13.138,254154000.0
61,NEBLQ,MRQ,2005-06-30,2005-06-30,2005-06-30,2021-08-25,-3054000.0,3411037000.0,,508150000.0,2902887000.0,,9.423,-79832000.0,174565000.0,174565000.0,182662000.0,73310000.0,2.519,0.332,442546000.0,8661000.0,433885000.0,442546000.0,0.0,59529000.0,0.0,0.001,0.01,94594000.0,154123000.0,0.448,154123000.0,94594000.0,89402000.0,0.27,0.265,0.27,2560186000.0,,2560186000.0,8717940431.0,33.0,17.947,38820000.0,0.143,1.0,161346000.0,0.469,0.0,5192000.0,3477260000.0,,4158000.0,67942000.0,48944000.0,18998000.0,850851000.0,201758000.0,649093000.0,8356083431.0,37886000.0,22309000.0,13165000.0,-27072000.0,-2719000.0,-16626000.0,-64140000.0,39230000.0,118652000.0,0.0,73310000.0,73310000.0,73310000.0,0.0,0.0,0.213,69628000.0,91718000.0,74672000.0,0.037,3.264,41.308,40.735,2759272000.0,0.0,30.755,6.837,6.837,247664000.0,1566385000.0,344008000.0,344008000.0,0.0,,,,,1947000.0,10099000.0,1.0,271698372.0,271698372.0,,1.266,3411037000.0,0.0,16092000.0,238187000.0,12.554,306392000.0
62,NEBLQ,MRQ,2005-03-31,2005-03-31,2005-03-31,2021-08-25,1596000.0,3333460000.0,,444284000.0,2889176000.0,,9.13,-28260000.0,107759000.0,107759000.0,188005000.0,45530000.0,2.357,0.347,469616000.0,8510000.0,461106000.0,469616000.0,0.0,56377000.0,0.0,0.0,0.01,61460000.0,117837000.0,0.38,117837000.0,61460000.0,55525000.0,0.17,0.165,0.17,2475460000.0,,2475460000.0,8073195919.0,37.0,18.713,43285000.0,0.16,1.0,122320000.0,0.394,0.0,5935000.0,3506854000.0,,3939000.0,107395000.0,88628000.0,18767000.0,858000000.0,188463000.0,669537000.0,7620336919.0,48969000.0,-22309000.0,40790000.0,-42036000.0,-2710000.0,-3956000.0,-18620000.0,44100000.0,71545000.0,0.0,45530000.0,45530000.0,45530000.0,0.0,0.0,0.147,64195000.0,58125000.0,69436000.0,0.059,3.078,46.649,45.699,2749133000.0,0.0,28.105,6.737,6.737,202945000.0,1495794000.0,310325000.0,310325000.0,0.0,,,,,1418000.0,7818000.0,1.0,271138122.0,271138122.0,,1.145,3333460000.0,0.0,9995000.0,227669000.0,12.294,255821000.0
63,NEBLQ,MRQ,2004-12-31,2004-12-31,2004-12-31,2021-08-25,2538000.0,3307973000.0,,425283000.0,2882690000.0,,8.807,-118383000.0,58790000.0,58790000.0,180033000.0,52874000.0,1.986,0.387,511649000.0,8361000.0,503288000.0,511649000.0,0.0,54790000.0,0.0,0.0,0.0,61066000.0,115856000.0,0.383,115856000.0,61066000.0,52747000.0,0.2,0.195,0.2,2384434000.0,,2384434000.0,7161734257.0,37.0,17.669,1182000.0,0.004,1.0,122118000.0,0.404,0.0,8319000.0,3546666000.0,,4013000.0,133316000.0,132788000.0,528000.0,923539000.0,214166000.0,709373000.0,6733044257.0,-1102000.0,69473000.0,26728000.0,-11536000.0,0.0,15192000.0,-135859000.0,-14001000.0,119565000.0,0.0,52874000.0,52874000.0,52874000.0,0.0,0.0,0.175,64364000.0,57754000.0,83012000.0,0.0,2.824,46.09,45.218,2743620000.0,0.0,24.87,6.315,6.315,205023000.0,1452974000.0,302151000.0,302151000.0,0.0,,,,,1496000.0,9574000.0,1.0,270729564.0,270729564.0,,1.116,3307973000.0,0.0,-127000.0,229389000.0,12.219,211117000.0
64,NEBLQ,MRQ,2004-09-30,2004-09-30,2004-09-30,2021-08-25,3911000.0,3234707000.0,,409620000.0,2825087000.0,,8.597,-68897000.0,94492000.0,94492000.0,161069000.0,30571000.0,1.957,0.405,523182000.0,17751000.0,505431000.0,523182000.0,0.0,52723000.0,0.0,0.0,0.0,45214000.0,97937000.0,0.369,97937000.0,45214000.0,36832000.0,0.115,0.115,0.115,2302291000.0,,2302291000.0,6461805442.0,36.0,16.832,16964000.0,0.063,1.0,104569000.0,0.394,0.0,8382000.0,3454120000.0,,4141000.0,114694000.0,95752000.0,18942000.0,932416000.0,209277000.0,723139000.0,6018672442.0,597000.0,-39270000.0,28158000.0,-36349000.0,0.0,-8191000.0,-77073000.0,31094000.0,85861000.0,0.0,30571000.0,30571000.0,30571000.0,0.0,0.0,0.115,60554000.0,44015000.0,81375000.0,0.0,2.614,48.729,48.333,2680747000.0,0.0,22.475,5.995,5.995,180880000.0,1400100000.0,265638000.0,265638000.0,0.0,,,,,1633000.0,7831000.0,1.0,267794102.0,267794102.0,,0.992,3234707000.0,0.0,6261000.0,234494000.0,12.079,200343000.0
65,NEBLQ,MRQ,2004-06-30,2004-06-30,2004-06-30,2021-08-25,3776000.0,3195540000.0,,424609000.0,2770931000.0,,8.295,-48354000.0,116395000.0,116395000.0,146817000.0,34381000.0,2.057,0.429,559528000.0,26991000.0,532537000.0,559528000.0,0.0,51183000.0,0.0,0.0,0.0,48598000.0,99781000.0,0.394,99781000.0,48598000.0,39978000.0,0.13,0.13,0.13,2236788000.0,,2236788000.0,5518883380.0,27.0,13.747,16889000.0,0.063,1.0,106192000.0,0.42,0.0,8620000.0,3432271000.0,,4100000.0,124089000.0,104024000.0,20065000.0,958752000.0,206402000.0,752350000.0,5108829380.0,-34442000.0,-28932000.0,-38703000.0,-11165000.0,0.0,-49868000.0,-49817000.0,27469000.0,65243000.0,0.0,34381000.0,34381000.0,34381000.0,0.0,0.0,0.136,59631000.0,46561000.0,69392000.0,0.0,2.284,35.016,34.445,2622737000.0,0.0,18.945,5.145,5.145,165116000.0,1369529000.0,253009000.0,253009000.0,0.0,,,,,1538000.0,8448000.0,1.0,269666370.0,269666370.0,,0.938,3195540000.0,0.0,5597000.0,238314000.0,11.85,218207000.0
66,NEBLQ,MRQ,2004-03-31,2004-03-31,2004-03-31,2021-08-25,4840000.0,3212161000.0,,466568000.0,2745593000.0,,8.343,-23272000.0,160637000.0,160637000.0,148303000.0,28260000.0,2.158,0.434,570691000.0,36085000.0,534606000.0,570691000.0,0.0,50427000.0,0.0,0.0,0.0,41328000.0,91755000.0,0.374,91755000.0,41328000.0,32260000.0,0.105,0.105,0.105,2240342000.0,,2240342000.0,5608734389.0,26.0,13.843,38280000.0,0.143,1.0,97130000.0,0.396,0.0,9068000.0,3406031000.0,,4150000.0,141375000.0,121533000.0,19842000.0,971819000.0,216184000.0,755635000.0,5158628389.0,31170000.0,1024000.0,23175000.0,-18883000.0,0.0,4292000.0,-34674000.0,-12426000.0,61552000.0,0.0,28260000.0,28260000.0,28260000.0,0.0,0.0,0.115,58288000.0,38842000.0,72507000.0,0.0,2.303,33.227,32.838,2599397000.0,0.0,19.21,5.222,5.222,145228000.0,1335148000.0,245433000.0,245433000.0,0.0,,,,,1086000.0,7861000.0,1.0,268538698.0,268538698.0,,0.914,3212161000.0,0.0,4000000.0,241886000.0,11.962,250384000.0
67,NEBLQ,MRQ,2003-12-31,2003-12-31,2003-12-31,2021-08-25,10000.0,3189633000.0,,421959000.0,2767674000.0,,8.141,-45309000.0,62567000.0,62567000.0,121033000.0,30300000.0,1.729,0.464,589573000.0,47666000.0,541907000.0,589573000.0,0.0,50960000.0,0.0,0.0,0.0,43471000.0,94431000.0,0.394,94431000.0,43471000.0,34045000.0,0.115,0.11,0.115,2178425000.0,,2178425000.0,5278216562.0,23.0,12.878,93875000.0,0.351,1.0,118773000.0,0.495,0.0,9426000.0,3472616000.0,,4086000.0,195144000.0,175276000.0,19868000.0,1011208000.0,244023000.0,767185000.0,4786911562.0,68031000.0,5294000.0,3129000.0,-33162000.0,0.0,-22842000.0,-48311000.0,28688000.0,139184000.0,0.0,30300000.0,30300000.0,30300000.0,0.0,0.0,0.126,78180000.0,40593000.0,87178000.0,0.0,2.197,28.765,28.397,2625866000.0,0.0,17.89,4.848,4.848,149235000.0,1306888000.0,239806000.0,239806000.0,0.0,,,,,1147000.0,6716000.0,1.0,267574710.0,267574710.0,,0.896,3189633000.0,0.0,3745000.0,245091000.0,11.921,177936000.0
68,NEBLQ,MRQ,2003-09-30,2003-09-30,2003-09-30,2021-08-25,-6967000.0,3139713000.0,,413678000.0,2726035000.0,,7.995,-20739000.0,131427000.0,131427000.0,143249000.0,52957000.0,1.766,0.469,622732000.0,66659000.0,556073000.0,622732000.0,0.0,45972000.0,0.0,0.0,0.0,69524000.0,115496000.0,0.454,115496000.0,69524000.0,59502000.0,0.2,0.2,0.2,2137364000.0,,2137364000.0,5051138547.0,20.0,11.345,88097000.0,0.33,1.0,111397000.0,0.437,0.0,10022000.0,3396808000.0,,4151000.0,96539000.0,74159000.0,22380000.0,1002349000.0,234210000.0,768139000.0,4543509547.0,266000.0,-69478000.0,3203000.0,-16062000.0,0.0,-12859000.0,-95711000.0,-5494000.0,108836000.0,0.0,52957000.0,52957000.0,52957000.0,0.0,0.0,0.208,44240000.0,67157000.0,46269000.0,0.0,2.126,24.219,23.937,2596221000.0,0.0,16.995,4.542,4.542,178063000.0,1276588000.0,254646000.0,254646000.0,0.0,,,,,1148000.0,6481000.0,1.0,267343898.0,267343898.0,,0.953,3139713000.0,0.0,6545000.0,251477000.0,11.744,179468000.0
69,NEBLQ,MRQ,2003-06-30,2003-06-30,2003-06-30,2021-08-25,-6321000.0,3097934000.0,,416187000.0,2681747000.0,,7.781,-23021000.0,131161000.0,131161000.0,146044000.0,43738000.0,1.715,0.49,638790000.0,71371000.0,567419000.0,638790000.0,0.0,43990000.0,0.0,0.0,0.0,59492000.0,103482000.0,0.417,103482000.0,59492000.0,49144000.0,0.165,0.165,0.165,2079284000.0,,2079284000.0,5094877366.0,21.0,11.952,51137000.0,0.191,1.0,101876000.0,0.411,0.0,10348000.0,3362862000.0,,3844000.0,90803000.0,68212000.0,22591000.0,1018650000.0,242701000.0,775949000.0,4582864366.0,-10299000.0,-60138000.0,1387000.0,-15808000.0,0.0,-13305000.0,-71152000.0,12007000.0,74158000.0,0.0,43738000.0,43738000.0,43738000.0,0.0,0.0,0.176,43206000.0,58670000.0,44677000.0,0.0,2.204,24.935,24.676,2524031000.0,0.0,17.15,4.639,4.639,179387000.0,1223631000.0,247920000.0,247920000.0,0.0,,,,,1147000.0,7175000.0,1.0,267222412.0,267222412.0,,0.928,3097934000.0,0.0,5406000.0,248102000.0,11.593,173486000.0
70,NEBLQ,MRQ,2003-03-31,2003-03-31,2003-03-31,2021-08-25,-6445000.0,3066804000.0,,426833000.0,2639971000.0,,7.606,-22059000.0,142576000.0,142576000.0,150164000.0,39421000.0,1.714,0.509,654589000.0,76008000.0,578581000.0,654589000.0,0.0,41668000.0,0.0,0.0,0.0,54788000.0,96456000.0,0.394,96456000.0,54788000.0,44293000.0,0.15,0.15,0.15,2031966000.0,,2031966000.0,4666030047.0,17.0,10.745,21071000.0,0.079,1.0,94844000.0,0.387,0.0,10495000.0,3329782000.0,,3682000.0,100032000.0,78159000.0,21873000.0,1034838000.0,249035000.0,785803000.0,4197068047.0,-58240000.0,-59901000.0,1713000.0,-15548000.0,0.0,-13474000.0,-87896000.0,-5936000.0,43130000.0,0.0,39421000.0,39421000.0,39421000.0,0.0,0.0,0.161,40126000.0,54718000.0,55212000.0,0.0,2.066,21.252,21.087,2513257000.0,0.0,15.71,4.224,4.224,164390000.0,1179893000.0,245008000.0,245008000.0,0.0,,,,,1185000.0,6262000.0,1.0,267159010.0,267159010.0,,0.917,3066804000.0,0.0,4872000.0,247717000.0,11.479,177798000.0
71,NEBLQ,MRQ,2002-12-31,2002-12-31,2002-12-31,2021-08-25,-6292000.0,3065714000.0,,465643000.0,2600071000.0,,7.431,-55586000.0,201177000.0,201177000.0,149988000.0,51482000.0,1.732,0.541,670139000.0,80577000.0,589562000.0,670139000.0,0.0,61550000.0,0.0,0.0,0.0,68245000.0,129795000.0,0.513,129795000.0,68245000.0,57202000.0,0.195,0.19,0.195,1989210000.0,,1989210000.0,5068593024.0,18.0,11.509,88980000.0,0.332,1.0,102811000.0,0.407,0.0,11043000.0,3265869000.0,,3628000.0,95495000.0,72957000.0,22538000.0,1076504000.0,268807000.0,807697000.0,4704430024.0,3688000.0,-176376000.0,-8348000.0,109699000.0,0.0,101339000.0,-242217000.0,-10255000.0,144566000.0,0.0,51482000.0,51482000.0,51482000.0,0.0,0.0,0.204,32653000.0,70158000.0,64783000.0,0.0,2.365,22.455,22.247,2471043000.0,0.0,17.575,4.751,4.751,164613000.0,1140472000.0,252799000.0,252799000.0,0.0,,,,,1113000.0,6326000.0,1.0,267677384.0,267677384.0,,0.944,3065714000.0,0.0,5720000.0,236495000.0,11.453,196836000.0
72,NEBLQ,MRQ,2002-09-30,2002-09-30,2002-09-30,2021-08-25,-1784000.0,2882333000.0,,455112000.0,2427221000.0,,7.257,-32820000.0,196277000.0,196277000.0,140933000.0,49153000.0,2.193,0.48,560440000.0,62719000.0,497721000.0,560440000.0,0.0,31387000.0,0.0,0.0,0.0,65146000.0,96533000.0,0.399,96533000.0,65146000.0,54858000.0,0.185,0.185,0.185,1947925000.0,,1947925000.0,4536219425.0,14.0,10.371,81578000.0,0.304,1.0,101137000.0,0.418,0.0,10288000.0,3038974000.0,,3600000.0,86655000.0,63314000.0,23341000.0,934408000.0,207522000.0,726886000.0,4160608425.0,-10071000.0,-42160000.0,-22646000.0,-20403000.0,0.0,-42736000.0,-81733000.0,-6753000.0,114398000.0,0.0,49153000.0,49153000.0,49153000.0,0.0,0.0,0.203,36617000.0,64520000.0,40515000.0,0.0,2.136,18.783,18.563,2305039000.0,0.0,15.5,4.058,4.058,158489000.0,1088990000.0,242070000.0,242070000.0,0.0,,,,,1240000.0,5230000.0,1.0,268426350.0,268426350.0,,0.902,2882333000.0,0.0,5705000.0,255675000.0,10.738,247590000.0
73,NEBLQ,MRQ,2002-06-30,2002-06-30,2002-06-30,2021-08-25,-1375000.0,2881933000.0,,490792000.0,2391141000.0,,7.135,-43867000.0,204883000.0,204883000.0,137961000.0,57438000.0,2.226,0.502,580494000.0,61714000.0,518780000.0,580494000.0,0.0,31239000.0,0.0,0.0,0.0,80213000.0,111452000.0,0.439,111452000.0,80213000.0,69622000.0,0.215,0.215,0.215,1918621000.0,,1918621000.0,5595221616.0,15.0,11.548,77842000.0,0.289,1.0,115684000.0,0.456,0.0,10591000.0,3037097000.0,,3568000.0,80988000.0,57485000.0,23503000.0,963312000.0,220447000.0,742865000.0,5189866616.0,17163000.0,-48408000.0,9753000.0,-12634000.0,0.0,-1988000.0,-102558000.0,-10283000.0,121709000.0,0.0,57438000.0,57438000.0,57438000.0,0.0,0.0,0.226,37410000.0,78274000.0,50292000.0,0.0,2.705,20.816,20.532,2274737000.0,0.0,19.3,4.914,4.914,184223000.0,1039837000.0,253645000.0,253645000.0,0.0,,,,,1241000.0,6171000.0,1.0,268905006.0,268905006.0,,0.943,2881933000.0,0.0,12184000.0,248427000.0,10.717,270345000.0
74,NEBLQ,MRQ,2002-03-31,2002-03-31,2002-03-31,2021-08-25,-963000.0,2797816000.0,,462044000.0,2335772000.0,,6.863,-30119000.0,187772000.0,187772000.0,131624000.0,51430000.0,2.354,0.516,593127000.0,58545000.0,534582000.0,593127000.0,0.0,30293000.0,0.0,0.0,0.0,72343000.0,102636000.0,0.425,102636000.0,72343000.0,61643000.0,0.195,0.195,0.195,1845516000.0,,1845516000.0,,,,34572000.0,0.129,1.0,110110000.0,0.456,0.0,10700000.0,3006930000.0,,3682000.0,70175000.0,45784000.0,24391000.0,952300000.0,196241000.0,756059000.0,5564989099.0,-56180000.0,-79550000.0,2642000.0,-12434000.0,0.0,-6630000.0,-114241000.0,-4572000.0,64691000.0,0.0,51430000.0,51430000.0,51430000.0,0.0,0.0,0.213,39505000.0,70605000.0,44508000.0,0.0,3.015,21.413,21.117,2227723000.0,0.0,20.695,5.305,5.305,173659000.0,982399000.0,241734000.0,241734000.0,0.0,,,,,1284000.0,9212000.0,1.0,268905006.0,268905006.0,,0.899,2797816000.0,0.0,10213000.0,244239000.0,10.404,265803000.0
75,NEBLQ,MRQ,2001-12-31,2001-12-31,2001-12-31,2021-08-25,-11737000.0,2750740000.0,,494049000.0,2256691000.0,,,-4216000.0,246075000.0,246075000.0,157615000.0,63486000.0,2.38,0.547,605561000.0,55430000.0,550131000.0,605561000.0,0.0,31206000.0,0.0,0.0,0.0,95584000.0,126790000.0,0.44,126790000.0,95584000.0,84366000.0,0.24,0.24,0.24,1778319000.0,,1778319000.0,,,,129560000.0,,1.0,130316000.0,0.453,0.0,11218000.0,2902677000.0,,3626000.0,66515000.0,41597000.0,24918000.0,972421000.0,207549000.0,764872000.0,,57290000.0,-44350000.0,-5088000.0,-12239000.0,0.0,-18730000.0,-57756000.0,-9190000.0,133776000.0,0.0,63486000.0,63486000.0,63486000.0,0.0,0.0,0.22,37534000.0,92782000.0,46996000.0,0.0,,,17.192,2149217000.0,0.0,17.02,,,169008000.0,930969000.0,287931000.0,287931000.0,0.0,,,,,1191000.0,6328000.0,1.0,,,,,2750740000.0,0.0,20880000.0,237782000.0,,286500000.0
76,NEBLQ,MRQ,2001-09-30,2001-09-30,2001-09-30,2021-08-25,,,,,,,,-54192000.0,,,126067000.0,76970000.0,,,,,,,,30314000.0,,0.0,0.0,113314000.0,143628000.0,0.527,143628000.0,113314000.0,101736000.0,0.29,0.29,0.29,,,,,,,75358000.0,,1.0,146725000.0,0.538,,11578000.0,,,,,,,,,,,-39181000.0,0.0,-32795000.0,-56408000.0,0.0,-88408000.0,-80323000.0,-26131000.0,129550000.0,0.0,76970000.0,76970000.0,76970000.0,0.0,0.0,0.282,35428000.0,111297000.0,,0.0,,,,,0.0,12.0,,,,,272792000.0,272792000.0,0.0,,,,,973000.0,5114000.0,1.0,,,,,,,24766000.0,,,
77,NEBLQ,MRQ,2001-06-30,2001-06-30,2001-06-30,2021-08-25,,,,,,,,-32997000.0,,,113802000.0,68003000.0,,,,,,,,29116000.0,,0.0,0.0,101666000.0,130782000.0,0.53,130782000.0,101666000.0,89265000.0,0.255,0.25,0.255,,,,,,,54398000.0,,1.0,132844000.0,0.539,,12401000.0,,,,,,,,,,,-2127000.0,-4863000.0,-36502000.0,-11859000.0,0.0,-51662000.0,-37860000.0,0.0,87395000.0,0.0,68003000.0,68003000.0,68003000.0,0.0,0.0,0.276,35446000.0,97398000.0,,0.0,,,,,0.0,16.375,,,,,246646000.0,246646000.0,0.0,,,,,973000.0,6330000.0,1.0,,,,,,,21262000.0,,,
78,NEBLQ,MRQ,2001-03-31,2001-03-31,2001-03-31,2021-08-25,,,,,,,,-30641000.0,,,105117000.0,54463000.0,,,,,,,,27939000.0,,0.0,0.0,85660000.0,113599000.0,0.511,113599000.0,85660000.0,73105000.0,0.205,0.2,0.205,,,,,,,69684000.0,,1.0,117274000.0,0.527,,12555000.0,,,,,,,,,,,47492000.0,-19123000.0,11562000.0,-14631000.0,0.0,-3069000.0,-49764000.0,0.0,100325000.0,0.0,54463000.0,54463000.0,54463000.0,0.0,0.0,0.245,34464000.0,82810000.0,,0.0,,,,,0.0,23.08,,,,,222391000.0,222391000.0,0.0,,,,,973000.0,6525000.0,1.0,,,,,,,18642000.0,,,
0,NEBLQ,MRT,2020-09-30,2020-09-30,2020-09-30,2021-08-25,-58496000.0,7112667000.0,7461436000.0,611186000.0,6501481000.0,0.163,9.994,-158799000.0,325097000.0,325097000.0,676193000.0,-1107539000.0,3.062,1.835,4251429000.0,0.0,4251429000.0,4251429000.0,0.0,390392000.0,0.0,0.0,0.0,-1193121000.0,-802729000.0,-0.661,-802729000.0,-1193121000.0,-1428931000.0,-4.75,-4.75,-4.75,2509034000.0,2830377000.0,2509034000.0,3768014374.0,-3.0,-4.694,296112000.0,1.179,1.0,538960000.0,0.444,0.0,235810000.0,10839416000.0,9807839500.0,0.0,0.0,0.0,0.0,4603633000.0,199583000.0,4404050000.0,5523374.0,201560000.0,4751000.0,-1010000.0,8868000.0,0.0,-99303000.0,-154048000.0,0.0,454911000.0,0.0,-1188609000.0,-1188609000.0,-1188609000.0,-3821000.0,81070000.0,-0.978,1669582000.0,-1130622000.0,81119000.0,0.0,0.002,-0.005,-0.005,6431386000.0,0.0,0.022,0.005,0.005,167435000.0,1752037000.0,1215153000.0,1215153000.0,0.0,-0.159,-0.42,-0.122,-0.982,11667000.0,125480000.0,1.0,251062455.0,251062455.0,,4.84,7112667000.0,42198000.0,-240322000.0,81069000.0,28.33,411603000.0
1,NEBLQ,MRT,2020-06-30,2020-06-30,2020-06-30,2021-08-25,-59928000.0,7187480000.0,7782148000.0,601173000.0,6586307000.0,0.16,10.189,-185784000.0,191217000.0,191217000.0,715352000.0,-1763623000.0,0.135,1.811,3953708000.0,3953708000.0,0.0,3953708000.0,0.0,412541000.0,0.0,0.0,0.0,-1569676000.0,-1157135000.0,-0.927,-1157135000.0,-1569676000.0,-1851050000.0,-6.34,-6.34,-6.34,2556970000.0,3101560000.0,2556970000.0,3858090997.0,-2.0,-3.334,56732000.0,0.226,1.0,533491000.0,0.427,0.0,281374000.0,6507985000.0,9955269500.0,0.0,0.0,0.0,0.0,4630510000.0,4441986000.0,188524000.0,80580997.0,37451000.0,3613000.0,-1010000.0,92866000.0,0.0,-22894000.0,-182171000.0,0.0,242516000.0,0.0,-1582612000.0,-1582612000.0,-1582612000.0,-3821000.0,-181011000.0,-1.267,2285250000.0,-1751759000.0,94735000.0,0.0,0.032,-0.051,-0.051,6486557000.0,0.0,0.321,0.065,0.065,163972000.0,1802905000.0,1248843000.0,1248843000.0,0.0,-0.203,-0.51,-0.158,-1.257,12678000.0,127383000.0,1.0,250952965.0,250952965.0,,4.976,7187480000.0,193116000.0,-268438000.0,92789000.0,28.641,-3840813000.0
2,NEBLQ,MRT,2020-03-31,2020-03-31,2020-03-31,2021-08-25,-59957000.0,7261099000.0,8250457750.0,621313000.0,6639786000.0,0.158,10.394,-208451000.0,175927000.0,175927000.0,739110000.0,-1870073000.0,0.942,1.796,3953437000.0,260958000.0,3692479000.0,3953437000.0,0.0,434324000.0,0.0,0.0,0.0,-1596752000.0,-1162428000.0,-0.892,-1162428000.0,-1596752000.0,-1876823000.0,-6.78,-6.78,-6.78,2596532000.0,3471479750.0,2596532000.0,3802334038.0,-2.0,-3.271,18285000.0,0.073,1.0,564751000.0,0.433,0.0,280071000.0,10379004000.0,11334586250.0,0.0,0.0,0.0,0.0,4664567000.0,659605000.0,4004962000.0,64951038.0,-11166000.0,4823000.0,-1010000.0,93998000.0,0.0,-34274000.0,-203628000.0,0.0,226736000.0,0.0,-1692378000.0,-1692378000.0,-1692378000.0,-3821000.0,-177695000.0,-1.298,2339767000.0,-1775016000.0,87871000.0,0.0,0.025,-0.038,-0.038,6535338000.0,0.0,0.26,0.05,0.05,208817000.0,1845099000.0,1303861000.0,1303861000.0,0.0,-0.205,-0.488,-0.141,-1.225,15030000.0,170632000.0,1.0,249811683.0,249811683.0,,5.219,7261099000.0,192683000.0,-184445000.0,98269000.0,29.066,-38292000.0
3,NEBLQ,MRT,2019-12-31,2019-12-31,2019-12-31,2021-08-25,-58389000.0,8284498000.0,8714261500.0,422107000.0,7862391000.0,0.15,14.698,-268783000.0,104621000.0,104621000.0,747404000.0,-874366000.0,0.817,1.264,3842004000.0,62505000.0,3779499000.0,3842004000.0,0.0,440221000.0,0.0,0.0,0.0,-459695000.0,-19474000.0,-0.015,-19474000.0,-459695000.0,-739130000.0,-2.81,-2.81,-2.81,3658972000.0,3868223250.0,3658972000.0,4108387157.0,-9.0,-210.968,-82012000.0,-0.329,1.0,558034000.0,0.427,0.0,279435000.0,11504953000.0,11785930250.0,0.0,0.0,0.0,0.0,4625526000.0,516928000.0,4108598000.0,304024157.0,-269983000.0,12753000.0,0.0,-66092000.0,0.0,-200724000.0,-256030000.0,0.0,186771000.0,0.0,-700590000.0,-700590000.0,-700590000.0,0.0,-173776000.0,-0.537,1224307000.0,-666273000.0,108208000.0,0.0,0.083,-0.434,-0.434,7733924000.0,0.0,1.22,0.233,0.233,198665000.0,2907776000.0,1305438000.0,1305438000.0,0.0,-0.08,-0.181,-0.039,-0.352,14737000.0,168792000.0,1.0,249200129.0,248949000.0,248949000.0,5.244,8284498000.0,59771000.0,-38540000.0,98916000.0,33.278,-94821000.0
4,NEBLQ,MRT,2019-09-30,2019-09-30,2019-09-30,2021-08-25,-56376000.0,8395515000.0,8959367750.0,445279000.0,7950236000.0,0.13,14.422,-268037000.0,135993000.0,135993000.0,748504000.0,-953391000.0,0.578,1.302,3940356000.0,362493000.0,3577863000.0,3940356000.0,0.0,447707000.0,0.0,0.0,0.0,-512299000.0,-64592000.0,-0.056,-64592000.0,-512299000.0,-794251000.0,-2.82,-2.82,-2.82,3593766000.0,4016773000.0,3593766000.0,4015783767.0,-8.0,-62.172,-170976000.0,-0.686,1.0,412738000.0,0.355,0.0,281952000.0,11429136000.0,12010101000.0,0.0,0.0,0.0,0.0,4680301000.0,770742000.0,3909559000.0,316461767.0,-189699000.0,10697000.0,0.0,13365000.0,0.0,-29420000.0,-257340000.0,0.0,97061000.0,0.0,-700782000.0,-700782000.0,-700782000.0,0.0,-252609000.0,-0.603,1217017000.0,-804279000.0,108789000.0,0.0,0.088,-0.452,-0.45,7809123000.0,0.0,1.27,0.273,0.273,206235000.0,2940646000.0,1161242000.0,1161242000.0,0.0,-0.078,-0.174,-0.043,-0.441,15750000.0,164510000.0,1.0,249182494.0,249182494.0,,4.66,8395515000.0,40605000.0,-93469000.0,82560000.0,33.692,-325463000.0
5,NEBLQ,MRT,2019-06-30,2019-06-30,2019-06-30,2021-08-25,-55871000.0,9060719000.0,9210761750.0,462094000.0,8598625000.0,0.126,16.201,-271259000.0,153766000.0,153766000.0,731457000.0,-324797000.0,0.629,1.148,3853088000.0,300000000.0,3553088000.0,3853088000.0,0.0,448820000.0,0.0,0.0,0.0,-155931000.0,292889000.0,0.251,292889000.0,-155931000.0,-442617000.0,-1.36,-1.36,-1.36,4036649000.0,4190323000.0,4036649000.0,4129618140.0,-26.0,14.1,-160764000.0,-0.645,1.0,433667000.0,0.372,0.0,286686000.0,12025252000.0,12318299000.0,0.0,0.0,0.0,0.0,4632970000.0,734789000.0,3898181000.0,465920140.0,-256423000.0,11014000.0,0.0,-71426000.0,0.0,-106673000.0,-260245000.0,0.0,110495000.0,0.0,-337502000.0,-337502000.0,-337502000.0,0.0,12705000.0,-0.29,619777000.0,-186110000.0,118040000.0,0.0,0.115,-1.38,-1.375,8459590000.0,0.0,1.87,0.4,0.4,222889000.0,3385517000.0,1165124000.0,1165124000.0,0.0,-0.037,-0.081,-0.013,-0.134,19169000.0,161667000.0,1.0,249155155.0,249155155.0,,4.676,9060719000.0,25682000.0,-105115000.0,96385000.0,36.366,-272695000.0
6,NEBLQ,MRT,2019-03-31,2019-03-31,2019-03-31,2021-08-25,-56014000.0,9116314000.0,9294003750.0,461110000.0,8655204000.0,0.122,16.821,-257756000.0,187093000.0,187093000.0,706945000.0,-1054185000.0,0.774,1.083,3850791000.0,300000000.0,3550791000.0,3850791000.0,0.0,467353000.0,0.0,0.0,0.0,-628537000.0,-161184000.0,-0.143,-161184000.0,-628537000.0,-920377000.0,-3.3,-3.3,-3.3,4183506000.0,4271718750.0,4183506000.0,4215951487.0,-7.0,-26.156,-181593000.0,-0.73,1.0,423612000.0,0.375,0.0,291840000.0,12184380000.0,12433880000.0,0.0,0.0,0.0,0.0,4532506000.0,595632000.0,3936874000.0,713781487.0,-273282000.0,13215000.0,0.0,-72044000.0,0.0,-104904000.0,-244541000.0,0.0,76163000.0,0.0,-813605000.0,-813605000.0,-813605000.0,0.0,-240580000.0,-0.72,1336618000.0,-913006000.0,111044000.0,0.0,0.171,-0.877,-0.87,8506582000.0,0.0,2.87,0.631,0.631,211729000.0,3537477000.0,1130557000.0,1130557000.0,0.0,-0.088,-0.19,-0.051,-0.556,20663000.0,67132000.0,1.0,248704351.0,248704351.0,,4.546,9116314000.0,16294000.0,-106772000.0,107491000.0,36.655,-134522000.0
7,NEBLQ,MRT,2018-12-31,2018-12-31,2018-12-31,2021-08-25,-57072000.0,9264923000.0,9581956000.0,659056000.0,8605867000.0,0.113,17.246,-194779000.0,375232000.0,375232000.0,667021000.0,-1130535000.0,1.803,1.084,3877402000.0,0.0,3877402000.0,3877402000.0,0.0,486530000.0,0.0,0.0,0.0,-694080000.0,-207550000.0,-0.192,-207550000.0,-694080000.0,-991691000.0,-3.59,-3.59,-3.59,4253171000.0,4472835000.0,4253171000.0,4223257325.0,-6.0,-20.348,-22928000.0,-0.093,1.0,415805000.0,0.384,0.0,297611000.0,12401636000.0,12726121250.0,0.0,0.0,0.0,0.0,4610349000.0,365457000.0,4244892000.0,646601325.0,-286922000.0,5402000.0,0.0,-238347000.0,0.0,-269396000.0,-189377000.0,0.0,171851000.0,0.0,-885050000.0,-885050000.0,-885050000.0,0.0,-245485000.0,-0.817,1361879000.0,-946074000.0,125557000.0,0.0,0.152,-0.731,-0.73,8480718000.0,0.0,2.62,0.597,0.597,200722000.0,3608366000.0,1082826000.0,1082826000.0,0.0,-0.092,-0.198,-0.055,-0.641,23993000.0,73216000.0,1.0,246794399.0,246614000.0,246614000.0,4.391,9264923000.0,20498000.0,-106641000.0,121081000.0,37.569,293599000.0
8,NEBLQ,MRT,2018-09-30,2018-09-30,2018-09-30,2021-08-25,-50042000.0,9401091000.0,9964390000.0,660775000.0,8740316000.0,0.111,17.375,-183336000.0,326320000.0,326320000.0,631998000.0,-1112689000.0,2.092,1.098,3902976000.0,0.0,3902976000.0,3902976000.0,0.0,510375000.0,0.0,0.0,0.0,-798641000.0,-288266000.0,-0.261,-288266000.0,-798641000.0,-1094957000.0,-3.56,-3.56,-3.56,4287966000.0,4728582500.0,4287966000.0,5166012548.0,-6.0,-17.921,-22425000.0,-0.091,1.0,470521000.0,0.427,0.0,296316000.0,12661928000.0,13021841250.0,0.0,0.0,0.0,0.0,4709424000.0,315819000.0,4393605000.0,1734887548.0,-281768000.0,5211000.0,0.0,-217804000.0,0.0,-264554000.0,-178125000.0,0.0,160911000.0,0.0,-876663000.0,-876663000.0,-876663000.0,-1486000.0,-236026000.0,-0.795,1505144000.0,-1034623000.0,103285000.0,0.0,0.405,-1.979,-1.975,8543422000.0,0.0,7.03,1.574,1.574,200215000.0,3641447000.0,1102519000.0,1102519000.0,0.0,-0.088,-0.185,-0.061,-0.724,25992000.0,80287000.0,1.0,246783435.0,246783435.0,,4.468,9401091000.0,64486000.0,-218294000.0,246499000.0,38.094,344956000.0
9,NEBLQ,MRT,2018-06-30,2018-06-30,2018-06-30,2021-08-25,-49883000.0,9393687000.0,10338672000.0,697253000.0,8696434000.0,0.105,17.677,-128973000.0,411492000.0,411492000.0,629215000.0,-1133812000.0,2.068,1.059,3842617000.0,0.0,3842617000.0,3842617000.0,0.0,534114000.0,0.0,0.0,0.0,-828794000.0,-294680000.0,-0.271,-294680000.0,-828794000.0,-1124272000.0,-3.63,-3.63,-3.63,4362232000.0,4978331500.0,4362232000.0,4941794046.0,-6.0,-16.77,87311000.0,0.354,1.0,460108000.0,0.422,0.0,295478000.0,12487576000.0,13291152750.0,0.0,0.0,0.0,0.0,4620637000.0,337236000.0,4283401000.0,1562122046.0,-191485000.0,5823000.0,0.0,-217053000.0,0.0,-284619000.0,-123150000.0,0.0,216284000.0,0.0,-891864000.0,-891864000.0,-891864000.0,-1486000.0,-241948000.0,-0.819,1529492000.0,-1069384000.0,93612000.0,0.0,0.358,-1.752,-1.744,8521410000.0,0.0,6.33,1.434,1.434,212229000.0,3721433000.0,1089323000.0,1089323000.0,0.0,-0.086,-0.179,-0.062,-0.761,26663000.0,80896000.0,1.0,246780734.0,246780734.0,,4.414,9393687000.0,12811000.0,-232408000.0,189239000.0,38.065,360017000.0
10,NEBLQ,MRT,2018-03-31,2018-03-31,2018-03-31,2021-08-25,-47437000.0,10268123000.0,10746524500.0,720460000.0,9547663000.0,0.103,20.213,-116414000.0,461678000.0,461678000.0,636656000.0,-353473000.0,2.447,0.924,3841350000.0,0.0,3841350000.0,3841350000.0,0.0,541027000.0,0.0,0.0,0.0,-274376000.0,266651000.0,0.24,266651000.0,-274376000.0,-568933000.0,-1.46,-1.46,-1.46,4987971000.0,5231865750.0,4987971000.0,4298420765.0,-16.0,16.12,213301000.0,0.864,1.0,472440000.0,0.426,0.0,294557000.0,13353345000.0,13623517500.0,0.0,0.0,0.0,0.0,4609338000.0,294450000.0,4314888000.0,915539765.0,-58093000.0,2499000.0,0.0,-216435000.0,0.0,-273893000.0,-113915000.0,0.0,329715000.0,0.0,-357151000.0,-357151000.0,-357151000.0,0.0,3678000.0,-0.322,740503000.0,-268063000.0,94275000.0,0.0,0.184,-2.563,-2.541,9398860000.0,0.0,3.71,0.825,0.825,181804000.0,4351061000.0,1109096000.0,1109096000.0,0.0,-0.033,-0.068,-0.02,-0.247,28100000.0,77837000.0,1.0,246776217.0,246776217.0,,4.494,10268123000.0,21530000.0,-211782000.0,210918000.0,41.609,426010000.0
11,NEBLQ,MRT,2017-12-31,2017-12-31,2017-12-31,2021-08-25,-42888000.0,10794659000.0,10930985250.0,1038975000.0,9755684000.0,0.113,21.558,-120707000.0,662829000.0,662829000.0,661372000.0,-493927000.0,1.752,0.918,4045710000.0,249843000.0,3795867000.0,4045710000.0,0.0,547990000.0,0.0,0.0,0.0,-181893000.0,366097000.0,0.296,366097000.0,-181893000.0,-473882000.0,-2.11,-2.11,-2.11,5276161000.0,5350006500.0,5276161000.0,4543467351.0,-25.0,12.411,295968000.0,1.209,1.0,575543000.0,0.465,0.0,291989000.0,13584516000.0,13779706500.0,0.0,0.0,0.0,0.0,4844031000.0,593024000.0,4251007000.0,1107251351.0,-62893000.0,2382000.0,0.0,-300042000.0,0.0,-361243000.0,-118325000.0,0.0,416675000.0,0.0,-516511000.0,-516511000.0,-516511000.0,0.0,22584000.0,-0.418,741263000.0,-165720000.0,84032000.0,0.0,0.21,-2.144,-2.142,9489240000.0,0.0,4.52,0.895,0.894,204696000.0,4637677000.0,1236915000.0,1236915000.0,0.0,-0.047,-0.097,-0.013,-0.147,29115000.0,71634000.0,1.0,244967113.0,244743000.0,244743000.0,5.054,10794659000.0,105345000.0,42629000.0,199353000.0,44.106,445951000.0
12,NEBLQ,MRT,2017-09-30,2017-09-30,2017-09-30,2021-08-25,-49561000.0,10898219000.0,11092349750.0,941289000.0,9956930000.0,0.119,21.588,-229455000.0,608763000.0,608763000.0,684082000.0,-1764118000.0,1.581,0.933,4044979000.0,249652000.0,3795327000.0,4044979000.0,0.0,565079000.0,0.0,0.0,0.0,-1458087000.0,-893008000.0,-0.678,-893008000.0,-1458087000.0,-1733570000.0,-7.32,-7.32,-7.32,5286962000.0,5470636500.0,5286962000.0,4566945915.0,-3.0,-5.114,251997000.0,1.029,1.0,633404000.0,0.481,0.0,275483000.0,13739174000.0,13988880750.0,0.0,0.0,0.0,0.0,4933362000.0,595261000.0,4338101000.0,1126553915.0,182711000.0,26114000.0,0.0,-59184000.0,0.0,-136635000.0,-162106000.0,0.0,481452000.0,0.0,-1794686000.0,-1794686000.0,-1794686000.0,1486000.0,30568000.0,-1.362,2071993000.0,-1438589000.0,83986000.0,0.0,0.213,-0.628,-0.628,9712267000.0,0.0,4.6,0.855,0.855,202533000.0,4662468000.0,1317486000.0,1317486000.0,0.0,-0.162,-0.328,-0.104,-1.107,29286000.0,64781000.0,1.0,244903025.0,244903025.0,,5.38,10898219000.0,55394000.0,61116000.0,307073000.0,44.5,346028000.0
13,NEBLQ,MRT,2017-06-30,2017-06-30,2017-06-30,2021-08-25,-50354000.0,11025097000.0,11513829500.0,938093000.0,10087004000.0,0.125,21.973,-679670000.0,602977000.0,602977000.0,730550000.0,-1708872000.0,1.447,0.921,4043369000.0,249475000.0,3793894000.0,4043369000.0,0.0,582714000.0,0.0,0.006,0.02,-1418091000.0,-835377000.0,-0.582,-835377000.0,-1418091000.0,-1673256000.0,-7.15,-7.15,-7.15,5376369000.0,5910129750.0,5376369000.0,4407808221.0,-3.0,-5.276,-141868000.0,-0.58,1.0,705877000.0,0.491,0.0,255165000.0,13817035000.0,14455075750.0,0.0,0.0,0.0,0.0,4952680000.0,648454000.0,4304226000.0,885760221.0,-220001000.0,25122000.0,0.0,-59142000.0,-4992000.0,-141633000.0,-616170000.0,0.0,537802000.0,0.0,-1752975000.0,-1752975000.0,-1752975000.0,1486000.0,44103000.0,-1.22,2090070000.0,-1384193000.0,86643000.0,-0.003,0.165,-0.505,-0.506,9838295000.0,0.0,3.62,0.617,0.617,242657000.0,4759260000.0,1436427000.0,1436427000.0,0.0,-0.152,-0.297,-0.098,-0.987,30342000.0,65223000.0,1.0,244685144.0,244685144.0,,5.871,11025097000.0,18169000.0,79719000.0,302264000.0,45.058,289639000.0
14,NEBLQ,MRT,2017-03-31,2017-03-31,2017-03-31,2021-08-25,-51672000.0,11005966000.0,11942416250.0,964484000.0,10041482000.0,0.172,22.317,-701186000.0,519771000.0,519771000.0,821849000.0,-1265780000.0,1.754,0.883,4041819000.0,249299000.0,3792520000.0,4041819000.0,0.0,597066000.0,0.0,0.006,0.04,-942743000.0,-345677000.0,-0.168,-345677000.0,-942743000.0,-1182005000.0,-5.49,-5.49,-5.49,5460534000.0,6340209250.0,5460534000.0,5128939345.0,-5.0,-14.837,410989000.0,1.68,1.0,1231219000.0,0.6,0.0,239262000.0,13978101000.0,14813308000.0,0.0,0.0,0.0,0.0,4824141000.0,549913000.0,4274228000.0,1514550345.0,283573000.0,24808000.0,0.0,-81349000.0,-9988000.0,-190191000.0,-638411000.0,0.0,1112175000.0,0.0,-1336759000.0,-1336759000.0,-1336759000.0,0.0,70979000.0,-0.651,2121413000.0,-890194000.0,83782000.0,-0.007,0.277,-1.133,-1.128,9944398000.0,0.0,6.19,0.738,0.738,285522000.0,4852610000.0,2053068000.0,2053068000.0,0.0,-0.112,-0.211,-0.064,-0.459,31059000.0,65598000.0,1.0,244676954.0,244676954.0,,8.391,11005966000.0,96233000.0,154754000.0,228778000.0,44.982,414571000.0
15,NEBLQ,MRT,2016-12-31,2016-12-31,2016-12-31,2021-08-25,-52140000.0,11440117000.0,12304652750.0,1192614000.0,10247503000.0,0.187,23.686,-711403000.0,725722000.0,725722000.0,923188000.0,-857873000.0,1.883,0.864,4340111000.0,299882000.0,4040229000.0,4340111000.0,0.0,611067000.0,0.0,0.032,0.19,-815821000.0,-204754000.0,-0.089,-204754000.0,-815821000.0,-1038736000.0,-3.82,-3.82,-3.82,5758681000.0,6667895000.0,5758681000.0,5143875556.0,-6.0,-25.122,431337000.0,1.774,1.0,1378877000.0,0.599,0.0,222915000.0,14421213000.0,15232119000.0,0.0,0.0,0.0,0.0,4972672000.0,633293000.0,4339379000.0,1439941556.0,213477000.0,24808000.0,0.0,-81349000.0,-47534000.0,-242668000.0,-686595000.0,0.0,1142740000.0,0.0,-929580000.0,-929580000.0,-929580000.0,0.0,71707000.0,-0.404,2139074000.0,-760197000.0,108224000.0,-0.05,0.25,-1.549,-1.55,10061948000.0,0.0,5.92,0.625,0.625,319152000.0,5154221000.0,2302065000.0,2302065000.0,0.0,-0.076,-0.139,-0.054,-0.354,34720000.0,69258000.0,1.0,243233371.0,243127000.0,243127000.0,9.469,11440117000.0,55480000.0,-109156000.0,48645000.0,47.054,559321000.0
16,NEBLQ,MRT,2016-09-30,2016-09-30,2016-09-30,2021-08-25,-61169000.0,12584138000.0,12661034750.0,883784000.0,11700354000.0,0.217,28.966,-709065000.0,426052000.0,426052000.0,1055263000.0,287769000.0,1.292,0.685,4129986000.0,299762000.0,3830224000.0,4129986000.0,0.0,616299000.0,0.0,0.054,0.34,515570000.0,1131869000.0,0.412,1131869000.0,515570000.0,295937000.0,0.85,0.85,0.85,7044935000.0,6903032000.0,7044935000.0,4848082970.0,9.0,4.283,763985000.0,3.141,1.0,1694330000.0,0.616,0.0,219633000.0,15603954000.0,15614910250.0,0.0,0.0,0.0,0.0,4826155000.0,684118000.0,4142037000.0,1542002970.0,261622000.0,0.0,0.0,-322207000.0,-84625000.0,-489961000.0,-721467000.0,0.0,1473050000.0,0.0,221029000.0,221029000.0,221029000.0,0.0,66740000.0,0.08,1120844000.0,573486000.0,114392000.0,0.4,0.219,6.976,7.459,11591788000.0,0.0,6.34,0.561,0.561,319567000.0,6457071000.0,2749593000.0,2749593000.0,0.0,0.017,0.032,0.033,0.188,36098000.0,69631000.0,1.0,243218134.0,243218134.0,,11.305,12584138000.0,35387000.0,74908000.0,109506000.0,51.74,199666000.0
17,NEBLQ,MRT,2016-06-30,2016-06-30,2016-06-30,2021-08-25,-61870000.0,12739444000.0,12779504750.0,1330576000.0,11408868000.0,0.255,29.179,-346988000.0,822978000.0,822978000.0,1149767000.0,676435000.0,1.673,0.693,4129058000.0,299642000.0,3829416000.0,4129058000.0,0.0,621709000.0,0.0,0.084,0.695,950367000.0,1572076000.0,0.482,1572076000.0,950367000.0,728616000.0,2.4,2.4,2.4,7096687000.0,6859305500.0,7096687000.0,5931466259.0,6.0,3.773,1509264000.0,6.206,1.0,2111344000.0,0.647,0.0,221751000.0,15249964000.0,15833449750.0,0.0,0.0,0.0,0.0,4919663000.0,795560000.0,4124103000.0,2004081259.0,575295000.0,0.0,0.0,-672207000.0,-172407000.0,-919392000.0,-361565000.0,0.0,1856252000.0,0.0,601917000.0,601917000.0,601917000.0,0.0,74518000.0,0.185,1125677000.0,985667000.0,138659000.0,0.29,0.282,3.329,3.433,11276006000.0,0.0,8.24,0.615,0.615,353677000.0,6517161000.0,3261111000.0,3261111000.0,0.0,0.047,0.088,0.06,0.291,37590000.0,69054000.0,1.0,243213745.0,243213745.0,,13.408,12739444000.0,33469000.0,126699000.0,157831000.0,52.38,535016000.0
18,NEBLQ,MRT,2016-03-31,2016-03-31,2016-03-31,2021-08-25,-60638000.0,12454912000.0,12895822750.0,952019000.0,11502893000.0,0.245,27.842,-376949000.0,236198000.0,236198000.0,1228152000.0,508884000.0,1.306,0.733,4163583000.0,299523000.0,3864060000.0,4163583000.0,0.0,629886000.0,0.0,0.101,1.05,769274000.0,1399160000.0,0.443,1399160000.0,769274000.0,547364000.0,1.76,1.76,1.76,6771277000.0,6742812250.0,6771277000.0,6493802579.0,8.0,4.641,1191814000.0,4.9,1.0,1931731000.0,0.611,0.0,221910000.0,15653345000.0,16231378750.0,0.0,0.0,0.0,0.0,4963499000.0,728952000.0,4234547000.0,2517146579.0,153995000.0,0.0,0.0,-673998000.0,-260225000.0,-1014255000.0,-400513000.0,0.0,1568763000.0,0.0,438082000.0,438082000.0,438082000.0,0.0,70802000.0,0.139,1120629000.0,811102000.0,142955000.0,0.597,0.372,5.746,5.881,11387676000.0,0.0,10.35,0.797,0.797,506017000.0,6199112000.0,3159883000.0,3159883000.0,0.0,0.034,0.065,0.047,0.243,38730000.0,72445000.0,1.0,243202568.0,243202568.0,,12.993,12454912000.0,55326000.0,109282000.0,163444000.0,51.212,223067000.0
19,NEBLQ,MRT,2015-12-31,2015-12-31,2015-12-31,2021-08-25,-63175000.0,12865645000.0,13071588000.0,1240618000.0,11625027000.0,0.256,27.666,-417930000.0,512245000.0,512245000.0,1302805000.0,583201000.0,1.437,0.813,4462562000.0,299924000.0,4162638000.0,4462562000.0,0.0,634305000.0,0.0,0.121,1.275,884086000.0,1518391000.0,0.453,1518391000.0,884086000.0,670232000.0,2.06,2.06,2.06,6699229000.0,6687347000.0,6699229000.0,6877094020.0,8.0,4.529,1346977000.0,5.563,1.0,2049447000.0,0.611,0.0,213854000.0,15952378000.0,16656219500.0,0.0,0.0,0.0,0.0,5443415000.0,863584000.0,4579831000.0,2552804020.0,443735000.0,0.0,-100630000.0,-380767000.0,-315534000.0,-888635000.0,-432537000.0,0.0,1764907000.0,0.0,511000000.0,511000000.0,511000000.0,0.0,72201000.0,0.152,1129446000.0,920001000.0,223221000.0,0.619,0.381,4.996,5.121,11483623000.0,0.0,10.55,0.762,0.762,498931000.0,6131501000.0,3352252000.0,3352252000.0,0.0,0.039,0.076,0.053,0.264,39172000.0,76843000.0,1.0,241971945.0,242146000.0,247402000.0,13.844,12865645000.0,55525000.0,159232000.0,180737000.0,53.132,377034000.0
20,NEBLQ,MRT,2015-09-30,2015-09-30,2015-09-30,2021-08-25,-72032000.0,13058018000.0,13176882250.0,935877000.0,12122141000.0,0.25,28.392,-602903000.0,164430000.0,164430000.0,1394173000.0,125695000.0,1.035,0.796,4488720000.0,299993000.0,4188727000.0,4488720000.0,0.0,641080000.0,0.0,0.137,1.5,376220000.0,1017300000.0,0.308,1017300000.0,376220000.0,174339000.0,0.32,0.32,0.32,6870029000.0,6653722250.0,6870029000.0,7230746183.0,19.0,7.108,1039232000.0,4.295,1.0,1905135000.0,0.577,0.0,201881000.0,16478112000.0,17022789500.0,0.0,0.0,0.0,0.0,5465245000.0,904196000.0,4561049000.0,2639888183.0,96076000.0,0.0,-202074000.0,-265125000.0,-374379000.0,-915799000.0,-630260000.0,0.0,1642135000.0,0.0,53672000.0,53672000.0,53672000.0,15030000.0,72023000.0,0.016,1477518000.0,427617000.0,207892000.0,4.688,0.384,49.186,34.094,11918667000.0,0.0,10.91,0.8,0.8,530401000.0,6320833000.0,3299308000.0,3299308000.0,0.0,0.004,0.008,0.022,0.114,39253000.0,91010000.0,1.0,241969586.0,241969586.0,,13.635,13058018000.0,66852000.0,120667000.0,200661000.0,53.966,31681000.0
21,NEBLQ,MRT,2015-06-30,2015-06-30,2015-06-30,2021-08-25,-69173000.0,13204716000.0,13399927000.0,1010304000.0,12194412000.0,0.241,27.404,-1026764000.0,247683000.0,247683000.0,1482638000.0,-71090000.0,1.059,0.883,4838541000.0,350000000.0,4488541000.0,4838541000.0,0.0,676509000.0,0.0,0.097,1.5,159645000.0,836154000.0,0.259,836154000.0,159645000.0,-25300000.0,-0.51,-0.51,-0.51,6630714000.0,6780795750.0,6630714000.0,8503970263.0,53.0,10.17,487499000.0,2.015,1.0,1748795000.0,0.541,0.0,184945000.0,16841680000.0,17393990000.0,0.0,0.0,0.0,0.0,5857318000.0,953894000.0,4903424000.0,3723812263.0,107146000.0,0.0,-254775000.0,534664000.0,-378508000.0,-317375000.0,-1089742000.0,0.0,1514263000.0,0.0,-144960000.0,-144960000.0,-144960000.0,35244000.0,73870000.0,-0.045,1487518000.0,261277000.0,220475000.0,-2.941,0.562,-25.689,-30.176,11970445000.0,0.0,15.39,1.152,1.152,540423000.0,6087800000.0,3231433000.0,3231433000.0,0.0,-0.011,-0.021,0.009,0.049,41019000.0,100416000.0,1.0,241963110.0,241963110.0,,13.355,13204716000.0,60564000.0,119660000.0,214188000.0,54.573,56410000.0
22,NEBLQ,MRT,2015-03-31,2015-03-31,2015-03-31,2021-08-25,-74781000.0,13157973000.0,14346223000.0,862363000.0,12295610000.0,0.226,27.069,-1644909000.0,82203000.0,82203000.0,1534413000.0,8524000.0,1.473,0.899,4862361000.0,0.0,4862361000.0,4862361000.0,0.0,771780000.0,0.0,0.105,1.5,208919000.0,980699000.0,0.303,980699000.0,208919000.0,45088000.0,-0.24,-0.24,-0.24,6549416000.0,7317487000.0,6549416000.0,8255615519.0,40.0,8.418,-3915000.0,-0.016,1.0,1707246000.0,0.527,0.0,163831000.0,17352708000.0,18674193750.0,0.0,0.0,0.0,0.0,5885575000.0,585423000.0,5300152000.0,3455105519.0,-32532000.0,0.0,-254775000.0,843732000.0,-382594000.0,-6729000.0,-1666797000.0,0.0,1640994000.0,0.0,-69432000.0,-69432000.0,-69432000.0,-58990000.0,77956000.0,-0.021,1485913000.0,221333000.0,246539000.0,-6.25,0.528,-49.762,-59.5,12046683000.0,0.0,14.28,1.066,1.066,594720000.0,6021583000.0,3241659000.0,3241659000.0,0.0,-0.005,-0.009,0.011,0.064,44767000.0,105072000.0,1.0,241954168.0,241954168.0,,13.398,13157973000.0,59743000.0,114520000.0,237704000.0,54.382,276940000.0
23,NEBLQ,MRT,2014-12-31,2014-12-31,2014-12-31,2021-08-25,-69418000.0,13286822000.0,15167854000.0,928562000.0,12358260000.0,0.213,25.957,-2072885000.0,68510000.0,68510000.0,1566890000.0,83316000.0,1.389,0.914,4869020000.0,0.0,4869020000.0,4869020000.0,0.0,863547000.0,0.0,0.091,1.5,270321000.0,1133868000.0,0.351,1133868000.0,270321000.0,115142000.0,0.03,0.03,0.03,6564730000.0,7819644500.0,6564730000.0,8848656492.0,33.0,7.804,-294677000.0,-1.165,1.0,1665614000.0,0.515,0.0,155179000.0,17418658000.0,19627024000.0,0.0,0.0,0.0,0.0,5999788000.0,668674000.0,5331114000.0,4179929492.0,-45948000.0,0.0,-154145000.0,1022903000.0,-386579000.0,285112000.0,-2109268000.0,0.0,1778208000.0,0.0,8491000.0,8491000.0,8491000.0,-160502000.0,74825000.0,0.003,1479672000.0,185942000.0,265389000.0,50.0,0.637,492.278,552.333,12112509000.0,0.0,16.57,1.293,1.296,569096000.0,5936035000.0,3232504000.0,3232504000.0,0.0,0.001,0.001,0.014,0.084,46389000.0,106771000.0,1.0,252258871.0,252909000.0,252909000.0,12.781,13286822000.0,107490000.0,106651000.0,214819000.0,52.536,259888000.0
24,NEBLQ,MRT,2014-09-30,2014-09-30,2014-09-30,2021-08-25,-45768000.0,13950197000.0,15900637750.0,1031045000.0,12919152000.0,0.198,29.019,-2510288000.0,68354000.0,68354000.0,1508631000.0,867258000.0,1.572,0.793,4737081000.0,0.0,4737081000.0,4737081000.0,0.0,933346000.0,0.0,0.062,1.375,1066200000.0,1999546000.0,0.634,1999546000.0,1066200000.0,920521000.0,3.07,3.07,3.07,7378323000.0,8259107750.0,7378323000.0,11523080532.0,11.0,5.763,-581327000.0,-2.286,1.0,1644222000.0,0.522,0.0,145679000.0,17962914000.0,20424318250.0,0.0,0.0,0.0,0.0,5848478000.0,656010000.0,5192468000.0,5649671532.0,-110016000.0,0.0,-52796000.0,1155539000.0,-354769000.0,515418000.0,-2554395000.0,0.0,1928961000.0,0.0,792120000.0,792120000.0,792120000.0,-74020000.0,75138000.0,0.251,710537000.0,933685000.0,267811000.0,0.448,0.766,7.132,7.238,12633666000.0,0.0,22.22,1.792,1.792,610134000.0,6634194000.0,3152853000.0,3152853000.0,0.0,0.05,0.096,0.052,0.338,47581000.0,109120000.0,1.0,254260645.0,254260645.0,,12.4,13950197000.0,126295000.0,128401000.0,280942000.0,54.866,375035000.0
25,NEBLQ,MRT,2014-06-30,2014-06-30,2014-06-30,2021-08-25,-71264000.0,16989900000.0,16345421250.0,1412076000.0,15577824000.0,0.181,34.525,-2398613000.0,140537000.0,140537000.0,1409641000.0,1020071000.0,1.568,0.853,6013946000.0,0.0,6013946000.0,6013946000.0,0.0,960976000.0,0.0,0.037,1.25,1199450000.0,2160426000.0,0.729,2160426000.0,1199450000.0,1068373000.0,3.68,3.68,3.68,8777479000.0,8441666750.0,8777479000.0,14146098795.0,12.0,6.548,-310538000.0,-1.221,1.0,1554929000.0,0.525,0.0,131077000.0,21962495000.0,20902143000.0,0.0,0.0,0.0,0.0,7487067000.0,900814000.0,6586253000.0,8532051795.0,-25670000.0,0.0,-576000.0,737152000.0,-321981000.0,316221000.0,-2429966000.0,0.0,2088075000.0,0.0,946902000.0,946902000.0,946902000.0,-94234000.0,73169000.0,0.319,625629000.0,929300000.0,365961000.0,0.34,0.972,9.01,9.12,15273529000.0,0.0,33.56,2.878,2.878,889942000.0,8017321000.0,2964570000.0,2964570000.0,0.0,0.058,0.112,0.057,0.405,49802000.0,118294000.0,1.0,254232771.0,254232771.0,,11.661,16989900000.0,148345000.0,121471000.0,361158000.0,66.828,511262000.0
26,NEBLQ,MRT,2014-03-31,2014-03-31,2014-03-31,2021-08-25,-74446000.0,16444497000.0,15964467750.0,1371536000.0,15072961000.0,0.199,33.675,-2571813000.0,114735000.0,114735000.0,1541028000.0,955935000.0,1.533,0.837,5728782000.0,0.0,5728782000.0,5728782000.0,0.0,919171000.0,0.0,0.031,1.005,1132384000.0,2051555000.0,0.646,2051555000.0,1132384000.0,1012993000.0,3.46,3.46,3.46,8558046000.0,8199163500.0,8558046000.0,13762298392.0,12.0,6.708,-566252000.0,-2.228,1.0,1637146000.0,0.515,0.0,119391000.0,21164029000.0,20283917500.0,0.0,0.0,0.0,0.0,7161785000.0,894515000.0,6267270000.0,8320505392.0,-99793000.0,0.0,-916000.0,884055000.0,-258418000.0,502239000.0,-2607593000.0,0.0,2005561000.0,0.0,888963000.0,888963000.0,888963000.0,0.0,66972000.0,0.28,689191000.0,947955000.0,323593000.0,0.29,0.972,9.36,9.462,14825569000.0,0.0,32.74,2.618,2.618,877127000.0,7815082000.0,3178174000.0,3178174000.0,0.0,0.056,0.108,0.056,0.356,46487000.0,118064000.0,1.0,254138833.0,254138833.0,,12.506,16444497000.0,135733000.0,124030000.0,394777000.0,64.707,477021000.0
27,NEBLQ,MRT,2013-12-31,2013-12-31,2013-12-31,2021-08-25,-82164000.0,16217957000.0,15575833000.0,1390935000.0,14827022000.0,0.163,32.858,-2426520000.0,114458000.0,114458000.0,1230775000.0,850406000.0,1.322,0.861,5556251000.0,0.0,5556251000.0,5556251000.0,0.0,879422000.0,0.0,0.02,0.76,981114000.0,1860536000.0,0.733,1860536000.0,981114000.0,874814000.0,3.05,3.05,3.05,8322583000.0,8029629000.0,8322583000.0,14624639906.0,15.0,7.86,-724203000.0,-2.859,1.0,1307368000.0,0.515,0.0,106300000.0,20607835000.0,19669769750.0,0.0,0.0,0.0,0.0,7167929000.0,1051915000.0,6116014000.0,9495171906.0,-167634000.0,0.0,-7653000.0,921333000.0,-194913000.0,615156000.0,-2485107000.0,0.0,1702317000.0,0.0,782697000.0,782697000.0,782697000.0,0.0,67709000.0,0.308,566831000.0,740537000.0,347214000.0,0.249,1.141,12.131,12.285,14558090000.0,0.0,37.47,3.741,3.739,949069000.0,7591927000.0,2538143000.0,2538143000.0,0.0,0.05,0.097,0.05,0.387,43620000.0,117997000.0,1.0,253407310.0,253288000.0,253547000.0,10.021,16217957000.0,140269000.0,92117000.0,350574000.0,64.03,339020000.0
28,NEBLQ,MRT,2013-09-30,2013-09-30,2013-09-30,2021-08-25,-110583000.0,15729331000.0,15173287250.0,1375003000.0,14354328000.0,0.148,32.003,-2086399000.0,178370000.0,178370000.0,972027000.0,795937000.0,1.397,0.848,5307838000.0,0.0,5307838000.0,5307838000.0,0.0,851298000.0,0.0,0.017,0.64,947413000.0,1798711000.0,0.8,1798711000.0,947413000.0,843318000.0,2.88,2.88,2.88,8108559000.0,7879774750.0,8108559000.0,14679839371.0,15.0,8.161,-474556000.0,-1.873,1.0,1276900000.0,0.568,0.0,104095000.0,19874213000.0,19029963000.0,0.0,0.0,0.0,0.0,6872515000.0,984586000.0,5887929000.0,9569742371.0,-40097000.0,0.0,-21494000.0,667863000.0,-163988000.0,427438000.0,-2079378000.0,0.0,1611843000.0,0.0,736214000.0,736214000.0,736214000.0,0.0,59723000.0,0.327,495499000.0,781401000.0,318013000.0,0.222,1.18,12.999,13.115,14072457000.0,0.0,37.77,4.255,4.255,865746000.0,7417890000.0,2248927000.0,2248927000.0,0.0,0.049,0.093,0.05,0.421,40619000.0,110797000.0,1.0,253368874.0,253368874.0,,8.876,15729331000.0,143635000.0,107104000.0,321966000.0,62.081,390417000.0
29,NEBLQ,MRT,2013-06-30,2013-06-30,2013-06-30,2021-08-25,-116429000.0,15466086000.0,14856056000.0,1344226000.0,14121860000.0,0.168,30.826,-2248982000.0,166207000.0,166207000.0,1154865000.0,625158000.0,1.237,0.885,5276304000.0,0.0,5276304000.0,5276304000.0,0.0,822674000.0,0.0,0.014,0.52,774026000.0,1596700000.0,0.641,1596700000.0,774026000.0,667445000.0,2.23,2.23,2.23,7807466000.0,7760400000.0,7807466000.0,14147699102.0,18.0,8.861,-757170000.0,-2.99,1.0,1337581000.0,0.537,0.0,106581000.0,19489593000.0,18571199500.0,0.0,0.0,0.0,0.0,6905786000.0,1086590000.0,5819196000.0,9518034102.0,-109086000.0,0.0,-17293000.0,831461000.0,-133068000.0,649074000.0,-2249972000.0,0.0,1491812000.0,0.0,569031000.0,569031000.0,569031000.0,0.0,56127000.0,0.228,616504000.0,721077000.0,344468000.0,0.233,1.219,16.727,16.852,13844336000.0,0.0,37.58,3.819,3.819,834576000.0,7135980000.0,2492446000.0,2492446000.0,0.0,0.038,0.073,0.042,0.311,38425000.0,103879000.0,1.0,253273925.0,253273925.0,,9.841,15466086000.0,148281000.0,98414000.0,341747000.0,61.065,257636000.0
30,NEBLQ,MRT,2013-03-31,2013-03-31,2013-03-31,2021-08-25,-112352000.0,14889958000.0,14498538500.0,1428565000.0,13461393000.0,0.164,31.118,-1676918000.0,214528000.0,214528000.0,1095163000.0,610507000.0,1.759,0.79,4844193000.0,0.0,4844193000.0,4844193000.0,0.0,793700000.0,0.0,0.01,0.39,762743000.0,1556443000.0,0.656,1556443000.0,762743000.0,660175000.0,2.17,2.17,2.17,7879908000.0,7683118000.0,7879908000.0,14012842234.0,18.0,9.003,-193299000.0,-0.763,1.0,1278821000.0,0.539,0.0,102568000.0,18707438000.0,18048277250.0,0.0,0.0,0.0,0.0,6227273000.0,812185000.0,5415088000.0,9660559234.0,5688000.0,0.0,-13281000.0,399488000.0,-135258000.0,258983000.0,-1736914000.0,0.0,1483619000.0,0.0,552229000.0,552229000.0,552229000.0,0.0,58278000.0,0.233,567109000.0,711712000.0,319674000.0,0.18,1.226,17.494,17.581,13184865000.0,0.0,38.15,4.069,4.069,887759000.0,7215777000.0,2373984000.0,2373984000.0,0.0,0.038,0.072,0.042,0.321,37332000.0,102433000.0,1.0,253225668.0,253225668.0,,9.375,14889958000.0,115720000.0,107946000.0,371057000.0,58.801,616380000.0
31,NEBLQ,MRT,2012-12-31,2012-12-31,2012-12-31,2021-08-25,-115449000.0,14607774000.0,14249849250.0,1305325000.0,13302449000.0,0.154,30.595,-1669811000.0,282092000.0,282092000.0,1047710000.0,556137000.0,1.432,0.792,4634375000.0,0.0,4634375000.0,4634375000.0,0.0,758621000.0,0.0,0.007,0.26,703290000.0,1461911000.0,0.664,1461911000.0,703290000.0,617527000.0,2.05,2.05,2.05,7723166000.0,7587858000.0,7723166000.0,13220684691.0,19.0,9.043,-288118000.0,-1.141,1.0,1152989000.0,0.524,0.0,85763000.0,18048608000.0,17733759000.0,0.0,0.0,0.0,0.0,6119484000.0,911449000.0,5208035000.0,8799722691.0,42896000.0,0.0,-10516000.0,551444000.0,-138293000.0,452091000.0,-1790888000.0,0.0,1381693000.0,0.0,522344000.0,522344000.0,522344000.0,0.0,33793000.0,0.237,527425000.0,625564000.0,350147000.0,0.127,1.139,16.847,16.985,13025972000.0,0.0,34.82,3.999,3.994,743673000.0,7066023000.0,2200699000.0,2200699000.0,0.0,0.037,0.069,0.04,0.32,35930000.0,99990000.0,1.0,252720353.0,252435000.0,252791000.0,8.718,14607774000.0,112423000.0,95183000.0,361302000.0,57.867,393876000.0
32,NEBLQ,MRT,2012-09-30,2012-09-30,2012-09-30,2021-08-25,-72077000.0,14460406000.0,13971695500.0,1304492000.0,13155914000.0,0.238,30.21,-1895802000.0,218467000.0,218467000.0,1803089000.0,541138000.0,1.549,0.796,4639429000.0,0.0,4639429000.0,4639429000.0,0.0,720965000.0,0.0,0.004,0.13,712131000.0,1433096000.0,0.43,1433096000.0,712131000.0,645021000.0,2.05,2.05,2.05,7631060000.0,7508696750.0,7631060000.0,13207172370.0,19.0,9.216,-683088000.0,-2.704,1.0,1528601000.0,0.459,0.0,67110000.0,18039159000.0,17346793750.0,0.0,0.0,0.0,0.0,6071084000.0,842209000.0,5228875000.0,9038171370.0,21452000.0,0.0,4304000.0,816636000.0,-141171000.0,769755000.0,-1961017000.0,0.0,1212714000.0,0.0,521770000.0,521770000.0,521770000.0,0.0,19368000.0,0.157,799937000.0,728664000.0,298363000.0,0.063,1.184,17.322,17.454,12812144000.0,0.0,35.78,2.713,2.713,791408000.0,6938434000.0,3331690000.0,3331690000.0,0.0,0.037,0.069,0.041,0.214,33829000.0,93882000.0,1.0,252604007.0,252604007.0,,13.189,14460406000.0,118540000.0,123251000.0,366402000.0,57.245,462283000.0
33,NEBLQ,MRT,2012-06-30,2012-06-30,2012-06-30,2021-08-25,-75461000.0,14036016000.0,13594477250.0,1287730000.0,12748286000.0,0.234,29.71,-1870160000.0,275293000.0,275293000.0,1700497000.0,547013000.0,1.595,0.773,4444294000.0,0.0,4444294000.0,4444294000.0,0.0,692091000.0,0.0,0.0,0.0,711021000.0,1403112000.0,0.44,1403112000.0,711021000.0,658016000.0,2.13,2.13,2.13,7498338000.0,7432875500.0,7498338000.0,12445477136.0,18.0,8.87,-826742000.0,-3.276,1.0,1485063000.0,0.466,0.0,53005000.0,17397904000.0,16816137500.0,0.0,0.0,0.0,0.0,5795849000.0,807113000.0,4988736000.0,8210156136.0,44416000.0,0.0,1411000.0,911636000.0,-222429000.0,897745000.0,-1896747000.0,0.0,1043418000.0,0.0,542313000.0,542313000.0,542313000.0,0.0,4700000.0,0.17,771741000.0,713322000.0,277647000.0,0.0,1.095,15.139,15.272,12422636000.0,0.0,32.53,2.577,2.577,693533000.0,6823758000.0,3185560000.0,3185560000.0,0.0,0.04,0.073,0.042,0.223,33356000.0,94560000.0,1.0,252387216.0,252387216.0,,12.622,14036016000.0,97900000.0,115703000.0,327307000.0,55.613,480617000.0
34,NEBLQ,MRT,2012-03-31,2012-03-31,2012-03-31,2021-08-25,-70560000.0,13895201000.0,13195032750.0,1254673000.0,12640528000.0,0.221,29.737,-2371794000.0,208840000.0,208840000.0,1604379000.0,422512000.0,1.842,0.756,4444161000.0,0.0,4444161000.0,4444161000.0,0.0,671595000.0,0.0,0.0,0.0,562615000.0,1234210000.0,0.423,1234210000.0,562615000.0,515433000.0,1.71,1.71,1.71,7498868000.0,7363719000.0,7498868000.0,13281610087.0,24.0,10.761,-1617702000.0,-6.415,1.0,1310255000.0,0.45,0.0,47182000.0,17449365000.0,16242305250.0,0.0,0.0,0.0,0.0,5671834000.0,681157000.0,4990677000.0,9448842087.0,-299841000.0,0.0,-918000.0,1336636000.0,-186902000.0,1363736000.0,-2417669000.0,0.0,754092000.0,0.0,436578000.0,436578000.0,436578000.0,0.0,-14066000.0,0.15,762383000.0,547872000.0,335276000.0,0.0,1.26,21.643,21.912,12089312000.0,0.0,37.47,3.242,3.242,738835000.0,6796619000.0,2914634000.0,2914634000.0,0.0,0.033,0.059,0.035,0.193,32386000.0,90788000.0,1.0,252170859.0,252170859.0,,11.558,13895201000.0,95308000.0,78855000.0,337520000.0,55.102,573516000.0
35,NEBLQ,MRT,2011-12-31,2011-12-31,2011-12-31,2021-08-25,-74321000.0,13495159000.0,12703703750.0,1059612000.0,12435547000.0,0.212,29.461,-2621235000.0,239196000.0,239196000.0,1476524000.0,363625000.0,1.281,0.729,4071964000.0,0.0,4071964000.0,4071964000.0,0.0,658640000.0,0.0,0.0,0.0,499250000.0,1157890000.0,0.43,1157890000.0,499250000.0,443523000.0,1.46,1.46,1.46,7406521000.0,7286745750.0,7406521000.0,11243511646.0,23.0,9.71,-1880995000.0,-7.482,1.0,1219308000.0,0.452,0.0,55727000.0,16500747000.0,15375679500.0,0.0,0.0,0.0,0.0,5397307000.0,827180000.0,4570127000.0,7628660646.0,-98675000.0,0.0,-309000.0,1329339000.0,-150532000.0,1682631000.0,-2521546000.0,0.0,740240000.0,0.0,370898000.0,370898000.0,370898000.0,0.0,-7273000.0,0.138,728815000.0,490493000.0,436006000.0,0.0,1.03,20.568,20.699,12130345000.0,0.0,30.22,2.83,2.818,587163000.0,6676444000.0,2695832000.0,2695832000.0,0.0,0.029,0.051,0.032,0.185,31904000.0,91377000.0,1.0,252437480.0,251405000.0,251989000.0,10.723,13495159000.0,75284000.0,72625000.0,337711000.0,53.679,232432000.0
36,NEBLQ,MRT,2011-09-30,2011-09-30,2011-09-30,2021-08-25,-56212000.0,12951533000.0,12155510750.0,1001444000.0,11950089000.0,0.213,29.033,-2492489000.0,197015000.0,197015000.0,1429132000.0,342479000.0,1.541,0.68,3811866000.0,0.0,3811866000.0,3811866000.0,0.0,641917000.0,0.0,0.0,0.0,451148000.0,1093065000.0,0.422,1093065000.0,451148000.0,401410000.0,1.36,1.35,1.36,7327775000.0,7225866250.0,7327775000.0,10698567471.0,24.0,9.788,-1682254000.0,-6.665,1.0,1159440000.0,0.448,0.0,49738000.0,15916534000.0,14482934250.0,0.0,0.0,0.0,0.0,4979864000.0,649850000.0,4330014000.0,7407674471.0,-170227000.0,0.0,777000.0,1109339000.0,-341778000.0,1407195000.0,-2387657000.0,0.0,810235000.0,0.0,342653000.0,342653000.0,342653000.0,0.0,-174000.0,0.132,714334000.0,445106000.0,320053000.0,0.0,1.011,21.619,21.581,11421032000.0,0.0,29.35,2.862,2.862,601161000.0,6549441000.0,2588572000.0,2588572000.0,0.0,0.028,0.047,0.031,0.174,34881000.0,93619000.0,1.0,252390953.0,252390953.0,,10.256,12951533000.0,57335000.0,58757000.0,389325000.0,51.315,351594000.0
37,NEBLQ,MRT,2011-06-30,2011-06-30,2011-06-30,2021-08-25,-42316000.0,12438238000.0,11669233500.0,977496000.0,11460742000.0,0.211,28.639,-2290824000.0,230877000.0,230877000.0,1384058000.0,293411000.0,1.56,0.639,3521770000.0,0.0,3521770000.0,3521770000.0,0.0,618986000.0,0.0,0.017,0.665,397138000.0,1016124000.0,0.413,1016124000.0,397138000.0,354786000.0,1.17,1.16,1.17,7221712000.0,7162921250.0,7221712000.0,12596845267.0,32.0,12.397,-1435578000.0,-5.693,1.0,1079230000.0,0.438,0.0,42352000.0,15102575000.0,13697073500.0,0.0,0.0,0.0,0.0,4617870000.0,626556000.0,3991314000.0,9937880267.0,-852235000.0,-1629644000.0,-125388000.0,2057413000.0,-227325000.0,2088812000.0,-3796293000.0,0.0,855246000.0,0.0,293356000.0,293356000.0,293356000.0,0.0,55000.0,0.119,689349000.0,389881000.0,303902000.0,0.568,1.376,33.877,33.684,11062570000.0,0.0,39.41,4.034,4.034,510019000.0,6739078000.0,2463288000.0,2463288000.0,0.0,0.025,0.041,0.029,0.161,35033000.0,91565000.0,1.0,252166462.0,252166462.0,,9.768,12438238000.0,80815000.0,61430000.0,326833000.0,49.326,350940000.0
38,NEBLQ,MRT,2011-03-31,2011-03-31,2011-03-31,2021-08-25,-46731000.0,11929885000.0,10785549500.0,1124990000.0,10804895000.0,0.236,28.498,-1699886000.0,508681000.0,508681000.0,1311197000.0,457162000.0,1.856,0.591,3167646000.0,0.0,3167646000.0,3167646000.0,0.0,582094000.0,0.0,0.016,0.715,588271000.0,1170365000.0,0.46,1170365000.0,588271000.0,560238000.0,1.81,1.8,1.81,7190975000.0,7174586250.0,7190975000.0,13940436701.0,24.0,11.911,-480144000.0,-1.903,1.0,1234016000.0,0.485,0.0,28033000.0,13982862000.0,11955077500.0,0.0,0.0,0.0,0.0,4253319000.0,605988000.0,3647331000.0,11511610701.0,-339029000.0,-1629644000.0,-125487000.0,1632413000.0,-215390000.0,1649563000.0,-3208334000.0,0.0,1219742000.0,0.0,457198000.0,457198000.0,457198000.0,0.0,-36000.0,0.18,654633000.0,579383000.0,395131000.0,0.395,1.601,25.179,25.204,10439729000.0,0.0,45.62,4.523,4.523,445875000.0,6684995000.0,2545213000.0,2545213000.0,0.0,0.042,0.064,0.049,0.231,35101000.0,93741000.0,1.0,252336929.0,252336929.0,,10.087,11929885000.0,0.0,103040000.0,261641000.0,47.278,519002000.0
39,NEBLQ,MRT,2010-12-31,2010-12-31,2010-12-31,2021-08-25,-50220000.0,11302387000.0,9986603750.0,911794000.0,10390593000.0,0.281,28.299,-1406010000.0,337871000.0,337871000.0,1259270000.0,773432000.0,1.138,0.56,2766697000.0,80213000.0,2686484000.0,2766697000.0,0.0,539829000.0,0.0,0.02,0.715,925963000.0,1465792000.0,0.522,1465792000.0,925963000.0,916506000.0,3.03,3.02,3.03,7163003000.0,7140476750.0,7163003000.0,11380170860.0,12.0,7.764,230892000.0,0.912,1.0,1547906000.0,0.551,0.0,9457000.0,12929766000.0,10498150000.0,0.0,0.0,0.0,0.0,4014753000.0,801447000.0,3213306000.0,9024061860.0,-397622000.0,-1629644000.0,-217618000.0,1278074000.0,-227325000.0,861945000.0,-2896469000.0,0.0,1636902000.0,0.0,773429000.0,773429000.0,773429000.0,0.0,3000.0,0.276,631826000.0,916080000.0,374814000.0,0.236,1.26,11.668,11.805,10048087000.0,0.0,35.77,3.215,3.225,387414000.0,6630500000.0,2807176000.0,2807176000.0,0.0,0.077,0.108,0.088,0.33,34930000.0,91997000.0,1.0,252280175.0,253123000.0,253936000.0,11.09,11302387000.0,81066000.0,143077000.0,355270000.0,44.652,110347000.0
40,NEBLQ,MRT,2010-09-30,2010-09-30,2010-09-30,2021-08-25,-60994000.0,11006424000.0,9260231000.0,988057000.0,10018367000.0,0.335,27.654,-1517959000.0,367242000.0,367242000.0,1208793000.0,1121553000.0,1.676,0.538,2723351000.0,52650000.0,2670701000.0,2723351000.0,0.0,498033000.0,0.0,0.021,0.715,1314857000.0,1812890000.0,0.584,1812890000.0,1314857000.0,1309314000.0,4.35,4.34,4.35,7075995000.0,7046834000.0,7075995000.0,8313818952.0,6.0,4.586,389241000.0,1.521,1.0,1894724000.0,0.611,0.0,5543000.0,12773091000.0,9260309000.0,0.0,0.0,0.0,0.0,3805334000.0,589442000.0,3215892000.0,8645902952.0,-388851000.0,-1629644000.0,-291023000.0,1238074000.0,-12846000.0,773295000.0,-3069346000.0,0.0,1907200000.0,0.0,1121086000.0,1121086000.0,1121086000.0,0.0,467000.0,0.361,588441000.0,1306283000.0,277944000.0,0.164,1.222,7.712,7.768,9679534000.0,0.0,33.79,2.786,2.786,487029000.0,6531742000.0,3103517000.0,3103517000.0,0.0,0.121,0.159,0.142,0.424,36358000.0,90622000.0,1.0,255871647.0,255871647.0,,12.129,11006424000.0,0.0,188228000.0,306396000.0,43.015,398615000.0
41,NEBLQ,MRT,2010-06-30,2010-06-30,2010-06-30,2021-08-25,-63003000.0,8903502000.0,8530968750.0,1686496000.0,7217006000.0,0.398,28.41,-1495089000.0,1083112000.0,1083112000.0,1147497000.0,1461149000.0,3.861,0.225,751028000.0,0.0,751028000.0,751028000.0,0.0,457996000.0,0.0,0.005,0.144,1711424000.0,2169420000.0,0.639,2169420000.0,1711424000.0,1709646000.0,5.64,5.63,5.64,7268372000.0,6882070250.0,7268372000.0,7811299437.0,5.0,3.601,657612000.0,2.57,1.0,2249037000.0,0.662,0.0,1778000.0,8134591000.0,7963662750.0,0.0,0.0,0.0,0.0,1635130000.0,436827000.0,1198303000.0,7908022437.0,411692000.0,0.0,-229620000.0,0.0,-37469000.0,-290395000.0,-1450614000.0,0.0,2152701000.0,0.0,1461149000.0,1461149000.0,1461149000.0,0.0,0.0,0.43,546698000.0,1702339000.0,199850000.0,0.026,1.088,5.412,5.48,6935973000.0,0.0,30.91,2.328,2.328,471348000.0,6445722000.0,3396534000.0,3396534000.0,0.0,0.171,0.212,0.215,0.504,36986000.0,86840000.0,1.0,255840260.0,255840260.0,,13.276,8903502000.0,0.0,248497000.0,344946000.0,34.801,1249669000.0
42,NEBLQ,MRT,2010-03-31,2010-03-31,2010-03-31,2021-08-25,-60647000.0,8734102000.0,8225623750.0,1591940000.0,7142162000.0,0.436,27.409,-1526865000.0,847710000.0,847710000.0,1131373000.0,1635073000.0,3.301,0.238,750987000.0,0.0,750987000.0,750987000.0,0.0,431186000.0,0.0,0.002,0.094,1929001000.0,2360187000.0,0.658,2360187000.0,1929001000.0,1927372000.0,6.29,6.27,6.29,7054537000.0,6580551000.0,7054537000.0,10778914644.0,6.0,4.567,565951000.0,2.199,1.0,2454111000.0,0.684,0.0,1629000.0,8155152000.0,7764696000.0,0.0,0.0,0.0,0.0,1679565000.0,482227000.0,1197338000.0,10763461644.0,333967000.0,0.0,-228077000.0,0.0,-49404000.0,-277481000.0,-1481368000.0,0.0,2092816000.0,0.0,1635073000.0,1635073000.0,1635073000.0,0.0,0.0,0.456,534507000.0,1919604000.0,249847000.0,0.015,1.526,6.583,6.649,6864922000.0,0.0,41.82,3.002,3.002,622213000.0,6227512000.0,3585484000.0,3585484000.0,0.0,0.199,0.248,0.248,0.538,37695000.0,84516000.0,1.0,257375936.0,257375936.0,,13.931,8734102000.0,0.0,292299000.0,379800000.0,33.935,1109713000.0
43,NEBLQ,MRT,2009-12-31,2009-12-31,2009-12-31,2021-08-25,-54881000.0,8396896000.0,7867924000.0,1483190000.0,6913706000.0,0.463,26.308,-1431498000.0,735493000.0,735493000.0,1110626000.0,1678642000.0,3.418,0.237,750946000.0,0.0,750946000.0,750946000.0,0.0,408313000.0,0.0,0.003,0.134,2017587000.0,2425900000.0,0.666,2425900000.0,2017587000.0,2015902000.0,6.44,6.42,6.44,6788432000.0,6230055250.0,6788432000.0,10655646987.0,5.0,4.392,705218000.0,2.733,1.0,2530158000.0,0.695,0.0,1685000.0,7978402000.0,7489956750.0,0.0,0.0,0.0,0.0,1608464000.0,433947000.0,1174517000.0,10660833987.0,222182000.0,0.0,-198836000.0,-172700000.0,-47939000.0,-419475000.0,-1495059000.0,0.0,2136716000.0,0.0,1678642000.0,1678642000.0,1678642000.0,0.0,0.0,0.461,519414000.0,2010744000.0,197800000.0,0.021,1.57,6.351,6.32,6634452000.0,0.0,40.7,2.928,2.885,647454000.0,5855737000.0,3640784000.0,3640784000.0,0.0,0.213,0.269,0.269,0.554,37995000.0,80262000.0,1.0,261936953.0,258035000.0,258891000.0,14.11,8396896000.0,0.0,337260000.0,368991000.0,32.542,1049243000.0
44,NEBLQ,MRT,2009-09-30,2009-09-30,2009-09-30,2021-08-25,-53771000.0,8089375000.0,7545399750.0,1603515000.0,6485860000.0,0.479,24.535,-1115814000.0,756093000.0,756093000.0,1095317000.0,1650794000.0,3.222,0.261,750906000.0,0.0,750906000.0,750906000.0,0.0,388898000.0,0.0,0.005,0.174,2024856000.0,2413754000.0,0.668,2413754000.0,2024856000.0,2021639000.0,6.3,6.28,6.3,6416940000.0,5855626000.0,6416940000.0,10007556253.0,5.0,4.146,955926000.0,3.655,1.0,2515495000.0,0.697,0.0,3217000.0,7586506000.0,7204851750.0,0.0,0.0,0.0,0.0,1672435000.0,497682000.0,1174753000.0,9928110253.0,542440000.0,0.0,-157442000.0,23885000.0,-45653000.0,-189280000.0,-1340020000.0,0.0,2071740000.0,0.0,1650794000.0,1650794000.0,1650794000.0,0.0,0.0,0.457,497064000.0,2018431000.0,232713000.0,0.028,1.547,6.014,6.025,6206434000.0,0.0,37.96,2.75,2.75,750020000.0,5398530000.0,3610812000.0,3610812000.0,0.0,0.219,0.282,0.281,0.561,36168000.0,78077000.0,1.0,261541366.0,261541366.0,,13.806,8089375000.0,0.0,370845000.0,396995000.0,30.93,1105833000.0
45,NEBLQ,MRT,2009-06-30,2009-06-30,2009-06-30,2021-08-25,-51442000.0,7682122000.0,7175845250.0,1453977000.0,6228145000.0,0.497,23.204,-1118868000.0,671420000.0,671420000.0,1096749000.0,1607233000.0,3.439,0.267,750866000.0,0.0,750866000.0,750866000.0,0.0,378324000.0,0.0,0.004,0.12,1987792000.0,2366116000.0,0.663,2366116000.0,1987792000.0,1984353000.0,6.1,6.07,6.1,6062295000.0,5492065000.0,6062295000.0,8140062633.0,4.0,3.44,832250000.0,3.186,1.0,2470409000.0,0.693,0.0,3439000.0,7338724000.0,6950530000.0,0.0,0.0,0.0,0.0,1619827000.0,422844000.0,1196983000.0,7902978633.0,350456000.0,0.0,-338246000.0,21279000.0,-31758000.0,-359283000.0,-1241379000.0,0.0,1951118000.0,0.0,1607233000.0,1607233000.0,1607233000.0,0.0,0.0,0.451,488741000.0,1981668000.0,204914000.0,0.02,1.304,4.917,4.959,5952076000.0,0.0,30.25,2.215,2.215,693649000.0,4950702000.0,3567158000.0,3567158000.0,0.0,0.224,0.293,0.286,0.557,34722000.0,72404000.0,1.0,261255492.0,261255492.0,,13.654,7682122000.0,0.0,377120000.0,344649000.0,29.405,1031133000.0
46,NEBLQ,MRT,2009-03-31,2009-03-31,2009-03-31,2021-08-25,-57338000.0,7303303000.0,6843394750.0,1263277000.0,6040026000.0,0.509,21.616,-1098550000.0,513743000.0,513743000.0,1102347000.0,1591102000.0,2.609,0.292,750827000.0,0.0,750827000.0,750827000.0,0.0,366743000.0,0.0,0.038,0.91,1962387000.0,2329130000.0,0.669,2329130000.0,1962387000.0,1958588000.0,6.0,5.97,6.0,5652554000.0,5187279250.0,5652554000.0,6709722539.0,3.0,2.881,844779000.0,3.231,1.0,2378880000.0,0.683,0.0,3799000.0,7056195000.0,6690000250.0,0.0,0.0,0.0,0.0,1650749000.0,484192000.0,1166557000.0,6299546539.0,194146000.0,0.0,-341148000.0,18719000.0,-243922000.0,-566351000.0,-1182832000.0,0.0,1943329000.0,0.0,1591102000.0,1591102000.0,1591102000.0,0.0,0.0,0.457,422879000.0,1956001000.0,218167000.0,0.152,1.114,3.959,4.015,5792106000.0,0.0,24.09,1.81,1.81,655899000.0,4547546000.0,3481227000.0,3481227000.0,0.0,0.233,0.307,0.293,0.564,35583000.0,70587000.0,1.0,261500479.0,261500479.0,,13.313,7303303000.0,0.0,367486000.0,415687000.0,27.928,779085000.0
47,NEBLQ,MRT,2008-12-31,2008-12-31,2008-12-31,2021-08-25,-57257000.0,7106799000.0,6555827000.0,1240341000.0,5866458000.0,0.526,19.981,-1084240000.0,513311000.0,513311000.0,1133782000.0,1560995000.0,1.827,0.343,923487000.0,172698000.0,750789000.0,923487000.0,0.0,356658000.0,0.0,0.041,0.91,1916846000.0,2273504000.0,0.66,2273504000.0,1916846000.0,1912458000.0,5.85,5.81,5.85,5290715000.0,4940207250.0,5290715000.0,6343583988.0,3.0,2.79,803952000.0,3.036,1.0,2312719000.0,0.671,0.0,4388000.0,6837982000.0,6447776750.0,0.0,0.0,0.0,0.0,1816084000.0,678993000.0,1137091000.0,5830365988.0,352253000.0,0.0,-301351000.0,138903000.0,-244198000.0,-406646000.0,-1129293000.0,0.0,1888192000.0,0.0,1560995000.0,1560995000.0,1560995000.0,0.0,0.0,0.453,404316000.0,1908403000.0,259107000.0,0.156,1.102,3.735,3.776,5647017000.0,0.0,22.09,1.692,1.697,658356000.0,4919667000.0,3446501000.0,3446501000.0,0.0,0.238,0.316,0.297,0.556,35899000.0,74143000.0,1.0,263936894.0,264782000.0,266805000.0,13.016,7106799000.0,0.0,351463000.0,372229000.0,26.84,561348000.0
48,NEBLQ,MRT,2008-09-30,2008-09-30,2008-09-30,2021-08-25,-15024000.0,6611157000.0,6248128750.0,964455000.0,5646702000.0,0.539,18.745,-1070732000.0,213653000.0,213653000.0,1149795000.0,1489808000.0,1.737,0.332,726871000.0,25352000.0,701519000.0,726871000.0,0.0,346013000.0,0.0,0.021,0.91,1828673000.0,2174686000.0,0.646,2174686000.0,1828673000.0,1825011000.0,5.53,5.49,5.53,4962696000.0,4694609000.0,4962696000.0,12223316429.0,7.0,5.621,679921000.0,2.568,1.0,2218164000.0,0.659,0.0,3662000.0,6569219000.0,6239954250.0,0.0,0.0,0.0,0.0,1648461000.0,555156000.0,1093305000.0,11814815429.0,63074000.0,10000000.0,-332138000.0,-60154000.0,-244307000.0,-619052000.0,-1068527000.0,0.0,1750653000.0,0.0,1489808000.0,1489808000.0,1489808000.0,0.0,0.0,0.442,399031000.0,1819133000.0,305718000.0,0.165,2.381,7.93,7.939,5395063000.0,0.0,43.9,3.508,3.451,662178000.0,4511660000.0,3367959000.0,3367959000.0,0.0,0.238,0.317,0.293,0.543,37004000.0,83653000.0,1.0,269130192.0,264746000.0,,12.721,6611157000.0,0.0,335203000.0,366280000.0,24.972,409299000.0
49,NEBLQ,MRT,2008-06-30,2008-06-30,2008-06-30,2021-08-25,-10271000.0,6352320000.0,5972567750.0,969915000.0,5382405000.0,0.552,18.02,-1067390000.0,320964000.0,320964000.0,1167510000.0,1425566000.0,2.089,0.312,729465000.0,27958000.0,701507000.0,729465000.0,0.0,331334000.0,0.0,0.014,0.91,1759392000.0,2090726000.0,0.634,2090726000.0,1759392000.0,1747185000.0,5.29,5.25,5.29,4843152000.0,4454205500.0,4843152000.0,17871258661.0,10.0,8.548,650428000.0,2.42,1.0,2129744000.0,0.646,0.0,12207000.0,6296605000.0,6022017750.0,0.0,0.0,0.0,0.0,1509168000.0,464216000.0,1044952000.0,17458842661.0,168534000.0,10000000.0,-76246000.0,-94976000.0,-244319000.0,-397506000.0,-1151778000.0,0.0,1717818000.0,0.0,1425566000.0,1425566000.0,1425566000.0,0.0,0.0,0.432,384542000.0,1745202000.0,172805000.0,0.172,3.605,12.247,12.28,5139149000.0,0.0,64.96,5.295,5.295,560923000.0,4139866000.0,3297254000.0,3297254000.0,0.0,0.239,0.32,0.292,0.534,36249000.0,92243000.0,1.0,268762972.0,268762972.0,,12.268,6352320000.0,0.0,321619000.0,357335000.0,23.635,505699000.0
50,NEBLQ,MRT,2008-03-31,2008-03-31,2008-03-31,2021-08-25,-5212000.0,6153032000.0,5682804750.0,985492000.0,5167540000.0,0.565,17.362,-1163220000.0,319597000.0,319597000.0,1163063000.0,1339879000.0,2.061,0.319,732013000.0,30518000.0,701495000.0,732013000.0,0.0,311421000.0,0.0,0.003,0.14,1659186000.0,1970607000.0,0.614,1970607000.0,1659186000.0,1646469000.0,4.98,4.94,4.98,4664266000.0,4160640000.0,4664266000.0,13967087088.0,8.0,7.088,473604000.0,1.763,1.0,2047249000.0,0.638,0.0,12717000.0,6087301000.0,5803700250.0,3924000.0,0.0,0.0,0.0,1488766000.0,478147000.0,1010619000.0,13343629088.0,242484000.0,10000000.0,-78220000.0,-44801000.0,-37534000.0,-153078000.0,-1241262000.0,0.0,1636824000.0,0.0,1339879000.0,1339879000.0,1339879000.0,0.0,0.0,0.417,401185000.0,1646064000.0,169192000.0,0.028,2.861,9.959,9.974,4944773000.0,0.0,49.67,4.156,4.156,576981000.0,3976312000.0,3210312000.0,3210312000.0,0.0,0.236,0.322,0.286,0.517,36057000.0,92878000.0,1.0,268645643.0,268645643.0,,11.95,6153032000.0,0.0,306590000.0,367981000.0,22.904,507345000.0
51,NEBLQ,MRT,2007-12-31,2007-12-31,2007-12-31,2021-08-25,-5067000.0,5876006000.0,5349703750.0,860191000.0,5015815000.0,0.56,16.154,-1170714000.0,161058000.0,161058000.0,1129145000.0,1206011000.0,1.746,0.364,784516000.0,10334000.0,774182000.0,784516000.0,0.0,292987000.0,0.0,0.002,0.12,1502013000.0,1795000000.0,0.599,1795000000.0,1502013000.0,1488902000.0,4.49,4.45,4.49,4308322000.0,3839202000.0,4308322000.0,15839553351.0,11.0,8.824,243659000.0,0.914,1.0,1866166000.0,0.623,0.0,13111000.0,6006692000.0,5559773000.0,0.0,0.0,0.0,0.0,1567684000.0,492772000.0,1074912000.0,15203161351.0,99348000.0,10000000.0,-156802000.0,90370000.0,-32197000.0,-91152000.0,-1223873000.0,0.0,1414373000.0,0.0,1206011000.0,1206011000.0,1206011000.0,0.0,0.0,0.403,375304000.0,1490862000.0,198395000.0,0.027,3.529,12.606,12.586,4795916000.0,0.0,56.51,5.076,5.032,652181000.0,3602870000.0,2995311000.0,2995311000.0,0.0,0.225,0.314,0.27,0.501,34681000.0,85831000.0,1.0,269034885.0,266700000.0,269330000.0,11.231,5876006000.0,0.0,282891000.0,326262000.0,22.032,367419000.0
52,NEBLQ,MRT,2007-09-30,2007-09-30,2007-09-30,2021-08-25,-19028000.0,5508913000.0,5027180750.0,752043000.0,4756870000.0,0.542,15.003,-1176662000.0,150579000.0,150579000.0,1054460000.0,1058333000.0,1.679,0.377,786971000.0,10148000.0,776823000.0,786971000.0,0.0,276239000.0,0.0,0.002,0.1,1335898000.0,1612137000.0,0.592,1612137000.0,1335898000.0,1322984000.0,3.955,3.915,3.955,4001082000.0,3569369750.0,4001082000.0,13841390127.0,10.0,8.586,112176000.0,0.421,1.0,1668063000.0,0.613,0.0,12914000.0,5697473000.0,5256110500.0,4430000.0,0.0,0.0,0.0,1507831000.0,447832000.0,1059999000.0,13169433127.0,10481000.0,0.0,-188577000.0,90489000.0,-26930000.0,-125018000.0,-1153339000.0,30541000.0,1288838000.0,0.0,1058333000.0,1058333000.0,1058333000.0,0.0,0.0,0.389,344541000.0,1323522000.0,197832000.0,0.025,3.291,12.444,12.402,4575109000.0,0.0,49.05,4.837,4.805,546641000.0,3266159000.0,2722523000.0,2722523000.0,0.0,0.211,0.297,0.254,0.491,31681000.0,72602000.0,1.0,268489972.0,266684000.0,,10.209,5508913000.0,0.0,264651000.0,292738000.0,20.657,304211000.0
53,NEBLQ,MRT,2007-06-30,2007-06-30,2007-06-30,2021-08-25,-23171000.0,5193268000.0,4753220500.0,733952000.0,4459316000.0,0.525,13.688,-1143659000.0,152430000.0,152430000.0,989462000.0,947225000.0,1.661,0.415,824387000.0,9970000.0,814417000.0,824387000.0,0.0,258958000.0,0.0,0.002,0.08,1193463000.0,1452421000.0,0.583,1452421000.0,1193463000.0,1188813000.0,3.535,3.495,3.535,3668890000.0,3357496000.0,3668890000.0,13769552433.0,12.0,9.48,106564000.0,0.398,1.0,1503771000.0,0.603,0.0,4650000.0,5423335000.0,4989886500.0,4655000.0,0.0,0.0,0.0,1524378000.0,441890000.0,1082488000.0,13069900433.0,-71460000.0,0.0,-293048000.0,125552000.0,-21616000.0,-189112000.0,-1132571000.0,39420000.0,1250223000.0,0.0,947225000.0,947225000.0,947225000.0,0.0,0.0,0.38,317767000.0,1186004000.0,180019000.0,0.023,3.562,13.798,13.793,4297384000.0,0.0,48.76,5.242,5.242,529720000.0,2958619000.0,2493233000.0,2493233000.0,0.0,0.199,0.282,0.239,0.479,28357000.0,59860000.0,1.0,268045538.0,268045538.0,,9.302,5193268000.0,0.0,241588000.0,294137000.0,19.375,292062000.0
54,NEBLQ,MRT,2007-03-31,2007-03-31,2007-03-31,2021-08-25,-19556000.0,4820628000.0,4519699250.0,632066000.0,4188562000.0,0.506,12.559,-1076725000.0,77113000.0,77113000.0,934223000.0,836955000.0,1.547,0.427,776765000.0,9800000.0,766965000.0,776765000.0,0.0,258429000.0,0.0,0.002,0.08,1057023000.0,1315452000.0,0.576,1315452000.0,1057023000.0,1051831000.0,3.1,3.065,3.1,3378514000.0,3196901000.0,3378514000.0,11215018185.0,11.0,8.526,31133000.0,0.116,1.0,1350525000.0,0.591,0.0,5192000.0,5111592000.0,4741271000.0,4642000.0,0.0,0.0,0.0,1442114000.0,408688000.0,1033426000.0,10582630185.0,16170000.0,691261000.0,-340513000.0,-361106000.0,-21748000.0,-723367000.0,-368321000.0,39420000.0,1107858000.0,0.0,836955000.0,836955000.0,836955000.0,0.0,0.0,0.366,302342000.0,1048183000.0,138897000.0,0.026,3.132,12.644,12.69,4028858000.0,0.0,39.34,4.632,4.632,501264000.0,2673967000.0,2284748000.0,2284748000.0,0.0,0.185,0.262,0.223,0.463,23505000.0,50213000.0,1.0,269004326.0,269004326.0,,8.493,4820628000.0,0.0,214876000.0,317981000.0,17.92,223378000.0
55,NEBLQ,MRT,2006-12-31,2006-12-31,2006-12-31,2021-08-25,-19876000.0,4585914000.0,4451121500.0,569980000.0,4015934000.0,0.472,11.879,-1049256000.0,61710000.0,61710000.0,883916000.0,731866000.0,1.337,0.42,694098000.0,9629000.0,684469000.0,694098000.0,0.0,253325000.0,0.0,0.002,0.08,937454000.0,1190779000.0,0.567,1190779000.0,937454000.0,921287000.0,2.69,2.66,2.69,3228993000.0,3079880000.0,3228993000.0,10880534378.0,12.0,9.137,-60541000.0,-0.223,1.0,1216323000.0,0.579,0.0,16167000.0,4792042000.0,4646871500.0,4461000.0,0.0,0.0,0.0,1356921000.0,426260000.0,930661000.0,10324243378.0,-60135000.0,691261000.0,-228946000.0,-448169000.0,-21825000.0,-698940000.0,-349910000.0,46002000.0,988715000.0,0.0,731866000.0,731866000.0,731866000.0,0.0,0.0,0.348,288893000.0,927430000.0,196111000.0,0.03,3.197,14.107,14.154,3858393000.0,0.0,38.075,4.916,4.928,462432000.0,2446056000.0,2100239000.0,2100239000.0,0.0,0.164,0.238,0.202,0.446,21560000.0,46272000.0,1.0,271155440.0,271834000.0,274756000.0,7.726,4585914000.0,0.0,189421000.0,272314000.0,16.87,143720000.0
56,NEBLQ,MRT,2006-09-30,2006-09-30,2006-09-30,2021-08-25,2422000.0,4413072000.0,4391234750.0,666891000.0,3746181000.0,0.433,11.525,-945147000.0,140098000.0,140098000.0,850196000.0,633497000.0,1.98,0.399,696389000.0,9460000.0,686929000.0,696389000.0,0.0,252036000.0,0.0,0.002,0.08,807359000.0,1059395000.0,0.557,1059395000.0,807359000.0,788719000.0,2.325,2.31,2.325,3153587000.0,2955565250.0,3153587000.0,9255757175.0,11.0,8.737,-58827000.0,-0.215,1.0,1051818000.0,0.553,0.0,18640000.0,4632577000.0,4724732000.0,4565000.0,29652000.0,29652000.0,0.0,1259485000.0,336786000.0,922699000.0,8781010175.0,-26575000.0,-3041000.0,-136326000.0,252038000.0,-21910000.0,93802000.0,-1006697000.0,15529000.0,886320000.0,0.0,633497000.0,633497000.0,633497000.0,0.0,0.0,0.333,253260000.0,798558000.0,132990000.0,0.034,2.784,13.861,13.802,3595684000.0,0.0,32.09,4.617,4.617,440797000.0,2251756000.0,1902014000.0,1902014000.0,0.0,0.144,0.214,0.171,0.424,17661000.0,45852000.0,1.0,273636964.0,273636964.0,,6.951,4413072000.0,0.0,155222000.0,291291000.0,16.127,330105000.0
57,NEBLQ,MRT,2006-06-30,2006-06-30,2006-06-30,2021-08-25,2629000.0,4259183000.0,4186019750.0,762072000.0,3497111000.0,0.408,10.984,-766738000.0,223890000.0,223890000.0,813407000.0,502848000.0,2.498,0.407,698637000.0,9295000.0,689342000.0,698637000.0,0.0,252601000.0,0.0,0.002,0.07,645793000.0,898394000.0,0.526,898394000.0,645793000.0,622882000.0,1.835,1.825,1.835,3026510000.0,2831234000.0,3026510000.0,11325283172.0,18.0,12.606,-57365000.0,-0.208,1.0,893826000.0,0.524,0.0,22911000.0,4428873000.0,4461537750.0,4266000.0,38668000.0,37113000.0,1555000.0,1232673000.0,305057000.0,927616000.0,10252340172.0,78245000.0,-31415000.0,-28352000.0,252140000.0,-19223000.0,204565000.0,-835693000.0,10907000.0,709373000.0,0.0,502848000.0,502848000.0,502848000.0,0.0,0.0,0.295,256890000.0,636936000.0,118012000.0,0.038,3.388,20.389,20.278,3345341000.0,0.0,37.21,6.005,6.005,443093000.0,2050010000.0,1707233000.0,1707233000.0,0.0,0.12,0.178,0.145,0.378,14118000.0,43301000.0,1.0,275526476.0,275526476.0,,6.196,4259183000.0,0.0,120034000.0,284676000.0,15.458,457015000.0
58,NEBLQ,MRT,2006-03-31,2006-03-31,2006-03-31,2021-08-25,-742000.0,4546317000.0,3973983250.0,1235327000.0,3310990000.0,0.386,10.61,-595263000.0,60943000.0,60943000.0,774941000.0,396397000.0,1.395,0.562,1133886000.0,609289000.0,524597000.0,1133886000.0,0.0,244736000.0,0.0,0.001,0.06,515308000.0,760044000.0,0.496,760044000.0,515308000.0,488978000.0,1.45,1.44,1.45,2910430000.0,2714653000.0,2910430000.0,12139453167.0,24.0,15.972,13305000.0,0.049,1.0,758786000.0,0.495,0.0,26330000.0,4733994000.0,4223634500.0,4247000.0,739733000.0,738115000.0,1618000.0,1635887000.0,885266000.0,750621000.0,11123001167.0,-46816000.0,-700367000.0,34367000.0,664111000.0,-16431000.0,682047000.0,-1337431000.0,50137000.0,608568000.0,0.0,396397000.0,396397000.0,396397000.0,0.0,0.0,0.258,253318000.0,505468000.0,90490000.0,0.041,3.822,28.06,27.966,3142022000.0,0.0,40.55,7.252,7.252,399059000.0,1875760000.0,1533727000.0,1533727000.0,0.0,0.1,0.146,0.122,0.336,11354000.0,42745000.0,1.0,274303358.0,274303358.0,,5.591,4546317000.0,0.0,92581000.0,297365000.0,16.574,350061000.0
59,NEBLQ,MRT,2005-12-31,2005-12-31,2005-12-31,2021-08-25,-25353000.0,4346367000.0,3670769000.0,522455000.0,3823912000.0,0.377,9.977,-432727000.0,121845000.0,121845000.0,756821000.0,296696000.0,2.015,0.591,1138297000.0,8972000.0,1129325000.0,1138297000.0,0.0,241752000.0,0.0,0.001,0.05,383878000.0,625630000.0,0.453,625630000.0,383878000.0,364092000.0,1.09,1.08,1.09,2731734000.0,2605910500.0,2731734000.0,9930386363.0,26.0,15.873,96283000.0,0.352,1.0,625316000.0,0.452,0.0,19786000.0,5103484000.0,3916849500.0,3940000.0,718096000.0,44457000.0,673639000.0,1614633000.0,259335000.0,1355298000.0,9656619363.0,63055000.0,-722676000.0,68628000.0,626483000.0,-13655000.0,681456000.0,-1147411000.0,87655000.0,529010000.0,0.0,296696000.0,296696000.0,296696000.0,0.0,0.0,0.215,252271000.0,373045000.0,93914000.0,0.046,3.535,32.547,32.358,2999019000.0,0.0,35.27,6.987,6.987,328253000.0,1736015000.0,1382137000.0,1382137000.0,0.0,0.081,0.114,0.098,0.278,7377000.0,40278000.0,1.0,273791306.0,273791306.0,,5.048,4346367000.0,0.0,67396000.0,272834000.0,15.875,263120000.0
60,NEBLQ,MRT,2005-09-30,2005-09-30,2005-09-30,2021-08-25,-2075000.0,3592212000.0,3411170500.0,540333000.0,3051879000.0,0.388,9.715,-346597000.0,166673000.0,166673000.0,742261000.0,248237000.0,1.888,0.352,440440000.0,8815000.0,431625000.0,440440000.0,0.0,231972000.0,0.0,0.001,0.03,313792000.0,545764000.0,0.412,545764000.0,313792000.0,289193000.0,0.92,0.9,0.92,2656262000.0,2519085500.0,2656262000.0,9627252207.0,31.0,17.64,110920000.0,0.406,1.0,581428000.0,0.439,0.0,24599000.0,3579800000.0,3527645000.0,4162000.0,44837000.0,44837000.0,0.0,935950000.0,286179000.0,649771000.0,9359271207.0,106781000.0,41099000.0,95339000.0,-82907000.0,-8168000.0,4264000.0,-355000000.0,73586000.0,457517000.0,0.0,248237000.0,248237000.0,248237000.0,0.0,0.0,0.188,279252000.0,302176000.0,161636000.0,0.033,3.523,37.703,37.207,2919044000.0,0.0,34.23,7.071,7.071,269788000.0,1640169000.0,1323689000.0,1323689000.0,0.0,0.073,0.099,0.089,0.237,7042000.0,36815000.0,1.0,273423056.0,273423056.0,,4.841,3592212000.0,0.0,40956000.0,248881000.0,13.138,254154000.0
61,NEBLQ,MRT,2005-06-30,2005-06-30,2005-06-30,2021-08-25,-3054000.0,3411037000.0,3321794250.0,508150000.0,2902887000.0,0.368,9.423,-295372000.0,174565000.0,174565000.0,711769000.0,202285000.0,2.519,0.332,442546000.0,8661000.0,433885000.0,442546000.0,0.0,223419000.0,0.0,0.001,0.02,262334000.0,485753000.0,0.397,485753000.0,262334000.0,234506000.0,0.755,0.74,0.755,2560186000.0,2430592750.0,2560186000.0,8717940431.0,33.0,17.947,100251000.0,0.369,1.0,510353000.0,0.418,0.0,27828000.0,3477260000.0,3496225000.0,4158000.0,67942000.0,48944000.0,18998000.0,850851000.0,201758000.0,649093000.0,8356083431.0,86350000.0,30203000.0,108841000.0,-116993000.0,-5429000.0,-13581000.0,-295692000.0,100423000.0,395623000.0,0.0,202285000.0,202285000.0,202285000.0,0.0,0.0,0.166,258741000.0,251612000.0,74672000.0,0.026,3.264,41.308,40.735,2759272000.0,0.0,30.755,6.837,6.837,247664000.0,1566385000.0,1222122000.0,1222122000.0,0.0,0.061,0.083,0.075,0.215,6494000.0,35322000.0,1.0,271698372.0,271698372.0,,4.498,3411037000.0,0.0,32221000.0,238187000.0,12.554,306392000.0
62,NEBLQ,MRT,2005-03-31,2005-03-31,2005-03-31,2021-08-25,1596000.0,3333460000.0,3267920000.0,444284000.0,2889176000.0,0.346,9.13,-263894000.0,107759000.0,107759000.0,675924000.0,163356000.0,2.357,0.347,469616000.0,8510000.0,461106000.0,469616000.0,0.0,215073000.0,0.0,0.0,0.01,216338000.0,431411000.0,0.381,431411000.0,216338000.0,185082000.0,0.615,0.605,0.615,2475460000.0,2349743250.0,2475460000.0,8073195919.0,37.0,18.713,78320000.0,0.289,1.0,455199000.0,0.402,0.0,31256000.0,3506854000.0,3484977750.0,3939000.0,107395000.0,88628000.0,18767000.0,858000000.0,188463000.0,669537000.0,7620336919.0,14022000.0,-21038000.0,56973000.0,-101086000.0,-2710000.0,-46823000.0,-281369000.0,88662000.0,342214000.0,0.0,163356000.0,163356000.0,163356000.0,0.0,0.0,0.144,248744000.0,206455000.0,69436000.0,0.016,3.078,46.649,45.699,2749133000.0,0.0,28.105,6.737,6.737,202945000.0,1495794000.0,1131123000.0,1131123000.0,0.0,0.05,0.07,0.062,0.191,6085000.0,33671000.0,1.0,271138122.0,271138122.0,,4.172,3333460000.0,0.0,21726000.0,227669000.0,12.294,255821000.0
63,NEBLQ,MRT,2004-12-31,2004-12-31,2004-12-31,2021-08-25,2538000.0,3307973000.0,3237595250.0,425283000.0,2882690000.0,0.329,8.807,-258906000.0,58790000.0,58790000.0,636222000.0,146086000.0,1.986,0.387,511649000.0,8361000.0,503288000.0,511649000.0,0.0,209123000.0,0.0,0.0,0.0,196206000.0,405329000.0,0.38,405329000.0,196206000.0,161817000.0,0.55,0.545,0.55,2384434000.0,2290963750.0,2384434000.0,7161734257.0,37.0,17.669,73315000.0,0.271,1.0,430009000.0,0.403,0.0,34389000.0,3546666000.0,3459772000.0,4013000.0,133316000.0,132788000.0,528000.0,923539000.0,214166000.0,709373000.0,6733044257.0,-3777000.0,2295000.0,39358000.0,-77933000.0,0.0,-38575000.0,-297423000.0,32136000.0,332221000.0,0.0,146086000.0,146086000.0,146086000.0,0.0,0.0,0.137,242837000.0,187172000.0,83012000.0,0.0,2.824,46.09,45.218,2743620000.0,0.0,24.87,6.315,6.315,205023000.0,1452974000.0,1066231000.0,1066231000.0,0.0,0.045,0.064,0.057,0.184,5753000.0,33714000.0,1.0,270729564.0,270729564.0,,3.938,3307973000.0,0.0,15731000.0,229389000.0,12.219,211117000.0
64,NEBLQ,MRT,2004-09-30,2004-09-30,2004-09-30,2021-08-25,3911000.0,3234707000.0,3208010250.0,409620000.0,2825087000.0,0.313,8.597,-185832000.0,94492000.0,94492000.0,577222000.0,123512000.0,1.957,0.405,523182000.0,17751000.0,505431000.0,523182000.0,0.0,205293000.0,0.0,0.0,0.0,178611000.0,383904000.0,0.382,383904000.0,178611000.0,143115000.0,0.465,0.46,0.465,2302291000.0,2239461500.0,2302291000.0,6461805442.0,36.0,16.832,166008000.0,0.62,1.0,426664000.0,0.425,0.0,35496000.0,3454120000.0,3441259500.0,4141000.0,114694000.0,95752000.0,18942000.0,932416000.0,209277000.0,723139000.0,6018672442.0,65356000.0,-61884000.0,15759000.0,-99559000.0,0.0,-76609000.0,-209875000.0,74825000.0,351840000.0,0.0,123512000.0,123512000.0,123512000.0,0.0,0.0,0.123,256653000.0,170011000.0,81375000.0,0.0,2.614,48.729,48.333,2680747000.0,0.0,22.475,5.995,5.995,180880000.0,1400100000.0,1003886000.0,1003886000.0,0.0,0.039,0.055,0.052,0.178,5404000.0,30856000.0,1.0,267794102.0,267794102.0,,3.749,3234707000.0,0.0,19603000.0,234494000.0,12.079,200343000.0
65,NEBLQ,MRT,2004-06-30,2004-06-30,2004-06-30,2021-08-25,3776000.0,3195540000.0,3184261750.0,424609000.0,2770931000.0,0.312,8.295,-137674000.0,116395000.0,116395000.0,559402000.0,145898000.0,2.057,0.429,559528000.0,26991000.0,532537000.0,559528000.0,0.0,198542000.0,0.0,0.0,0.0,202921000.0,401463000.0,0.404,401463000.0,202921000.0,165785000.0,0.55,0.545,0.55,2236788000.0,2198229750.0,2236788000.0,5518883380.0,27.0,13.747,237141000.0,0.879,1.0,433492000.0,0.437,0.0,37136000.0,3432271000.0,3426931500.0,4100000.0,124089000.0,104024000.0,20065000.0,958752000.0,206402000.0,752350000.0,5108829380.0,65025000.0,-92092000.0,-9196000.0,-79272000.0,0.0,-81277000.0,-228513000.0,38237000.0,374815000.0,0.0,145898000.0,145898000.0,145898000.0,0.0,0.0,0.147,240339000.0,193153000.0,69392000.0,0.0,2.284,35.016,34.445,2622737000.0,0.0,18.945,5.145,5.145,165116000.0,1369529000.0,992894000.0,992894000.0,0.0,0.046,0.066,0.059,0.204,4919000.0,29506000.0,1.0,269666370.0,269666370.0,,3.682,3195540000.0,0.0,19887000.0,238314000.0,11.85,218207000.0
66,NEBLQ,MRT,2004-03-31,2004-03-31,2004-03-31,2021-08-25,4840000.0,3212161000.0,3159860250.0,466568000.0,2745593000.0,0.313,8.343,-112341000.0,160637000.0,160637000.0,558629000.0,155255000.0,2.158,0.434,570691000.0,36085000.0,534606000.0,570691000.0,0.0,191349000.0,0.0,0.0,0.0,213815000.0,405164000.0,0.41,405164000.0,213815000.0,174951000.0,0.585,0.58,0.585,2240342000.0,2158853750.0,2240342000.0,5608734389.0,26.0,13.843,271389000.0,1.011,1.0,429176000.0,0.434,0.0,38864000.0,3406031000.0,3409579250.0,4150000.0,141375000.0,121533000.0,19842000.0,971819000.0,216184000.0,755635000.0,5158628389.0,89168000.0,-123298000.0,30894000.0,-83915000.0,0.0,-44714000.0,-249848000.0,22775000.0,383730000.0,0.0,155255000.0,155255000.0,155255000.0,0.0,0.0,0.157,223914000.0,205262000.0,72507000.0,0.0,2.303,33.227,32.838,2599397000.0,0.0,19.21,5.222,5.222,145228000.0,1335148000.0,987805000.0,987805000.0,0.0,0.049,0.072,0.063,0.216,4528000.0,28233000.0,1.0,268538698.0,268538698.0,,3.678,3212161000.0,0.0,19696000.0,241886000.0,11.962,250384000.0
67,NEBLQ,MRT,2003-12-31,2003-12-31,2003-12-31,2021-08-25,10000.0,3189633000.0,3123521000.0,421959000.0,2767674000.0,0.316,8.141,-111128000.0,62567000.0,62567000.0,560490000.0,166416000.0,1.729,0.464,589573000.0,47666000.0,541907000.0,589573000.0,0.0,182590000.0,0.0,0.0,0.0,227275000.0,409865000.0,0.415,409865000.0,227275000.0,186984000.0,0.63,0.625,0.63,2178425000.0,2106759750.0,2178425000.0,5278216562.0,23.0,12.878,254180000.0,0.95,1.0,426890000.0,0.432,0.0,40291000.0,3472616000.0,3390517000.0,4086000.0,195144000.0,175276000.0,19868000.0,1011208000.0,244023000.0,767185000.0,4786911562.0,-242000.0,-184223000.0,9432000.0,-80580000.0,0.0,-62480000.0,-303070000.0,29265000.0,365308000.0,0.0,166416000.0,166416000.0,166416000.0,0.0,0.0,0.169,205752000.0,221138000.0,87178000.0,0.0,2.197,28.765,28.397,2625866000.0,0.0,17.89,4.848,4.848,149235000.0,1306888000.0,987380000.0,987380000.0,0.0,0.053,0.079,0.067,0.23,4627000.0,26634000.0,1.0,267574710.0,267574710.0,,3.69,3189633000.0,0.0,20568000.0,245091000.0,11.921,177936000.0
68,NEBLQ,MRT,2003-09-30,2003-09-30,2003-09-30,2021-08-25,-6967000.0,3139713000.0,3092541250.0,413678000.0,2726035000.0,0.323,7.995,-121405000.0,131427000.0,131427000.0,589445000.0,187598000.0,1.766,0.469,622732000.0,66659000.0,556073000.0,622732000.0,0.0,193180000.0,0.0,0.0,0.0,252049000.0,445229000.0,0.445,445229000.0,252049000.0,210141000.0,0.71,0.705,0.71,2137364000.0,2059456000.0,2137364000.0,5051138547.0,20.0,11.345,249285000.0,0.932,1.0,410928000.0,0.411,0.0,41908000.0,3396808000.0,3338830250.0,4151000.0,96539000.0,74159000.0,22380000.0,1002349000.0,234210000.0,768139000.0,4543509547.0,-64585000.0,-365893000.0,-2045000.0,62281000.0,0.0,61701000.0,-496976000.0,-9678000.0,370690000.0,0.0,187598000.0,187598000.0,187598000.0,0.0,0.0,0.188,160225000.0,250703000.0,46269000.0,0.0,2.126,24.219,23.937,2596221000.0,0.0,16.995,4.542,4.542,178063000.0,1276588000.0,1000373000.0,1000373000.0,0.0,0.061,0.091,0.075,0.252,4593000.0,26244000.0,1.0,267343898.0,267343898.0,,3.742,3139713000.0,0.0,22543000.0,251477000.0,11.744,179468000.0
69,NEBLQ,MRT,2003-06-30,2003-06-30,2003-06-30,2021-08-25,-6321000.0,3097934000.0,3028196250.0,416187000.0,2681747000.0,0.326,7.781,-133486000.0,131161000.0,131161000.0,587129000.0,183794000.0,1.715,0.49,638790000.0,71371000.0,567419000.0,638790000.0,0.0,178595000.0,0.0,0.0,0.0,247671000.0,426266000.0,0.432,426266000.0,247671000.0,205497000.0,0.695,0.69,0.695,2079284000.0,2012096250.0,2079284000.0,5094877366.0,21.0,11.952,242766000.0,0.908,1.0,400668000.0,0.406,0.0,42174000.0,3362862000.0,3249371750.0,3844000.0,90803000.0,68212000.0,22591000.0,1018650000.0,242701000.0,775949000.0,4582864366.0,-74922000.0,-338575000.0,-27894000.0,57940000.0,0.0,31824000.0,-482998000.0,-10937000.0,376252000.0,0.0,183794000.0,183794000.0,183794000.0,0.0,0.0,0.186,152602000.0,248066000.0,44677000.0,0.0,2.204,24.935,24.676,2524031000.0,0.0,17.15,4.639,4.639,179387000.0,1223631000.0,987797000.0,987797000.0,0.0,0.061,0.091,0.076,0.251,4685000.0,24993000.0,1.0,267222412.0,267222412.0,,3.697,3097934000.0,0.0,21703000.0,248102000.0,11.593,173486000.0
70,NEBLQ,MRT,2003-03-31,2003-03-31,2003-03-31,2021-08-25,-6445000.0,3066804000.0,2974196000.0,426833000.0,2639971000.0,0.334,7.606,-154332000.0,142576000.0,142576000.0,579046000.0,197494000.0,1.714,0.509,654589000.0,76008000.0,578581000.0,654589000.0,0.0,165844000.0,0.0,0.0,0.0,268392000.0,434236000.0,0.437,434236000.0,268392000.0,225975000.0,0.745,0.74,0.745,2031966000.0,1971930500.0,2031966000.0,4666030047.0,17.0,10.745,269471000.0,1.009,1.0,414476000.0,0.417,0.0,42417000.0,3329782000.0,3167930500.0,3682000.0,100032000.0,78159000.0,21873000.0,1034838000.0,249035000.0,785803000.0,4197068047.0,-47460000.0,-326845000.0,-19528000.0,61114000.0,0.0,43141000.0,-514404000.0,-33227000.0,423803000.0,0.0,197494000.0,197494000.0,197494000.0,0.0,0.0,0.199,146806000.0,267670000.0,55212000.0,0.0,2.066,21.252,21.087,2513257000.0,0.0,15.71,4.224,4.224,164390000.0,1179893000.0,993522000.0,993522000.0,0.0,0.066,0.1,0.085,0.27,4779000.0,23989000.0,1.0,267159010.0,267159010.0,,3.719,3066804000.0,0.0,28481000.0,247717000.0,11.479,177798000.0
71,NEBLQ,MRT,2002-12-31,2002-12-31,2002-12-31,2021-08-25,-6292000.0,3065714000.0,2906949000.0,465643000.0,2600071000.0,0.341,7.431,-162392000.0,201177000.0,201177000.0,560506000.0,209503000.0,1.732,0.541,670139000.0,80577000.0,589562000.0,670139000.0,0.0,154469000.0,0.0,0.0,0.0,285947000.0,440416000.0,0.445,440416000.0,285947000.0,243325000.0,0.79,0.785,0.79,1989210000.0,1925318000.0,1989210000.0,5068593024.0,18.0,11.509,282972000.0,1.057,1.0,429742000.0,0.434,0.0,42622000.0,3265869000.0,3087217500.0,3628000.0,95495000.0,72957000.0,22538000.0,1076504000.0,268807000.0,807697000.0,4704430024.0,-45400000.0,-346494000.0,-18599000.0,64228000.0,0.0,49985000.0,-540749000.0,-31863000.0,445364000.0,0.0,209503000.0,209503000.0,209503000.0,0.0,0.0,0.212,146185000.0,283557000.0,64783000.0,0.0,2.365,22.455,22.247,2471043000.0,0.0,17.575,4.751,4.751,164613000.0,1140472000.0,990248000.0,990248000.0,0.0,0.072,0.109,0.093,0.289,4878000.0,26939000.0,1.0,267677384.0,267677384.0,,3.699,3065714000.0,0.0,33822000.0,236495000.0,11.453,196836000.0
72,NEBLQ,MRT,2002-09-30,2002-09-30,2002-09-30,2021-08-25,-1784000.0,2882333000.0,2828205500.0,455112000.0,2427221000.0,0.363,7.257,-111022000.0,196277000.0,196277000.0,568133000.0,221507000.0,2.193,0.48,560440000.0,62719000.0,497721000.0,560440000.0,0.0,124125000.0,0.0,0.0,0.0,313286000.0,437411000.0,0.427,437411000.0,313286000.0,270489000.0,0.835,0.835,0.835,1947925000.0,1872595250.0,1947925000.0,4536219425.0,14.0,10.371,323552000.0,1.205,1.0,457247000.0,0.446,0.0,42797000.0,3038974000.0,2996419500.0,3600000.0,86655000.0,63314000.0,23341000.0,934408000.0,207522000.0,726886000.0,4160608425.0,8202000.0,-214468000.0,-15339000.0,-57710000.0,0.0,-70084000.0,-356288000.0,-30798000.0,434574000.0,0.0,221507000.0,221507000.0,221507000.0,0.0,0.0,0.216,151066000.0,306181000.0,40515000.0,0.0,2.136,18.783,18.563,2305039000.0,0.0,15.5,4.058,4.058,158489000.0,1088990000.0,1025380000.0,1025380000.0,0.0,0.078,0.118,0.105,0.306,4956000.0,26941000.0,1.0,268426350.0,268426350.0,,3.82,2882333000.0,0.0,48982000.0,255675000.0,10.738,247590000.0
73,NEBLQ,MRT,2002-06-30,2002-06-30,2002-06-30,2021-08-25,-1375000.0,2881933000.0,,490792000.0,2391141000.0,,7.135,-132394000.0,204883000.0,204883000.0,553267000.0,249324000.0,2.226,0.502,580494000.0,61714000.0,518780000.0,580494000.0,0.0,123052000.0,0.0,0.0,0.0,361454000.0,484506000.0,0.459,484506000.0,361454000.0,317367000.0,0.94,0.94,0.94,1918621000.0,,1918621000.0,5595221616.0,15.0,11.548,317332000.0,1.18,1.0,502835000.0,0.476,0.0,44087000.0,3037097000.0,,3568000.0,80988000.0,57485000.0,23503000.0,963312000.0,220447000.0,742865000.0,5189866616.0,-20908000.0,-172308000.0,-25488000.0,-93715000.0,0.0,-115756000.0,-354878000.0,-50176000.0,449726000.0,0.0,249324000.0,249324000.0,249324000.0,0.0,0.0,0.236,149877000.0,352958000.0,50292000.0,0.0,2.705,20.816,20.532,2274737000.0,0.0,19.3,4.914,4.914,184223000.0,1039837000.0,1056102000.0,1056102000.0,0.0,,,,0.342,4689000.0,26825000.0,1.0,268905006.0,268905006.0,,3.927,2881933000.0,0.0,68043000.0,248427000.0,10.717,270345000.0
74,NEBLQ,MRT,2002-03-31,2002-03-31,2002-03-31,2021-08-25,-963000.0,2797816000.0,,462044000.0,2335772000.0,,6.863,-121524000.0,187772000.0,187772000.0,529108000.0,259889000.0,2.354,0.516,593127000.0,58545000.0,534582000.0,593127000.0,0.0,120929000.0,0.0,0.0,0.0,382907000.0,503836000.0,0.48,503836000.0,382907000.0,337010000.0,0.98,0.975,0.98,1845516000.0,,1845516000.0,,,,293888000.0,1.093,1.0,519995000.0,0.496,0.0,45897000.0,3006930000.0,,3682000.0,70175000.0,45784000.0,24391000.0,952300000.0,196241000.0,756059000.0,5564989099.0,-40198000.0,-128763000.0,-71743000.0,-92940000.0,0.0,-165430000.0,-290180000.0,-39893000.0,415412000.0,0.0,259889000.0,259889000.0,259889000.0,0.0,0.0,0.248,147913000.0,372082000.0,44508000.0,0.0,3.015,21.413,21.117,2227723000.0,0.0,20.695,5.305,5.305,173659000.0,982399000.0,1049103000.0,1049103000.0,0.0,,,,0.365,4421000.0,26984000.0,1.0,268905006.0,268905006.0,,3.901,2797816000.0,0.0,77121000.0,244239000.0,10.404,265803000.0
75,NEBLQ,MRT,2001-12-31,2001-12-31,2001-12-31,2021-08-25,-11737000.0,2750740000.0,,494049000.0,2256691000.0,,,-122046000.0,246075000.0,246075000.0,502601000.0,262922000.0,2.38,0.547,605561000.0,55430000.0,550131000.0,605561000.0,0.0,118575000.0,0.0,0.0,0.0,396224000.0,514799000.0,0.5,514799000.0,396224000.0,348472000.0,0.99,0.98,0.99,1778319000.0,,1778319000.0,,,,329000000.0,,1.0,527159000.0,0.512,0.0,47752000.0,2902677000.0,,3626000.0,66515000.0,41597000.0,24918000.0,972421000.0,207549000.0,764872000.0,,63474000.0,-68336000.0,-62823000.0,-95137000.0,0.0,-161869000.0,-225703000.0,-35321000.0,451046000.0,0.0,262922000.0,262922000.0,262922000.0,0.0,0.0,0.255,142872000.0,384287000.0,46996000.0,0.0,,,17.192,2149217000.0,0.0,17.02,,,169008000.0,930969000.0,1029760000.0,1029760000.0,0.0,,,,0.385,4110000.0,24297000.0,1.0,,,,,2750740000.0,0.0,85550000.0,237782000.0,,286500000.0
76,NEBLQ,MRT,2001-09-30,2001-09-30,2001-09-30,2021-08-25,,,,,,,,,,,,,,,,,,,,,,0.0,0.0,,,,,,,,,,,,,,,,,,1.0,,,,,,,,,,,,,,,,,,,,,,,,,,,,,,,,,,,,,,,,12.0,,,,,,,,,,,,,,1.0,,,,,,,,,,
77,NEBLQ,MRT,2001-06-30,2001-06-30,2001-06-30,2021-08-25,,,,,,,,,,,,,,,,,,,,,,0.0,0.0,,,,,,,,,,,,,,,,,,1.0,,,,,,,,,,,,,,,,,,,,,,,,,,,,,,,,,,,,,,,,16.375,,,,,,,,,,,,,,1.0,,,,,,,,,,
78,NEBLQ,MRT,2001-03-31,2001-03-31,2001-03-31,2021-08-25,,,,,,,,,,,,,,,,,,,,,,0.0,0.0,,,,,,,,,,,,,,,,,,1.0,,,,,,,,,,,,,,,,,,,,,,,,,,,,,,,,,,,,,,,,23.08,,,,,,,,,,,,,,1.0,,,,,,,,,,
79,NEBLQ,MRT,2000-12-31,2000-12-31,2000-12-31,2021-08-25,,,,,,,,-143496000.0,,,495030000.0,165554000.0,,,,,,,,110787000.0,,0.0,0.0,280885000.0,391672000.0,0.436,391672000.0,280885000.0,226307000.0,0.62,0.61,0.62,,,,,,,187240000.0,,1.0,403194000.0,0.449,,54578000.0,,,,,,,,,,,40408000.0,-48118000.0,-7986000.0,-91272000.0,0.0,-99137000.0,-191191000.0,423000.0,330736000.0,0.0,165554000.0,165554000.0,165554000.0,0.0,0.0,0.184,134570000.0,268624000.0,,0.0,,,35.032,,0.0,21.72,,,,,898224000.0,898224000.0,0.0,,,,0.313,2139000.0,23783000.0,1.0,,,,,,,60753000.0,,,
