None,ticker,dimension,calendardate,datekey,reportperiod,lastupdated,accoci,assets,assetsavg,assetsc,assetsnc,assetturnover,bvps,capex,cashneq,cashnequsd,cor,consolinc,currentratio,de,debt,debtc,debtnc,debtusd,deferredrev,depamor,deposits,divyield,dps,ebit,ebitda,ebitdamargin,ebitdausd,ebitusd,ebt,eps,epsdil,epsusd,equity,equityavg,equityusd,ev,evebit,evebitda,fcf,fcfps,fxusd,gp,grossmargin,intangibles,intexp,invcap,invcapavg,inventory,investments,investmentsc,investmentsnc,liabilities,liabilitiesc,liabilitiesnc,marketcap,ncf,ncfbus,ncfcommon,ncfdebt,ncfdiv,ncff,ncfi,ncfinv,ncfo,ncfx,netinc,netinccmn,netinccmnusd,netincdis,netincnci,netmargin,opex,opinc,payables,payoutratio,pb,pe,pe1,ppnenet,prefdivis,price,ps,ps1,receivables,retearn,revenue,revenueusd,rnd,roa,roe,roic,ros,sbcomp,sgna,sharefactor,sharesbas,shareswa,shareswadil,sps,tangibles,taxassets,taxexp,taxliabilities,tbvps,workingcapital
0,FANG,MRY,2020-12-31,2020-12-31,2020-12-31,2021-08-05,0.0,17619000000.0,20025500000.0,602000000.0,17017000000.0,0.14,55.667,-2044000000.0,108000000.0,108000000.0,865000000.0,-4672000000.0,0.487,0.889,6121000000.0,440000000.0,5681000000.0,6121000000.0,0.0,1304000000.0,0.0,0.031,1.5,-5424000000.0,-4120000000.0,-1.465,-4120000000.0,-5424000000.0,-5621000000.0,-28.59,-28.59,-28.59,8794000000.0,10471500000.0,8794000000.0,13587876260.0,-3.0,-3.298,74000000.0,0.468,1.0,1948000000.0,0.692,0.0,197000000.0,22396000000.0,24718250000.0,33000000.0,534000000.0,1000000.0,533000000.0,7815000000.0,1236000000.0,6579000000.0,7645876260.0,-20000000.0,0.0,-137000000.0,397000000.0,-236000000.0,-37000000.0,-2101000000.0,-102000000.0,2118000000.0,0.0,-4517000000.0,-4517000000.0,-4517000000.0,0.0,-155000000.0,-1.606,7424000000.0,-5476000000.0,308000000.0,-0.052,0.869,-1.693,-1.693,16214000000.0,0.0,48.4,2.718,2.718,337000000.0,-3864000000.0,2813000000.0,2813000000.0,0.0,-0.226,-0.431,-0.219,-1.928,37000000.0,88000000.0,1.0,157972650.0,157976000.0,157976000.0,17.807,17619000000.0,173000000.0,-1104000000.0,783000000.0,111.53,-634000000.0
1,FANG,MRY,2019-12-31,2019-12-31,2019-12-31,2021-08-05,0.0,23531000000.0,23130750000.0,869000000.0,22662000000.0,0.171,81.037,-3697000000.0,128000000.0,128000000.0,917000000.0,315000000.0,0.688,0.651,5398000000.0,27000000.0,5371000000.0,5398000000.0,0.0,1447000000.0,0.0,0.007,0.688,459000000.0,1906000000.0,0.481,1906000000.0,459000000.0,287000000.0,1.47,1.47,1.47,13249000000.0,13769000000.0,13249000000.0,19571886299.0,43.0,10.269,-958000000.0,-5.86,1.0,3047000000.0,0.769,0.0,172000000.0,27538000000.0,26631750000.0,37000000.0,532000000.0,46000000.0,486000000.0,8625000000.0,1263000000.0,7362000000.0,14898886299.0,-87000000.0,0.0,513000000.0,789000000.0,-112000000.0,1062000000.0,-3888000000.0,-485000000.0,2739000000.0,0.0,240000000.0,240000000.0,240000000.0,0.0,75000000.0,0.061,2352000000.0,695000000.0,457000000.0,0.468,1.125,62.079,63.17,21835000000.0,0.0,92.86,3.759,3.83,615000000.0,890000000.0,3964000000.0,3964000000.0,0.0,0.01,0.017,0.017,0.116,48000000.0,104000000.0,1.0,160444608.0,163493000.0,163843000.0,24.246,23531000000.0,161000000.0,47000000.0,1886000000.0,143.927,-394000000.0
2,FANG,MRY,2018-12-31,2018-12-31,2018-12-31,2021-08-05,0.0,21596000000.0,12145464000.0,925000000.0,20671000000.0,0.179,130.948,-3476000000.0,215000000.0,215000000.0,436000000.0,945000000.0,0.908,0.542,4479000000.0,0.0,4479000000.0,4479000000.0,0.0,623000000.0,0.0,0.004,0.375,1101000000.0,1724000000.0,0.792,1724000000.0,1101000000.0,1014000000.0,8.09,8.06,8.09,13700000000.0,7670472750.0,13700000000.0,11340278350.0,10.0,6.578,-1911000000.0,-18.266,1.0,1740000000.0,0.8,0.0,87000000.0,24841000000.0,13858146750.0,37000000.0,232000000.0,231000000.0,1000000.0,7429000000.0,1019000000.0,6410000000.0,9386608350.0,103000000.0,0.0,305000000.0,1888000000.0,-37000000.0,2041000000.0,-3503000000.0,0.0,1565000000.0,0.0,846000000.0,846000000.0,846000000.0,0.0,99000000.0,0.389,729000000.0,1011000000.0,271000000.0,0.046,0.685,11.095,11.459,20372000000.0,0.0,92.7,4.314,4.457,392000000.0,762000000.0,2176000000.0,2176000000.0,0.0,0.07,0.11,0.079,0.506,27000000.0,65000000.0,1.0,101257911.0,104622000.0,104929000.0,20.799,21596000000.0,97000000.0,168000000.0,1785000000.0,206.419,-94000000.0
3,FANG,MRY,2017-12-31,2017-12-31,2017-12-31,2021-08-05,0.0,7770985000.0,7053015500.0,358601000.0,7412384000.0,0.171,53.919,-3302000000.0,112446000.0,112446000.0,224000000.0,517000000.0,0.621,0.417,1584017000.0,100367000.0,1483650000.0,1584017000.0,0.0,327000000.0,0.0,0.0,0.0,503000000.0,830000000.0,0.689,830000000.0,503000000.0,462000000.0,4.95,4.94,4.95,5254860000.0,4905712750.0,5254860000.0,13633951236.0,27.0,16.426,-2413000000.0,-24.759,1.0,981000000.0,0.814,0.0,41000000.0,8665128000.0,7861239250.0,9108000.0,531000.0,531000.0,0.0,2189248000.0,577428000.0,1611820000.0,12393620236.0,-1554000000.0,0.0,370000000.0,361000000.0,0.0,689000000.0,-3132000000.0,0.0,889000000.0,0.0,482000000.0,482000000.0,482000000.0,0.0,35000000.0,0.4,376000000.0,605000000.0,163293000.0,0.0,2.359,25.713,25.505,7343617000.0,0.0,126.25,10.285,10.211,231613000.0,-37133000.0,1205000000.0,1205000000.0,0.0,0.068,0.098,0.064,0.417,26000000.0,48000000.0,1.0,98167289.0,97458000.0,97688000.0,12.364,7770985000.0,0.0,-20000000.0,108048000.0,79.737,-218827000.0
4,FANG,MRY,2016-12-31,2016-12-31,2016-12-31,2021-08-05,0.0,5349680000.0,3664668500.0,1792166000.0,3557514000.0,0.144,49.249,-1191167000.0,1667074000.0,1667074000.0,128490000.0,-164908000.0,8.561,0.36,1128520000.0,22608000.0,1105912000.0,1128520000.0,0.0,178015000.0,0.0,0.0,0.0,-124158000.0,53857000.0,0.102,53857000.0,-124158000.0,-164842000.0,-2.2,-2.2,-2.2,3697462000.0,2569926750.0,3697462000.0,8227643816.0,-66.0,152.768,-859087000.0,-11.443,1.0,398617000.0,0.756,0.0,40684000.0,4601784000.0,3590199750.0,1983000.0,709000.0,0.0,709000.0,1331388000.0,209342000.0,1122046000.0,7889364816.0,1646459000.0,0.0,2052001000.0,583376000.0,0.0,2624621000.0,-1310242000.0,-2345000.0,332080000.0,0.0,-165034000.0,-165034000.0,-165034000.0,0.0,126000.0,-0.313,467234000.0,-68617000.0,71054000.0,0.0,2.134,-47.804,-45.936,3390857000.0,0.0,101.06,14.967,14.394,120122000.0,-519394000.0,527107000.0,527107000.0,0.0,-0.045,-0.064,-0.035,-0.236,26453000.0,42619000.0,1.0,78066147.0,75077000.0,75077000.0,7.021,5349680000.0,0.0,192000.0,0.0,71.256,1582824000.0
5,FANG,MRY,2015-12-31,2015-12-31,2015-12-31,2021-08-05,0.0,2750719000.0,3001553000.0,108745000.0,2641974000.0,0.149,29.768,-902087000.0,20615000.0,20615000.0,121706000.0,-547790000.0,0.769,0.342,487807000.0,0.0,487807000.0,487807000.0,0.0,217697000.0,0.0,0.0,0.0,-710428000.0,-492731000.0,-1.103,-492731000.0,-710428000.0,-751938000.0,-8.74,-8.74,-8.74,1875972000.0,1956393000.0,1875972000.0,4907103968.0,-7.0,-9.959,-485586000.0,-7.705,1.0,325027000.0,0.728,0.0,41510000.0,3076490000.0,3375518250.0,1728000.0,4623000.0,4623000.0,0.0,641746000.0,141421000.0,500325000.0,4462430968.0,-10068000.0,0.0,655561000.0,-178526000.0,0.0,468481000.0,-895050000.0,-2702000.0,416501000.0,0.0,-550628000.0,-550628000.0,-550628000.0,0.0,2838000.0,-1.233,1065296000.0,-740269000.0,37191000.0,0.0,2.379,-8.104,-7.654,2597625000.0,0.0,66.9,9.989,9.437,78904000.0,-354360000.0,446733000.0,446733000.0,0.0,-0.183,-0.281,-0.21,-1.59,18529000.0,31968000.0,1.0,66703004.0,63019000.0,63019000.0,7.089,2750719000.0,0.0,-201310000.0,0.0,43.649,-32676000.0
6,FANG,MRY,2014-12-31,2014-12-31,2014-12-31,2021-08-05,0.0,3095481000.0,2475081750.0,251711000.0,2843770000.0,0.2,33.147,-1447576000.0,30683000.0,30683000.0,91310000.0,195971000.0,0.944,0.634,673500000.0,0.0,673500000.0,673500000.0,0.0,170005000.0,0.0,0.0,0.0,337254000.0,507259000.0,1.023,507259000.0,337254000.0,302740000.0,3.67,3.64,3.67,1751011000.0,1400087250.0,1751011000.0,3942039520.0,12.0,7.771,-1091187000.0,-20.656,1.0,404408000.0,0.816,0.0,34514000.0,3471569000.0,2834844750.0,2827000.0,117541000.0,115607000.0,1934000.0,1110268000.0,266729000.0,843539000.0,3392683520.0,14628000.0,0.0,935513000.0,210031000.0,0.0,1140236000.0,-1481997000.0,-34477000.0,356389000.0,0.0,193755000.0,193755000.0,193755000.0,0.0,2216000.0,0.391,191738000.0,212670000.0,56230000.0,0.0,1.938,17.51,16.289,2791807000.0,0.0,59.78,6.844,6.37,97994000.0,196268000.0,495718000.0,495718000.0,0.0,0.078,0.138,0.119,0.68,9816000.0,21266000.0,1.0,56752819.0,52826000.0,53297000.0,9.384,3095481000.0,0.0,108985000.0,201545000.0,58.598,-15018000.0
7,FANG,MRY,2013-12-31,2013-12-31,2013-12-31,2021-08-05,0.0,1521614000.0,1108653000.0,61968000.0,1459646000.0,0.188,20.125,-939923000.0,15555000.0,15555000.0,34974000.0,54587000.0,0.511,0.8,460000000.0,0.0,460000000.0,460000000.0,0.0,66597000.0,0.0,0.0,0.0,94399000.0,160996000.0,0.774,160996000.0,94399000.0,86341000.0,1.3,1.29,1.3,845541000.0,691030500.0,845541000.0,2887972094.0,31.0,17.938,-784146000.0,-18.663,1.0,173028000.0,0.832,0.0,8058000.0,1844739000.0,1207580250.0,5631000.0,431000.0,213000.0,218000.0,676073000.0,121320000.0,554753000.0,2488909094.0,-10803000.0,0.0,326181000.0,447639000.0,0.0,773560000.0,-940140000.0,-289000.0,155777000.0,0.0,54587000.0,54587000.0,54587000.0,0.0,0.0,0.262,77834000.0,95194000.0,11921000.0,0.0,2.944,45.595,40.677,1446337000.0,0.0,52.88,11.966,10.681,39273000.0,2513000.0,208002000.0,208002000.0,0.0,0.049,0.079,0.078,0.454,1003000.0,11036000.0,1.0,47067116.0,42015000.0,42255000.0,4.951,1521614000.0,112000.0,31754000.0,91764000.0,36.216,-59352000.0
8,FANG,MRY,2012-12-31,2012-12-31,2012-12-31,2021-08-05,0.0,606701000.0,435139500.0,50275000.0,556426000.0,0.172,23.431,-176441000.0,26358000.0,26358000.0,20908000.0,-36521000.0,0.635,0.313,5543000.0,4962000.0,581000.0,5543000.0,0.0,26273000.0,0.0,0.0,0.0,21992000.0,48265000.0,0.644,48265000.0,21992000.0,18382000.0,0.6,0.6,0.6,462068000.0,295552500.0,462068000.0,836315492.0,38.0,17.328,-126749000.0,-6.427,1.0,54054000.0,0.721,0.0,3610000.0,506654000.0,410217000.0,6195000.0,0.0,0.0,0.0,144633000.0,79232000.0,65401000.0,707182492.0,19399000.0,0.0,241172000.0,-85500000.0,0.0,152785000.0,-183078000.0,-6637000.0,49692000.0,0.0,-36521000.0,-36521000.0,-36521000.0,0.0,0.0,-0.487,36747000.0,17307000.0,34224000.0,0.0,1.53,-19.364,31.867,554242000.0,0.0,19.12,9.434,5.03,14812000.0,-52074000.0,74962000.0,74962000.0,0.0,-0.084,-0.124,0.054,0.293,3482000.0,10376000.0,1.0,36986532.0,19720734.0,19723774.0,3.801,606701000.0,1857000.0,54903000.0,62695000.0,30.765,-28957000.0
9,FANG,MRY,2011-12-31,2011-12-31,2011-12-31,2021-08-05,0.0,263578000.0,,30812000.0,232766000.0,,,-87184000.0,6959000.0,6959000.0,14898000.0,-386000.0,0.728,1.043,99459000.0,8320000.0,91139000.0,99459000.0,0.0,16104000.0,0.0,,0.0,2142000.0,18246000.0,0.37,18246000.0,2142000.0,-386000.0,,,,129037000.0,,129037000.0,,,,-56186000.0,,1.0,34468000.0,0.698,0.0,2528000.0,313780000.0,,6007000.0,10310000.0,0.0,10310000.0,134541000.0,42298000.0,92243000.0,,2840000.0,-10000.0,13517000.0,39463000.0,0.0,52950000.0,-81108000.0,6086000.0,30998000.0,0.0,-386000.0,-386000.0,-386000.0,0.0,0.0,-0.008,19321000.0,15147000.0,15165000.0,,,,,221149000.0,0.0,,,,17510000.0,0.0,49366000.0,49366000.0,0.0,,,,0.043,544000.0,3655000.0,1.0,,,,,263578000.0,0.0,0.0,0.0,,-11486000.0
10,FANG,MRY,2010-12-31,2010-12-31,2010-12-31,2021-08-05,,,,,,,,-55045000.0,,,6853000.0,8231000.0,,,,,,,,8145000.0,,,0.0,9067000.0,17212000.0,0.632,17212000.0,9067000.0,8231000.0,,,,,,,,,,-49853000.0,,1.0,20400000.0,0.749,,836000.0,,,,,,,,,,,1689000.0,0.0,20914000.0,36398000.0,-5579000.0,51733000.0,-55236000.0,-191000.0,5192000.0,0.0,8231000.0,8231000.0,8231000.0,0.0,0.0,0.302,11219000.0,9181000.0,,,,,,,0.0,,,,,,27253000.0,27253000.0,0.0,,,,0.333,0.0,3036000.0,1.0,,,,,,,0.0,,,
0,FANG,MRQ,2021-06-30,2021-06-30,2021-06-30,2021-08-05,0.0,22335000000.0,,1142000000.0,21193000000.0,,60.362,-367000000.0,362000000.0,362000000.0,341000000.0,328000000.0,0.579,0.956,8165000000.0,773000000.0,7392000000.0,8165000000.0,0.0,341000000.0,0.0,0.017,0.4,462000000.0,803000000.0,0.478,803000000.0,462000000.0,405000000.0,1.72,1.71,1.72,10926000000.0,,10926000000.0,25121842882.0,-17.0,-88.457,587000000.0,3.243,1.0,1340000000.0,0.797,0.0,57000000.0,28166000000.0,,52000000.0,536000000.0,13000000.0,523000000.0,10445000000.0,1972000000.0,8473000000.0,16993842882.0,222000000.0,-68000000.0,-12000000.0,-263000000.0,-72000000.0,-421000000.0,-311000000.0,39000000.0,954000000.0,0.0,311000000.0,311000000.0,311000000.0,0.0,17000000.0,0.185,385000000.0,955000000.0,508000000.0,0.233,1.555,-12.864,-10.829,20419000000.0,0.0,93.89,3.903,3.903,657000000.0,-3475000000.0,1681000000.0,1681000000.0,0.0,,,,,13000000.0,36000000.0,1.0,180997368.0,181009000.0,181968000.0,9.287,22335000000.0,61000000.0,94000000.0,879000000.0,123.392,-830000000.0
1,FANG,MRQ,2021-03-31,2021-03-31,2021-03-31,2021-08-05,0.0,21996000000.0,,851000000.0,21145000000.0,,65.012,-296000000.0,140000000.0,140000000.0,236000000.0,223000000.0,0.456,0.969,8268000000.0,795000000.0,7473000000.0,8268000000.0,0.0,273000000.0,0.0,0.021,0.4,341000000.0,614000000.0,0.519,614000000.0,341000000.0,285000000.0,1.34,1.33,1.34,10673000000.0,,10673000000.0,17625569898.0,-4.0,-4.674,328000000.0,1.998,1.0,948000000.0,0.801,0.0,56000000.0,28256000000.0,,52000000.0,529000000.0,0.0,529000000.0,10344000000.0,1868000000.0,8476000000.0,11612569898.0,66000000.0,-342000000.0,-24000000.0,71000000.0,-68000000.0,29000000.0,-587000000.0,-4000000.0,624000000.0,0.0,220000000.0,220000000.0,220000000.0,0.0,3000000.0,0.186,377000000.0,571000000.0,424000000.0,0.299,1.088,-2.885,-2.876,20352000000.0,0.0,73.49,3.748,3.894,599000000.0,-3713000000.0,1184000000.0,1184000000.0,0.0,,,,,10000000.0,25000000.0,1.0,158015647.0,164169000.0,164926000.0,7.212,21996000000.0,65000000.0,65000000.0,790000000.0,133.984,-1017000000.0
2,FANG,MRQ,2020-12-31,2020-12-31,2020-12-31,2021-08-05,0.0,17619000000.0,,602000000.0,17017000000.0,,55.675,-257000000.0,108000000.0,108000000.0,199000000.0,-756000000.0,0.487,0.889,6121000000.0,440000000.0,5681000000.0,6121000000.0,0.0,268000000.0,0.0,0.031,0.375,-891000000.0,-623000000.0,-0.81,-623000000.0,-891000000.0,-941000000.0,-4.68,-4.68,-4.68,8794000000.0,,8794000000.0,13587876260.0,-3.0,-3.298,146000000.0,0.924,1.0,570000000.0,0.741,0.0,50000000.0,22396000000.0,,33000000.0,534000000.0,1000000.0,533000000.0,7815000000.0,1236000000.0,6579000000.0,7645876260.0,9000000.0,0.0,-39000000.0,-40000000.0,-59000000.0,-148000000.0,-246000000.0,-39000000.0,403000000.0,0.0,-739000000.0,-739000000.0,-739000000.0,0.0,-17000000.0,-0.961,1316000000.0,-746000000.0,308000000.0,-0.08,0.869,-1.693,-1.693,16214000000.0,0.0,48.4,2.718,2.718,337000000.0,-3864000000.0,769000000.0,769000000.0,0.0,,,,,37000000.0,24000000.0,1.0,157972650.0,157952000.0,157952000.0,4.869,17619000000.0,173000000.0,-202000000.0,783000000.0,111.547,-634000000.0
3,FANG,MRQ,2020-09-30,2020-09-30,2020-09-30,2021-08-05,0.0,18760000000.0,,558000000.0,18202000000.0,,60.52,-306000000.0,99000000.0,99000000.0,216000000.0,-1105000000.0,0.454,0.847,6041000000.0,277000000.0,5764000000.0,6041000000.0,0.0,286000000.0,0.0,0.044,0.375,-1364000000.0,-1078000000.0,-1.497,-1078000000.0,-1364000000.0,-1417000000.0,-7.05,-7.05,-7.05,9552000000.0,,9552000000.0,10821661531.0,-2.0,-2.953,236000000.0,1.495,1.0,504000000.0,0.7,0.0,53000000.0,23473000000.0,,33000000.0,547000000.0,15000000.0,532000000.0,8091000000.0,1229000000.0,6862000000.0,4753661531.0,40000000.0,0.0,0.0,-100000000.0,-59000000.0,-182000000.0,-320000000.0,3000000.0,542000000.0,0.0,-1113000000.0,-1113000000.0,-1113000000.0,0.0,8000000.0,-1.546,1760000000.0,-1256000000.0,314000000.0,-0.053,0.498,-1.115,-1.12,17435000000.0,0.0,30.12,1.51,1.51,291000000.0,-3065000000.0,720000000.0,720000000.0,0.0,,,,,0.0,20000000.0,1.0,157824088.0,157833000.0,157833000.0,4.562,18760000000.0,175000000.0,-304000000.0,978000000.0,118.86,-671000000.0
4,FANG,MRQ,2020-06-30,2020-06-30,2020-06-30,2021-08-05,0.0,20337000000.0,,654000000.0,19683000000.0,,67.884,-562000000.0,59000000.0,59000000.0,193000000.0,-2411000000.0,0.616,0.794,6127000000.0,85000000.0,6042000000.0,6127000000.0,0.0,344000000.0,0.0,0.027,0.375,-3028000000.0,-2684000000.0,-6.315,-2684000000.0,-3028000000.0,-3074000000.0,-15.16,-15.16,-15.16,10714000000.0,,10714000000.0,12203858554.0,-4.0,-7.12,-238000000.0,-1.508,1.0,232000000.0,0.546,0.0,46000000.0,25344000000.0,,34000000.0,600000000.0,86000000.0,514000000.0,8502000000.0,1061000000.0,7441000000.0,6599858554.0,-96000000.0,-24000000.0,0.0,247000000.0,-59000000.0,192000000.0,-612000000.0,-15000000.0,324000000.0,0.0,-2393000000.0,-2393000000.0,-2393000000.0,0.0,-18000000.0,-5.631,2904000000.0,-2672000000.0,417000000.0,-0.025,0.616,-2.371,-2.379,18927000000.0,0.0,41.82,1.939,1.94,342000000.0,-1893000000.0,425000000.0,425000000.0,0.0,,,,,9000000.0,20000000.0,1.0,157815843.0,157829000.0,157829000.0,2.693,20337000000.0,178000000.0,-681000000.0,1286000000.0,128.855,-407000000.0
5,FANG,MRQ,2020-03-31,2020-03-31,2020-03-31,2021-08-05,0.0,23386000000.0,,1268000000.0,22118000000.0,,81.028,-855000000.0,155000000.0,155000000.0,257000000.0,-400000000.0,0.953,0.707,5759000000.0,16000000.0,5743000000.0,5759000000.0,0.0,409000000.0,0.0,0.036,0.375,-141000000.0,268000000.0,0.298,268000000.0,-141000000.0,-189000000.0,-1.72,-1.72,-1.72,12826000000.0,,12826000000.0,9417053533.0,32.0,5.149,-6000000.0,-0.038,1.0,642000000.0,0.714,0.0,48000000.0,27660000000.0,,36000000.0,1066000000.0,534000000.0,532000000.0,9070000000.0,1330000000.0,7740000000.0,4147053533.0,27000000.0,-40000000.0,-98000000.0,290000000.0,-59000000.0,101000000.0,-923000000.0,-33000000.0,849000000.0,0.0,-272000000.0,-272000000.0,-272000000.0,0.0,-128000000.0,-0.303,1444000000.0,-802000000.0,537000000.0,-0.218,0.323,-98.739,-87.333,21420000000.0,0.0,26.2,1.037,1.037,403000000.0,559000000.0,899000000.0,899000000.0,0.0,,,,,9000000.0,24000000.0,1.0,158284486.0,158291000.0,158494000.0,5.679,23386000000.0,0.0,83000000.0,1888000000.0,147.741,-62000000.0
6,FANG,MRQ,2019-12-31,2019-12-31,2019-12-31,2021-08-05,0.0,23531000000.0,,869000000.0,22662000000.0,,81.904,-893000000.0,128000000.0,128000000.0,259000000.0,-472000000.0,0.688,0.651,5398000000.0,27000000.0,5371000000.0,5398000000.0,0.0,401000000.0,0.0,0.007,0.188,-572000000.0,-171000000.0,-0.155,-171000000.0,-572000000.0,-611000000.0,-2.97,-2.95,-2.97,13249000000.0,,13249000000.0,19571886299.0,43.0,10.269,-6000000.0,-0.037,1.0,845000000.0,0.765,0.0,39000000.0,27538000000.0,,37000000.0,532000000.0,46000000.0,486000000.0,8625000000.0,1263000000.0,7362000000.0,14898886299.0,28000000.0,0.0,-193000000.0,548000000.0,-30000000.0,285000000.0,-1144000000.0,-260000000.0,887000000.0,0.0,-487000000.0,-487000000.0,-487000000.0,0.0,15000000.0,-0.441,1229000000.0,-384000000.0,457000000.0,-0.063,1.125,62.079,63.17,21835000000.0,0.0,92.86,3.759,3.83,615000000.0,890000000.0,1104000000.0,1104000000.0,0.0,,,,,48000000.0,36000000.0,1.0,160444608.0,161762000.0,161974000.0,6.825,23531000000.0,161000000.0,-124000000.0,1886000000.0,145.467,-394000000.0
7,FANG,MRQ,2019-09-30,2019-09-30,2019-09-30,2021-08-05,0.0,23553000000.0,,845000000.0,22708000000.0,,86.439,-1203000000.0,100000000.0,100000000.0,240000000.0,388000000.0,0.715,0.574,4773000000.0,10000000.0,4763000000.0,4773000000.0,0.0,365000000.0,0.0,0.007,0.188,508000000.0,873000000.0,0.895,873000000.0,508000000.0,470000000.0,2.27,2.26,2.27,14050000000.0,,14050000000.0,18838235960.0,13.0,6.878,-394000000.0,-2.424,1.0,735000000.0,0.754,0.0,38000000.0,27045000000.0,,45000000.0,423000000.0,140000000.0,283000000.0,8064000000.0,1181000000.0,6883000000.0,14659235960.0,-226000000.0,0.0,-296000000.0,289000000.0,-31000000.0,-63000000.0,-972000000.0,-39000000.0,809000000.0,0.0,368000000.0,368000000.0,368000000.0,0.0,20000000.0,0.377,386000000.0,349000000.0,440000000.0,0.083,1.043,14.177,12.717,22043000000.0,0.0,89.91,4.197,4.184,538000000.0,1407000000.0,975000000.0,975000000.0,0.0,,,,,0.0,19000000.0,1.0,163043443.0,162543000.0,162780000.0,5.998,23553000000.0,158000000.0,102000000.0,2019000000.0,144.903,-336000000.0
8,FANG,MRQ,2019-06-30,2019-06-30,2019-06-30,2021-08-05,0.0,23171000000.0,,972000000.0,22199000000.0,,84.956,-813000000.0,326000000.0,326000000.0,225000000.0,356000000.0,0.824,0.551,4505000000.0,25000000.0,4480000000.0,4505000000.0,0.0,359000000.0,0.0,0.005,0.188,500000000.0,859000000.0,0.841,859000000.0,500000000.0,451000000.0,2.12,2.11,2.12,14004000000.0,,14004000000.0,22562330179.0,19.0,10.113,-147000000.0,-0.892,1.0,796000000.0,0.78,0.0,49000000.0,26170000000.0,,44000000.0,239000000.0,29000000.0,210000000.0,7721000000.0,1180000000.0,6541000000.0,17944330179.0,200000000.0,0.0,674000000.0,-215000000.0,-30000000.0,369000000.0,-835000000.0,-37000000.0,666000000.0,0.0,349000000.0,349000000.0,349000000.0,0.0,7000000.0,0.342,385000000.0,411000000.0,343000000.0,0.089,1.281,21.804,17.053,21603000000.0,0.0,108.97,5.874,5.88,517000000.0,1069000000.0,1021000000.0,1021000000.0,0.0,,,,,-14000000.0,22000000.0,1.0,164672205.0,164839000.0,165019000.0,6.194,23171000000.0,150000000.0,102000000.0,1909000000.0,140.567,-208000000.0
9,FANG,MRQ,2019-03-31,2019-03-31,2019-03-31,2021-08-05,0.0,22268000000.0,,693000000.0,21575000000.0,,83.548,-788000000.0,126000000.0,126000000.0,193000000.0,43000000.0,0.623,0.563,4744000000.0,58000000.0,4686000000.0,4744000000.0,0.0,322000000.0,0.0,0.005,0.125,23000000.0,345000000.0,0.399,345000000.0,23000000.0,-23000000.0,0.06,0.06,0.06,13773000000.0,,13773000000.0,20954669929.0,23.0,12.113,-411000000.0,-2.493,1.0,671000000.0,0.777,0.0,46000000.0,25774000000.0,,39000000.0,155000000.0,5000000.0,150000000.0,7754000000.0,1112000000.0,6642000000.0,16689655929.0,-89000000.0,0.0,328000000.0,167000000.0,-21000000.0,471000000.0,-937000000.0,-149000000.0,377000000.0,0.0,10000000.0,10000000.0,10000000.0,0.0,33000000.0,0.012,352000000.0,319000000.0,331000000.0,2.083,1.212,24.083,15.644,21047000000.0,0.0,101.53,6.517,6.536,463000000.0,752000000.0,864000000.0,864000000.0,0.0,,,,,14000000.0,27000000.0,1.0,164381522.0,164852000.0,165061000.0,5.241,22268000000.0,150000000.0,-33000000.0,1802000000.0,135.079,-419000000.0
10,FANG,MRQ,2018-12-31,2018-12-31,2018-12-31,2021-08-05,0.0,21596000000.0,,925000000.0,20671000000.0,,111.674,-1812000000.0,215000000.0,215000000.0,148000000.0,306000000.0,0.908,0.542,4479000000.0,0.0,4479000000.0,4479000000.0,0.0,232000000.0,0.0,0.004,0.125,430000000.0,662000000.0,1.046,662000000.0,430000000.0,392000000.0,2.62,2.61,2.62,13700000000.0,,13700000000.0,11340278350.0,10.0,6.578,-1400000000.0,-11.412,1.0,485000000.0,0.766,0.0,38000000.0,24841000000.0,,37000000.0,232000000.0,231000000.0,1000000.0,7429000000.0,1019000000.0,6410000000.0,9386608350.0,-294000000.0,0.0,-1000000.0,1034000000.0,-12000000.0,978000000.0,-1684000000.0,0.0,412000000.0,0.0,307000000.0,307000000.0,307000000.0,0.0,-1000000.0,0.485,290000000.0,195000000.0,271000000.0,0.048,0.685,11.095,11.459,20372000000.0,0.0,92.7,4.314,4.457,392000000.0,762000000.0,633000000.0,633000000.0,0.0,,,,,9000000.0,20000000.0,1.0,101257911.0,122679000.0,123256000.0,5.16,21596000000.0,97000000.0,85000000.0,1785000000.0,176.037,-94000000.0
11,FANG,MRQ,2018-09-30,2018-09-30,2018-09-30,2021-08-05,0.0,9806573000.0,,795689000.0,9010884000.0,,60.153,-561000000.0,508446000.0,508446000.0,108000000.0,160000000.0,1.102,0.569,2462116000.0,123826000.0,2338290000.0,2462116000.0,0.0,146000000.0,0.0,0.002,0.125,219000000.0,365000000.0,0.68,365000000.0,219000000.0,200000000.0,1.59,1.59,1.59,5933359000.0,,5933359000.0,15305623474.0,20.0,12.065,-172000000.0,-1.744,1.0,429000000.0,0.799,0.0,19000000.0,11038456000.0,,14815000.0,0.0,0.0,0.0,3376776000.0,721787000.0,2654989000.0,13332632474.0,395000000.0,0.0,306000000.0,366000000.0,-13000000.0,627000000.0,-621000000.0,0.0,389000000.0,0.0,157000000.0,157000000.0,157000000.0,0.0,3000000.0,0.292,161000000.0,268000000.0,161469000.0,0.079,2.247,20.408,20.483,8714606000.0,0.0,135.19,6.865,6.866,264317000.0,467830000.0,537000000.0,537000000.0,0.0,,,,,5000000.0,14000000.0,1.0,98621440.0,98638000.0,98818000.0,5.444,9806573000.0,95551000.0,43000000.0,292795000.0,99.42,73902000.0
12,FANG,MRQ,2018-06-30,2018-06-30,2018-06-30,2021-08-05,0.0,8954395000.0,,393347000.0,8561048000.0,,57.106,-617000000.0,113927000.0,113927000.0,101000000.0,301000000.0,0.541,0.522,2086918000.0,111330000.0,1975588000.0,2086918000.0,0.0,130000000.0,0.0,0.001,0.125,228000000.0,358000000.0,0.679,358000000.0,228000000.0,212000000.0,2.22,2.22,2.22,5631449000.0,,5631449000.0,14709904951.0,23.0,13.694,-192000000.0,-1.947,1.0,426000000.0,0.808,0.0,16000000.0,10200309000.0,,13264000.0,0.0,0.0,0.0,2941928000.0,727077000.0,2214851000.0,12974302951.0,42000000.0,0.0,0.0,263000000.0,-12000000.0,230000000.0,-613000000.0,0.0,425000000.0,0.0,219000000.0,219000000.0,219000000.0,0.0,82000000.0,0.416,145000000.0,281000000.0,151524000.0,0.056,2.304,22.789,22.882,8343044000.0,0.0,131.57,7.604,7.604,258890000.0,323105000.0,527000000.0,527000000.0,0.0,,,,,6000000.0,15000000.0,1.0,98611408.0,98614000.0,98797000.0,5.344,8954395000.0,72049000.0,-7000000.0,217476000.0,90.802,-333730000.0
13,FANG,MRQ,2018-03-31,2018-03-31,2018-03-31,2021-08-05,0.0,8224888000.0,,324467000.0,7900421000.0,,54.965,-486000000.0,72487000.0,72487000.0,79000000.0,178000000.0,0.534,0.46,1808089000.0,99685000.0,1708404000.0,1808089000.0,0.0,115000000.0,0.0,0.0,0.0,224000000.0,339000000.0,0.708,339000000.0,224000000.0,210000000.0,1.65,1.65,1.65,5417083000.0,,5417083000.0,13891696404.0,24.0,14.476,-147000000.0,-1.492,1.0,400000000.0,0.835,0.0,14000000.0,9352822000.0,,8963000.0,0.0,0.0,0.0,2489706000.0,607668000.0,1882038000.0,12420125404.0,-40000000.0,0.0,0.0,225000000.0,0.0,206000000.0,-585000000.0,0.0,339000000.0,0.0,163000000.0,163000000.0,163000000.0,0.0,15000000.0,0.34,133000000.0,267000000.0,145184000.0,0.0,2.293,24.414,24.615,7751172000.0,0.0,126.52,8.573,8.607,236280000.0,116286000.0,479000000.0,479000000.0,0.0,,,,,7000000.0,16000000.0,1.0,98167289.0,98555000.0,98769000.0,4.86,8224888000.0,0.0,47000000.0,152369000.0,83.455,-283201000.0
14,FANG,MRQ,2017-12-31,2017-12-31,2017-12-31,2021-08-05,0.0,7770985000.0,,358601000.0,7412384000.0,,52.361,-412488000.0,112446000.0,112446000.0,69675000.0,129850000.0,0.621,0.417,1584017000.0,100367000.0,1483650000.0,1584017000.0,0.0,105319000.0,0.0,0.0,0.0,101243000.0,206562000.0,0.518,206562000.0,101243000.0,89905000.0,1.14,1.14,1.14,5254860000.0,,5254860000.0,13633951236.0,27.0,16.426,-161506000.0,-1.609,1.0,329408000.0,0.825,0.0,11338000.0,8665128000.0,,9108000.0,531000.0,531000.0,0.0,2189248000.0,577428000.0,1611820000.0,12393620236.0,82369000.0,0.0,-702000.0,213214000.0,0.0,198662000.0,-367275000.0,188000.0,250982000.0,0.0,114298000.0,114298000.0,114298000.0,0.0,15552000.0,0.286,115765000.0,213643000.0,163293000.0,0.0,2.359,25.713,25.505,7343617000.0,0.0,126.25,10.285,10.211,231613000.0,-37133000.0,399083000.0,399083000.0,0.0,,,,,6582000.0,10476000.0,1.0,98167289.0,100359000.0,100496000.0,3.977,7770985000.0,0.0,-24393000.0,108048000.0,77.432,-218827000.0
15,FANG,MRQ,2017-09-30,2017-09-30,2017-09-30,2021-08-05,0.0,7287568000.0,,193854000.0,7093714000.0,,49.911,-545538000.0,30205000.0,30205000.0,58790000.0,81948000.0,0.464,0.347,1270536000.0,10003000.0,1260533000.0,1270536000.0,0.0,87579000.0,0.0,0.0,0.0,83073000.0,170652000.0,0.566,170652000.0,83073000.0,73881000.0,0.74,0.74,0.74,4898500000.0,,4898500000.0,10748015402.0,25.0,15.125,-301951000.0,-3.077,1.0,242463000.0,0.805,0.0,9192000.0,8110282000.0,,4834000.0,1614000.0,1614000.0,0.0,1701445000.0,417617000.0,1283828000.0,9613088402.0,13617000.0,0.0,222619000.0,104391000.0,0.0,313279000.0,-543249000.0,0.0,243587000.0,0.0,73024000.0,73024000.0,73024000.0,0.0,8924000.0,0.242,99824000.0,142639000.0,127762000.0,0.0,1.962,24.442,23.268,7048607000.0,0.0,97.96,9.701,9.702,153692000.0,-151692000.0,301253000.0,301253000.0,0.0,,,,,6187000.0,11888000.0,1.0,98132793.0,98144000.0,98369000.0,3.069,7287568000.0,0.0,857000.0,3313000.0,74.254,-223763000.0
16,FANG,MRQ,2017-06-30,2017-06-30,2017-06-30,2021-08-05,0.0,6783809000.0,,221337000.0,6562472000.0,,49.088,-398105000.0,16588000.0,16588000.0,49711000.0,164128000.0,0.685,0.311,1151515000.0,0.0,1151515000.0,1151515000.0,0.0,75173000.0,0.0,0.0,0.0,168229000.0,243402000.0,0.903,243402000.0,168229000.0,159984000.0,1.61,1.61,1.61,4817624000.0,,4817624000.0,9663097499.0,27.0,16.303,-179601000.0,-1.83,1.0,219723000.0,0.815,0.0,8245000.0,7595570000.0,,4925000.0,46111000.0,41732000.0,4379000.0,1496875000.0,323166000.0,1173709000.0,8714751499.0,-20852000.0,0.0,0.0,164313000.0,0.0,156641000.0,-395997000.0,0.0,218504000.0,0.0,158405000.0,158405000.0,158405000.0,0.0,5723000.0,0.588,87415000.0,132308000.0,79812000.0,0.0,1.809,27.401,25.817,6508747000.0,0.0,88.81,10.477,10.478,154635000.0,-224716000.0,269434000.0,269434000.0,0.0,,,,,6168000.0,11892000.0,1.0,98128043.0,98142000.0,98354000.0,2.745,6783809000.0,321000.0,1579000.0,2655000.0,69.122,-101829000.0
17,FANG,MRQ,2017-03-31,2017-03-31,2017-03-31,2021-08-05,0.0,6369700000.0,,198774000.0,6170926000.0,,49.934,-1945869000.0,37440000.0,37440000.0,45824000.0,141074000.0,0.814,0.269,985786000.0,0.0,985786000.0,985786000.0,0.0,58929000.0,0.0,0.0,0.0,150455000.0,209384000.0,0.89,209384000.0,150455000.0,138230000.0,1.46,1.46,1.46,4651867000.0,,4651867000.0,8811174834.0,179.0,36.101,-1769942000.0,-18.999,1.0,189406000.0,0.805,0.0,12225000.0,7073977000.0,,3027000.0,17476000.0,14374000.0,3102000.0,1250342000.0,244069000.0,1006273000.0,9349728834.0,-1629134000.0,0.0,148083000.0,-120918000.0,0.0,20418000.0,-1825479000.0,-188000.0,175927000.0,0.0,136273000.0,136273000.0,136273000.0,0.0,4801000.0,0.579,72996000.0,116410000.0,68496000.0,0.0,2.01,2252.404,-305.059,6103097000.0,0.0,103.72,13.854,14.318,139476000.0,-383121000.0,235230000.0,235230000.0,0.0,,,,,7063000.0,13744000.0,1.0,90143934.0,93161000.0,93364000.0,2.525,6369700000.0,123000.0,1957000.0,1548000.0,68.373,-45295000.0
18,FANG,MRQ,2016-12-31,2016-12-31,2016-12-31,2021-08-05,0.0,5349680000.0,,1792166000.0,3557514000.0,,46.015,-208361000.0,1667074000.0,1667074000.0,36102000.0,28440000.0,8.561,0.36,1128520000.0,22608000.0,1105912000.0,1128520000.0,0.0,51329000.0,0.0,0.0,0.0,35840000.0,87169000.0,0.471,87169000.0,35840000.0,25422000.0,0.4,0.4,0.4,3697462000.0,,3697462000.0,8227643816.0,-66.0,152.768,-102627000.0,-1.277,1.0,148910000.0,0.805,0.0,10418000.0,4601784000.0,,1983000.0,709000.0,0.0,709000.0,1331388000.0,209342000.0,1122046000.0,7889364816.0,1499305000.0,0.0,1150828000.0,574504000.0,0.0,1721773000.0,-328202000.0,-1545000.0,105734000.0,0.0,25598000.0,25598000.0,25598000.0,0.0,2842000.0,0.138,61831000.0,87079000.0,71054000.0,0.0,2.134,-47.804,-45.936,3390857000.0,0.0,101.06,14.967,14.394,120122000.0,-519394000.0,185012000.0,185012000.0,0.0,,,,,5810000.0,10208000.0,1.0,78066147.0,80354000.0,80354000.0,2.302,5349680000.0,0.0,-176000.0,0.0,66.576,1582824000.0
19,FANG,MRQ,2016-09-30,2016-09-30,2016-09-30,2021-08-05,0.0,3525680000.0,,258270000.0,3267410000.0,,32.59,-803069000.0,167769000.0,167769000.0,34146000.0,-600000.0,1.476,0.275,506048000.0,6428000.0,499620000.0,506048000.0,0.0,44746000.0,0.0,0.0,0.0,8004000.0,52750000.0,0.371,52750000.0,8004000.0,-2230000.0,-0.03,-0.03,-0.03,2514869000.0,,2514869000.0,7819306304.0,-23.0,-46.391,-698504000.0,-9.052,1.0,107985000.0,0.76,0.0,10234000.0,3688934000.0,,1969000.0,0.0,0.0,0.0,690385000.0,175025000.0,515360000.0,7533465304.0,-51525000.0,0.0,646157000.0,2938000.0,0.0,645574000.0,-801664000.0,0.0,104565000.0,0.0,-2230000.0,-2230000.0,-2230000.0,0.0,1630000.0,-0.016,101292000.0,6693000.0,56397000.0,0.0,2.996,-19.928,-17.489,3223980000.0,0.0,96.54,16.506,16.322,85514000.0,-544992000.0,142131000.0,142131000.0,0.0,,,,,6265000.0,9908000.0,1.0,78034652.0,77167000.0,77167000.0,1.842,3525680000.0,0.0,0.0,0.0,45.689,83245000.0
20,FANG,MRQ,2016-06-30,2016-06-30,2016-06-30,2021-08-05,0.0,2840355000.0,,297950000.0,2542405000.0,,27.321,-73257000.0,219294000.0,219294000.0,29268000.0,-157121000.0,2.103,0.334,505135000.0,6824000.0,498311000.0,505135000.0,0.0,39871000.0,0.0,0.0,0.0,-145103000.0,-105232000.0,-0.936,-105232000.0,-145103000.0,-155122000.0,-2.17,-2.17,-2.17,1959464000.0,,1959464000.0,6789323595.0,-12.0,-17.122,-24236000.0,-0.338,1.0,83215000.0,0.74,0.0,10019000.0,2984491000.0,,1494000.0,0.0,0.0,0.0,653803000.0,141705000.0,512098000.0,6539992595.0,-17016000.0,0.0,126000.0,8438000.0,0.0,7182000.0,-73219000.0,0.0,49021000.0,0.0,-155490000.0,-155490000.0,-155490000.0,0.0,-1631000.0,-1.382,218001000.0,-134786000.0,41539000.0,0.0,3.338,-12.28,-11.56,2496373000.0,0.0,91.21,15.344,15.347,74914000.0,-542762000.0,112483000.0,112483000.0,0.0,,,,,6028000.0,9524000.0,1.0,71702583.0,71719000.0,71719000.0,1.568,2840355000.0,0.0,368000.0,0.0,39.604,156245000.0
21,FANG,MRQ,2016-03-31,2016-03-31,2016-03-31,2021-08-05,0.0,2942959000.0,,291064000.0,2651895000.0,,29.678,-106480000.0,236310000.0,236310000.0,28974000.0,-35627000.0,2.728,0.287,485641000.0,0.0,485641000.0,485641000.0,0.0,42069000.0,0.0,0.0,0.0,-22899000.0,19170000.0,0.219,19170000.0,-22899000.0,-32912000.0,-0.46,-0.46,-0.46,2107912000.0,,2107912000.0,5985308624.0,-8.0,-10.824,-33720000.0,-0.475,1.0,58507000.0,0.669,0.0,10013000.0,3085590000.0,,1591000.0,932000.0,821000.0,111000.0,605903000.0,106700000.0,499203000.0,5510423624.0,215695000.0,0.0,254890000.0,-2504000.0,0.0,250092000.0,-107157000.0,-800000.0,72760000.0,0.0,-32912000.0,-32912000.0,-32912000.0,0.0,-2715000.0,-0.376,86110000.0,-27603000.0,20335000.0,0.0,2.614,-9.349,-8.417,2607446000.0,0.0,77.18,12.732,12.665,49064000.0,-387272000.0,87481000.0,87481000.0,0.0,,,,,8350000.0,12979000.0,1.0,71397041.0,71026000.0,71026000.0,1.232,2942959000.0,0.0,0.0,0.0,41.435,184364000.0
22,FANG,MRQ,2015-12-31,2015-12-31,2015-12-31,2021-08-05,0.0,2750719000.0,,108745000.0,2641974000.0,,28.044,-116828000.0,20615000.0,20615000.0,27210000.0,-186835000.0,0.769,0.342,487807000.0,0.0,487807000.0,487807000.0,0.0,48549000.0,0.0,0.0,0.0,-183790000.0,-135241000.0,-1.183,-135241000.0,-183790000.0,-193896000.0,-2.86,-2.86,-2.86,1875972000.0,,1875972000.0,4907103968.0,-7.0,-9.959,-39931000.0,-0.597,1.0,87113000.0,0.762,0.0,10106000.0,3076490000.0,,1728000.0,4623000.0,4623000.0,0.0,641746000.0,141421000.0,500325000.0,4462430968.0,-23712000.0,0.0,2155000.0,6277000.0,0.0,6577000.0,-107186000.0,0.0,76897000.0,0.0,-187409000.0,-187409000.0,-187409000.0,0.0,574000.0,-1.639,274926000.0,-187813000.0,37191000.0,0.0,2.379,-8.104,-7.654,2597625000.0,0.0,66.9,9.989,9.437,78904000.0,-354360000.0,114323000.0,114323000.0,0.0,,,,,4870000.0,8522000.0,1.0,66703004.0,66895000.0,66895000.0,1.709,2750719000.0,0.0,-6487000.0,0.0,41.12,-32676000.0
23,FANG,MRQ,2015-09-30,2015-09-30,2015-09-30,2021-08-05,0.0,2991554000.0,,173439000.0,2818115000.0,,31.515,-106969000.0,44327000.0,44327000.0,32843000.0,-156042000.0,0.866,0.341,489000000.0,0.0,489000000.0,489000000.0,0.0,52375000.0,0.0,0.0,0.0,-227609000.0,-175234000.0,-1.565,-175234000.0,-227609000.0,-238242000.0,-2.4,-2.4,-2.4,2056411000.0,,2056411000.0,4786481847.0,-13.0,-34.557,32849000.0,0.503,1.0,79103000.0,0.707,0.0,10633000.0,3236055000.0,,2602000.0,40009000.0,40009000.0,0.0,701834000.0,200172000.0,501662000.0,4113659847.0,-851000.0,0.0,198556000.0,-228986000.0,0.0,-32770000.0,-107899000.0,-1027000.0,139818000.0,0.0,-156781000.0,-156781000.0,-156781000.0,0.0,739000.0,-1.401,333876000.0,-254773000.0,52431000.0,0.0,2.0,-15.55,-16.438,2758217000.0,0.0,64.6,8.866,9.085,83242000.0,-166951000.0,111946000.0,111946000.0,0.0,,,,,4402000.0,7526000.0,1.0,63678945.0,65251000.0,65251000.0,1.716,2991554000.0,5641000.0,-81461000.0,12396000.0,45.847,-26733000.0
24,FANG,MRQ,2015-06-30,2015-06-30,2015-06-30,2021-08-05,0.0,3171458000.0,,170362000.0,3001096000.0,,32.701,-524735000.0,45178000.0,45178000.0,29772000.0,-211352000.0,1.194,0.462,718000000.0,0.0,718000000.0,718000000.0,0.0,57096000.0,0.0,0.0,0.0,-318745000.0,-261649000.0,-2.198,-261649000.0,-318745000.0,-329019000.0,-3.45,-3.45,-3.45,2010088000.0,,2010088000.0,5027552210.0,-90.0,31.489,-424092000.0,-6.899,1.0,89291000.0,0.75,0.0,10274000.0,3701641000.0,,2658000.0,47910000.0,47910000.0,0.0,927839000.0,142639000.0,785200000.0,4448116210.0,13035000.0,0.0,334540000.0,106112000.0,0.0,438802000.0,-526410000.0,-1675000.0,100643000.0,0.0,-212287000.0,-212287000.0,-212287000.0,0.0,935000.0,-1.783,388411000.0,-299120000.0,42417000.0,0.0,2.213,-69.475,-101.865,2946397000.0,0.0,75.38,9.056,9.434,70411000.0,-10170000.0,119063000.0,119063000.0,0.0,,,,,4333000.0,7684000.0,1.0,59009236.0,61469000.0,61469000.0,1.937,3171458000.0,0.0,-116732000.0,70354000.0,51.594,27723000.0
25,FANG,MRQ,2015-03-31,2015-03-31,2015-03-31,2021-08-05,0.0,3092481000.0,,215372000.0,2877109000.0,,32.253,-153555000.0,32143000.0,32143000.0,31881000.0,6439000.0,1.17,0.518,611579000.0,0.0,611579000.0,611579000.0,0.0,59677000.0,0.0,0.0,0.0,19716000.0,79393000.0,0.783,79393000.0,19716000.0,9219000.0,0.1,0.1,0.1,1883101000.0,,1883101000.0,5168699378.0,16.0,10.095,-54412000.0,-0.932,1.0,69520000.0,0.686,0.0,10497000.0,3487887000.0,,2847000.0,92335000.0,92335000.0,0.0,975964000.0,184030000.0,791934000.0,4525882378.0,1460000.0,0.0,120310000.0,-61929000.0,0.0,55872000.0,-153555000.0,0.0,99143000.0,0.0,5849000.0,5849000.0,5849000.0,0.0,590000.0,0.058,68083000.0,1437000.0,25347000.0,0.0,2.403,25.713,23.571,2825672000.0,0.0,76.84,9.068,8.989,83210000.0,202117000.0,101401000.0,101401000.0,0.0,,,,,4924000.0,8236000.0,1.0,58900083.0,58386000.0,58626000.0,1.737,3092481000.0,0.0,3370000.0,203970000.0,52.966,31342000.0
26,FANG,MRQ,2014-12-31,2014-12-31,2014-12-31,2021-08-05,0.0,3095481000.0,,251711000.0,2843770000.0,,30.808,-192346000.0,30683000.0,30683000.0,33599000.0,99917000.0,0.944,0.634,673500000.0,0.0,673500000.0,673500000.0,0.0,53641000.0,0.0,0.0,0.0,165341000.0,218982000.0,1.664,218982000.0,165341000.0,154917000.0,1.82,1.81,1.82,1751011000.0,,1751011000.0,3942039520.0,12.0,7.771,-87952000.0,-1.547,1.0,97984000.0,0.745,0.0,10424000.0,3471569000.0,,2827000.0,117541000.0,115607000.0,1934000.0,1110268000.0,266729000.0,843539000.0,3392683520.0,-10461000.0,0.0,1950000.0,82389000.0,0.0,78061000.0,-192916000.0,-626000.0,104394000.0,0.0,98674000.0,98674000.0,98674000.0,0.0,1243000.0,0.75,60085000.0,37899000.0,56230000.0,0.0,1.938,17.51,16.289,2791807000.0,0.0,59.78,6.844,6.37,97994000.0,196268000.0,131583000.0,131583000.0,0.0,,,,,3680000.0,6280000.0,1.0,56752819.0,56837000.0,57524000.0,2.315,3095481000.0,0.0,56243000.0,201545000.0,54.462,-15018000.0
27,FANG,MRQ,2014-09-30,2014-09-30,2014-09-30,2021-08-05,0.0,2820555000.0,,143261000.0,2677294000.0,,29.945,-731585000.0,40644000.0,40644000.0,23619000.0,44641000.0,0.73,0.566,590000000.0,0.0,590000000.0,590000000.0,0.0,45370000.0,0.0,0.0,0.0,77563000.0,122933000.0,0.884,122933000.0,77563000.0,67717000.0,0.79,0.79,0.79,1651528000.0,,1651528000.0,4704374445.0,22.0,13.454,-639296000.0,-11.592,1.0,115508000.0,0.83,0.0,9846000.0,3173625000.0,,3105000.0,6061000.0,6061000.0,0.0,934709000.0,196286000.0,738423000.0,4234988445.0,3651000.0,0.0,582201000.0,92681000.0,0.0,676798000.0,-765436000.0,-33851000.0,92289000.0,0.0,43739000.0,43739000.0,43739000.0,0.0,902000.0,0.314,51992000.0,63516000.0,25960000.0,0.0,2.564,36.76,32.798,2626159000.0,0.0,74.78,9.624,9.372,90228000.0,97594000.0,139127000.0,139127000.0,0.0,,,,,2818000.0,6495000.0,1.0,56632635.0,55152000.0,55442000.0,2.523,2820555000.0,0.0,23978000.0,141352000.0,51.141,-53025000.0
28,FANG,MRQ,2014-06-30,2014-06-30,2014-06-30,2021-08-05,0.0,2047394000.0,,114704000.0,1932690000.0,,21.957,-124461000.0,36993000.0,36993000.0,19753000.0,27824000.0,0.679,0.713,506379000.0,10379000.0,496000000.0,506379000.0,0.0,40021000.0,0.0,0.0,0.0,50655000.0,90676000.0,0.714,90676000.0,50655000.0,42916000.0,0.55,0.54,0.55,1114901000.0,,1114901000.0,5074693388.0,32.0,18.87,-36221000.0,-0.713,1.0,107251000.0,0.844,0.0,7739000.0,2347903000.0,,3308000.0,0.0,0.0,0.0,795057000.0,168877000.0,626180000.0,4510097388.0,11679000.0,0.0,140728000.0,-91957000.0,0.0,47900000.0,-124461000.0,0.0,88240000.0,0.0,27753000.0,27753000.0,27753000.0,0.0,71000.0,0.219,44059000.0,63192000.0,38712000.0,0.0,4.045,52.405,48.791,1919988000.0,0.0,88.8,12.573,12.57,68655000.0,53855000.0,127004000.0,127004000.0,0.0,,,,,1128000.0,3934000.0,1.0,50789385.0,50777000.0,51142000.0,2.501,2047394000.0,4327000.0,15163000.0,124743000.0,40.321,-54173000.0
29,FANG,MRQ,2014-03-31,2014-03-31,2014-03-31,2021-08-05,0.0,1936897000.0,,90653000.0,1846244000.0,,22.352,-399184000.0,25314000.0,25314000.0,14339000.0,23589000.0,0.584,0.789,589910000.0,2910000.0,587000000.0,589910000.0,0.0,30973000.0,0.0,0.0,0.0,43695000.0,74668000.0,0.762,74668000.0,43695000.0,37190000.0,0.49,0.48,0.49,1082909000.0,,1082909000.0,3615164399.0,28.0,16.746,-327718000.0,-6.764,1.0,83665000.0,0.854,0.0,6505000.0,2346282000.0,,5889000.0,0.0,0.0,0.0,853988000.0,155211000.0,698777000.0,3170719399.0,9759000.0,0.0,210634000.0,126918000.0,0.0,337477000.0,-399184000.0,0.0,71466000.0,0.0,23589000.0,23589000.0,23589000.0,0.0,0.0,0.241,35602000.0,48063000.0,37445000.0,0.0,2.928,43.566,41.043,1833578000.0,0.0,67.31,11.443,11.768,56578000.0,26102000.0,98004000.0,98004000.0,0.0,,,,,2190000.0,4557000.0,1.0,47106216.0,48447000.0,48867000.0,2.023,1936897000.0,1377000.0,13601000.0,106630000.0,39.98,-64558000.0
30,FANG,MRQ,2013-12-31,2013-12-31,2013-12-31,2021-08-05,0.0,1521614000.0,,61968000.0,1459646000.0,,17.939,-110040000.0,15555000.0,15555000.0,10671000.0,20124000.0,0.511,0.8,460000000.0,0.0,460000000.0,460000000.0,0.0,23621000.0,0.0,0.0,0.0,37764000.0,61385000.0,0.809,61385000.0,37764000.0,31815000.0,0.45,0.44,0.45,845541000.0,,845541000.0,2887972094.0,31.0,17.938,-45910000.0,-0.974,1.0,65237000.0,0.859,0.0,5949000.0,1844739000.0,,5631000.0,431000.0,213000.0,218000.0,676073000.0,121320000.0,554753000.0,2488909094.0,-37545000.0,0.0,885000.0,7163000.0,0.0,8293000.0,-109968000.0,0.0,64130000.0,0.0,20124000.0,20124000.0,20124000.0,0.0,0.0,0.265,27511000.0,37726000.0,11921000.0,0.0,2.944,45.595,40.677,1446337000.0,0.0,52.88,11.966,10.681,39273000.0,2513000.0,75908000.0,75908000.0,0.0,,,,,-423000.0,3823000.0,1.0,47067116.0,47133000.0,47448000.0,1.611,1521614000.0,112000.0,11691000.0,91764000.0,32.283,-59352000.0
31,FANG,MRQ,2013-09-30,2013-09-30,2013-09-30,2021-08-05,0.0,1465896000.0,,91915000.0,1373981000.0,,18.541,-691497000.0,53100000.0,53100000.0,8778000.0,14596000.0,0.84,0.781,452163000.0,2078000.0,450085000.0,452163000.0,0.0,17423000.0,0.0,0.0,0.0,24784000.0,42207000.0,0.73,42207000.0,24784000.0,23695000.0,0.33,0.33,0.33,822938000.0,,822938000.0,1718814724.0,29.0,15.267,-649648000.0,-14.637,1.0,49013000.0,0.848,0.0,1089000.0,1755508000.0,,6228000.0,750000.0,223000.0,527000.0,642958000.0,109451000.0,533507000.0,1797767724.0,-28798000.0,0.0,180360000.0,440548000.0,0.0,620850000.0,-691497000.0,0.0,41849000.0,0.0,14596000.0,14596000.0,14596000.0,0.0,0.0,0.253,19590000.0,29423000.0,31143000.0,0.0,2.185,-102.082,,1361121000.0,0.0,42.64,11.388,11.989,31282000.0,-17611000.0,57791000.0,57791000.0,0.0,,,,,490000.0,2121000.0,1.0,42161532.0,44385000.0,44698000.0,1.302,1465896000.0,423000.0,9099000.0,80544000.0,33.027,-17536000.0
32,FANG,MRQ,2013-06-30,2013-06-30,2013-06-30,2021-08-05,0.0,798639000.0,,116536000.0,682103000.0,,15.928,-64581000.0,81898000.0,81898000.0,8530000.0,14471000.0,1.195,0.273,2945000.0,2824000.0,121000.0,2945000.0,0.0,14815000.0,0.0,0.0,0.0,22808000.0,37623000.0,0.829,37623000.0,22808000.0,22273000.0,0.37,0.36,0.37,627609000.0,,627609000.0,1268139246.0,35.0,16.238,-31638000.0,-0.803,1.0,36864000.0,0.812,0.0,535000.0,622199000.0,,6271000.0,3191000.0,3191000.0,0.0,171030000.0,97487000.0,73543000.0,1232391246.0,76382000.0,0.0,144936000.0,-36572000.0,0.0,108020000.0,-64581000.0,0.0,32943000.0,0.0,14471000.0,14471000.0,14471000.0,0.0,0.0,0.319,17481000.0,19383000.0,28374000.0,0.0,1.964,-38.809,,681172000.0,0.0,33.32,10.544,11.232,24369000.0,-32207000.0,45394000.0,45394000.0,0.0,,,,,281000.0,2621000.0,1.0,36986532.0,39402000.0,39719000.0,1.152,798639000.0,0.0,7802000.0,71280000.0,20.269,19049000.0
33,FANG,MRQ,2013-03-31,2013-03-31,2013-03-31,2021-08-05,0.0,648463000.0,,34516000.0,613947000.0,,12.629,-73805000.0,5516000.0,5516000.0,6995000.0,5396000.0,0.452,0.386,41264000.0,4607000.0,36657000.0,41264000.0,0.0,10738000.0,0.0,0.0,0.0,9043000.0,19781000.0,0.684,19781000.0,9043000.0,8558000.0,0.15,0.15,0.15,468034000.0,,468034000.0,971903519.0,34.0,15.951,-56950000.0,-1.537,1.0,21914000.0,0.758,0.0,485000.0,607875000.0,,6247000.0,1083000.0,914000.0,169000.0,180429000.0,76336000.0,104093000.0,992718519.0,-20842000.0,0.0,0.0,36500000.0,0.0,36397000.0,-74094000.0,-289000.0,16855000.0,0.0,5396000.0,5396000.0,5396000.0,0.0,0.0,0.187,13252000.0,8662000.0,12134000.0,0.0,2.121,-30.45,,612813000.0,0.0,26.84,11.343,11.365,19678000.0,-46678000.0,28909000.0,28909000.0,0.0,,,,,655000.0,2471000.0,1.0,36986532.0,37059000.0,37206000.0,0.78,648463000.0,1205000.0,3162000.0,65206000.0,17.498,-41820000.0
34,FANG,MRQ,2012-12-31,2012-12-31,2012-12-31,2021-08-05,0.0,606701000.0,,50275000.0,556426000.0,,23.431,-94188000.0,26358000.0,26358000.0,7945000.0,-52074000.0,0.635,0.313,5543000.0,4962000.0,581000.0,5543000.0,0.0,9721000.0,0.0,0.0,0.0,3255000.0,12976000.0,0.504,12976000.0,3255000.0,2829000.0,,,,462068000.0,,462068000.0,836315492.0,38.0,17.328,-77960000.0,-3.953,1.0,17822000.0,0.692,0.0,426000.0,506654000.0,,6195000.0,0.0,0.0,0.0,144633000.0,79232000.0,65401000.0,707182492.0,24916000.0,0.0,237164000.0,-130473000.0,0.0,104813000.0,-96125000.0,-1937000.0,16228000.0,0.0,-52074000.0,-52074000.0,-52074000.0,0.0,0.0,-2.021,15645000.0,2177000.0,34224000.0,,1.53,-19.364,31.867,554242000.0,0.0,19.12,9.434,5.03,14812000.0,-52074000.0,25767000.0,25767000.0,0.0,,,,,2609000.0,5889000.0,1.0,36986532.0,19720734.0,,1.307,606701000.0,1857000.0,54903000.0,62695000.0,30.765,-28957000.0
35,FANG,MRQ,2012-09-30,2012-09-30,2012-09-30,2021-08-05,0.0,307767000.0,,26904000.0,280863000.0,,3.369,-26421000.0,1275000.0,1275000.0,4920000.0,452000.0,0.448,1.47,130408000.0,10133000.0,120275000.0,130408000.0,0.0,6136000.0,0.0,,0.0,1582000.0,7718000.0,0.459,7718000.0,1582000.0,452000.0,,,,124600000.0,,124600000.0,,,,-15618000.0,-0.422,1.0,11894000.0,0.707,0.0,1130000.0,376828000.0,,6310000.0,0.0,0.0,0.0,183167000.0,60072000.0,123095000.0,,-899000.0,0.0,0.0,15915000.0,0.0,15635000.0,-27337000.0,-916000.0,10803000.0,0.0,452000.0,452000.0,452000.0,0.0,0.0,0.027,7808000.0,4086000.0,26175000.0,,,,,277350000.0,0.0,,,,18223000.0,,16814000.0,16814000.0,0.0,,,,,291000.0,1650000.0,1.0,36986532.0,36986532.0,,0.455,307767000.0,0.0,0.0,0.0,8.321,-33168000.0
36,FANG,MRQ,2012-06-30,2012-06-30,2012-06-30,2021-08-05,,,,,,,,-23669000.0,,,4390000.0,13624000.0,,,,,,,,5659000.0,,,0.0,14797000.0,20456000.0,1.276,20456000.0,14797000.0,13624000.0,,,,,,,,,,-20560000.0,,1.0,11640000.0,0.726,,1173000.0,,,,,,,,,,,-6902000.0,0.0,234000.0,16577000.0,0.0,16082000.0,-26093000.0,-2424000.0,3109000.0,0.0,13624000.0,13624000.0,13624000.0,0.0,0.0,0.85,7333000.0,4307000.0,,,,,,,0.0,,,,,,16030000.0,16030000.0,0.0,,,,,291000.0,1653000.0,1.0,,,,,,,0.0,,,
37,FANG,MRQ,2012-03-31,2012-03-31,2012-03-31,2021-08-05,,,,,,,,-32163000.0,,,3653000.0,1477000.0,,,,,,,,4757000.0,,,0.0,2358000.0,7115000.0,0.435,7115000.0,2358000.0,1477000.0,,,,,,,,,,-12611000.0,,1.0,12698000.0,0.777,,881000.0,,,,,,,,,,,2284000.0,0.0,3774000.0,12481000.0,0.0,16255000.0,-33523000.0,-1360000.0,19552000.0,0.0,1477000.0,1477000.0,1477000.0,0.0,0.0,0.09,5961000.0,6737000.0,,,,,,,0.0,,,,,,16351000.0,16351000.0,0.0,,,,,291000.0,1184000.0,1.0,,,,,,,0.0,,,
38,FANG,MRQ,2011-12-31,2011-12-31,2011-12-31,2021-08-05,0.0,263578000.0,,30812000.0,232766000.0,,,-30633000.0,6959000.0,6959000.0,3993000.0,-8798000.0,0.728,1.043,99459000.0,8320000.0,91139000.0,99459000.0,0.0,4480000.0,0.0,,0.0,-8085000.0,-3605000.0,-0.242,-3605000.0,-8085000.0,-8798000.0,,,,129037000.0,,129037000.0,,,,-13675000.0,,1.0,10873000.0,0.731,0.0,713000.0,313780000.0,,6007000.0,10310000.0,0.0,10310000.0,134541000.0,42298000.0,92243000.0,,3712000.0,0.0,12807000.0,4595000.0,0.0,17372000.0,-30618000.0,15000.0,16958000.0,0.0,-8798000.0,-8798000.0,-8798000.0,0.0,0.0,-0.592,5979000.0,4894000.0,15165000.0,,,,,221149000.0,0.0,,,,17510000.0,0.0,14866000.0,14866000.0,0.0,,,,,285000.0,1479000.0,1.0,,,,,263578000.0,0.0,0.0,0.0,,-11486000.0
39,FANG,MRQ,2011-09-30,2011-09-30,2011-09-30,2021-08-05,,,,,,,,,,,3707000.0,2089000.0,,,,,,,,,,,0.0,2807000.0,,,,2807000.0,2089000.0,,,,,,,,,,,,1.0,7264000.0,0.662,,718000.0,,,,,,,,,,,,,,,,,,,,,2089000.0,2089000.0,2089000.0,0.0,0.0,0.19,4452000.0,2812000.0,,,,,,,0.0,,,,,,10971000.0,10971000.0,0.0,,,,,,755000.0,1.0,,,,,,,0.0,,,
0,FANG,MRT,2021-06-30,2021-06-30,2021-06-30,2021-08-05,0.0,22335000000.0,20177500000.0,1142000000.0,21193000000.0,0.216,60.362,-1226000000.0,362000000.0,362000000.0,992000000.0,-1310000000.0,0.579,0.956,8165000000.0,773000000.0,7392000000.0,8165000000.0,0.0,1168000000.0,0.0,0.017,1.55,-1452000000.0,-284000000.0,-0.065,-284000000.0,-1452000000.0,-1668000000.0,-8.67,-8.69,-8.67,10926000000.0,9986250000.0,10926000000.0,25121842882.0,-17.0,-88.457,1297000000.0,7.165,1.0,3362000000.0,0.772,0.0,216000000.0,28166000000.0,25572750000.0,52000000.0,536000000.0,13000000.0,523000000.0,10445000000.0,1972000000.0,8473000000.0,16993842882.0,337000000.0,-410000000.0,-75000000.0,-332000000.0,-258000000.0,-722000000.0,-1464000000.0,-1000000.0,2523000000.0,0.0,-1321000000.0,-1321000000.0,-1321000000.0,0.0,11000000.0,-0.303,3838000000.0,-476000000.0,508000000.0,-0.179,1.555,-12.864,-10.829,20419000000.0,0.0,93.89,3.903,3.903,657000000.0,-3475000000.0,4354000000.0,4354000000.0,0.0,-0.065,-0.132,-0.057,-0.333,60000000.0,105000000.0,1.0,180997368.0,181009000.0,181968000.0,24.054,22335000000.0,61000000.0,-347000000.0,879000000.0,123.392,-830000000.0
1,FANG,MRT,2021-03-31,2021-03-31,2021-03-31,2021-08-05,0.0,21996000000.0,19678000000.0,851000000.0,21145000000.0,0.157,65.012,-1421000000.0,140000000.0,140000000.0,844000000.0,-4049000000.0,0.456,0.969,8268000000.0,795000000.0,7473000000.0,8268000000.0,0.0,1171000000.0,0.0,0.021,1.525,-4942000000.0,-3771000000.0,-1.217,-3771000000.0,-4942000000.0,-5147000000.0,-25.55,-25.56,-25.55,10673000000.0,9933250000.0,10673000000.0,17625569898.0,-4.0,-4.674,472000000.0,2.875,1.0,2254000000.0,0.728,0.0,205000000.0,28256000000.0,24867250000.0,52000000.0,529000000.0,0.0,529000000.0,10344000000.0,1868000000.0,8476000000.0,11612569898.0,19000000.0,-366000000.0,-63000000.0,178000000.0,-245000000.0,-109000000.0,-1765000000.0,-55000000.0,1893000000.0,0.0,-4025000000.0,-4025000000.0,-4025000000.0,0.0,-24000000.0,-1.299,6357000000.0,-4103000000.0,424000000.0,-0.06,1.088,-2.885,-2.876,20352000000.0,0.0,73.49,3.748,3.894,599000000.0,-3713000000.0,3098000000.0,3098000000.0,0.0,-0.205,-0.405,-0.199,-1.595,56000000.0,89000000.0,1.0,158015647.0,164169000.0,164926000.0,18.871,21996000000.0,65000000.0,-1122000000.0,790000000.0,133.984,-1017000000.0
2,FANG,MRT,2020-12-31,2020-12-31,2020-12-31,2021-08-05,0.0,17619000000.0,20025500000.0,602000000.0,17017000000.0,0.14,55.667,-2044000000.0,108000000.0,108000000.0,865000000.0,-4672000000.0,0.487,0.889,6121000000.0,440000000.0,5681000000.0,6121000000.0,0.0,1304000000.0,0.0,0.031,1.5,-5424000000.0,-4120000000.0,-1.465,-4120000000.0,-5424000000.0,-5621000000.0,-28.59,-28.59,-28.59,8794000000.0,10471500000.0,8794000000.0,13587876260.0,-3.0,-3.298,74000000.0,0.468,1.0,1948000000.0,0.692,0.0,197000000.0,22396000000.0,24718250000.0,33000000.0,534000000.0,1000000.0,533000000.0,7815000000.0,1236000000.0,6579000000.0,7645876260.0,-20000000.0,0.0,-137000000.0,397000000.0,-236000000.0,-37000000.0,-2101000000.0,-102000000.0,2118000000.0,0.0,-4517000000.0,-4517000000.0,-4517000000.0,0.0,-155000000.0,-1.606,7424000000.0,-5476000000.0,308000000.0,-0.052,0.869,-1.693,-1.693,16214000000.0,0.0,48.4,2.718,2.718,337000000.0,-3864000000.0,2813000000.0,2813000000.0,0.0,-0.226,-0.431,-0.219,-1.928,37000000.0,88000000.0,1.0,157972650.0,157976000.0,157976000.0,17.807,17619000000.0,173000000.0,-1104000000.0,783000000.0,111.53,-634000000.0
3,FANG,MRT,2020-09-30,2020-09-30,2020-09-30,2021-08-05,0.0,18760000000.0,21503500000.0,558000000.0,18202000000.0,0.146,60.52,-2616000000.0,99000000.0,99000000.0,925000000.0,-4388000000.0,0.454,0.847,6041000000.0,277000000.0,5764000000.0,6041000000.0,0.0,1440000000.0,0.0,0.044,1.312,-5105000000.0,-3665000000.0,-1.164,-3665000000.0,-5105000000.0,-5291000000.0,-26.9,-26.88,-26.9,9552000000.0,11585250000.0,9552000000.0,10821661531.0,-2.0,-2.953,-14000000.0,-0.089,1.0,2223000000.0,0.706,0.0,186000000.0,23473000000.0,26003750000.0,33000000.0,547000000.0,15000000.0,532000000.0,8091000000.0,1229000000.0,6862000000.0,4753661531.0,-1000000.0,-64000000.0,-291000000.0,985000000.0,-207000000.0,396000000.0,-2999000000.0,-305000000.0,2602000000.0,0.0,-4265000000.0,-4265000000.0,-4265000000.0,0.0,-123000000.0,-1.355,7337000000.0,-5114000000.0,314000000.0,-0.049,0.498,-1.115,-1.12,17435000000.0,0.0,30.12,1.51,1.51,291000000.0,-3065000000.0,3148000000.0,3148000000.0,0.0,-0.198,-0.368,-0.196,-1.622,66000000.0,100000000.0,1.0,157824088.0,157833000.0,157833000.0,19.945,18760000000.0,175000000.0,-1026000000.0,978000000.0,118.86,-671000000.0
4,FANG,MRT,2020-06-30,2020-06-30,2020-06-30,2021-08-05,0.0,20337000000.0,22701750000.0,654000000.0,19683000000.0,0.15,67.884,-3513000000.0,59000000.0,59000000.0,949000000.0,-2895000000.0,0.616,0.794,6127000000.0,85000000.0,6042000000.0,6127000000.0,0.0,1519000000.0,0.0,0.027,1.125,-3233000000.0,-1714000000.0,-0.504,-1714000000.0,-3233000000.0,-3404000000.0,-17.58,-17.57,-17.58,10714000000.0,12709750000.0,10714000000.0,12203858554.0,-4.0,-7.12,-644000000.0,-4.08,1.0,2454000000.0,0.721,0.0,171000000.0,25344000000.0,26896750000.0,34000000.0,600000000.0,86000000.0,514000000.0,8502000000.0,1061000000.0,7441000000.0,6599858554.0,-267000000.0,-64000000.0,-587000000.0,1374000000.0,-179000000.0,515000000.0,-3651000000.0,-347000000.0,2869000000.0,0.0,-2784000000.0,-2784000000.0,-2784000000.0,0.0,-111000000.0,-0.818,5963000000.0,-3509000000.0,417000000.0,-0.064,0.616,-2.371,-2.379,18927000000.0,0.0,41.82,1.939,1.94,342000000.0,-1893000000.0,3403000000.0,3403000000.0,0.0,-0.123,-0.219,-0.12,-0.95,66000000.0,99000000.0,1.0,157815843.0,157829000.0,157829000.0,21.561,20337000000.0,178000000.0,-620000000.0,1286000000.0,128.855,-407000000.0
5,FANG,MRT,2020-03-31,2020-03-31,2020-03-31,2021-08-05,0.0,23386000000.0,23410250000.0,1268000000.0,22118000000.0,0.171,81.028,-3764000000.0,155000000.0,155000000.0,981000000.0,-128000000.0,0.953,0.707,5759000000.0,16000000.0,5743000000.0,5759000000.0,0.0,1534000000.0,0.0,0.036,0.938,295000000.0,1829000000.0,0.457,1829000000.0,295000000.0,121000000.0,-0.3,-0.3,-0.3,12826000000.0,13532250000.0,12826000000.0,9417053533.0,32.0,5.149,-553000000.0,-3.494,1.0,3018000000.0,0.755,0.0,174000000.0,27660000000.0,27103250000.0,36000000.0,1066000000.0,534000000.0,532000000.0,9070000000.0,1330000000.0,7740000000.0,4147053533.0,29000000.0,-40000000.0,87000000.0,912000000.0,-150000000.0,692000000.0,-3874000000.0,-369000000.0,3211000000.0,0.0,-42000000.0,-42000000.0,-42000000.0,0.0,-86000000.0,-0.011,3444000000.0,-426000000.0,537000000.0,-3.127,0.323,-98.739,-87.333,21420000000.0,0.0,26.2,1.037,1.037,403000000.0,559000000.0,3999000000.0,3999000000.0,0.0,-0.002,-0.003,0.011,0.074,43000000.0,101000000.0,1.0,158284486.0,158291000.0,158494000.0,25.264,23386000000.0,0.0,163000000.0,1888000000.0,147.741,-62000000.0
6,FANG,MRT,2019-12-31,2019-12-31,2019-12-31,2021-08-05,0.0,23531000000.0,23130750000.0,869000000.0,22662000000.0,0.171,81.037,-3697000000.0,128000000.0,128000000.0,917000000.0,315000000.0,0.688,0.651,5398000000.0,27000000.0,5371000000.0,5398000000.0,0.0,1447000000.0,0.0,0.007,0.688,459000000.0,1906000000.0,0.481,1906000000.0,459000000.0,287000000.0,1.47,1.47,1.47,13249000000.0,13769000000.0,13249000000.0,19571886299.0,43.0,10.269,-958000000.0,-5.86,1.0,3047000000.0,0.769,0.0,172000000.0,27538000000.0,26631750000.0,37000000.0,532000000.0,46000000.0,486000000.0,8625000000.0,1263000000.0,7362000000.0,14898886299.0,-87000000.0,0.0,513000000.0,789000000.0,-112000000.0,1062000000.0,-3888000000.0,-485000000.0,2739000000.0,0.0,240000000.0,240000000.0,240000000.0,0.0,75000000.0,0.061,2352000000.0,695000000.0,457000000.0,0.468,1.125,62.079,63.17,21835000000.0,0.0,92.86,3.759,3.83,615000000.0,890000000.0,3964000000.0,3964000000.0,0.0,0.01,0.017,0.017,0.116,48000000.0,104000000.0,1.0,160444608.0,163493000.0,163843000.0,24.246,23531000000.0,161000000.0,47000000.0,1886000000.0,143.927,-394000000.0
7,FANG,MRT,2019-09-30,2019-09-30,2019-09-30,2021-08-05,0.0,23553000000.0,22647000000.0,845000000.0,22708000000.0,0.154,86.439,-4616000000.0,100000000.0,100000000.0,806000000.0,1093000000.0,0.715,0.574,4773000000.0,10000000.0,4763000000.0,4773000000.0,0.0,1278000000.0,0.0,0.007,0.625,1461000000.0,2739000000.0,0.784,2739000000.0,1461000000.0,1290000000.0,7.07,7.04,7.07,14050000000.0,13881750000.0,14050000000.0,18838235960.0,13.0,6.878,-2352000000.0,-14.47,1.0,2687000000.0,0.769,0.0,171000000.0,27045000000.0,25957500000.0,45000000.0,423000000.0,140000000.0,283000000.0,8064000000.0,1181000000.0,6883000000.0,14659235960.0,-409000000.0,0.0,705000000.0,1275000000.0,-94000000.0,1755000000.0,-4428000000.0,-225000000.0,2264000000.0,0.0,1034000000.0,1034000000.0,1034000000.0,0.0,59000000.0,0.296,1413000000.0,1274000000.0,440000000.0,0.088,1.043,14.177,12.717,22043000000.0,0.0,89.91,4.197,4.184,538000000.0,1407000000.0,3493000000.0,3493000000.0,0.0,0.046,0.074,0.056,0.418,9000000.0,88000000.0,1.0,163043443.0,162543000.0,162780000.0,21.49,23553000000.0,158000000.0,256000000.0,2019000000.0,144.903,-336000000.0
8,FANG,MRT,2019-06-30,2019-06-30,2019-06-30,2021-08-05,0.0,23171000000.0,19210393250.0,972000000.0,22199000000.0,0.159,84.956,-3974000000.0,326000000.0,326000000.0,674000000.0,865000000.0,0.824,0.551,4505000000.0,25000000.0,4480000000.0,4505000000.0,0.0,1059000000.0,0.0,0.005,0.562,1172000000.0,2231000000.0,0.73,2231000000.0,1172000000.0,1020000000.0,6.39,6.37,6.39,14004000000.0,11852589750.0,14004000000.0,22562330179.0,19.0,10.113,-2130000000.0,-12.922,1.0,2381000000.0,0.779,0.0,152000000.0,26170000000.0,21955864000.0,44000000.0,239000000.0,29000000.0,210000000.0,7721000000.0,1180000000.0,6541000000.0,17944330179.0,212000000.0,0.0,1307000000.0,1352000000.0,-76000000.0,2445000000.0,-4077000000.0,-186000000.0,1844000000.0,0.0,823000000.0,823000000.0,823000000.0,0.0,42000000.0,0.269,1188000000.0,1193000000.0,343000000.0,0.088,1.281,21.804,17.053,21603000000.0,0.0,108.97,5.874,5.88,517000000.0,1069000000.0,3055000000.0,3055000000.0,0.0,0.043,0.069,0.053,0.384,14000000.0,83000000.0,1.0,164672205.0,164839000.0,165019000.0,18.533,23171000000.0,150000000.0,197000000.0,1909000000.0,140.567,-208000000.0
9,FANG,MRT,2019-03-31,2019-03-31,2019-03-31,2021-08-05,0.0,22268000000.0,15656242000.0,693000000.0,21575000000.0,0.164,83.548,-3778000000.0,126000000.0,126000000.0,550000000.0,810000000.0,0.623,0.563,4744000000.0,58000000.0,4686000000.0,4744000000.0,0.0,830000000.0,0.0,0.005,0.5,900000000.0,1730000000.0,0.676,1730000000.0,900000000.0,781000000.0,6.49,6.48,6.49,13773000000.0,9759452000.0,13773000000.0,20954669929.0,23.0,12.113,-2175000000.0,-13.194,1.0,2011000000.0,0.785,0.0,119000000.0,25774000000.0,17963441250.0,39000000.0,155000000.0,5000000.0,150000000.0,7754000000.0,1112000000.0,6642000000.0,16689655929.0,54000000.0,0.0,633000000.0,1830000000.0,-58000000.0,2306000000.0,-3855000000.0,-149000000.0,1603000000.0,0.0,693000000.0,693000000.0,693000000.0,0.0,117000000.0,0.271,948000000.0,1063000000.0,331000000.0,0.077,1.212,24.083,15.644,21047000000.0,0.0,101.53,6.517,6.536,463000000.0,752000000.0,2561000000.0,2561000000.0,0.0,0.044,0.071,0.05,0.351,34000000.0,76000000.0,1.0,164381522.0,164852000.0,165061000.0,15.535,22268000000.0,150000000.0,88000000.0,1802000000.0,135.079,-419000000.0
10,FANG,MRT,2018-12-31,2018-12-31,2018-12-31,2021-08-05,0.0,21596000000.0,12145464000.0,925000000.0,20671000000.0,0.179,130.948,-3476000000.0,215000000.0,215000000.0,436000000.0,945000000.0,0.908,0.542,4479000000.0,0.0,4479000000.0,4479000000.0,0.0,623000000.0,0.0,0.004,0.375,1101000000.0,1724000000.0,0.792,1724000000.0,1101000000.0,1014000000.0,8.09,8.06,8.09,13700000000.0,7670472750.0,13700000000.0,11340278350.0,10.0,6.578,-1911000000.0,-18.266,1.0,1740000000.0,0.8,0.0,87000000.0,24841000000.0,13858146750.0,37000000.0,232000000.0,231000000.0,1000000.0,7429000000.0,1019000000.0,6410000000.0,9386608350.0,103000000.0,0.0,305000000.0,1888000000.0,-37000000.0,2041000000.0,-3503000000.0,0.0,1565000000.0,0.0,846000000.0,846000000.0,846000000.0,0.0,99000000.0,0.389,729000000.0,1011000000.0,271000000.0,0.046,0.685,11.095,11.459,20372000000.0,0.0,92.7,4.314,4.457,392000000.0,762000000.0,2176000000.0,2176000000.0,0.0,0.07,0.11,0.079,0.506,27000000.0,65000000.0,1.0,101257911.0,104622000.0,104929000.0,20.799,21596000000.0,97000000.0,168000000.0,1785000000.0,206.419,-94000000.0
11,FANG,MRT,2018-09-30,2018-09-30,2018-09-30,2021-08-05,0.0,9806573000.0,8689210250.0,795689000.0,9010884000.0,0.224,60.153,-2076488000.0,508446000.0,508446000.0,357675000.0,768850000.0,1.102,0.569,2462116000.0,123826000.0,2338290000.0,2462116000.0,0.0,496319000.0,0.0,0.002,0.25,772243000.0,1268562000.0,0.653,1268562000.0,772243000.0,711905000.0,6.6,6.6,6.6,5933359000.0,5559187750.0,5933359000.0,15305623474.0,20.0,12.065,-672506000.0,-6.818,1.0,1584408000.0,0.816,0.0,60338000.0,11038456000.0,9814178750.0,14815000.0,0.0,0.0,0.0,3376776000.0,721787000.0,2654989000.0,13332632474.0,479369000.0,0.0,305298000.0,1067214000.0,-25000000.0,1261662000.0,-2186275000.0,188000.0,1403982000.0,0.0,653298000.0,653298000.0,653298000.0,0.0,115552000.0,0.336,554765000.0,1029643000.0,161469000.0,0.038,2.247,20.408,20.483,8714606000.0,0.0,135.19,6.865,6.866,264317000.0,467830000.0,1942083000.0,1942083000.0,0.0,0.075,0.118,0.079,0.398,24582000.0,55476000.0,1.0,98621440.0,98638000.0,98818000.0,19.689,9806573000.0,95551000.0,58607000.0,292795000.0,99.42,73902000.0
12,FANG,MRT,2018-06-30,2018-06-30,2018-06-30,2021-08-05,0.0,8954395000.0,8059459000.0,393347000.0,8561048000.0,0.212,57.106,-2061026000.0,113927000.0,113927000.0,308465000.0,690798000.0,0.541,0.522,2086918000.0,111330000.0,1975588000.0,2086918000.0,0.0,437898000.0,0.0,0.001,0.125,636316000.0,1074214000.0,0.63,1074214000.0,636316000.0,585786000.0,5.75,5.75,5.75,5631449000.0,5300473000.0,5631449000.0,14709904951.0,23.0,13.694,-802457000.0,-8.137,1.0,1397871000.0,0.819,0.0,50530000.0,10200309000.0,9082135250.0,13264000.0,0.0,0.0,0.0,2941928000.0,727077000.0,2214851000.0,12974302951.0,97986000.0,0.0,221917000.0,805605000.0,-12000000.0,947941000.0,-2108524000.0,188000.0,1258569000.0,0.0,569322000.0,569322000.0,569322000.0,0.0,121476000.0,0.334,493589000.0,904282000.0,151524000.0,0.022,2.304,22.789,22.882,8343044000.0,0.0,131.57,7.604,7.604,258890000.0,323105000.0,1706336000.0,1706336000.0,0.0,0.071,0.107,0.07,0.373,25769000.0,53364000.0,1.0,98611408.0,98614000.0,98797000.0,17.303,8954395000.0,72049000.0,16464000.0,217476000.0,90.802,-333730000.0
13,FANG,MRT,2018-03-31,2018-03-31,2018-03-31,2021-08-05,0.0,8224888000.0,7516812500.0,324467000.0,7900421000.0,0.193,54.965,-1842131000.0,72487000.0,72487000.0,257176000.0,553926000.0,0.534,0.46,1808089000.0,99685000.0,1708404000.0,1808089000.0,0.0,383071000.0,0.0,0.0,0.0,576545000.0,959616000.0,0.662,959616000.0,576545000.0,533770000.0,5.14,5.14,5.14,5417083000.0,5097016750.0,5417083000.0,13891696404.0,24.0,14.476,-790058000.0,-8.016,1.0,1191594000.0,0.822,0.0,42775000.0,9352822000.0,8430950500.0,8963000.0,0.0,0.0,0.0,2489706000.0,607668000.0,1882038000.0,12420125404.0,35134000.0,0.0,221917000.0,706918000.0,0.0,874582000.0,-1891521000.0,188000.0,1052073000.0,0.0,508727000.0,508727000.0,508727000.0,0.0,45199000.0,0.351,436004000.0,755590000.0,145184000.0,0.0,2.293,24.414,24.615,7751172000.0,0.0,126.52,8.573,8.607,236280000.0,116286000.0,1448770000.0,1448770000.0,0.0,0.068,0.1,0.068,0.398,25937000.0,50256000.0,1.0,98167289.0,98555000.0,98769000.0,14.7,8224888000.0,0.0,25043000.0,152369000.0,83.455,-283201000.0
14,FANG,MRT,2017-12-31,2017-12-31,2017-12-31,2021-08-05,0.0,7770985000.0,7053015500.0,358601000.0,7412384000.0,0.171,53.919,-3302000000.0,112446000.0,112446000.0,224000000.0,517000000.0,0.621,0.417,1584017000.0,100367000.0,1483650000.0,1584017000.0,0.0,327000000.0,0.0,0.0,0.0,503000000.0,830000000.0,0.689,830000000.0,503000000.0,462000000.0,4.95,4.94,4.95,5254860000.0,4905712750.0,5254860000.0,13633951236.0,27.0,16.426,-2413000000.0,-24.759,1.0,981000000.0,0.814,0.0,41000000.0,8665128000.0,7861239250.0,9108000.0,531000.0,531000.0,0.0,2189248000.0,577428000.0,1611820000.0,12393620236.0,-1554000000.0,0.0,370000000.0,361000000.0,0.0,689000000.0,-3132000000.0,0.0,889000000.0,0.0,482000000.0,482000000.0,482000000.0,0.0,35000000.0,0.4,376000000.0,605000000.0,163293000.0,0.0,2.359,25.713,25.505,7343617000.0,0.0,126.25,10.285,10.211,231613000.0,-37133000.0,1205000000.0,1205000000.0,0.0,0.068,0.098,0.064,0.417,26000000.0,48000000.0,1.0,98167289.0,97458000.0,97688000.0,12.364,7770985000.0,0.0,-20000000.0,108048000.0,79.737,-218827000.0
15,FANG,MRT,2017-09-30,2017-09-30,2017-09-30,2021-08-05,0.0,7287568000.0,6447689250.0,193854000.0,7093714000.0,0.154,49.911,-3097873000.0,30205000.0,30205000.0,190427000.0,415590000.0,0.464,0.347,1270536000.0,10003000.0,1260533000.0,1270536000.0,0.0,273010000.0,0.0,0.0,0.0,437597000.0,710607000.0,0.717,710607000.0,437597000.0,397517000.0,4.21,4.21,4.21,4898500000.0,4516363250.0,4898500000.0,10748015402.0,25.0,15.125,-2354121000.0,-23.986,1.0,800502000.0,0.808,0.0,40080000.0,8110282000.0,6845403250.0,4834000.0,1614000.0,1614000.0,0.0,1701445000.0,417617000.0,1283828000.0,9613088402.0,-137064000.0,0.0,1521530000.0,722290000.0,0.0,2212111000.0,-3092927000.0,-1733000.0,743752000.0,0.0,393300000.0,393300000.0,393300000.0,0.0,22290000.0,0.397,322066000.0,478436000.0,127762000.0,0.0,1.962,24.442,23.268,7048607000.0,0.0,97.96,9.701,9.702,153692000.0,-151692000.0,990929000.0,990929000.0,0.0,0.061,0.087,0.064,0.442,25228000.0,47732000.0,1.0,98132793.0,98144000.0,98369000.0,10.097,7287568000.0,0.0,4217000.0,3313000.0,74.254,-223763000.0
16,FANG,MRT,2017-06-30,2017-06-30,2017-06-30,2021-08-05,0.0,6783809000.0,5507217250.0,221337000.0,6562472000.0,0.151,49.088,-3355404000.0,16588000.0,16588000.0,165783000.0,333042000.0,0.685,0.311,1151515000.0,0.0,1151515000.0,1151515000.0,0.0,230177000.0,0.0,0.0,0.0,362528000.0,592705000.0,0.713,592705000.0,362528000.0,321406000.0,3.44,3.44,3.44,4817624000.0,3920455500.0,4817624000.0,9663097499.0,27.0,16.303,-2750674000.0,-28.027,1.0,666024000.0,0.801,0.0,41122000.0,7595570000.0,5740066250.0,4925000.0,46111000.0,41732000.0,4379000.0,1496875000.0,323166000.0,1173709000.0,8714751499.0,-202206000.0,0.0,1945068000.0,620837000.0,0.0,2544406000.0,-3351342000.0,-1733000.0,604730000.0,0.0,318046000.0,318046000.0,318046000.0,0.0,14996000.0,0.382,323534000.0,342490000.0,79812000.0,0.0,1.809,27.401,25.817,6508747000.0,0.0,88.81,10.477,10.478,154635000.0,-224716000.0,831807000.0,831807000.0,0.0,0.058,0.081,0.063,0.436,25306000.0,45752000.0,1.0,98128043.0,98142000.0,98354000.0,8.476,6783809000.0,321000.0,3360000.0,2655000.0,69.122,-101829000.0
17,FANG,MRT,2017-03-31,2017-03-31,2017-03-31,2021-08-05,0.0,6369700000.0,4521353750.0,198774000.0,6170926000.0,0.149,49.934,-3030556000.0,37440000.0,37440000.0,145340000.0,11793000.0,0.814,0.269,985786000.0,0.0,985786000.0,985786000.0,0.0,194875000.0,0.0,0.0,0.0,49196000.0,244071000.0,0.362,244071000.0,49196000.0,6300000.0,-0.34,-0.34,-0.34,4651867000.0,3205915500.0,4651867000.0,8811174834.0,179.0,36.101,-2595309000.0,-27.858,1.0,529516000.0,0.785,0.0,42896000.0,7073977000.0,4587296500.0,3027000.0,17476000.0,14374000.0,3102000.0,1250342000.0,244069000.0,1006273000.0,9349728834.0,-198370000.0,0.0,1945194000.0,464962000.0,0.0,2394947000.0,-3028564000.0,-1733000.0,435247000.0,0.0,4151000.0,4151000.0,4151000.0,0.0,7642000.0,0.006,454120000.0,75396000.0,68496000.0,0.0,2.01,2252.404,-305.059,6103097000.0,0.0,103.72,13.854,14.318,139476000.0,-383121000.0,674856000.0,674856000.0,0.0,0.001,0.001,0.011,0.073,25166000.0,43384000.0,1.0,90143934.0,93161000.0,93364000.0,7.244,6369700000.0,123000.0,2149000.0,1548000.0,68.373,-45295000.0
18,FANG,MRT,2016-12-31,2016-12-31,2016-12-31,2021-08-05,0.0,5349680000.0,3664668500.0,1792166000.0,3557514000.0,0.144,49.249,-1191167000.0,1667074000.0,1667074000.0,128490000.0,-164908000.0,8.561,0.36,1128520000.0,22608000.0,1105912000.0,1128520000.0,0.0,178015000.0,0.0,0.0,0.0,-124158000.0,53857000.0,0.102,53857000.0,-124158000.0,-164842000.0,-2.2,-2.2,-2.2,3697462000.0,2569926750.0,3697462000.0,8227643816.0,-66.0,152.768,-859087000.0,-11.443,1.0,398617000.0,0.756,0.0,40684000.0,4601784000.0,3590199750.0,1983000.0,709000.0,0.0,709000.0,1331388000.0,209342000.0,1122046000.0,7889364816.0,1646459000.0,0.0,2052001000.0,583376000.0,0.0,2624621000.0,-1310242000.0,-2345000.0,332080000.0,0.0,-165034000.0,-165034000.0,-165034000.0,0.0,126000.0,-0.313,467234000.0,-68617000.0,71054000.0,0.0,2.134,-47.804,-45.936,3390857000.0,0.0,101.06,14.967,14.394,120122000.0,-519394000.0,527107000.0,527107000.0,0.0,-0.045,-0.064,-0.035,-0.236,26453000.0,42619000.0,1.0,78066147.0,75077000.0,75077000.0,7.021,5349680000.0,0.0,192000.0,0.0,71.256,1582824000.0
19,FANG,MRT,2016-09-30,2016-09-30,2016-09-30,2021-08-05,0.0,3525680000.0,3014928250.0,258270000.0,3267410000.0,0.151,32.59,-1099634000.0,167769000.0,167769000.0,119598000.0,-380183000.0,1.476,0.275,506048000.0,6428000.0,499620000.0,506048000.0,0.0,175235000.0,0.0,0.0,0.0,-343788000.0,-168553000.0,-0.369,-168553000.0,-343788000.0,-384160000.0,-5.52,-5.52,-5.52,2514869000.0,2114554250.0,2514869000.0,7819306304.0,-23.0,-46.391,-796391000.0,-10.32,1.0,336820000.0,0.738,0.0,40372000.0,3688934000.0,3208876250.0,1969000.0,0.0,0.0,0.0,690385000.0,175025000.0,515360000.0,7533465304.0,123442000.0,0.0,903328000.0,15149000.0,0.0,909425000.0,-1089226000.0,-800000.0,303243000.0,0.0,-378041000.0,-378041000.0,-378041000.0,0.0,-2142000.0,-0.828,680329000.0,-343509000.0,56397000.0,0.0,2.996,-19.928,-17.489,3223980000.0,0.0,96.54,16.506,16.322,85514000.0,-544992000.0,456418000.0,456418000.0,0.0,-0.125,-0.179,-0.107,-0.753,25513000.0,40933000.0,1.0,78034652.0,77167000.0,77167000.0,5.915,3525680000.0,0.0,-6119000.0,0.0,45.689,83245000.0
20,FANG,MRT,2016-06-30,2016-06-30,2016-06-30,2021-08-05,0.0,2840355000.0,2881396750.0,297950000.0,2542405000.0,0.148,27.321,-403534000.0,219294000.0,219294000.0,118295000.0,-535625000.0,2.103,0.334,505135000.0,6824000.0,498311000.0,505135000.0,0.0,182864000.0,0.0,0.0,0.0,-579401000.0,-396537000.0,-0.93,-396537000.0,-579401000.0,-620172000.0,-7.89,-7.89,-7.89,1959464000.0,1999939750.0,1959464000.0,6789323595.0,-12.0,-17.122,-65038000.0,-0.907,1.0,307938000.0,0.722,0.0,40771000.0,2984491000.0,3095656500.0,1494000.0,0.0,0.0,0.0,653803000.0,141705000.0,512098000.0,6539992595.0,174116000.0,0.0,455727000.0,-216775000.0,0.0,231081000.0,-395461000.0,-1827000.0,338496000.0,0.0,-532592000.0,-532592000.0,-532592000.0,0.0,-3033000.0,-1.25,912913000.0,-604975000.0,41539000.0,0.0,3.338,-12.28,-11.56,2496373000.0,0.0,91.21,15.344,15.347,74914000.0,-542762000.0,426233000.0,426233000.0,0.0,-0.185,-0.266,-0.187,-1.359,23650000.0,38551000.0,1.0,71702583.0,71719000.0,71719000.0,5.943,2840355000.0,0.0,-87580000.0,0.0,39.604,156245000.0
21,FANG,MRT,2016-03-31,2016-03-31,2016-03-31,2021-08-05,0.0,2942959000.0,2964172500.0,291064000.0,2651895000.0,0.146,29.678,-855012000.0,236310000.0,236310000.0,118799000.0,-589856000.0,2.728,0.287,485641000.0,0.0,485641000.0,485641000.0,0.0,200089000.0,0.0,0.0,0.0,-753043000.0,-552954000.0,-1.278,-552954000.0,-753043000.0,-794069000.0,-9.17,-9.17,-9.17,2107912000.0,2012595750.0,2107912000.0,5985308624.0,-8.0,-10.824,-464894000.0,-6.545,1.0,314014000.0,0.726,0.0,41026000.0,3085590000.0,3274944000.0,1591000.0,932000.0,821000.0,111000.0,605903000.0,106700000.0,499203000.0,5510423624.0,204167000.0,0.0,790141000.0,-119101000.0,0.0,662701000.0,-848652000.0,-3502000.0,390118000.0,0.0,-589389000.0,-589389000.0,-589389000.0,0.0,-467000.0,-1.362,1083323000.0,-769309000.0,20335000.0,0.0,2.614,-9.349,-8.417,2607446000.0,0.0,77.18,12.732,12.665,49064000.0,-387272000.0,432813000.0,432813000.0,0.0,-0.199,-0.293,-0.23,-1.74,21955000.0,36711000.0,1.0,71397041.0,71026000.0,71026000.0,6.094,2942959000.0,0.0,-204680000.0,0.0,41.435,184364000.0
22,FANG,MRT,2015-12-31,2015-12-31,2015-12-31,2021-08-05,0.0,2750719000.0,3001553000.0,108745000.0,2641974000.0,0.149,29.768,-902087000.0,20615000.0,20615000.0,121706000.0,-547790000.0,0.769,0.342,487807000.0,0.0,487807000.0,487807000.0,0.0,217697000.0,0.0,0.0,0.0,-710428000.0,-492731000.0,-1.103,-492731000.0,-710428000.0,-751938000.0,-8.74,-8.74,-8.74,1875972000.0,1956393000.0,1875972000.0,4907103968.0,-7.0,-9.959,-485586000.0,-7.705,1.0,325027000.0,0.728,0.0,41510000.0,3076490000.0,3375518250.0,1728000.0,4623000.0,4623000.0,0.0,641746000.0,141421000.0,500325000.0,4462430968.0,-10068000.0,0.0,655561000.0,-178526000.0,0.0,468481000.0,-895050000.0,-2702000.0,416501000.0,0.0,-550628000.0,-550628000.0,-550628000.0,0.0,2838000.0,-1.233,1065296000.0,-740269000.0,37191000.0,0.0,2.379,-8.104,-7.654,2597625000.0,0.0,66.9,9.989,9.437,78904000.0,-354360000.0,446733000.0,446733000.0,0.0,-0.183,-0.281,-0.21,-1.59,18529000.0,31968000.0,1.0,66703004.0,63019000.0,63019000.0,7.089,2750719000.0,0.0,-201310000.0,0.0,43.649,-32676000.0
23,FANG,MRT,2015-09-30,2015-09-30,2015-09-30,2021-08-05,0.0,2991554000.0,3087743500.0,173439000.0,2818115000.0,0.15,31.515,-977605000.0,44327000.0,44327000.0,128095000.0,-261038000.0,0.866,0.341,489000000.0,0.0,489000000.0,489000000.0,0.0,222789000.0,0.0,0.0,0.0,-361297000.0,-138508000.0,-0.299,-138508000.0,-361297000.0,-403125000.0,-3.93,-3.94,-3.93,2056411000.0,1925152750.0,2056411000.0,4786481847.0,-13.0,-34.557,-533607000.0,-8.178,1.0,335898000.0,0.724,0.0,41828000.0,3236055000.0,3474288000.0,2602000.0,40009000.0,40009000.0,0.0,701834000.0,200172000.0,501662000.0,4113659847.0,3183000.0,0.0,655356000.0,-102414000.0,0.0,539965000.0,-980780000.0,-3328000.0,443998000.0,0.0,-264545000.0,-264545000.0,-264545000.0,0.0,3507000.0,-0.57,850455000.0,-514557000.0,52431000.0,0.0,2.0,-15.55,-16.438,2758217000.0,0.0,64.6,8.866,9.085,83242000.0,-166951000.0,463993000.0,463993000.0,0.0,-0.086,-0.137,-0.104,-0.779,17339000.0,29726000.0,1.0,63678945.0,65251000.0,65251000.0,7.111,2991554000.0,5641000.0,-138580000.0,12396000.0,45.847,-26733000.0
24,FANG,MRT,2015-06-30,2015-06-30,2015-06-30,2021-08-05,0.0,3171458000.0,3044993750.0,170362000.0,3001096000.0,0.161,32.701,-1602221000.0,45178000.0,45178000.0,118871000.0,-60355000.0,1.194,0.462,718000000.0,0.0,718000000.0,718000000.0,0.0,215784000.0,0.0,0.0,0.0,-56125000.0,159659000.0,0.325,159659000.0,-56125000.0,-97166000.0,-0.74,-0.75,-0.74,2010088000.0,1823932000.0,2010088000.0,5027552210.0,-90.0,31.489,-1205752000.0,-19.616,1.0,372303000.0,0.758,0.0,41041000.0,3701641000.0,3458680500.0,2658000.0,47910000.0,47910000.0,0.0,927839000.0,142639000.0,785200000.0,4448116210.0,7685000.0,0.0,1039001000.0,219253000.0,0.0,1249533000.0,-1638317000.0,-36152000.0,396469000.0,0.0,-64025000.0,-64025000.0,-64025000.0,0.0,3670000.0,-0.13,568571000.0,-196268000.0,42417000.0,0.0,2.213,-69.475,-101.865,2946397000.0,0.0,75.38,9.056,9.434,70411000.0,-10170000.0,491174000.0,491174000.0,0.0,-0.021,-0.035,-0.016,-0.114,15755000.0,28695000.0,1.0,59009236.0,61469000.0,61469000.0,7.991,3171458000.0,0.0,-33141000.0,70354000.0,51.594,27723000.0
25,FANG,MRT,2015-03-31,2015-03-31,2015-03-31,2021-08-05,0.0,3092481000.0,2763977750.0,215372000.0,2877109000.0,0.181,32.253,-1201947000.0,32143000.0,32143000.0,108852000.0,178821000.0,1.17,0.518,611579000.0,0.0,611579000.0,611579000.0,0.0,198709000.0,0.0,0.0,0.0,313275000.0,511984000.0,1.026,511984000.0,313275000.0,274769000.0,3.26,3.24,3.26,1883101000.0,1600135250.0,1883101000.0,5168699378.0,16.0,10.095,-817881000.0,-14.008,1.0,390263000.0,0.782,0.0,38506000.0,3487887000.0,3120246000.0,2847000.0,92335000.0,92335000.0,0.0,975964000.0,184030000.0,791934000.0,4525882378.0,6329000.0,0.0,845189000.0,21184000.0,0.0,858631000.0,-1236368000.0,-34477000.0,384066000.0,0.0,176015000.0,176015000.0,176015000.0,0.0,2806000.0,0.353,224219000.0,166044000.0,25347000.0,0.0,2.403,25.713,23.571,2825672000.0,0.0,76.84,9.068,8.989,83210000.0,202117000.0,499115000.0,499115000.0,0.0,0.064,0.11,0.1,0.628,12550000.0,24945000.0,1.0,58900083.0,58386000.0,58626000.0,8.549,3092481000.0,0.0,98754000.0,203970000.0,52.966,31342000.0
26,FANG,MRT,2014-12-31,2014-12-31,2014-12-31,2021-08-05,0.0,3095481000.0,2475081750.0,251711000.0,2843770000.0,0.2,33.147,-1447576000.0,30683000.0,30683000.0,91310000.0,195971000.0,0.944,0.634,673500000.0,0.0,673500000.0,673500000.0,0.0,170005000.0,0.0,0.0,0.0,337254000.0,507259000.0,1.023,507259000.0,337254000.0,302740000.0,3.67,3.64,3.67,1751011000.0,1400087250.0,1751011000.0,3942039520.0,12.0,7.771,-1091187000.0,-20.656,1.0,404408000.0,0.816,0.0,34514000.0,3471569000.0,2834844750.0,2827000.0,117541000.0,115607000.0,1934000.0,1110268000.0,266729000.0,843539000.0,3392683520.0,14628000.0,0.0,935513000.0,210031000.0,0.0,1140236000.0,-1481997000.0,-34477000.0,356389000.0,0.0,193755000.0,193755000.0,193755000.0,0.0,2216000.0,0.391,191738000.0,212670000.0,56230000.0,0.0,1.938,17.51,16.289,2791807000.0,0.0,59.78,6.844,6.37,97994000.0,196268000.0,495718000.0,495718000.0,0.0,0.078,0.138,0.119,0.68,9816000.0,21266000.0,1.0,56752819.0,52826000.0,53297000.0,9.384,3095481000.0,0.0,108985000.0,201545000.0,58.598,-15018000.0
27,FANG,MRT,2014-09-30,2014-09-30,2014-09-30,2021-08-05,0.0,2820555000.0,2081615000.0,143261000.0,2677294000.0,0.211,29.945,-1365270000.0,40644000.0,40644000.0,68382000.0,116178000.0,0.73,0.566,590000000.0,0.0,590000000.0,590000000.0,0.0,139985000.0,0.0,0.0,0.0,209677000.0,349662000.0,0.795,349662000.0,209677000.0,179638000.0,2.28,2.25,2.28,1651528000.0,1173719750.0,1651528000.0,4704374445.0,22.0,13.454,-1049145000.0,-19.023,1.0,371661000.0,0.845,0.0,30039000.0,3173625000.0,2428137250.0,3105000.0,6061000.0,6061000.0,0.0,934709000.0,196286000.0,738423000.0,4234988445.0,-12456000.0,0.0,934448000.0,134805000.0,0.0,1070468000.0,-1399049000.0,-33851000.0,316125000.0,0.0,115205000.0,115205000.0,115205000.0,0.0,973000.0,0.262,159164000.0,212497000.0,25960000.0,0.0,2.564,36.76,32.798,2626159000.0,0.0,74.78,9.624,9.372,90228000.0,97594000.0,440043000.0,440043000.0,0.0,0.055,0.098,0.086,0.476,5713000.0,18809000.0,1.0,56632635.0,55152000.0,55442000.0,7.979,2820555000.0,0.0,64433000.0,141352000.0,51.141,-53025000.0
28,FANG,MRT,2014-06-30,2014-06-30,2014-06-30,2021-08-05,0.0,2047394000.0,1742950250.0,114704000.0,1932690000.0,0.206,21.957,-1325182000.0,36993000.0,36993000.0,53541000.0,86133000.0,0.679,0.713,506379000.0,10379000.0,496000000.0,506379000.0,0.0,112038000.0,0.0,0.0,0.0,156898000.0,268936000.0,0.75,268936000.0,156898000.0,135616000.0,1.82,1.79,1.82,1114901000.0,966572250.0,1114901000.0,5074693388.0,32.0,18.87,-1059497000.0,-20.866,1.0,305166000.0,0.851,0.0,21282000.0,2347903000.0,2073608000.0,3308000.0,0.0,0.0,0.0,795057000.0,168877000.0,626180000.0,4510097388.0,-44905000.0,0.0,532607000.0,482672000.0,0.0,1014520000.0,-1325110000.0,0.0,265685000.0,0.0,86062000.0,86062000.0,86062000.0,0.0,71000.0,0.24,126762000.0,178404000.0,38712000.0,0.0,4.045,52.405,48.791,1919988000.0,0.0,88.8,12.573,12.57,68655000.0,53855000.0,358707000.0,358707000.0,0.0,0.049,0.089,0.076,0.437,3385000.0,14435000.0,1.0,50789385.0,50777000.0,51142000.0,7.064,2047394000.0,4327000.0,49554000.0,124743000.0,40.321,-54173000.0
29,FANG,MRT,2014-03-31,2014-03-31,2014-03-31,2021-08-05,0.0,1936897000.0,1430761500.0,90653000.0,1846244000.0,0.194,22.352,-1265302000.0,25314000.0,25314000.0,42318000.0,72780000.0,0.584,0.789,589910000.0,2910000.0,587000000.0,589910000.0,0.0,86832000.0,0.0,0.0,0.0,129051000.0,215883000.0,0.779,215883000.0,129051000.0,114973000.0,1.64,1.61,1.64,1082909000.0,844749250.0,1082909000.0,3615164399.0,28.0,16.746,-1054914000.0,-21.775,1.0,234779000.0,0.847,0.0,14078000.0,2346282000.0,1642182000.0,5889000.0,0.0,0.0,0.0,853988000.0,155211000.0,698777000.0,3170719399.0,19798000.0,0.0,536815000.0,538057000.0,0.0,1074640000.0,-1265230000.0,0.0,210388000.0,0.0,72780000.0,72780000.0,72780000.0,0.0,0.0,0.263,100184000.0,134595000.0,37445000.0,0.0,2.928,43.566,41.043,1833578000.0,0.0,67.31,11.443,11.768,56578000.0,26102000.0,277097000.0,277097000.0,0.0,0.051,0.086,0.079,0.466,2538000.0,13122000.0,1.0,47106216.0,48447000.0,48867000.0,5.72,1936897000.0,1377000.0,42193000.0,106630000.0,39.98,-64558000.0
30,FANG,MRT,2013-12-31,2013-12-31,2013-12-31,2021-08-05,0.0,1521614000.0,1108653000.0,61968000.0,1459646000.0,0.188,20.125,-939923000.0,15555000.0,15555000.0,34974000.0,54587000.0,0.511,0.8,460000000.0,0.0,460000000.0,460000000.0,0.0,66597000.0,0.0,0.0,0.0,94399000.0,160996000.0,0.774,160996000.0,94399000.0,86341000.0,1.3,1.29,1.3,845541000.0,691030500.0,845541000.0,2887972094.0,31.0,17.938,-784146000.0,-18.663,1.0,173028000.0,0.832,0.0,8058000.0,1844739000.0,1207580250.0,5631000.0,431000.0,213000.0,218000.0,676073000.0,121320000.0,554753000.0,2488909094.0,-10803000.0,0.0,326181000.0,447639000.0,0.0,773560000.0,-940140000.0,-289000.0,155777000.0,0.0,54587000.0,54587000.0,54587000.0,0.0,0.0,0.262,77834000.0,95194000.0,11921000.0,0.0,2.944,45.595,40.677,1446337000.0,0.0,52.88,11.966,10.681,39273000.0,2513000.0,208002000.0,208002000.0,0.0,0.049,0.079,0.078,0.454,1003000.0,11036000.0,1.0,47067116.0,42015000.0,42255000.0,4.951,1521614000.0,112000.0,31754000.0,91764000.0,36.216,-59352000.0
31,FANG,MRT,2013-09-30,2013-09-30,2013-09-30,2021-08-05,0.0,1465896000.0,879924750.0,91915000.0,1373981000.0,0.179,18.541,-924071000.0,53100000.0,53100000.0,32248000.0,-17611000.0,0.84,0.781,452163000.0,2078000.0,450085000.0,452163000.0,0.0,52697000.0,0.0,0.0,0.0,59890000.0,112587000.0,0.713,112587000.0,59890000.0,57355000.0,,,,822938000.0,595162250.0,822938000.0,1718814724.0,29.0,15.267,-816196000.0,-18.389,1.0,125613000.0,0.796,0.0,2535000.0,1755508000.0,873059000.0,6228000.0,750000.0,223000.0,527000.0,642958000.0,109451000.0,533507000.0,1797767724.0,51658000.0,0.0,562460000.0,310003000.0,0.0,870080000.0,-926297000.0,-2226000.0,107875000.0,0.0,-17611000.0,-17611000.0,-17611000.0,0.0,0.0,-0.112,65968000.0,59645000.0,31143000.0,,2.185,-102.082,,1361121000.0,0.0,42.64,11.388,11.989,31282000.0,-17611000.0,157861000.0,157861000.0,0.0,-0.02,-0.03,0.069,0.379,4035000.0,13102000.0,1.0,42161532.0,44385000.0,,3.557,1465896000.0,423000.0,74966000.0,80544000.0,33.027,-17536000.0
32,FANG,MRT,2013-06-30,2013-06-30,2013-06-30,2021-08-05,0.0,798639000.0,590392500.0,116536000.0,682103000.0,0.198,15.928,-258995000.0,81898000.0,81898000.0,28390000.0,-31755000.0,1.195,0.273,2945000.0,2824000.0,121000.0,2945000.0,0.0,41410000.0,0.0,0.0,0.0,36688000.0,78098000.0,0.668,78098000.0,36688000.0,34112000.0,,,,627609000.0,420577750.0,627609000.0,1268139246.0,35.0,16.238,-182166000.0,-4.623,1.0,88494000.0,0.757,0.0,2576000.0,622199000.0,528389000.0,6271000.0,3191000.0,3191000.0,0.0,171030000.0,97487000.0,73543000.0,1232391246.0,79557000.0,0.0,382100000.0,-114630000.0,0.0,264865000.0,-262137000.0,-3142000.0,76829000.0,0.0,-31755000.0,-31755000.0,-31755000.0,0.0,0.0,-0.272,54186000.0,34308000.0,28374000.0,,1.964,-38.809,,681172000.0,0.0,33.32,10.544,11.232,24369000.0,-32207000.0,116884000.0,116884000.0,0.0,-0.054,-0.076,0.069,0.314,3836000.0,12631000.0,1.0,36986532.0,39402000.0,,2.966,798639000.0,0.0,65867000.0,71280000.0,20.269,19049000.0
33,FANG,MRT,2013-03-31,2013-03-31,2013-03-31,2021-08-05,0.0,648463000.0,,34516000.0,613947000.0,,12.629,-218083000.0,5516000.0,5516000.0,24250000.0,-32602000.0,0.452,0.386,41264000.0,4607000.0,36657000.0,41264000.0,0.0,32254000.0,0.0,0.0,0.0,28677000.0,60931000.0,0.696,60931000.0,28677000.0,25463000.0,,,,468034000.0,,468034000.0,971903519.0,34.0,15.951,-171088000.0,-4.617,1.0,63270000.0,0.723,0.0,3214000.0,607875000.0,,6247000.0,1083000.0,914000.0,169000.0,180429000.0,76336000.0,104093000.0,992718519.0,-3727000.0,0.0,237398000.0,-61481000.0,0.0,172927000.0,-223649000.0,-5566000.0,46995000.0,0.0,-32602000.0,-32602000.0,-32602000.0,0.0,0.0,-0.373,44038000.0,19232000.0,12134000.0,,2.121,-30.45,,612813000.0,0.0,26.84,11.343,11.365,19678000.0,-46678000.0,87520000.0,87520000.0,0.0,,,,0.328,3846000.0,11663000.0,1.0,36986532.0,37059000.0,,2.362,648463000.0,1205000.0,58065000.0,65206000.0,17.498,-41820000.0
34,FANG,MRT,2012-12-31,2012-12-31,2012-12-31,2021-08-05,0.0,606701000.0,435139500.0,50275000.0,556426000.0,0.172,23.431,-176441000.0,26358000.0,26358000.0,20908000.0,-36521000.0,0.635,0.313,5543000.0,4962000.0,581000.0,5543000.0,0.0,26273000.0,0.0,0.0,0.0,21992000.0,48265000.0,0.644,48265000.0,21992000.0,18382000.0,0.6,0.6,0.6,462068000.0,295552500.0,462068000.0,836315492.0,38.0,17.328,-126749000.0,-6.427,1.0,54054000.0,0.721,0.0,3610000.0,506654000.0,410217000.0,6195000.0,0.0,0.0,0.0,144633000.0,79232000.0,65401000.0,707182492.0,19399000.0,0.0,241172000.0,-85500000.0,0.0,152785000.0,-183078000.0,-6637000.0,49692000.0,0.0,-36521000.0,-36521000.0,-36521000.0,0.0,0.0,-0.487,36747000.0,17307000.0,34224000.0,0.0,1.53,-19.364,31.867,554242000.0,0.0,19.12,9.434,5.03,14812000.0,-52074000.0,74962000.0,74962000.0,0.0,-0.084,-0.124,0.054,0.293,3482000.0,10376000.0,1.0,36986532.0,19720734.0,19723774.0,3.801,606701000.0,1857000.0,54903000.0,62695000.0,30.765,-28957000.0
35,FANG,MRT,2012-09-30,2012-09-30,2012-09-30,2021-08-05,0.0,307767000.0,,26904000.0,280863000.0,,3.369,-112886000.0,1275000.0,1275000.0,16956000.0,6755000.0,0.448,1.47,130408000.0,10133000.0,120275000.0,130408000.0,0.0,21032000.0,0.0,,0.0,10652000.0,31684000.0,0.495,31684000.0,10652000.0,6755000.0,,,,124600000.0,,124600000.0,,,,-62464000.0,-1.689,1.0,47105000.0,0.735,0.0,3897000.0,376828000.0,,6310000.0,0.0,0.0,0.0,183167000.0,60072000.0,123095000.0,,-1805000.0,0.0,16815000.0,49568000.0,0.0,65344000.0,-117571000.0,-4685000.0,50422000.0,0.0,6755000.0,6755000.0,6755000.0,0.0,0.0,0.105,27081000.0,20024000.0,26175000.0,,,,,277350000.0,0.0,,,,18223000.0,,64061000.0,64061000.0,0.0,,,,0.166,1158000.0,5966000.0,1.0,36986532.0,36986532.0,,1.732,307767000.0,0.0,0.0,0.0,8.321,-33168000.0
36,FANG,MRT,2012-06-30,2012-06-30,2012-06-30,2021-08-05,,,,,,,,,,,15743000.0,8392000.0,,,,,,,,,,,0.0,11877000.0,,,,11877000.0,8392000.0,,,,,,,,,,,,1.0,42475000.0,0.73,,3485000.0,,,,,,,,,,,,,,,,,,,,,8392000.0,8392000.0,8392000.0,0.0,0.0,0.144,23725000.0,18750000.0,,,,,,,0.0,,,,,,58218000.0,58218000.0,0.0,,,,0.204,,5071000.0,1.0,,,,,,,0.0,,,
37,FANG,MRT,2012-03-31,2012-03-31,2012-03-31,2021-08-05,,,,,,,,,,,,,,,,,,,,,,,0.0,,,,,,,,,,,,,,,,,,1.0,,,,,,,,,,,,,,,,,,,,,,,,,,,,,,,,,,,,,,,,,,,,,,,,,,,,,,1.0,,,,,,,,,,
38,FANG,MRT,2011-12-31,2011-12-31,2011-12-31,2021-08-05,0.0,263578000.0,,30812000.0,232766000.0,,,-87184000.0,6959000.0,6959000.0,14898000.0,-386000.0,0.728,1.043,99459000.0,8320000.0,91139000.0,99459000.0,0.0,16104000.0,0.0,,0.0,2142000.0,18246000.0,0.37,18246000.0,2142000.0,-386000.0,,,,129037000.0,,129037000.0,,,,-56186000.0,,1.0,34468000.0,0.698,0.0,2528000.0,313780000.0,,6007000.0,10310000.0,0.0,10310000.0,134541000.0,42298000.0,92243000.0,,2840000.0,-10000.0,13517000.0,39463000.0,0.0,52950000.0,-81108000.0,6086000.0,30998000.0,0.0,-386000.0,-386000.0,-386000.0,0.0,0.0,-0.008,19321000.0,15147000.0,15165000.0,,,,,221149000.0,0.0,,,,17510000.0,0.0,49366000.0,49366000.0,0.0,,,,0.043,544000.0,3655000.0,1.0,,,,,263578000.0,0.0,0.0,0.0,,-11486000.0
39,FANG,MRT,2011-09-30,2011-09-30,2011-09-30,2021-08-05,,,,,,,,,,,,,,,,,,,,,,,0.0,,,,,,,,,,,,,,,,,,1.0,,,,,,,,,,,,,,,,,,,,,,,,,,,,,,,,,,,,,,,,,,,,,,,,,,,,,,1.0,,,,,,,,,,
40,FANG,MRT,2010-12-31,2010-12-31,2010-12-31,2021-08-05,,,,,,,,-55045000.0,,,6853000.0,8231000.0,,,,,,,,8145000.0,,,0.0,9067000.0,17212000.0,0.632,17212000.0,9067000.0,8231000.0,,,,,,,,,,-49853000.0,,1.0,20400000.0,0.749,,836000.0,,,,,,,,,,,1689000.0,0.0,20914000.0,36398000.0,-5579000.0,51733000.0,-55236000.0,-191000.0,5192000.0,0.0,8231000.0,8231000.0,8231000.0,0.0,0.0,0.302,11219000.0,9181000.0,,,,,,,0.0,,,,,,27253000.0,27253000.0,0.0,,,,0.333,0.0,3036000.0,1.0,,,,,,,0.0,,,
