None,ticker,dimension,calendardate,datekey,reportperiod,lastupdated,accoci,assets,assetsavg,assetsc,assetsnc,assetturnover,bvps,capex,cashneq,cashnequsd,cor,consolinc,currentratio,de,debt,debtc,debtnc,debtusd,deferredrev,depamor,deposits,divyield,dps,ebit,ebitda,ebitdamargin,ebitdausd,ebitusd,ebt,eps,epsdil,epsusd,equity,equityavg,equityusd,ev,evebit,evebitda,fcf,fcfps,fxusd,gp,grossmargin,intangibles,intexp,invcap,invcapavg,inventory,investments,investmentsc,investmentsnc,liabilities,liabilitiesc,liabilitiesnc,marketcap,ncf,ncfbus,ncfcommon,ncfdebt,ncfdiv,ncff,ncfi,ncfinv,ncfo,ncfx,netinc,netinccmn,netinccmnusd,netincdis,netincnci,netmargin,opex,opinc,payables,payoutratio,pb,pe,pe1,ppnenet,prefdivis,price,ps,ps1,receivables,retearn,revenue,revenueusd,rnd,roa,roe,roic,ros,sbcomp,sgna,sharefactor,sharesbas,shareswa,shareswadil,sps,tangibles,taxassets,taxexp,taxliabilities,tbvps,workingcapital
0,TRV,MRY,2020-12-31,2020-12-31,2020-12-31,2021-10-19,2502000000.0,116764000000.0,113980250000.0,,,0.281,115.191,0.0,721000000.0,721000000.0,19123000000.0,2697000000.0,,2.999,6550000000.0,,,6550000000.0,0.0,0.0,0.0,0.024,3.37,3576000000.0,3576000000.0,0.112,3576000000.0,3576000000.0,3237000000.0,10.56,10.52,10.56,29201000000.0,27299250000.0,29201000000.0,42023950782.0,12.0,11.752,6519000000.0,25.716,1.0,12858000000.0,0.402,4293000000.0,339000000.0,118300000000.0,115905250000.0,0.0,84423000000.0,,,87563000000.0,,,35556950782.0,227000000.0,0.0,-545000000.0,-10000000.0,-861000000.0,-1416000000.0,-4892000000.0,-4515000000.0,6519000000.0,16000000.0,2697000000.0,2697000000.0,2697000000.0,0.0,0.0,0.084,9282000000.0,3576000000.0,4617000000.0,0.319,1.218,13.184,13.293,0.0,0.0,140.37,1.112,1.113,20421000000.0,38771000000.0,31981000000.0,31981000000.0,0.0,0.024,0.099,0.031,0.112,0.0,4509000000.0,1.0,253308761.0,253500000.0,254600000.0,126.158,112471000000.0,0.0,540000000.0,558000000.0,443.673,
1,TRV,MRY,2019-12-31,2019-12-31,2019-12-31,2021-10-19,640000000.0,110122000000.0,109045250000.0,,,0.29,99.781,0.0,494000000.0,494000000.0,19133000000.0,2622000000.0,,3.245,6558000000.0,,,6558000000.0,0.0,0.0,0.0,0.024,3.23,3482000000.0,3482000000.0,0.11,3482000000.0,3482000000.0,3138000000.0,10.01,9.92,10.01,25943000000.0,25302750000.0,25943000000.0,41398543988.0,12.0,11.889,5205000000.0,20.019,1.0,12448000000.0,0.394,4291000000.0,344000000.0,111895000000.0,111005000000.0,0.0,77884000000.0,,,84179000000.0,,,35348543988.0,121000000.0,0.0,-1335000000.0,-8000000.0,-844000000.0,-2187000000.0,-2902000000.0,-2735000000.0,5205000000.0,5000000.0,2622000000.0,2622000000.0,2622000000.0,0.0,0.0,0.083,8966000000.0,3482000000.0,4982000000.0,0.323,1.363,13.482,13.681,0.0,0.0,136.95,1.119,1.127,20743000000.0,36977000000.0,31581000000.0,31581000000.0,0.0,0.024,0.104,0.031,0.11,0.0,4365000000.0,1.0,258112771.0,260000000.0,262300000.0,121.465,105831000000.0,0.0,516000000.0,137000000.0,407.042,
2,TRV,MRY,2018-12-31,2018-12-31,2018-12-31,2021-10-19,-1859000000.0,104233000000.0,103955500000.0,,,0.291,85.617,0.0,373000000.0,373000000.0,18291000000.0,2523000000.0,,3.553,6564000000.0,,,6564000000.0,0.0,0.0,0.0,0.025,3.03,3313000000.0,3313000000.0,0.109,3313000000.0,3313000000.0,2961000000.0,9.37,9.28,9.37,22894000000.0,22739000000.0,22894000000.0,37924715779.0,11.0,11.447,4380000000.0,16.38,1.0,11991000000.0,0.396,4282000000.0,352000000.0,106142000000.0,105913750000.0,0.0,72278000000.0,,,81339000000.0,,,31719715779.0,29000000.0,0.0,-1189000000.0,-9000000.0,-814000000.0,-2012000000.0,-2329000000.0,-1951000000.0,4380000000.0,-10000000.0,2523000000.0,2523000000.0,2523000000.0,0.0,0.0,0.083,8678000000.0,3313000000.0,5074000000.0,0.323,1.386,12.572,12.78,0.0,0.0,119.75,1.047,1.057,20661000000.0,35204000000.0,30282000000.0,30282000000.0,0.0,0.024,0.111,0.031,0.109,0.0,4297000000.0,1.0,264882804.0,267400000.0,269800000.0,113.246,99951000000.0,445000000.0,438000000.0,0.0,373.788,
3,TRV,MRY,2017-12-31,2017-12-31,2017-12-31,2021-10-19,-343000000.0,103483000000.0,102927250000.0,,,0.281,85.982,0.0,344000000.0,344000000.0,17467000000.0,2056000000.0,,3.361,6571000000.0,,,6571000000.0,0.0,0.0,0.0,0.021,2.83,3099000000.0,3099000000.0,0.107,3099000000.0,3099000000.0,2730000000.0,7.39,7.33,7.39,23731000000.0,23734750000.0,23731000000.0,43666108621.0,14.0,14.09,4148000000.0,15.029,1.0,11435000000.0,0.396,4293000000.0,369000000.0,105417000000.0,105243000000.0,0.0,72502000000.0,,,79752000000.0,,,37124108621.0,37000000.0,-439000000.0,-1267000000.0,132000000.0,-785000000.0,-1920000000.0,-2202000000.0,-1475000000.0,4148000000.0,11000000.0,2056000000.0,2056000000.0,2056000000.0,0.0,0.0,0.071,8336000000.0,3099000000.0,5049000000.0,0.383,1.564,18.056,18.355,0.0,0.0,135.64,1.284,1.295,20228000000.0,33462000000.0,28902000000.0,28902000000.0,0.0,0.02,0.087,0.029,0.107,0.0,4170000000.0,1.0,273695876.0,276000000.0,278600000.0,104.717,99190000000.0,70000000.0,674000000.0,0.0,359.384,
4,TRV,MRY,2016-12-31,2016-12-31,2016-12-31,2021-10-19,-755000000.0,100245000000.0,101789500000.0,,,0.271,80.6,0.0,307000000.0,307000000.0,15070000000.0,3014000000.0,,3.317,6437000000.0,,,6437000000.0,0.0,0.0,0.0,0.021,2.62,4416000000.0,4416000000.0,0.16,4416000000.0,4416000000.0,4053000000.0,10.39,10.28,10.39,23221000000.0,24135000000.0,23221000000.0,40941473889.0,9.0,9.271,4469000000.0,15.512,1.0,12555000000.0,0.454,3848000000.0,363000000.0,102527000000.0,104045000000.0,0.0,70488000000.0,,,77024000000.0,,,34774473889.0,-73000000.0,0.0,-2140000000.0,91000000.0,-757000000.0,-2806000000.0,-1727000000.0,-1368000000.0,4469000000.0,-9000000.0,3014000000.0,3014000000.0,3014000000.0,0.0,0.0,0.109,8139000000.0,4416000000.0,4882000000.0,0.252,1.498,11.538,11.782,0.0,0.0,122.42,1.259,1.277,19618000000.0,32196000000.0,27625000000.0,27625000000.0,0.0,0.03,0.125,0.042,0.16,0.0,4154000000.0,1.0,284058764.0,288100000.0,291000000.0,95.887,96397000000.0,465000000.0,1039000000.0,0.0,334.596,
5,TRV,MRY,2015-12-31,2015-12-31,2015-12-31,2021-10-19,-157000000.0,100184000000.0,101662250000.0,,,0.264,75.976,0.0,380000000.0,380000000.0,13723000000.0,3439000000.0,,3.245,6344000000.0,,,6344000000.0,0.0,0.0,0.0,0.021,2.38,5113000000.0,5113000000.0,0.191,5113000000.0,5113000000.0,4740000000.0,10.99,10.88,10.99,23598000000.0,24149750000.0,23598000000.0,40733133317.0,8.0,7.967,3434000000.0,11.056,1.0,13092000000.0,0.488,3852000000.0,373000000.0,102296000000.0,103903750000.0,0.0,70470000000.0,,,76586000000.0,,,34334133317.0,6000000.0,-13000000.0,-3041000000.0,-8000000.0,-739000000.0,-3733000000.0,317000000.0,747000000.0,3434000000.0,-12000000.0,3439000000.0,3439000000.0,3439000000.0,0.0,0.0,0.128,7979000000.0,5113000000.0,4670000000.0,0.217,1.455,9.984,10.269,0.0,0.0,112.86,1.28,1.307,19721000000.0,29945000000.0,26815000000.0,26815000000.0,0.0,0.034,0.142,0.049,0.191,0.0,4094000000.0,1.0,304218796.0,310600000.0,313900000.0,86.333,96332000000.0,296000000.0,1301000000.0,0.0,310.148,
6,TRV,MRY,2014-12-31,2014-12-31,2014-12-31,2021-10-19,880000000.0,103078000000.0,104136250000.0,,,0.261,73.306,0.0,374000000.0,374000000.0,13870000000.0,3692000000.0,,3.15,6349000000.0,,,6349000000.0,0.0,0.0,0.0,0.02,2.15,5458000000.0,5458000000.0,0.201,5458000000.0,5458000000.0,5089000000.0,10.82,10.7,10.82,24836000000.0,25269000000.0,24836000000.0,41059298249.0,8.0,7.523,3693000000.0,10.9,1.0,13304000000.0,0.49,3915000000.0,369000000.0,105138000000.0,106211750000.0,0.0,73261000000.0,,,78242000000.0,,,35078298249.0,80000000.0,-12000000.0,-3137000000.0,0.0,-729000000.0,-3809000000.0,206000000.0,494000000.0,3693000000.0,-10000000.0,3692000000.0,3692000000.0,3692000000.0,0.0,0.0,0.136,7846000000.0,5458000000.0,4698000000.0,0.199,1.412,9.501,9.783,0.0,0.0,105.85,1.291,1.32,19920000000.0,27251000000.0,27174000000.0,27174000000.0,0.0,0.035,0.146,0.051,0.201,0.0,3964000000.0,1.0,331396299.0,338800000.0,342500000.0,80.207,99163000000.0,33000000.0,1397000000.0,0.0,292.689,
7,TRV,MRY,2013-12-31,2013-12-31,2013-12-31,2021-10-19,810000000.0,103812000000.0,103073500000.0,,,0.254,66.962,0.0,294000000.0,294000000.0,13307000000.0,3673000000.0,,3.187,6346000000.0,,,6346000000.0,0.0,0.0,0.0,0.022,1.96,5306000000.0,5306000000.0,0.203,5306000000.0,5306000000.0,4945000000.0,9.84,9.74,9.84,24796000000.0,25023250000.0,24796000000.0,39013687294.0,7.0,7.353,3816000000.0,10.305,1.0,12884000000.0,0.492,3985000000.0,361000000.0,105879000000.0,105098500000.0,0.0,73160000000.0,,,79016000000.0,,,32962687295.0,-36000000.0,-997000000.0,-2255000000.0,-6000000.0,-729000000.0,-2939000000.0,-910000000.0,439000000.0,3816000000.0,-3000000.0,3673000000.0,3673000000.0,3673000000.0,0.0,0.0,0.14,7578000000.0,5306000000.0,4626000000.0,0.199,1.329,8.974,9.201,0.0,0.0,90.54,1.259,1.28,20166000000.0,24291000000.0,26191000000.0,26191000000.0,0.0,0.036,0.147,0.05,0.203,0.0,3757000000.0,1.0,364067675.0,370300000.0,374300000.0,70.729,99827000000.0,303000000.0,1272000000.0,0.0,269.584,
8,TRV,MRY,2012-12-31,2012-12-31,2012-12-31,2021-10-19,2236000000.0,104938000000.0,104894750000.0,,,0.245,65.782,0.0,330000000.0,330000000.0,14676000000.0,2473000000.0,,3.131,6350000000.0,,,6350000000.0,0.0,0.0,0.0,0.025,1.79,3544000000.0,3544000000.0,0.138,3544000000.0,3544000000.0,3166000000.0,6.35,6.3,6.35,25405000000.0,25307750000.0,25405000000.0,33525676014.0,9.0,9.46,3230000000.0,8.364,1.0,11064000000.0,0.43,3746000000.0,378000000.0,107212000000.0,107285000000.0,0.0,73838000000.0,,,79533000000.0,,,27395676014.0,116000000.0,0.0,-1232000000.0,-258000000.0,-694000000.0,-2146000000.0,-972000000.0,-649000000.0,3230000000.0,4000000.0,2473000000.0,2473000000.0,2473000000.0,0.0,0.0,0.096,7520000000.0,3544000000.0,5152000000.0,0.282,1.078,11.078,11.31,0.0,0.0,71.82,1.064,1.078,21390000000.0,21352000000.0,25740000000.0,25740000000.0,0.0,0.024,0.098,0.033,0.138,0.0,3610000000.0,1.0,381449123.0,386200000.0,389800000.0,66.649,101192000000.0,0.0,693000000.0,338000000.0,262.02,
9,TRV,MRY,2011-12-31,2011-12-31,2011-12-31,2021-10-19,2005000000.0,104575000000.0,105807000000.0,,,0.24,58.867,0.0,214000000.0,214000000.0,16276000000.0,1426000000.0,,3.272,6605000000.0,,,6605000000.0,0.0,0.0,0.0,0.027,1.59,1738000000.0,1738000000.0,0.068,1738000000.0,1738000000.0,1352000000.0,3.4,3.36,3.4,24477000000.0,24975000000.0,24477000000.0,30796796102.0,18.0,17.72,2169000000.0,5.216,1.0,9170000000.0,0.36,3798000000.0,386000000.0,107168000000.0,108351500000.0,0.0,72701000000.0,,,80098000000.0,,,24423796102.0,14000000.0,0.0,-2651000000.0,-8000000.0,-665000000.0,-3306000000.0,1152000000.0,1523000000.0,2169000000.0,-1000000.0,1426000000.0,1426000000.0,1426000000.0,0.0,0.0,0.056,7432000000.0,1738000000.0,5575000000.0,0.468,0.998,17.127,17.403,0.0,0.0,59.17,0.96,0.967,22071000000.0,19579000000.0,25446000000.0,25446000000.0,0.0,0.013,0.057,0.016,0.068,0.0,3556000000.0,1.0,412773299.0,415800000.0,420500000.0,61.198,100777000000.0,7000000.0,-74000000.0,0.0,242.369,
10,TRV,MRY,2010-12-31,2010-12-31,2010-12-31,2021-10-19,1255000000.0,105656000000.0,107382250000.0,,,0.234,53.463,0.0,200000000.0,200000000.0,13210000000.0,3216000000.0,,3.147,6611000000.0,,,6611000000.0,0.0,0.0,0.0,0.025,1.41,4694000000.0,4694000000.0,0.187,4694000000.0,4694000000.0,4306000000.0,6.69,6.62,6.69,25475000000.0,26431750000.0,25475000000.0,31527335558.0,7.0,6.717,3054000000.0,6.409,1.0,11902000000.0,0.474,3867000000.0,388000000.0,108200000000.0,109646750000.0,0.0,72722000000.0,,,80181000000.0,,,25573335558.0,-55000000.0,0.0,-4630000000.0,74000000.0,-673000000.0,-5221000000.0,2109000000.0,2427000000.0,3054000000.0,3000000.0,3216000000.0,3216000000.0,3216000000.0,0.0,0.0,0.128,7208000000.0,4694000000.0,5750000000.0,0.211,1.004,7.952,8.327,0.0,0.0,55.71,1.018,1.057,22834000000.0,18847000000.0,25112000000.0,25112000000.0,0.0,0.03,0.122,0.043,0.187,0.0,3406000000.0,1.0,459043898.0,476500000.0,482500000.0,52.701,101789000000.0,493000000.0,1090000000.0,0.0,213.618,
11,TRV,MRY,2009-12-31,2009-12-31,2009-12-31,2021-10-19,1219000000.0,109560000000.0,110992500000.0,,,0.222,48.677,0.0,255000000.0,255000000.0,12408000000.0,3622000000.0,,2.996,6527000000.0,,,6527000000.0,0.0,0.0,0.0,0.025,1.23,5093000000.0,5093000000.0,0.206,5093000000.0,5093000000.0,4711000000.0,6.38,6.33,6.38,27415000000.0,27248000000.0,27415000000.0,33484173037.0,7.0,6.575,4231000000.0,7.512,1.0,12272000000.0,0.497,3953000000.0,382000000.0,111879000000.0,113143250000.0,0.0,74965000000.0,,,82145000000.0,,,27242173037.0,-95000000.0,0.0,-3108000000.0,351000000.0,-693000000.0,-3442000000.0,-899000000.0,-573000000.0,4231000000.0,15000000.0,3622000000.0,3622000000.0,3622000000.0,0.0,0.0,0.147,7179000000.0,5093000000.0,6343000000.0,0.193,0.994,7.521,7.815,0.0,0.0,49.86,1.104,1.138,24084000000.0,16315000000.0,24680000000.0,24680000000.0,0.0,0.033,0.133,0.045,0.206,0.0,3366000000.0,1.0,546373306.0,563200000.0,568600000.0,43.821,105607000000.0,672000000.0,1089000000.0,0.0,187.512,
12,TRV,MRY,2008-12-31,2008-12-31,2008-12-31,2021-10-19,-900000000.0,109632000000.0,112524000000.0,,,0.218,42.489,0.0,350000000.0,350000000.0,12993000000.0,2924000000.0,,3.33,6181000000.0,,,6181000000.0,0.0,0.0,0.0,0.026,1.19,4086000000.0,4086000000.0,0.167,4086000000.0,4086000000.0,3716000000.0,4.87,4.81,4.87,25319000000.0,25587750000.0,25319000000.0,32364428978.0,8.0,7.921,3138000000.0,5.266,1.0,11484000000.0,0.469,4054000000.0,370000000.0,111409000000.0,114254750000.0,0.0,70738000000.0,,,84313000000.0,,,26420428978.0,79000000.0,0.0,-2107000000.0,-56000000.0,-715000000.0,-2868000000.0,-162000000.0,-117000000.0,3138000000.0,-29000000.0,2924000000.0,2924000000.0,2924000000.0,0.0,0.0,0.119,7398000000.0,4086000000.0,6878000000.0,0.244,1.044,9.036,9.281,0.0,0.0,45.2,1.079,1.1,26417000000.0,13314000000.0,24477000000.0,24477000000.0,0.0,0.026,0.114,0.036,0.167,0.0,3518000000.0,1.0,584522765.0,595900000.0,604300000.0,41.076,105578000000.0,1965000000.0,792000000.0,0.0,177.174,
13,TRV,MRY,2007-12-31,2007-12-31,2007-12-31,2021-10-19,670000000.0,115224000000.0,115087500000.0,,,0.226,40.822,0.0,271000000.0,271000000.0,12397000000.0,4601000000.0,,3.329,6242000000.0,,,6242000000.0,0.0,0.0,0.0,0.021,1.13,6562000000.0,6562000000.0,0.252,6562000000.0,6562000000.0,6216000000.0,7.0,6.85,7.0,26616000000.0,25900500000.0,26616000000.0,40550330014.0,6.0,6.18,5286000000.0,8.107,1.0,13620000000.0,0.524,4180000000.0,346000000.0,117015000000.0,116772000000.0,0.0,74818000000.0,,,88608000000.0,,,34698330014.0,-188000000.0,0.0,-2741000000.0,505000000.0,-742000000.0,-2953000000.0,-2526000000.0,-2148000000.0,5286000000.0,5000000.0,4601000000.0,4601000000.0,4601000000.0,0.0,0.0,0.177,7058000000.0,6562000000.0,7314000000.0,0.161,1.304,7.541,7.686,0.0,0.0,53.8,1.334,1.348,28479000000.0,11110000000.0,26017000000.0,26017000000.0,0.0,0.04,0.178,0.056,0.252,0.0,3352000000.0,1.0,644950372.0,652000000.0,668600000.0,39.903,111044000000.0,1207000000.0,1615000000.0,0.0,170.313,
14,TRV,MRY,2006-12-31,2006-12-31,2006-12-31,2021-10-19,452000000.0,115292000000.0,114513000000.0,,,0.219,36.581,0.0,459000000.0,459000000.0,12244000000.0,4208000000.0,,3.587,5760000000.0,,,5760000000.0,0.0,0.0,0.0,0.019,1.01,6049000000.0,6049000000.0,0.241,6049000000.0,6049000000.0,5725000000.0,6.12,5.91,6.12,25135000000.0,23942750000.0,25135000000.0,43259083171.0,7.0,7.151,4774000000.0,6.948,1.0,12846000000.0,0.512,4202000000.0,324000000.0,116391000000.0,116080500000.0,0.0,72268000000.0,,,90157000000.0,,,37047083171.0,122000000.0,0.0,-904000000.0,-20000000.0,-702000000.0,-1593000000.0,-3064000000.0,-2739000000.0,4774000000.0,5000000.0,4208000000.0,4208000000.0,4208000000.0,0.0,0.0,0.168,6797000000.0,6049000000.0,7239000000.0,0.165,1.474,8.804,8.773,0.0,0.0,53.69,1.477,1.47,30555000000.0,7253000000.0,25090000000.0,25090000000.0,0.0,0.037,0.176,0.052,0.241,-16000000.0,3458000000.0,1.0,690018312.0,687100000.0,716700000.0,36.516,111090000000.0,1536000000.0,1517000000.0,0.0,161.68,
15,TRV,MRY,2005-12-31,2005-12-31,2005-12-31,2021-10-19,351000000.0,113187000000.0,112491750000.0,,,0.217,32.978,0.0,337000000.0,337000000.0,14927000000.0,1622000000.0,,4.075,5850000000.0,,,5850000000.0,0.0,0.0,0.0,0.02,0.91,2518000000.0,2518000000.0,0.103,2518000000.0,2518000000.0,2232000000.0,2.39,2.33,2.39,22303000000.0,21953000000.0,22303000000.0,36242736184.0,14.0,14.393,3613000000.0,5.342,1.0,9438000000.0,0.387,4359000000.0,286000000.0,114341000000.0,113442250000.0,0.0,68287000000.0,,,90884000000.0,,,30931736184.0,75000000.0,2399000000.0,573000000.0,-415000000.0,-628000000.0,-469000000.0,-5455000000.0,-5303000000.0,3613000000.0,-5000000.0,1622000000.0,1622000000.0,1622000000.0,439000000.0,0.0,0.067,6481000000.0,2957000000.0,6236000000.0,0.381,1.387,19.07,18.69,0.0,0.0,44.67,1.27,1.24,31214000000.0,3750000000.0,24365000000.0,24365000000.0,0.0,0.014,0.074,0.022,0.103,0.0,3229000000.0,1.0,692449881.0,676300000.0,712800000.0,36.027,108828000000.0,2062000000.0,610000000.0,0.0,160.917,
16,TRV,MRY,2004-12-31,2004-12-31,2004-12-31,2021-10-19,952000000.0,111246000000.0,98151725000.0,,,0.23,34.853,0.0,262000000.0,262000000.0,15439000000.0,955000000.0,,4.247,6313000000.0,,,6313000000.0,0.0,0.0,0.0,0.037,1.37,1260000000.0,1260000000.0,0.056,1260000000.0,1260000000.0,1024000000.0,1.56,1.53,1.56,21201000000.0,18673450000.0,21201000000.0,31012944811.0,25.0,24.613,5241000000.0,8.616,1.0,7105000000.0,0.315,4626000000.0,236000000.0,112671000000.0,98106125000.0,0.0,64368000000.0,,,90045000000.0,,,24816944811.0,-90000000.0,148000000.0,88000000.0,75000000.0,-642000000.0,-540000000.0,-4786000000.0,-4864000000.0,5241000000.0,7000000.0,955000000.0,955000000.0,955000000.0,-88000000.0,0.0,0.042,5923000000.0,1182000000.0,6525000000.0,0.878,1.171,25.986,23.763,0.0,0.0,37.07,1.101,1.0,30884000000.0,2744000000.0,22544000000.0,22544000000.0,0.0,0.01,0.051,0.013,0.056,0.0,2945000000.0,1.0,669461689.0,608300000.0,628300000.0,37.061,106620000000.0,2198000000.0,69000000.0,0.0,175.275,
17,TRV,MRY,2003-12-31,2003-12-31,2003-12-31,2021-10-19,1086000000.0,64872000000.0,46451250000.0,,,0.326,27.601,0.0,352000000.0,352000000.0,9118000000.0,1696000000.0,,4.412,3386000000.0,,,3386000000.0,0.0,0.0,0.0,0.029,1.16,2400000000.0,2400000000.0,0.159,2400000000.0,2400000000.0,2233000000.0,3.91,3.8,3.91,11987000000.0,7607500000.0,11987000000.0,12366405503.0,5.0,5.153,3834000000.0,8.828,1.0,6021000000.0,0.398,2834000000.0,167000000.0,65072000000.0,47739250000.0,0.0,38653000000.0,,,52885000000.0,,,9046405503.0,260000000.0,0.0,-18000000.0,129000000.0,-282000000.0,-1099000000.0,-2475000000.0,-2475000000.0,3834000000.0,0.0,1696000000.0,1696000000.0,1696000000.0,0.0,0.0,0.112,3625000000.0,2396000000.0,3524000000.0,0.297,0.755,5.334,10.141,0.0,0.0,39.65,0.598,1.137,18385000000.0,2290000000.0,15139000000.0,15139000000.0,0.0,0.037,0.223,0.05,0.159,0.0,1641000000.0,1.0,228156507.0,434300000.0,453300000.0,34.858,62038000000.0,678000000.0,537000000.0,0.0,142.846,
18,TRV,MRY,2002-12-31,2002-12-31,2002-12-31,2021-10-19,602000000.0,39959000000.0,39173250000.0,,,0.364,13.964,0.0,315000000.0,315000000.0,11139000000.0,-27000000.0,,5.8,2713000000.0,,,2713000000.0,3802000000.0,0.0,0.0,0.034,1.16,-347000000.0,-347000000.0,-0.024,-347000000.0,-347000000.0,-504000000.0,-0.07,-0.07,-0.07,5746000000.0,5337750000.0,5746000000.0,9868733620.0,-28.0,-28.44,2926000000.0,7.111,1.0,3131000000.0,0.219,1013000000.0,157000000.0,41344000000.0,40430000000.0,0.0,22733000000.0,,,33324000000.0,,,7711733620.0,-145000000.0,0.0,4096000000.0,-4636000000.0,0.0,-800000000.0,-2271000000.0,-2271000000.0,2926000000.0,0.0,-27000000.0,-27000000.0,-27000000.0,0.0,0.0,-0.002,3234000000.0,-103000000.0,0.0,-16.571,1.342,-285.62,-486.429,459000000.0,0.0,34.05,0.54,0.982,2958000000.0,2473000000.0,14270000000.0,14270000000.0,0.0,-0.001,-0.005,-0.009,-0.024,0.0,1424000000.0,1.0,226482632.0,411500000.0,412300000.0,34.678,38946000000.0,1267000000.0,-477000000.0,0.0,94.644,
19,TRV,MRY,2001-12-31,2001-12-31,2001-12-31,2021-10-19,364000000.0,38321000000.0,36749000000.0,,,0.246,24.657,-61000000.0,151000000.0,151000000.0,7479000000.0,-1088000000.0,,6.319,2130000000.0,,,2130000000.0,3957000000.0,0.0,0.0,0.025,1.12,-1510000000.0,-1510000000.0,-0.167,-1510000000.0,-1510000000.0,-1510000000.0,-5.22,-5.22,-5.22,5114000000.0,6279250000.0,5114000000.0,11096631223.0,-7.0,-7.349,926000000.0,4.465,1.0,1553000000.0,0.172,690000000.0,0.0,39610000000.0,38026750000.0,0.0,22178000000.0,,,32314000000.0,,,9119631223.0,99000000.0,154000000.0,-505000000.0,454000000.0,-245000000.0,410000000.0,-1294000000.0,-779000000.0,987000000.0,-4000000.0,-1088000000.0,-1088000000.0,-1088000000.0,79000000.0,0.0,-0.12,2984000000.0,-1431000000.0,0.0,-0.215,1.783,-8.382,-8.423,486000000.0,0.0,43.97,1.01,1.01,3383000000.0,2500000000.0,9032000000.0,9032000000.0,0.0,-0.03,-0.173,-0.04,-0.167,0.0,2984000000.0,1.0,207405759.0,207405759.0,,43.547,37631000000.0,1248000000.0,-422000000.0,0.0,181.437,
20,TRV,MRY,2000-12-31,2000-12-31,2000-12-31,2021-10-19,697000000.0,35502000000.0,39388000000.0,,,0.202,33.199,-78000000.0,52000000.0,52000000.0,3913000000.0,993000000.0,,3.866,1647000000.0,,,1647000000.0,3648000000.0,0.0,0.0,0.02,1.08,1424000000.0,1424000000.0,0.179,1424000000.0,1424000000.0,1424000000.0,4.5,4.24,4.5,7227000000.0,6903750000.0,7227000000.0,13377706806.0,9.0,9.394,-641000000.0,-2.945,1.0,4033000000.0,0.508,510000000.0,0.0,36587000000.0,40642250000.0,0.0,22052000000.0,,,27938000000.0,,,11822706806.0,-53000000.0,-11000000.0,-463000000.0,135000000.0,-241000000.0,-172000000.0,682000000.0,1399000000.0,-563000000.0,0.0,993000000.0,993000000.0,993000000.0,-23000000.0,0.0,0.125,2632000000.0,1401000000.0,0.0,0.24,1.636,11.906,12.069,492000000.0,0.0,54.31,1.488,1.488,3214000000.0,4243000000.0,7946000000.0,7946000000.0,0.0,0.025,0.144,0.035,0.179,0.0,2632000000.0,1.0,217689317.0,217689317.0,,36.502,34992000000.0,930000000.0,431000000.0,170000000.0,160.743,
21,TRV,MRY,1999-12-31,1999-12-31,1999-12-31,2021-10-19,542000000.0,38555000000.0,39077500000.0,,,0.183,28.479,-83000000.0,158000000.0,158000000.0,3720000000.0,834000000.0,,4.892,1466000000.0,,,1466000000.0,3048000000.0,118000000.0,0.0,0.031,1.04,1053000000.0,1171000000.0,0.164,1171000000.0,1053000000.0,1053000000.0,3.61,3.41,3.61,6472000000.0,6401750000.0,6472000000.0,9274205419.0,9.0,7.92,-133000000.0,-0.585,1.0,3429000000.0,0.48,399000000.0,0.0,39464000000.0,40232750000.0,0.0,25974000000.0,,,31658000000.0,,,7656205419.0,10000000.0,314000000.0,-349000000.0,198000000.0,-246000000.0,361000000.0,-301000000.0,381000000.0,-50000000.0,0.0,834000000.0,834000000.0,834000000.0,-129000000.0,0.0,0.117,2478000000.0,951000000.0,0.0,0.288,1.183,9.18,9.332,499000000.0,0.0,33.69,1.071,1.071,2648000000.0,3827000000.0,7149000000.0,7149000000.0,0.0,0.021,0.13,0.026,0.147,0.0,2478000000.0,1.0,227254539.0,227254539.0,,31.458,38156000000.0,1262000000.0,219000000.0,311000000.0,167.9,
22,TRV,MRY,1998-12-31,1998-12-31,1998-12-31,2021-10-19,1013000000.0,37864000000.0,33491509750.0,,,0.23,28.15,-93000000.0,146000000.0,146000000.0,4738000000.0,89000000.0,,4.63,1260000000.0,,,1260000000.0,3092000000.0,0.0,0.0,0.036,1.25,10000000.0,10000000.0,0.001,10000000.0,10000000.0,10000000.0,0.33,0.32,0.33,6636000000.0,6151047250.0,6636000000.0,9174217148.0,917.0,917.422,-24000000.0,-0.102,1.0,2970000000.0,0.385,592000000.0,0.0,38386000000.0,34104897500.0,0.0,26605000000.0,,,30725000000.0,,,8205866148.0,-3000000.0,-98000000.0,-110000000.0,14000000.0,-226000000.0,10000000.0,-82000000.0,-29000000.0,69000000.0,0.0,89000000.0,89000000.0,89000000.0,110000000.0,0.0,0.012,2850000000.0,120000000.0,0.0,3.788,1.237,92.201,105.485,510000000.0,0.0,34.81,1.065,1.065,2439000000.0,3480000000.0,7708000000.0,7708000000.0,0.0,0.003,0.014,0.0,0.001,0.0,2850000000.0,1.0,235733012.0,235733012.0,,32.698,37272000000.0,1193000000.0,-79000000.0,221000000.0,158.111,
23,TRV,MRY,1997-12-31,1997-12-31,1997-12-31,2021-10-19,822648000.0,37358828000.0,25033798750.0,,,0.332,39.504,-140000000.0,113175000.0,113175000.0,4366000000.0,929000000.0,,4.577,1304008000.0,,,1304008000.0,3528234000.0,0.0,0.0,0.023,0.94,1300000000.0,1300000000.0,0.156,1300000000.0,1300000000.0,1300000000.0,3.97,3.69,3.97,6608168000.0,4791842500.0,6608168000.0,7589029135.0,6.0,5.838,707000000.0,4.226,1.0,3942000000.0,0.474,618528000.0,0.0,37931133000.0,25471424000.0,0.0,26110236000.0,,,30247960000.0,,,6863510135.0,30000000.0,-236000000.0,-104000000.0,37000000.0,-199000000.0,-19000000.0,-798000000.0,-331000000.0,847000000.0,0.0,929000000.0,929000000.0,929000000.0,133000000.0,0.0,0.112,2509000000.0,1433000000.0,0.0,0.237,1.039,7.388,10.335,602381000.0,0.0,41.03,0.826,0.826,2569896000.0,3720140000.0,8308000000.0,8308000000.0,0.0,0.037,0.194,0.051,0.156,0.0,2509000000.0,1.0,167280286.0,167280286.0,,49.665,36740300000.0,1213790000.0,371000000.0,303549000.0,219.633,
24,TRV,MRY,1996-12-31,1996-12-31,1996-12-31,2021-10-19,596472000.0,20680976000.0,19600135000.0,,,0.471,23.97,-83564000.0,37214000.0,37214000.0,5466302000.0,732702000.0,,4.114,689141000.0,,,689141000.0,2566551000.0,0.0,0.0,0.03,0.88,883339000.0,883339000.0,0.096,883339000.0,883339000.0,883339000.0,3.01,2.84,3.01,4003820000.0,3866970500.0,4003820000.0,,,,1216092000.0,7.281,1.0,3765235000.0,0.408,167338000.0,0.0,21165565000.0,20116649500.0,0.0,14509210000.0,,,16470156000.0,,,4895717123.0,-34403000.0,-241721000.0,-226555000.0,-96312000.0,-199879000.0,-521130000.0,-812929000.0,-491702000.0,1299656000.0,0.0,732702000.0,732702000.0,732702000.0,107759000.0,0.0,0.079,2774137000.0,991098000.0,0.0,0.292,1.223,6.682,9.738,281093000.0,0.0,29.31,0.53,0.53,1772850000.0,2935928000.0,9231537000.0,9231537000.0,0.0,0.037,0.189,0.044,0.096,0.0,2774137000.0,1.0,167032314.0,167032314.0,,55.268,20513638000.0,908220000.0,150637000.0,219081000.0,122.812,
25,TRV,MRY,1995-12-31,1995-12-31,1995-12-31,2021-10-19,587010000.0,18519294000.0,,,,,,-41614000.0,25475000.0,25475000.0,2864307000.0,521209000.0,,3.909,697045000.0,,,697045000.0,2361028000.0,58405000.0,0.0,0.029,0.8,652686000.0,711091000.0,0.141,711091000.0,652686000.0,652686000.0,3.035,2.85,3.035,3730121000.0,,3730121000.0,,,,864532000.0,,1.0,2191892000.0,0.434,123130000.0,0.0,19067734000.0,,0.0,12807773000.0,,,14582173000.0,,,,4666000.0,0.0,-41714000.0,67556000.0,-144662000.0,62964000.0,-964444000.0,-866021000.0,906146000.0,0.0,521209000.0,521209000.0,521209000.0,16639000.0,0.0,0.103,1522567000.0,669325000.0,0.0,0.264,,,9.163,297384000.0,0.0,27.81,,,1512324000.0,2704075000.0,5056199000.0,5056199000.0,0.0,,,,0.129,0.0,1522567000.0,1.0,,,,,18396164000.0,521864000.0,131477000.0,139058000.0,,
26,TRV,MRY,1994-12-31,1994-12-31,1994-12-31,2021-10-19,,,,,,,,-49338000.0,,,2461698000.0,442828000.0,,,,,,,,0.0,,0.034,0.75,556351000.0,556351000.0,0.127,556351000.0,556351000.0,556351000.0,2.56,2.465,2.56,,,,,,,850782000.0,,1.0,1906736000.0,0.436,,0.0,,,,,,,,,,,10399000.0,0.0,-34150000.0,67371000.0,-136062000.0,-129696000.0,-760025000.0,-694375000.0,900120000.0,0.0,442828000.0,442828000.0,442828000.0,17174000.0,0.0,0.101,1333211000.0,573525000.0,,0.293,,,8.74,,0.0,22.375,,,,,4368434000.0,4368434000.0,0.0,,,,0.127,0.0,1333211000.0,1.0,,,,,,,113523000.0,,,
0,TRV,MRQ,2021-09-30,2021-09-30,2021-09-30,2021-10-19,1166000000.0,120706000000.0,,,,,114.954,0.0,818000000.0,818000000.0,5464000000.0,662000000.0,,3.239,7290000000.0,,,7290000000.0,0.0,0.0,0.0,0.023,0.88,873000000.0,873000000.0,0.099,873000000.0,873000000.0,786000000.0,2.65,2.62,2.65,28474000000.0,,28474000000.0,44526415729.0,9.0,9.356,2543000000.0,10.266,1.0,3341000000.0,0.379,4314000000.0,87000000.0,122864000000.0,,0.0,87506000000.0,,,92232000000.0,,,37925415729.0,129000000.0,0.0,-551000000.0,0.0,-219000000.0,-770000000.0,-1637000000.0,-1551000000.0,2543000000.0,-7000000.0,662000000.0,662000000.0,662000000.0,0.0,0.0,0.075,2468000000.0,873000000.0,4664000000.0,0.332,1.332,10.422,10.586,0.0,0.0,152.01,1.109,1.101,20642000000.0,40438000000.0,8805000000.0,8805000000.0,0.0,,,,,0.0,1187000000.0,1.0,249492900.0,247700000.0,250100000.0,35.547,116392000000.0,0.0,124000000.0,274000000.0,469.891,
1,TRV,MRQ,2021-06-30,2021-06-30,2021-06-30,2021-10-19,1769000000.0,119759000000.0,,,,,116.298,0.0,689000000.0,689000000.0,5045000000.0,934000000.0,,3.108,7290000000.0,,,7290000000.0,0.0,0.0,0.0,0.023,0.88,1214000000.0,1214000000.0,0.14,1214000000.0,1214000000.0,1131000000.0,3.7,3.66,3.7,29156000000.0,,29156000000.0,43533865123.0,9.0,8.779,1849000000.0,7.375,1.0,3642000000.0,0.419,4334000000.0,83000000.0,122026000000.0,,0.0,86545000000.0,,,90603000000.0,,,37646865123.0,26000000.0,0.0,-329000000.0,739000000.0,-222000000.0,188000000.0,-2011000000.0,-1958000000.0,1849000000.0,0.0,934000000.0,934000000.0,934000000.0,0.0,0.0,0.108,2428000000.0,1214000000.0,4673000000.0,0.238,1.291,9.897,10.014,0.0,0.0,149.71,1.118,1.115,20780000000.0,39998000000.0,8687000000.0,8687000000.0,0.0,,,,,0.0,1174000000.0,1.0,251465267.0,250700000.0,253100000.0,34.651,115425000000.0,0.0,197000000.0,415000000.0,460.411,
2,TRV,MRQ,2021-03-31,2021-03-31,2021-03-31,2021-10-19,1291000000.0,117032000000.0,,,,,112.134,0.0,663000000.0,663000000.0,4970000000.0,733000000.0,,3.14,6550000000.0,,,6550000000.0,0.0,0.0,0.0,0.023,0.85,973000000.0,973000000.0,0.117,973000000.0,973000000.0,891000000.0,2.89,2.87,2.89,28269000000.0,,28269000000.0,43762038992.0,12.0,11.685,1190000000.0,4.72,1.0,3343000000.0,0.402,4335000000.0,82000000.0,118584000000.0,,0.0,83887000000.0,,,88763000000.0,,,37933038992.0,-58000000.0,-38000000.0,-263000000.0,0.0,-214000000.0,-477000000.0,-774000000.0,-676000000.0,1190000000.0,3000000.0,733000000.0,733000000.0,733000000.0,0.0,0.0,0.088,2370000000.0,973000000.0,4992000000.0,0.294,1.342,13.404,13.562,0.0,0.0,150.4,1.171,1.171,20783000000.0,39285000000.0,8313000000.0,8313000000.0,0.0,,,,,0.0,1163000000.0,1.0,252214355.0,252100000.0,254100000.0,32.975,112697000000.0,0.0,158000000.0,293000000.0,447.033,
3,TRV,MRQ,2020-12-31,2020-12-31,2020-12-31,2021-10-19,2502000000.0,116764000000.0,,,,,115.191,0.0,721000000.0,721000000.0,4341000000.0,1310000000.0,,2.999,6550000000.0,,,6550000000.0,0.0,0.0,0.0,0.024,0.85,1699000000.0,1699000000.0,0.202,1699000000.0,1699000000.0,1616000000.0,5.12,5.11,5.12,29201000000.0,,29201000000.0,42023950782.0,12.0,11.752,1901000000.0,7.499,1.0,4056000000.0,0.483,4293000000.0,83000000.0,118300000000.0,,0.0,84423000000.0,,,87563000000.0,,,35556950782.0,138000000.0,0.0,-146000000.0,-500000000.0,-218000000.0,-864000000.0,-915000000.0,-760000000.0,1901000000.0,16000000.0,1310000000.0,1310000000.0,1310000000.0,0.0,0.0,0.156,2357000000.0,1699000000.0,4617000000.0,0.166,1.218,13.184,13.293,0.0,0.0,140.37,1.112,1.113,20421000000.0,38771000000.0,8397000000.0,8397000000.0,0.0,,,,,0.0,1142000000.0,1.0,253308761.0,253500000.0,254900000.0,33.124,112471000000.0,0.0,306000000.0,558000000.0,443.673,
4,TRV,MRQ,2020-09-30,2020-09-30,2020-09-30,2021-10-19,2138000000.0,116384000000.0,,,,,109.945,0.0,583000000.0,583000000.0,4886000000.0,827000000.0,,3.179,7050000000.0,,,7050000000.0,0.0,0.0,0.0,0.031,0.85,1073000000.0,1073000000.0,0.13,1073000000.0,1073000000.0,986000000.0,3.24,3.23,3.24,27849000000.0,,27849000000.0,33818753115.0,11.0,11.147,2326000000.0,9.183,1.0,3389000000.0,0.41,4263000000.0,87000000.0,118588000000.0,,0.0,83561000000.0,,,88535000000.0,,,27392753115.0,-40000000.0,0.0,7000000.0,0.0,-217000000.0,-210000000.0,-2163000000.0,-2085000000.0,2326000000.0,7000000.0,827000000.0,827000000.0,827000000.0,0.0,0.0,0.1,2316000000.0,1073000000.0,4923000000.0,0.262,0.984,12.121,12.322,0.0,0.0,108.19,0.866,0.866,20889000000.0,37679000000.0,8275000000.0,8275000000.0,0.0,,,,,0.0,1109000000.0,1.0,253191174.0,253300000.0,254300000.0,32.669,112121000000.0,0.0,159000000.0,448000000.0,442.641,
5,TRV,MRQ,2020-06-30,2020-06-30,2020-06-30,2021-10-19,1882000000.0,113337000000.0,,,,,107.087,0.0,623000000.0,623000000.0,5107000000.0,-40000000.0,,3.207,7049000000.0,,,7049000000.0,0.0,0.0,0.0,0.029,0.85,0.0,0.0,0.0,0.0,0.0,-85000000.0,-0.16,-0.16,-0.16,26943000000.0,,26943000000.0,34850926754.0,14.0,14.07,1664000000.0,6.614,1.0,2294000000.0,0.31,4244000000.0,85000000.0,115519000000.0,,0.0,80601000000.0,,,86394000000.0,,,28835926754.0,79000000.0,0.0,34000000.0,490000000.0,-216000000.0,308000000.0,-1898000000.0,-1823000000.0,1664000000.0,5000000.0,-40000000.0,-40000000.0,-40000000.0,0.0,0.0,-0.005,2294000000.0,0.0,4903000000.0,-5.312,1.07,15.766,16.154,0.0,0.0,114.05,0.919,0.914,20866000000.0,37069000000.0,7401000000.0,7401000000.0,0.0,,,,,0.0,1121000000.0,1.0,252835833.0,251600000.0,251600000.0,29.416,109093000000.0,0.0,-45000000.0,409000000.0,433.597,
6,TRV,MRQ,2020-03-31,2020-03-31,2020-03-31,2021-10-19,-49000000.0,109436000000.0,,,,,99.072,0.0,544000000.0,544000000.0,4789000000.0,600000000.0,,3.342,6559000000.0,,,6559000000.0,0.0,0.0,0.0,0.033,0.82,804000000.0,804000000.0,0.102,804000000.0,804000000.0,720000000.0,2.34,2.33,2.34,25204000000.0,,25204000000.0,31401320412.0,10.0,9.719,628000000.0,2.469,1.0,3119000000.0,0.394,4237000000.0,84000000.0,111214000000.0,,0.0,76650000000.0,,,84232000000.0,,,25337320412.0,50000000.0,0.0,-440000000.0,0.0,-210000000.0,-650000000.0,84000000.0,153000000.0,628000000.0,-12000000.0,600000000.0,600000000.0,600000000.0,0.0,0.0,0.076,2315000000.0,804000000.0,5288000000.0,0.35,1.005,10.444,10.648,0.0,0.0,99.35,0.796,0.794,20988000000.0,37325000000.0,7908000000.0,7908000000.0,0.0,,,,,0.0,1137000000.0,1.0,255030905.0,254400000.0,255900000.0,31.085,105199000000.0,9000000.0,120000000.0,0.0,413.518,
7,TRV,MRQ,2019-12-31,2019-12-31,2019-12-31,2021-10-19,640000000.0,110122000000.0,,,,,101.063,0.0,494000000.0,494000000.0,4640000000.0,873000000.0,,3.245,6558000000.0,,,6558000000.0,0.0,0.0,0.0,0.024,0.82,1157000000.0,1157000000.0,0.143,1157000000.0,1157000000.0,1074000000.0,3.36,3.33,3.36,25943000000.0,,25943000000.0,41398543988.0,12.0,11.889,1412000000.0,5.501,1.0,3423000000.0,0.425,4291000000.0,83000000.0,111895000000.0,,0.0,77884000000.0,,,84179000000.0,,,35348543988.0,-14000000.0,0.0,-369000000.0,0.0,-211000000.0,-580000000.0,-855000000.0,-931000000.0,1412000000.0,9000000.0,873000000.0,873000000.0,873000000.0,0.0,0.0,0.108,2266000000.0,1157000000.0,4982000000.0,0.244,1.363,13.482,13.681,0.0,0.0,136.95,1.119,1.127,20743000000.0,36977000000.0,8063000000.0,8063000000.0,0.0,,,,,0.0,1085000000.0,1.0,258112771.0,256700000.0,259000000.0,31.41,105831000000.0,0.0,201000000.0,137000000.0,412.275,
8,TRV,MRQ,2019-09-30,2019-09-30,2019-09-30,2021-10-19,625000000.0,110241000000.0,,,,,98.792,0.0,508000000.0,508000000.0,5230000000.0,396000000.0,,3.305,6558000000.0,,,6558000000.0,0.0,0.0,0.0,0.021,0.82,516000000.0,516000000.0,0.064,516000000.0,516000000.0,432000000.0,1.52,1.5,1.52,25607000000.0,,25607000000.0,44858753004.0,14.0,14.205,2001000000.0,7.72,1.0,2783000000.0,0.347,4258000000.0,84000000.0,112033000000.0,,0.0,77420000000.0,,,84634000000.0,,,38716753004.0,92000000.0,0.0,-343000000.0,0.0,-214000000.0,-557000000.0,-1346000000.0,-1272000000.0,2001000000.0,-6000000.0,396000000.0,396000000.0,396000000.0,0.0,0.0,0.049,2267000000.0,516000000.0,5375000000.0,0.539,1.512,16.336,16.558,0.0,0.0,148.69,1.236,1.231,21086000000.0,36317000000.0,8013000000.0,8013000000.0,0.0,,,,,0.0,1098000000.0,1.0,260385722.0,259200000.0,261800000.0,30.914,105983000000.0,0.0,36000000.0,188000000.0,408.885,
9,TRV,MRQ,2019-06-30,2019-06-30,2019-06-30,2021-10-19,206000000.0,108572000000.0,,,,,96.904,0.0,416000000.0,416000000.0,4821000000.0,557000000.0,,3.288,6558000000.0,,,6558000000.0,0.0,0.0,0.0,0.021,0.82,754000000.0,754000000.0,0.096,754000000.0,754000000.0,665000000.0,2.11,2.1,2.11,25321000000.0,,25321000000.0,45860515559.0,13.0,12.977,1153000000.0,4.413,1.0,3013000000.0,0.385,4278000000.0,89000000.0,110436000000.0,,0.0,75496000000.0,,,83251000000.0,,,39160515559.0,59000000.0,0.0,-265000000.0,-500000000.0,-214000000.0,-979000000.0,-115000000.0,-28000000.0,1153000000.0,0.0,557000000.0,557000000.0,557000000.0,0.0,0.0,0.071,2259000000.0,754000000.0,5367000000.0,0.389,1.547,14.596,14.789,0.0,0.0,149.52,1.262,1.259,21307000000.0,36135000000.0,7834000000.0,7834000000.0,0.0,,,,,0.0,1125000000.0,1.0,261908210.0,261300000.0,263700000.0,29.981,104294000000.0,0.0,108000000.0,87000000.0,399.135,
10,TRV,MRQ,2019-03-31,2019-03-31,2019-03-31,2021-10-19,-682000000.0,107246000000.0,,,,,92.583,0.0,357000000.0,357000000.0,4442000000.0,796000000.0,,3.406,7057000000.0,,,7057000000.0,0.0,0.0,0.0,0.022,0.77,1055000000.0,1055000000.0,0.138,1055000000.0,1055000000.0,967000000.0,3.01,2.99,3.01,24340000000.0,,24340000000.0,42317714223.0,12.0,12.087,639000000.0,2.431,1.0,3229000000.0,0.421,4290000000.0,88000000.0,109656000000.0,,0.0,74517000000.0,,,82906000000.0,,,36126714223.0,-16000000.0,0.0,-358000000.0,492000000.0,-205000000.0,-71000000.0,-586000000.0,-504000000.0,639000000.0,2000000.0,796000000.0,796000000.0,796000000.0,0.0,0.0,0.104,2174000000.0,1055000000.0,5446000000.0,0.256,1.484,13.633,13.813,0.0,0.0,137.16,1.178,1.176,21039000000.0,35795000000.0,7671000000.0,7671000000.0,0.0,,,,,0.0,1057000000.0,1.0,263391034.0,262900000.0,264800000.0,29.178,102956000000.0,115000000.0,171000000.0,0.0,391.617,
11,TRV,MRQ,2018-12-31,2018-12-31,2018-12-31,2021-10-19,-1859000000.0,104233000000.0,,,,,86.785,0.0,373000000.0,373000000.0,4778000000.0,621000000.0,,3.553,6564000000.0,,,6564000000.0,0.0,0.0,0.0,0.025,0.77,833000000.0,833000000.0,0.107,833000000.0,833000000.0,746000000.0,2.34,2.31,2.34,22894000000.0,,22894000000.0,37924715779.0,11.0,11.447,948000000.0,3.594,1.0,3018000000.0,0.387,4282000000.0,87000000.0,106142000000.0,,0.0,72278000000.0,,,81339000000.0,,,31719715779.0,14000000.0,4000000.0,-155000000.0,0.0,-203000000.0,-358000000.0,-570000000.0,-428000000.0,948000000.0,-6000000.0,621000000.0,621000000.0,621000000.0,0.0,0.0,0.08,2185000000.0,833000000.0,5074000000.0,0.329,1.386,12.572,12.78,0.0,0.0,119.75,1.047,1.057,20661000000.0,35204000000.0,7796000000.0,7796000000.0,0.0,,,,,0.0,1063000000.0,1.0,264882804.0,263800000.0,265900000.0,29.553,99951000000.0,445000000.0,125000000.0,0.0,378.889,
12,TRV,MRQ,2018-09-30,2018-09-30,2018-09-30,2021-10-19,-2003000000.0,104390000000.0,,,,,84.404,0.0,359000000.0,359000000.0,4655000000.0,709000000.0,,3.648,6564000000.0,,,6564000000.0,0.0,0.0,0.0,0.023,0.77,892000000.0,892000000.0,0.115,892000000.0,892000000.0,806000000.0,2.65,2.62,2.65,22460000000.0,,22460000000.0,40770191893.0,12.0,11.876,1734000000.0,6.516,1.0,3068000000.0,0.397,4309000000.0,86000000.0,106286000000.0,,0.0,71853000000.0,,,81930000000.0,,,34721191893.0,-56000000.0,-4000000.0,-381000000.0,100000000.0,-207000000.0,-488000000.0,-1302000000.0,-1218000000.0,1734000000.0,0.0,709000000.0,709000000.0,709000000.0,0.0,0.0,0.092,2176000000.0,892000000.0,5305000000.0,0.291,1.546,14.155,14.364,0.0,0.0,129.71,1.16,1.153,20840000000.0,34799000000.0,7723000000.0,7723000000.0,0.0,,,,,0.0,1059000000.0,1.0,267683231.0,266100000.0,268400000.0,29.023,100081000000.0,521000000.0,97000000.0,0.0,376.103,
13,TRV,MRQ,2018-06-30,2018-06-30,2018-06-30,2021-10-19,-1688000000.0,103523000000.0,,,,,84.194,0.0,415000000.0,415000000.0,4562000000.0,524000000.0,,3.576,6464000000.0,,,6464000000.0,0.0,0.0,0.0,0.024,0.77,721000000.0,721000000.0,0.096,721000000.0,721000000.0,631000000.0,1.93,1.92,1.93,22623000000.0,,22623000000.0,39629766953.0,13.0,13.407,1144000000.0,4.258,1.0,2915000000.0,0.39,4287000000.0,90000000.0,105285000000.0,,0.0,71161000000.0,,,80900000000.0,,,33063766953.0,18000000.0,0.0,-337000000.0,-500000000.0,-207000000.0,-1044000000.0,-76000000.0,23000000.0,1144000000.0,-6000000.0,524000000.0,524000000.0,524000000.0,0.0,0.0,0.07,2194000000.0,721000000.0,5226000000.0,0.399,1.462,16.232,16.444,0.0,0.0,122.34,1.119,1.113,20874000000.0,34296000000.0,7477000000.0,7477000000.0,0.0,,,,,0.0,1113000000.0,1.0,270261296.0,268700000.0,271100000.0,27.827,99236000000.0,463000000.0,107000000.0,0.0,369.319,
14,TRV,MRQ,2018-03-31,2018-03-31,2018-03-31,2021-10-19,-1322000000.0,103676000000.0,,,,,84.793,0.0,397000000.0,397000000.0,4296000000.0,669000000.0,,3.512,6963000000.0,,,6963000000.0,0.0,0.0,0.0,0.021,0.72,867000000.0,867000000.0,0.119,867000000.0,867000000.0,778000000.0,2.45,2.42,2.45,22979000000.0,,22979000000.0,43917486387.0,14.0,14.09,554000000.0,2.044,1.0,2990000000.0,0.41,4300000000.0,89000000.0,105942000000.0,,0.0,71724000000.0,,,80697000000.0,,,37690486387.0,53000000.0,0.0,-316000000.0,391000000.0,-197000000.0,-122000000.0,-381000000.0,-328000000.0,554000000.0,2000000.0,669000000.0,669000000.0,669000000.0,0.0,0.0,0.092,2123000000.0,867000000.0,5333000000.0,0.294,1.64,17.88,18.175,0.0,0.0,138.86,1.289,1.287,20669000000.0,33981000000.0,7286000000.0,7286000000.0,0.0,,,,,0.0,1062000000.0,1.0,271427959.0,271000000.0,273900000.0,26.886,99376000000.0,368000000.0,109000000.0,0.0,366.701,
15,TRV,MRQ,2017-12-31,2017-12-31,2017-12-31,2021-10-19,-343000000.0,103483000000.0,,,,,87.022,0.0,344000000.0,344000000.0,4342000000.0,551000000.0,,3.361,6571000000.0,,,6571000000.0,0.0,0.0,0.0,0.021,0.72,953000000.0,953000000.0,0.128,953000000.0,953000000.0,860000000.0,2.0,1.99,2.0,23731000000.0,,23731000000.0,43666108621.0,14.0,14.09,663000000.0,2.431,1.0,3109000000.0,0.417,4293000000.0,93000000.0,105417000000.0,,0.0,72502000000.0,,,79752000000.0,,,37124108621.0,-35000000.0,0.0,-326000000.0,-350000000.0,-196000000.0,-872000000.0,174000000.0,276000000.0,663000000.0,0.0,551000000.0,551000000.0,551000000.0,0.0,0.0,0.074,2156000000.0,953000000.0,5049000000.0,0.36,1.564,18.056,18.355,0.0,0.0,135.64,1.284,1.295,20228000000.0,33462000000.0,7451000000.0,7451000000.0,0.0,,,,,0.0,1084000000.0,1.0,273695876.0,272700000.0,275600000.0,27.323,99190000000.0,70000000.0,309000000.0,0.0,363.733,
16,TRV,MRQ,2017-09-30,2017-09-30,2017-09-30,2021-10-19,-285000000.0,104311000000.0,,,,,86.603,0.0,379000000.0,379000000.0,4806000000.0,293000000.0,,3.394,6921000000.0,,,6921000000.0,0.0,0.0,0.0,0.023,0.72,415000000.0,415000000.0,0.057,415000000.0,415000000.0,320000000.0,1.06,1.05,1.06,23738000000.0,,23738000000.0,40401030851.0,11.0,11.419,1731000000.0,6.315,1.0,2519000000.0,0.344,4291000000.0,95000000.0,106562000000.0,,0.0,73092000000.0,,,80573000000.0,,,33809030851.0,51000000.0,-439000000.0,-298000000.0,0.0,-200000000.0,-498000000.0,-1186000000.0,-689000000.0,1731000000.0,4000000.0,293000000.0,293000000.0,293000000.0,0.0,0.0,0.04,2104000000.0,415000000.0,5180000000.0,0.679,1.424,13.811,14.115,0.0,0.0,122.52,1.18,1.172,20369000000.0,33110000000.0,7325000000.0,7325000000.0,0.0,,,,,0.0,1045000000.0,1.0,275947036.0,274100000.0,276600000.0,26.724,100020000000.0,243000000.0,27000000.0,0.0,364.903,
17,TRV,MRQ,2017-06-30,2017-06-30,2017-06-30,2021-10-19,-344000000.0,102669000000.0,,,,,85.975,0.0,328000000.0,328000000.0,4225000000.0,595000000.0,,3.303,6920000000.0,,,6920000000.0,0.0,0.0,0.0,0.022,0.72,882000000.0,882000000.0,0.123,882000000.0,882000000.0,790000000.0,2.13,2.11,2.13,23858000000.0,,23858000000.0,41543484843.0,10.0,9.989,906000000.0,3.265,1.0,2959000000.0,0.412,3853000000.0,92000000.0,105408000000.0,,0.0,72331000000.0,,,78811000000.0,,,35354484843.0,79000000.0,0.0,-440000000.0,482000000.0,-199000000.0,-157000000.0,-675000000.0,-610000000.0,906000000.0,5000000.0,595000000.0,595000000.0,595000000.0,0.0,0.0,0.083,2077000000.0,882000000.0,5064000000.0,0.338,1.482,12.314,12.528,0.0,0.0,126.53,1.25,1.242,20195000000.0,33016000000.0,7184000000.0,7184000000.0,0.0,,,,,0.0,1045000000.0,1.0,279415829.0,277500000.0,280000000.0,25.888,98816000000.0,201000000.0,195000000.0,0.0,356.094,
18,TRV,MRQ,2017-03-31,2017-03-31,2017-03-31,2021-10-19,-615000000.0,101246000000.0,,,,,84.419,0.0,249000000.0,249000000.0,4094000000.0,617000000.0,,3.288,6438000000.0,,,6438000000.0,0.0,0.0,0.0,0.022,0.67,849000000.0,849000000.0,0.122,849000000.0,849000000.0,760000000.0,2.19,2.17,2.19,23612000000.0,,23612000000.0,39843288844.0,9.0,9.359,848000000.0,3.032,1.0,2848000000.0,0.41,3850000000.0,89000000.0,103585000000.0,,0.0,71257000000.0,,,77634000000.0,,,33713288844.0,-58000000.0,0.0,-203000000.0,0.0,-190000000.0,-393000000.0,-515000000.0,-452000000.0,848000000.0,2000000.0,617000000.0,617000000.0,617000000.0,0.0,0.0,0.089,1999000000.0,849000000.0,5097000000.0,0.306,1.428,11.467,11.771,0.0,0.0,120.54,1.209,1.209,19879000000.0,32623000000.0,6942000000.0,6942000000.0,0.0,,,,,0.0,996000000.0,1.0,279685489.0,279700000.0,282400000.0,24.819,97396000000.0,261000000.0,143000000.0,0.0,348.216,
19,TRV,MRQ,2016-12-31,2016-12-31,2016-12-31,2021-10-19,-755000000.0,100245000000.0,,,,,82.227,0.0,307000000.0,307000000.0,3740000000.0,943000000.0,,3.317,6437000000.0,,,6437000000.0,0.0,0.0,0.0,0.021,0.67,1392000000.0,1392000000.0,0.194,1392000000.0,1392000000.0,1302000000.0,3.3,3.28,3.3,23221000000.0,,23221000000.0,40941473889.0,9.0,9.271,1406000000.0,4.979,1.0,3453000000.0,0.48,3848000000.0,90000000.0,102527000000.0,,0.0,70488000000.0,,,77024000000.0,,,34774473889.0,38000000.0,0.0,-583000000.0,0.0,-188000000.0,-771000000.0,-593000000.0,-474000000.0,1406000000.0,-4000000.0,943000000.0,943000000.0,943000000.0,0.0,0.0,0.131,2061000000.0,1392000000.0,4882000000.0,0.203,1.498,11.538,11.782,0.0,0.0,122.42,1.259,1.277,19618000000.0,32196000000.0,7193000000.0,7193000000.0,0.0,,,,,0.0,1048000000.0,1.0,284058764.0,282400000.0,283200000.0,25.471,96397000000.0,465000000.0,359000000.0,0.0,341.349,
20,TRV,MRQ,2016-09-30,2016-09-30,2016-09-30,2021-10-19,660000000.0,102787000000.0,,,,,85.451,0.0,269000000.0,269000000.0,3856000000.0,716000000.0,,3.206,6436000000.0,,,6436000000.0,0.0,0.0,0.0,0.022,0.67,1036000000.0,1036000000.0,0.149,1036000000.0,1036000000.0,947000000.0,2.48,2.45,2.48,24439000000.0,,24439000000.0,39193624862.0,9.0,9.056,1770000000.0,6.189,1.0,3105000000.0,0.446,3856000000.0,89000000.0,105098000000.0,,0.0,72964000000.0,,,78348000000.0,,,33022624862.0,4000000.0,0.0,-527000000.0,0.0,-194000000.0,-721000000.0,-1043000000.0,-957000000.0,1770000000.0,-2000000.0,716000000.0,716000000.0,716000000.0,0.0,0.0,0.103,2069000000.0,1036000000.0,5011000000.0,0.27,1.351,11.244,11.524,0.0,0.0,114.55,1.218,1.208,20030000000.0,31443000000.0,6961000000.0,6961000000.0,0.0,,,,,0.0,1057000000.0,1.0,288281317.0,286000000.0,289800000.0,24.339,98931000000.0,0.0,231000000.0,171000000.0,345.913,
21,TRV,MRQ,2016-06-30,2016-06-30,2016-06-30,2021-10-19,965000000.0,102446000000.0,,,,,85.191,0.0,265000000.0,265000000.0,3762000000.0,664000000.0,,3.145,6436000000.0,,,6436000000.0,0.0,0.0,0.0,0.021,0.67,980000000.0,980000000.0,0.144,980000000.0,980000000.0,887000000.0,2.27,2.24,2.27,24714000000.0,,24714000000.0,40789656874.0,9.0,8.692,443000000.0,1.527,1.0,3023000000.0,0.446,3862000000.0,93000000.0,104755000000.0,,0.0,72470000000.0,,,77732000000.0,,,34806656874.0,-96000000.0,0.0,-485000000.0,91000000.0,-195000000.0,-589000000.0,55000000.0,130000000.0,443000000.0,-5000000.0,664000000.0,664000000.0,664000000.0,0.0,0.0,0.098,2043000000.0,980000000.0,4942000000.0,0.295,1.408,11.053,11.38,0.0,0.0,119.04,1.292,1.282,20158000000.0,30921000000.0,6785000000.0,6785000000.0,0.0,,,,,0.0,1054000000.0,1.0,292394631.0,290100000.0,293600000.0,23.388,98584000000.0,0.0,223000000.0,370000000.0,339.828,
22,TRV,MRQ,2016-03-31,2016-03-31,2016-03-31,2021-10-19,414000000.0,101680000000.0,,,,,82.141,0.0,361000000.0,361000000.0,3712000000.0,691000000.0,,3.208,6344000000.0,,,6344000000.0,0.0,0.0,0.0,0.021,0.61,1008000000.0,1008000000.0,0.151,1008000000.0,1008000000.0,917000000.0,2.33,2.3,2.33,24166000000.0,,24166000000.0,40390806402.0,8.0,8.275,850000000.0,2.889,1.0,2974000000.0,0.445,3863000000.0,91000000.0,103800000000.0,,0.0,71678000000.0,,,77514000000.0,,,34426806402.0,-19000000.0,0.0,-545000000.0,0.0,-180000000.0,-725000000.0,-146000000.0,-67000000.0,850000000.0,2000000.0,691000000.0,691000000.0,691000000.0,0.0,0.0,0.103,1966000000.0,1008000000.0,4857000000.0,0.262,1.425,10.442,10.857,0.0,0.0,116.71,1.281,1.278,20067000000.0,30454000000.0,6686000000.0,6686000000.0,0.0,,,,,0.0,995000000.0,1.0,294977349.0,294200000.0,297900000.0,22.726,97817000000.0,0.0,226000000.0,82000000.0,332.485,
23,TRV,MRQ,2015-12-31,2015-12-31,2015-12-31,2021-10-19,-157000000.0,100184000000.0,,,,,78.791,0.0,380000000.0,380000000.0,3363000000.0,866000000.0,,3.245,6344000000.0,,,6344000000.0,0.0,0.0,0.0,0.021,0.61,1304000000.0,1304000000.0,0.195,1304000000.0,1304000000.0,1209000000.0,2.86,2.84,2.86,23598000000.0,,23598000000.0,40733133317.0,8.0,7.967,760000000.0,2.538,1.0,3315000000.0,0.496,3852000000.0,95000000.0,102296000000.0,,0.0,70470000000.0,,,76586000000.0,,,34334133317.0,36000000.0,-13000000.0,-960000000.0,-400000000.0,-182000000.0,-1529000000.0,808000000.0,1016000000.0,760000000.0,-3000000.0,866000000.0,866000000.0,866000000.0,0.0,0.0,0.13,2011000000.0,1304000000.0,4670000000.0,0.213,1.455,9.984,10.269,0.0,0.0,112.86,1.28,1.307,19721000000.0,29945000000.0,6678000000.0,6678000000.0,0.0,,,,,0.0,1039000000.0,1.0,304218796.0,299500000.0,302500000.0,22.297,96332000000.0,296000000.0,343000000.0,0.0,321.643,
24,TRV,MRQ,2015-09-30,2015-09-30,2015-09-30,2021-10-19,32000000.0,102110000000.0,,,,,78.131,0.0,344000000.0,344000000.0,3382000000.0,928000000.0,,3.249,6743000000.0,,,6743000000.0,0.0,0.0,0.0,0.023,0.61,1401000000.0,1401000000.0,0.206,1401000000.0,1401000000.0,1307000000.0,3.0,2.97,3.0,24033000000.0,,24033000000.0,37007295757.0,7.0,6.903,1799000000.0,5.849,1.0,3416000000.0,0.503,3859000000.0,94000000.0,104650000000.0,,0.0,72059000000.0,,,78077000000.0,,,30974295757.0,27000000.0,0.0,-726000000.0,392000000.0,-188000000.0,-511000000.0,-1256000000.0,-1212000000.0,1799000000.0,-5000000.0,928000000.0,928000000.0,928000000.0,0.0,0.0,0.137,2015000000.0,1401000000.0,4829000000.0,0.203,1.289,8.578,8.824,0.0,0.0,99.53,1.15,1.137,19898000000.0,29263000000.0,6798000000.0,6798000000.0,0.0,,,,,0.0,1028000000.0,1.0,311205624.0,307600000.0,311000000.0,22.1,98251000000.0,241000000.0,379000000.0,0.0,319.412,
25,TRV,MRQ,2015-06-30,2015-06-30,2015-06-30,2021-10-19,169000000.0,101664000000.0,,,,,76.623,0.0,317000000.0,317000000.0,3547000000.0,812000000.0,,3.215,6350000000.0,,,6350000000.0,0.0,0.0,0.0,0.023,0.61,1168000000.0,1168000000.0,0.174,1168000000.0,1168000000.0,1076000000.0,2.56,2.53,2.56,24121000000.0,,24121000000.0,36846378935.0,7.0,6.938,676000000.0,2.147,1.0,3163000000.0,0.471,3878000000.0,92000000.0,103819000000.0,,0.0,71230000000.0,,,77543000000.0,,,30805378935.0,9000000.0,0.0,-774000000.0,0.0,-192000000.0,-962000000.0,291000000.0,379000000.0,676000000.0,4000000.0,812000000.0,812000000.0,812000000.0,0.0,0.0,0.121,1995000000.0,1168000000.0,4901000000.0,0.238,1.277,8.552,8.787,0.0,0.0,96.66,1.14,1.126,20202000000.0,28524000000.0,6710000000.0,6710000000.0,0.0,,,,,0.0,1032000000.0,1.0,318698313.0,314800000.0,318000000.0,21.315,97786000000.0,216000000.0,264000000.0,0.0,310.629,
26,TRV,MRQ,2015-03-31,2015-03-31,2015-03-31,2021-10-19,769000000.0,102691000000.0,,,,,77.453,0.0,308000000.0,308000000.0,3431000000.0,833000000.0,,3.133,6349000000.0,,,6349000000.0,0.0,0.0,0.0,0.02,0.55,1240000000.0,1240000000.0,0.187,1240000000.0,1240000000.0,1148000000.0,2.58,2.55,2.58,24847000000.0,,24847000000.0,40724584555.0,8.0,7.929,199000000.0,0.62,1.0,3198000000.0,0.482,3882000000.0,92000000.0,104850000000.0,,0.0,72619000000.0,,,77844000000.0,,,34749584555.0,-66000000.0,0.0,-581000000.0,0.0,-177000000.0,-731000000.0,474000000.0,564000000.0,199000000.0,-8000000.0,833000000.0,833000000.0,833000000.0,0.0,0.0,0.126,1958000000.0,1240000000.0,4881000000.0,0.213,1.399,10.006,10.377,0.0,0.0,108.13,1.283,1.28,20066000000.0,27906000000.0,6629000000.0,6629000000.0,0.0,,,,,0.0,995000000.0,1.0,321368580.0,320800000.0,324500000.0,20.664,98809000000.0,0.0,315000000.0,126000000.0,308.008,
27,TRV,MRQ,2014-12-31,2014-12-31,2014-12-31,2021-10-19,880000000.0,103078000000.0,,,,,76.067,0.0,374000000.0,374000000.0,3209000000.0,1038000000.0,,3.15,6349000000.0,,,6349000000.0,0.0,0.0,0.0,0.02,0.55,1552000000.0,1552000000.0,0.228,1552000000.0,1552000000.0,1460000000.0,3.14,3.1,3.14,24836000000.0,,24836000000.0,41059298249.0,8.0,7.523,525000000.0,1.608,1.0,3586000000.0,0.528,3915000000.0,92000000.0,105138000000.0,,0.0,73261000000.0,,,78242000000.0,,,35078298249.0,7000000.0,0.0,-960000000.0,0.0,-180000000.0,-1121000000.0,608000000.0,622000000.0,525000000.0,-5000000.0,1038000000.0,1038000000.0,1038000000.0,0.0,0.0,0.153,2034000000.0,1552000000.0,4698000000.0,0.175,1.412,9.501,9.783,0.0,0.0,105.85,1.291,1.32,19920000000.0,27251000000.0,6795000000.0,6795000000.0,0.0,,,,,0.0,1051000000.0,1.0,331396299.0,326500000.0,330500000.0,20.812,99163000000.0,33000000.0,422000000.0,0.0,303.715,
28,TRV,MRQ,2014-09-30,2014-09-30,2014-09-30,2021-10-19,1300000000.0,104522000000.0,,,,,75.563,0.0,367000000.0,367000000.0,3520000000.0,919000000.0,,3.128,6348000000.0,,,6348000000.0,0.0,0.0,0.0,0.022,0.55,1351000000.0,1351000000.0,0.196,1351000000.0,1351000000.0,1258000000.0,2.72,2.69,2.72,25321000000.0,,25321000000.0,37885756723.0,7.0,7.056,1840000000.0,5.491,1.0,3366000000.0,0.489,3937000000.0,93000000.0,106566000000.0,,0.0,74190000000.0,,,79201000000.0,,,31849756723.0,56000000.0,0.0,-719000000.0,0.0,-184000000.0,-889000000.0,-889000000.0,-779000000.0,1840000000.0,-6000000.0,919000000.0,919000000.0,919000000.0,0.0,0.0,0.133,2015000000.0,1351000000.0,4858000000.0,0.202,1.258,8.745,9.033,0.0,0.0,93.94,1.175,1.161,20085000000.0,26394000000.0,6886000000.0,6886000000.0,0.0,,,,,0.0,1031000000.0,1.0,339043610.0,335100000.0,338900000.0,20.549,100585000000.0,0.0,339000000.0,122000000.0,300.164,
29,TRV,MRQ,2014-06-30,2014-06-30,2014-06-30,2021-10-19,1562000000.0,104811000000.0,,,,,74.437,0.0,311000000.0,311000000.0,3826000000.0,683000000.0,,3.105,6347000000.0,,,6347000000.0,0.0,0.0,0.0,0.022,0.55,993000000.0,993000000.0,0.146,993000000.0,993000000.0,901000000.0,1.98,1.95,1.98,25532000000.0,,25532000000.0,38773655764.0,7.0,7.335,625000000.0,1.822,1.0,2959000000.0,0.436,3962000000.0,92000000.0,106885000000.0,,0.0,73941000000.0,,,79279000000.0,,,32686655764.0,51000000.0,0.0,-811000000.0,0.0,-189000000.0,-989000000.0,412000000.0,504000000.0,625000000.0,3000000.0,683000000.0,683000000.0,683000000.0,0.0,0.0,0.101,1966000000.0,993000000.0,4768000000.0,0.278,1.28,9.113,9.398,0.0,0.0,94.07,1.225,1.209,20468000000.0,25662000000.0,6785000000.0,6785000000.0,0.0,,,,,0.0,1001000000.0,1.0,347471625.0,343000000.0,346700000.0,19.781,100849000000.0,0.0,218000000.0,239000000.0,294.02,
30,TRV,MRQ,2014-03-31,2014-03-31,2014-03-31,2021-10-19,1127000000.0,104134000000.0,,,,,72.348,0.0,260000000.0,260000000.0,3315000000.0,1052000000.0,,3.102,6347000000.0,,,6347000000.0,0.0,0.0,0.0,0.024,0.5,1562000000.0,1562000000.0,0.233,1562000000.0,1562000000.0,1470000000.0,2.98,2.95,2.98,25387000000.0,,25387000000.0,36035039188.0,6.0,6.486,703000000.0,2.003,1.0,3393000000.0,0.506,3963000000.0,92000000.0,106258000000.0,,0.0,73718000000.0,,,78747000000.0,,,29983039188.0,-34000000.0,-12000000.0,-647000000.0,0.0,-176000000.0,-810000000.0,75000000.0,147000000.0,703000000.0,-2000000.0,1052000000.0,1052000000.0,1052000000.0,0.0,0.0,0.157,1831000000.0,1562000000.0,4731000000.0,0.168,1.181,7.831,8.128,0.0,0.0,85.1,1.128,1.124,20253000000.0,25167000000.0,6708000000.0,6708000000.0,0.0,,,,,0.0,881000000.0,1.0,352327135.0,350900000.0,354600000.0,19.117,100171000000.0,0.0,418000000.0,54000000.0,285.469,
31,TRV,MRQ,2013-12-31,2013-12-31,2013-12-31,2021-10-19,810000000.0,103812000000.0,,,,,69.089,0.0,294000000.0,294000000.0,3327000000.0,988000000.0,,3.187,6346000000.0,,,6346000000.0,0.0,0.0,0.0,0.022,0.5,1463000000.0,1463000000.0,0.217,1463000000.0,1463000000.0,1371000000.0,2.72,2.69,2.72,24796000000.0,,24796000000.0,39013687294.0,7.0,7.353,927000000.0,2.583,1.0,3410000000.0,0.506,3985000000.0,92000000.0,105879000000.0,,0.0,73160000000.0,,,79016000000.0,,,32962687295.0,-1000000.0,-997000000.0,-953000000.0,0.0,-180000000.0,-1125000000.0,197000000.0,1292000000.0,927000000.0,0.0,988000000.0,988000000.0,988000000.0,0.0,0.0,0.147,1947000000.0,1463000000.0,4626000000.0,0.184,1.329,8.974,9.201,0.0,0.0,90.54,1.259,1.28,20166000000.0,24291000000.0,6737000000.0,6737000000.0,0.0,,,,,0.0,977000000.0,1.0,364067675.0,358900000.0,362900000.0,18.771,99827000000.0,303000000.0,383000000.0,0.0,278.147,
32,TRV,MRQ,2013-09-30,2013-09-30,2013-09-30,2021-10-19,705000000.0,102685000000.0,,,,,67.257,0.0,295000000.0,295000000.0,3297000000.0,864000000.0,,3.139,6346000000.0,,,6346000000.0,0.0,0.0,0.0,0.023,0.5,1268000000.0,1268000000.0,0.197,1268000000.0,1268000000.0,1177000000.0,2.33,2.3,2.33,24811000000.0,,24811000000.0,37202995952.0,9.0,8.76,1637000000.0,4.438,1.0,3155000000.0,0.489,3712000000.0,91000000.0,105024000000.0,,0.0,72531000000.0,,,77874000000.0,,,31658995952.0,-13000000.0,0.0,-782000000.0,494000000.0,-183000000.0,-457000000.0,-1199000000.0,-1102000000.0,1637000000.0,6000000.0,864000000.0,864000000.0,864000000.0,0.0,0.0,0.134,1887000000.0,1268000000.0,4888000000.0,0.215,1.276,10.592,10.69,0.0,0.0,84.77,1.221,1.206,20107000000.0,23485000000.0,6452000000.0,6452000000.0,0.0,,,,,0.0,934000000.0,1.0,373469340.0,368900000.0,372900000.0,17.49,98973000000.0,321000000.0,313000000.0,0.0,268.292,
33,TRV,MRQ,2013-06-30,2013-06-30,2013-06-30,2021-10-19,720000000.0,101900000000.0,,,,,66.214,0.0,308000000.0,308000000.0,3530000000.0,925000000.0,,3.094,5852000000.0,,,5852000000.0,0.0,0.0,0.0,0.024,0.5,1263000000.0,1263000000.0,0.189,1263000000.0,1263000000.0,1177000000.0,2.44,2.41,2.44,24890000000.0,,24890000000.0,35691356450.0,8.0,8.414,722000000.0,1.921,1.0,3144000000.0,0.471,3723000000.0,86000000.0,103721000000.0,,0.0,71267000000.0,,,77010000000.0,,,30083356450.0,65000000.0,0.0,-260000000.0,0.0,-191000000.0,-443000000.0,-211000000.0,-154000000.0,722000000.0,-3000000.0,925000000.0,925000000.0,925000000.0,0.0,0.0,0.139,1881000000.0,1263000000.0,4843000000.0,0.205,1.209,10.065,10.207,0.0,0.0,79.92,1.157,1.156,20603000000.0,22806000000.0,6674000000.0,6674000000.0,0.0,,,,,0.0,931000000.0,1.0,376418374.0,375900000.0,379900000.0,17.755,98177000000.0,257000000.0,252000000.0,0.0,261.179,
34,TRV,MRQ,2013-03-31,2013-03-31,2013-03-31,2021-10-19,1926000000.0,103897000000.0,,,,,67.768,0.0,243000000.0,243000000.0,3153000000.0,896000000.0,,3.059,5851000000.0,,,5851000000.0,0.0,0.0,0.0,0.022,0.46,1312000000.0,1312000000.0,0.207,1312000000.0,1312000000.0,1220000000.0,2.36,2.33,2.36,25596000000.0,,25596000000.0,37840005099.0,10.0,10.274,530000000.0,1.403,1.0,3175000000.0,0.502,3735000000.0,92000000.0,105770000000.0,,0.0,73081000000.0,,,78301000000.0,,,31820005099.0,-87000000.0,0.0,-260000000.0,-500000000.0,-175000000.0,-914000000.0,303000000.0,403000000.0,530000000.0,-6000000.0,896000000.0,896000000.0,896000000.0,0.0,0.0,0.142,1863000000.0,1312000000.0,5283000000.0,0.195,1.243,12.415,12.641,0.0,0.0,84.19,1.239,1.238,21094000000.0,22072000000.0,6328000000.0,6328000000.0,0.0,,,,,0.0,915000000.0,1.0,377954687.0,377700000.0,381900000.0,16.754,100162000000.0,0.0,324000000.0,352000000.0,265.189,
35,TRV,MRQ,2012-12-31,2012-12-31,2012-12-31,2021-10-19,2236000000.0,104938000000.0,,,,,66.715,0.0,330000000.0,330000000.0,4167000000.0,304000000.0,,3.131,6350000000.0,,,6350000000.0,0.0,0.0,0.0,0.025,0.46,404000000.0,404000000.0,0.062,404000000.0,404000000.0,311000000.0,0.8,0.8,0.8,25405000000.0,,25405000000.0,33525676014.0,9.0,9.46,464000000.0,1.218,1.0,2310000000.0,0.357,3746000000.0,93000000.0,107212000000.0,,0.0,73838000000.0,,,79533000000.0,,,27395676014.0,110000000.0,0.0,-371000000.0,0.0,-175000000.0,-540000000.0,186000000.0,280000000.0,464000000.0,0.0,304000000.0,304000000.0,304000000.0,0.0,0.0,0.047,1906000000.0,404000000.0,5152000000.0,0.575,1.078,11.078,11.31,0.0,0.0,71.82,1.064,1.078,21390000000.0,21352000000.0,6477000000.0,6477000000.0,0.0,,,,,0.0,929000000.0,1.0,381449123.0,380800000.0,384700000.0,17.009,101192000000.0,0.0,7000000.0,338000000.0,265.735,
36,TRV,MRQ,2012-09-30,2012-09-30,2012-09-30,2021-10-19,2536000000.0,105445000000.0,,,,,67.461,0.0,220000000.0,220000000.0,3359000000.0,864000000.0,,3.07,6350000000.0,,,6350000000.0,0.0,0.0,0.0,0.025,0.46,1263000000.0,1263000000.0,0.194,1263000000.0,1263000000.0,1170000000.0,2.23,2.21,2.23,25905000000.0,,25905000000.0,32423544589.0,8.0,8.078,1501000000.0,3.909,1.0,3153000000.0,0.484,3758000000.0,93000000.0,107817000000.0,,0.0,74490000000.0,,,79540000000.0,,,26304544589.0,-10000000.0,0.0,-272000000.0,0.0,-178000000.0,-437000000.0,-1077000000.0,-981000000.0,1501000000.0,3000000.0,864000000.0,864000000.0,864000000.0,0.0,0.0,0.133,1890000000.0,1263000000.0,5365000000.0,0.206,1.015,9.438,9.696,0.0,0.0,68.26,1.026,1.022,21166000000.0,21226000000.0,6512000000.0,6512000000.0,0.0,,,,,0.0,904000000.0,1.0,385358110.0,384000000.0,387900000.0,16.958,101687000000.0,0.0,306000000.0,487000000.0,264.81,
37,TRV,MRQ,2012-06-30,2012-06-30,2012-06-30,2021-10-19,2130000000.0,104330000000.0,,,,,64.559,0.0,230000000.0,230000000.0,3786000000.0,499000000.0,,3.165,6349000000.0,,,6349000000.0,0.0,0.0,0.0,0.026,0.46,704000000.0,704000000.0,0.111,704000000.0,704000000.0,608000000.0,1.27,1.26,1.27,25049000000.0,,25049000000.0,31184266486.0,10.0,9.806,451000000.0,1.162,1.0,2573000000.0,0.405,3770000000.0,96000000.0,106679000000.0,,0.0,72944000000.0,,,79281000000.0,,,24836266486.0,-28000000.0,0.0,-260000000.0,-258000000.0,-180000000.0,-691000000.0,214000000.0,255000000.0,451000000.0,-2000000.0,499000000.0,499000000.0,499000000.0,0.0,0.0,0.078,1869000000.0,704000000.0,5316000000.0,0.362,0.992,11.009,11.38,0.0,0.0,63.84,0.973,0.97,21504000000.0,20541000000.0,6359000000.0,6359000000.0,0.0,,,,,0.0,893000000.0,1.0,389039262.0,388000000.0,391600000.0,16.389,100560000000.0,0.0,109000000.0,194000000.0,259.175,
38,TRV,MRQ,2012-03-31,2012-03-31,2012-03-31,2021-10-19,2039000000.0,104866000000.0,,,,,63.449,0.0,258000000.0,258000000.0,3364000000.0,806000000.0,,3.216,6606000000.0,,,6606000000.0,0.0,0.0,0.0,0.028,0.41,1173000000.0,1173000000.0,0.184,1173000000.0,1173000000.0,1077000000.0,2.04,2.02,2.04,24872000000.0,,24872000000.0,29660870984.0,16.0,16.068,814000000.0,2.077,1.0,3028000000.0,0.474,3782000000.0,96000000.0,107432000000.0,,0.0,73244000000.0,,,79994000000.0,,,23269870984.0,44000000.0,0.0,-329000000.0,0.0,-161000000.0,-478000000.0,-295000000.0,-203000000.0,814000000.0,3000000.0,806000000.0,806000000.0,806000000.0,0.0,0.0,0.126,1855000000.0,1173000000.0,5774000000.0,0.201,0.936,16.705,17.11,0.0,0.0,59.2,0.91,0.908,21843000000.0,20223000000.0,6392000000.0,6392000000.0,0.0,,,,,0.0,884000000.0,1.0,393072145.0,392000000.0,395800000.0,16.306,101084000000.0,0.0,271000000.0,120000000.0,257.867,
39,TRV,MRQ,2011-12-31,2011-12-31,2011-12-31,2021-10-19,2005000000.0,104575000000.0,,,,,60.888,0.0,214000000.0,214000000.0,3617000000.0,618000000.0,,3.272,6605000000.0,,,6605000000.0,0.0,0.0,0.0,0.027,0.41,874000000.0,874000000.0,0.137,874000000.0,874000000.0,778000000.0,1.5,1.48,1.5,24477000000.0,,24477000000.0,30796796102.0,18.0,17.72,351000000.0,0.873,1.0,2756000000.0,0.432,3798000000.0,96000000.0,107168000000.0,,0.0,72701000000.0,,,80098000000.0,,,24423796102.0,-17000000.0,0.0,-1120000000.0,0.0,-165000000.0,-1284000000.0,915000000.0,1038000000.0,351000000.0,1000000.0,618000000.0,618000000.0,618000000.0,0.0,0.0,0.097,1882000000.0,874000000.0,5575000000.0,0.273,0.998,17.127,17.403,0.0,0.0,59.17,0.96,0.967,22071000000.0,19579000000.0,6373000000.0,6373000000.0,0.0,,,,,0.0,906000000.0,1.0,412773299.0,402000000.0,405200000.0,15.853,100777000000.0,7000000.0,160000000.0,0.0,250.689,
40,TRV,MRQ,2011-09-30,2011-09-30,2011-09-30,2021-10-19,2032000000.0,106933000000.0,,,,,60.655,0.0,231000000.0,231000000.0,4136000000.0,333000000.0,,3.248,6604000000.0,,,6604000000.0,0.0,0.0,0.0,0.032,0.41,429000000.0,429000000.0,0.067,429000000.0,429000000.0,332000000.0,0.8,0.79,0.8,25172000000.0,,25172000000.0,26736138021.0,12.0,12.384,917000000.0,2.21,1.0,2271000000.0,0.354,3814000000.0,97000000.0,109492000000.0,,0.0,73652000000.0,,,81761000000.0,,,20405138021.0,-42000000.0,0.0,-370000000.0,0.0,-171000000.0,-535000000.0,-418000000.0,-313000000.0,917000000.0,-6000000.0,333000000.0,333000000.0,333000000.0,0.0,0.0,0.052,1842000000.0,429000000.0,5894000000.0,0.512,0.811,11.989,12.757,0.0,0.0,48.73,0.803,0.796,23050000000.0,19127000000.0,6407000000.0,6407000000.0,0.0,,,,,0.0,860000000.0,1.0,418738724.0,415000000.0,418500000.0,15.439,103119000000.0,0.0,-1000000.0,91000000.0,248.48,
41,TRV,MRQ,2011-06-30,2011-06-30,2011-06-30,2021-10-19,1711000000.0,106468000000.0,,,,,59.742,0.0,273000000.0,273000000.0,5141000000.0,-364000000.0,,3.257,6604000000.0,,,6604000000.0,0.0,0.0,0.0,0.026,0.41,-630000000.0,-630000000.0,-0.099,-630000000.0,-630000000.0,-727000000.0,-0.88,-0.88,-0.88,25008000000.0,,25008000000.0,30825765341.0,10.0,9.645,268000000.0,0.64,1.0,1247000000.0,0.195,3830000000.0,97000000.0,108969000000.0,,0.0,72993000000.0,,,81460000000.0,,,24453765341.0,34000000.0,0.0,-181000000.0,-8000000.0,-174000000.0,-359000000.0,125000000.0,199000000.0,268000000.0,0.0,-364000000.0,-364000000.0,-364000000.0,0.0,0.0,-0.057,1877000000.0,-630000000.0,5779000000.0,-0.466,0.978,10.301,11.314,0.0,0.0,58.38,0.96,0.959,23193000000.0,18966000000.0,6388000000.0,6388000000.0,0.0,,,,,0.0,907000000.0,1.0,418872308.0,418600000.0,418600000.0,15.26,102638000000.0,128000000.0,-363000000.0,0.0,245.194,
42,TRV,MRQ,2011-03-31,2011-03-31,2011-03-31,2021-10-19,1272000000.0,105252000000.0,,,,,58.951,0.0,239000000.0,239000000.0,3382000000.0,839000000.0,,3.17,6611000000.0,,,6611000000.0,0.0,0.0,0.0,0.024,0.36,1065000000.0,1065000000.0,0.17,1065000000.0,1065000000.0,969000000.0,1.94,1.92,1.94,25243000000.0,,25243000000.0,32050003116.0,7.0,6.672,633000000.0,1.478,1.0,2896000000.0,0.461,3847000000.0,96000000.0,107777000000.0,,0.0,72391000000.0,,,80009000000.0,,,25639003116.0,39000000.0,0.0,-980000000.0,0.0,-155000000.0,-1128000000.0,530000000.0,599000000.0,633000000.0,4000000.0,839000000.0,839000000.0,839000000.0,0.0,0.0,0.134,1831000000.0,1065000000.0,5784000000.0,0.186,1.016,7.523,8.027,0.0,0.0,59.48,1.015,1.008,22725000000.0,19538000000.0,6278000000.0,6278000000.0,0.0,,,,,0.0,883000000.0,1.0,431052507.0,428200000.0,434400000.0,14.661,101405000000.0,357000000.0,130000000.0,0.0,236.817,
43,TRV,MRQ,2010-12-31,2010-12-31,2010-12-31,2021-10-19,1255000000.0,105656000000.0,,,,,56.902,0.0,200000000.0,200000000.0,3190000000.0,894000000.0,,3.147,6611000000.0,,,6611000000.0,0.0,0.0,0.0,0.025,0.36,1295000000.0,1295000000.0,0.205,1295000000.0,1295000000.0,1197000000.0,1.96,1.94,1.96,25475000000.0,,25475000000.0,31527335558.0,7.0,6.717,662000000.0,1.479,1.0,3142000000.0,0.496,3867000000.0,98000000.0,108200000000.0,,0.0,72722000000.0,,,80181000000.0,,,25573335558.0,-98000000.0,0.0,-1416000000.0,349000000.0,-161000000.0,-1226000000.0,464000000.0,562000000.0,662000000.0,2000000.0,894000000.0,894000000.0,894000000.0,0.0,0.0,0.141,1847000000.0,1295000000.0,5750000000.0,0.184,1.004,7.952,8.327,0.0,0.0,55.71,1.018,1.057,22834000000.0,18847000000.0,6332000000.0,6332000000.0,0.0,,,,,0.0,890000000.0,1.0,459043898.0,447700000.0,453100000.0,14.143,101789000000.0,493000000.0,303000000.0,0.0,227.36,
44,TRV,MRQ,2010-09-30,2010-09-30,2010-09-30,2021-10-19,2372000000.0,108154000000.0,,,,,58.586,0.0,298000000.0,298000000.0,3213000000.0,1005000000.0,,2.962,6252000000.0,,,6252000000.0,0.0,0.0,0.0,0.026,0.36,1466000000.0,1466000000.0,0.226,1466000000.0,1466000000.0,1371000000.0,2.14,2.11,2.14,27295000000.0,,27295000000.0,30496466809.0,6.0,5.765,1341000000.0,2.878,1.0,3269000000.0,0.504,3887000000.0,95000000.0,110221000000.0,,0.0,74717000000.0,,,80859000000.0,,,24486466809.0,32000000.0,0.0,-569000000.0,-25000000.0,-169000000.0,-762000000.0,-553000000.0,-478000000.0,1341000000.0,6000000.0,1005000000.0,1005000000.0,1005000000.0,0.0,0.0,0.155,1803000000.0,1466000000.0,6070000000.0,0.168,0.897,6.789,7.338,0.0,0.0,52.1,0.97,0.962,23273000000.0,18118000000.0,6482000000.0,6482000000.0,0.0,,,,,0.0,837000000.0,1.0,469989766.0,465900000.0,472000000.0,13.913,104267000000.0,0.0,366000000.0,0.0,223.797,
45,TRV,MRQ,2010-06-30,2010-06-30,2010-06-30,2021-10-19,1690000000.0,107023000000.0,,,,,54.254,0.0,266000000.0,266000000.0,3419000000.0,670000000.0,,3.071,6276000000.0,,,6276000000.0,0.0,0.0,0.0,0.027,0.36,978000000.0,978000000.0,0.158,978000000.0,978000000.0,881000000.0,1.37,1.35,1.37,26286000000.0,,26286000000.0,30669453433.0,6.0,5.93,520000000.0,1.073,1.0,2760000000.0,0.447,3908000000.0,97000000.0,109125000000.0,,0.0,73129000000.0,,,80737000000.0,,,24395453433.0,15000000.0,0.0,-1323000000.0,-250000000.0,-175000000.0,-1747000000.0,1246000000.0,1316000000.0,520000000.0,-4000000.0,670000000.0,670000000.0,670000000.0,0.0,0.0,0.108,1782000000.0,978000000.0,6062000000.0,0.263,0.928,6.897,7.44,0.0,0.0,49.25,0.973,0.951,23708000000.0,17285000000.0,6179000000.0,6179000000.0,0.0,,,,,0.0,832000000.0,1.0,495339156.0,484500000.0,490800000.0,12.753,103115000000.0,368000000.0,211000000.0,0.0,212.828,
46,TRV,MRQ,2010-03-31,2010-03-31,2010-03-31,2021-10-19,1271000000.0,108696000000.0,,,,,52.461,0.0,251000000.0,251000000.0,3388000000.0,647000000.0,,3.075,6525000000.0,,,6525000000.0,0.0,0.0,0.0,0.023,0.33,955000000.0,955000000.0,0.156,955000000.0,955000000.0,857000000.0,1.26,1.25,1.26,26671000000.0,,26671000000.0,33974188356.0,6.0,6.497,531000000.0,1.044,1.0,2731000000.0,0.446,3929000000.0,98000000.0,111041000000.0,,0.0,74041000000.0,,,82025000000.0,,,27702188356.0,-4000000.0,0.0,-1322000000.0,0.0,-168000000.0,-1486000000.0,952000000.0,1027000000.0,531000000.0,-1000000.0,647000000.0,647000000.0,647000000.0,0.0,0.0,0.106,1776000000.0,955000000.0,6478000000.0,0.262,1.039,7.68,8.273,0.0,0.0,53.94,1.105,1.094,24131000000.0,16792000000.0,6119000000.0,6119000000.0,0.0,,,,,0.0,847000000.0,1.0,513574126.0,508400000.0,515100000.0,12.036,104767000000.0,560000000.0,210000000.0,0.0,206.072,
47,TRV,MRQ,2009-12-31,2009-12-31,2009-12-31,2021-10-19,1219000000.0,109560000000.0,,,,,51.301,0.0,255000000.0,255000000.0,2760000000.0,1285000000.0,,2.996,6527000000.0,,,6527000000.0,0.0,0.0,0.0,0.025,0.33,1891000000.0,1891000000.0,0.293,1891000000.0,1891000000.0,1793000000.0,2.33,2.31,2.33,27415000000.0,,27415000000.0,33484173037.0,7.0,6.575,1027000000.0,1.922,1.0,3696000000.0,0.572,3953000000.0,98000000.0,111879000000.0,,0.0,74965000000.0,,,82145000000.0,,,27242173037.0,-31000000.0,0.0,-1435000000.0,0.0,-175000000.0,-1606000000.0,546000000.0,601000000.0,1027000000.0,2000000.0,1285000000.0,1285000000.0,1285000000.0,0.0,0.0,0.199,1805000000.0,1891000000.0,6343000000.0,0.142,0.994,7.521,7.815,0.0,0.0,49.86,1.104,1.138,24084000000.0,16315000000.0,6456000000.0,6456000000.0,0.0,,,,,0.0,856000000.0,1.0,546373306.0,534400000.0,541900000.0,12.081,105607000000.0,672000000.0,508000000.0,0.0,197.618,
48,TRV,MRQ,2009-09-30,2009-09-30,2009-09-30,2021-10-19,1657000000.0,112617000000.0,,,,,50.43,0.0,286000000.0,286000000.0,3123000000.0,935000000.0,,2.999,6528000000.0,,,6528000000.0,0.0,0.0,0.0,0.024,0.3,1348000000.0,1348000000.0,0.213,1348000000.0,1348000000.0,1250000000.0,1.66,1.65,1.66,28160000000.0,,28160000000.0,34191081838.0,8.0,8.096,1415000000.0,2.534,1.0,3204000000.0,0.506,3977000000.0,98000000.0,114882000000.0,,0.0,76123000000.0,,,84457000000.0,,,27941081838.0,4000000.0,0.0,-923000000.0,-2000000.0,-168000000.0,-1091000000.0,-323000000.0,-257000000.0,1415000000.0,3000000.0,935000000.0,935000000.0,935000000.0,0.0,0.0,0.148,1856000000.0,1348000000.0,7144000000.0,0.181,0.992,8.904,9.1,0.0,0.0,49.23,1.163,1.144,25753000000.0,15208000000.0,6327000000.0,6327000000.0,0.0,,,,,0.0,889000000.0,1.0,567562093.0,558400000.0,564100000.0,11.331,108640000000.0,603000000.0,315000000.0,0.0,194.556,
49,TRV,MRQ,2009-06-30,2009-06-30,2009-06-30,2021-10-19,258000000.0,111326000000.0,,,,,46.752,0.0,282000000.0,282000000.0,3335000000.0,740000000.0,,3.135,6532000000.0,,,6532000000.0,0.0,0.0,0.0,0.029,0.3,1035000000.0,1035000000.0,0.168,1035000000.0,1035000000.0,941000000.0,1.27,1.27,1.27,26920000000.0,,26920000000.0,29820026680.0,9.0,9.443,976000000.0,1.695,1.0,2827000000.0,0.459,4001000000.0,94000000.0,113575000000.0,,0.0,73443000000.0,,,84406000000.0,,,24026026680.0,37000000.0,0.0,-733000000.0,494000000.0,-172000000.0,-410000000.0,-539000000.0,-418000000.0,976000000.0,10000000.0,740000000.0,740000000.0,740000000.0,0.0,0.0,0.12,1792000000.0,1035000000.0,7058000000.0,0.236,0.892,9.94,9.985,0.0,0.0,41.04,1.008,0.991,26366000000.0,14442000000.0,6162000000.0,6162000000.0,0.0,,,,,0.0,839000000.0,1.0,585429500.0,575800000.0,579800000.0,10.702,107325000000.0,1428000000.0,201000000.0,0.0,186.393,
50,TRV,MRQ,2009-03-31,2009-03-31,2009-03-31,2021-10-19,-232000000.0,110467000000.0,,,,,45.325,0.0,245000000.0,245000000.0,3190000000.0,662000000.0,,3.169,6039000000.0,,,6039000000.0,0.0,0.0,0.0,0.03,0.3,819000000.0,819000000.0,0.143,819000000.0,819000000.0,727000000.0,1.12,1.11,1.12,26497000000.0,,26497000000.0,29600241931.0,8.0,8.455,813000000.0,1.391,1.0,2545000000.0,0.444,4024000000.0,92000000.0,112237000000.0,,0.0,72153000000.0,,,83970000000.0,,,23769241931.0,-105000000.0,0.0,-17000000.0,-141000000.0,-178000000.0,-335000000.0,-583000000.0,-499000000.0,813000000.0,0.0,662000000.0,662000000.0,662000000.0,0.0,0.0,0.115,1726000000.0,819000000.0,7247000000.0,0.268,0.897,9.076,9.236,0.0,0.0,40.64,0.991,0.991,26630000000.0,13805000000.0,5735000000.0,5735000000.0,0.0,,,,,0.0,782000000.0,1.0,584873079.0,584600000.0,590400000.0,9.81,106443000000.0,1598000000.0,65000000.0,0.0,182.078,
51,TRV,MRQ,2008-12-31,2008-12-31,2008-12-31,2021-10-19,-900000000.0,109632000000.0,,,,,43.384,0.0,350000000.0,350000000.0,3009000000.0,801000000.0,,3.33,6181000000.0,,,6181000000.0,0.0,0.0,0.0,0.026,0.3,1021000000.0,1021000000.0,0.176,1021000000.0,1021000000.0,927000000.0,1.36,1.34,1.36,25319000000.0,,25319000000.0,32364428978.0,8.0,7.921,565000000.0,0.968,1.0,2796000000.0,0.482,4054000000.0,94000000.0,111409000000.0,,0.0,70738000000.0,,,84313000000.0,,,26420428978.0,-37000000.0,0.0,-96000000.0,-149000000.0,-179000000.0,-422000000.0,-163000000.0,-385000000.0,565000000.0,-17000000.0,801000000.0,801000000.0,801000000.0,0.0,0.0,0.138,1775000000.0,1021000000.0,6878000000.0,0.221,1.044,9.036,9.281,0.0,0.0,45.2,1.079,1.1,26417000000.0,13314000000.0,5805000000.0,5805000000.0,0.0,,,,,0.0,800000000.0,1.0,584522765.0,583600000.0,589900000.0,9.947,105578000000.0,1965000000.0,126000000.0,0.0,180.908,
52,TRV,MRQ,2008-09-30,2008-09-30,2008-09-30,2021-10-19,-932000000.0,112695000000.0,,,,,42.136,0.0,387000000.0,387000000.0,3871000000.0,214000000.0,,3.559,6331000000.0,,,6331000000.0,0.0,0.0,0.0,0.026,0.3,283000000.0,283000000.0,0.046,283000000.0,283000000.0,188000000.0,0.36,0.36,0.36,24721000000.0,,24721000000.0,32711169311.0,7.0,7.116,942000000.0,1.606,1.0,2274000000.0,0.37,4082000000.0,95000000.0,114557000000.0,,0.0,71199000000.0,,,87974000000.0,,,26704169311.0,58000000.0,0.0,-277000000.0,-3000000.0,-177000000.0,-456000000.0,-416000000.0,-312000000.0,942000000.0,-12000000.0,214000000.0,214000000.0,214000000.0,0.0,0.0,0.035,1991000000.0,283000000.0,7643000000.0,0.833,1.08,8.382,8.828,0.0,0.0,45.2,1.061,1.054,28174000000.0,12690000000.0,6145000000.0,6145000000.0,0.0,,,,,0.0,1001000000.0,1.0,590800206.0,586700000.0,594700000.0,10.474,108613000000.0,1952000000.0,-26000000.0,0.0,185.125,
53,TRV,MRQ,2008-06-30,2008-06-30,2008-06-30,2021-10-19,79000000.0,113625000000.0,,,,,43.335,0.0,329000000.0,329000000.0,3092000000.0,942000000.0,,3.383,6336000000.0,,,6336000000.0,0.0,0.0,0.0,0.027,0.3,1378000000.0,1378000000.0,0.219,1378000000.0,1378000000.0,1287000000.0,1.56,1.54,1.56,25923000000.0,,25923000000.0,31777096659.0,5.0,5.225,704000000.0,1.177,1.0,3203000000.0,0.509,4112000000.0,91000000.0,115520000000.0,,0.0,73243000000.0,,,87702000000.0,,,26244096659.0,21000000.0,0.0,-723000000.0,496000000.0,-180000000.0,-404000000.0,-277000000.0,-186000000.0,704000000.0,-2000000.0,942000000.0,942000000.0,942000000.0,0.0,0.0,0.15,1825000000.0,1378000000.0,7310000000.0,0.192,1.012,6.294,6.566,0.0,0.0,43.4,1.027,1.016,28322000000.0,12655000000.0,6295000000.0,6295000000.0,0.0,,,,,4000000.0,864000000.0,1.0,604702688.0,598200000.0,607900000.0,10.523,109513000000.0,1459000000.0,345000000.0,0.0,183.071,
54,TRV,MRQ,2008-03-31,2008-03-31,2008-03-31,2021-10-19,626000000.0,114144000000.0,,,,,42.879,0.0,308000000.0,308000000.0,3021000000.0,967000000.0,,3.326,5841000000.0,,,5841000000.0,0.0,0.0,0.0,0.024,0.29,1404000000.0,1404000000.0,0.225,1404000000.0,1404000000.0,1314000000.0,1.56,1.54,1.56,26388000000.0,,26388000000.0,35653805238.0,6.0,5.545,927000000.0,1.506,1.0,3211000000.0,0.515,4144000000.0,90000000.0,115533000000.0,,0.0,73950000000.0,,,87756000000.0,,,29682805238.0,37000000.0,0.0,-1011000000.0,-400000000.0,-179000000.0,-1586000000.0,694000000.0,766000000.0,927000000.0,2000000.0,967000000.0,967000000.0,967000000.0,0.0,0.0,0.155,1807000000.0,1404000000.0,7550000000.0,0.186,1.125,6.623,6.885,0.0,0.0,47.85,1.15,1.14,28261000000.0,11896000000.0,6232000000.0,6232000000.0,0.0,,,,,-4000000.0,853000000.0,1.0,620330308.0,615400000.0,624800000.0,10.127,110000000000.0,1233000000.0,347000000.0,0.0,178.746,
55,TRV,MRQ,2007-12-31,2007-12-31,2007-12-31,2021-10-19,670000000.0,115224000000.0,,,,,42.161,0.0,271000000.0,271000000.0,3127000000.0,1063000000.0,,3.329,6242000000.0,,,6242000000.0,0.0,0.0,0.0,0.021,0.29,1532000000.0,1532000000.0,0.236,1532000000.0,1532000000.0,1441000000.0,1.64,1.63,1.64,26616000000.0,,26616000000.0,40550330014.0,6.0,6.18,1347000000.0,2.134,1.0,3364000000.0,0.518,4180000000.0,91000000.0,117015000000.0,,0.0,74818000000.0,,,88608000000.0,,,34698330014.0,-120000000.0,0.0,-947000000.0,0.0,-185000000.0,-1131000000.0,-337000000.0,-251000000.0,1347000000.0,1000000.0,1063000000.0,1063000000.0,1063000000.0,0.0,0.0,0.164,1832000000.0,1532000000.0,7314000000.0,0.177,1.304,7.541,7.686,0.0,0.0,53.8,1.334,1.348,28479000000.0,11110000000.0,6491000000.0,6491000000.0,0.0,,,,,23000000.0,866000000.0,1.0,644950372.0,631300000.0,633500000.0,10.282,111044000000.0,1207000000.0,378000000.0,0.0,175.897,
56,TRV,MRQ,2007-09-30,2007-09-30,2007-09-30,2021-10-19,295000000.0,115644000000.0,,,,,40.572,0.0,391000000.0,391000000.0,2985000000.0,1198000000.0,,3.396,6243000000.0,,,6243000000.0,0.0,0.0,0.0,0.022,0.29,1768000000.0,1768000000.0,0.271,1768000000.0,1768000000.0,1674000000.0,1.85,1.81,1.85,26307000000.0,,26307000000.0,39219997771.0,6.0,5.853,2015000000.0,3.108,1.0,3541000000.0,0.543,4214000000.0,94000000.0,117282000000.0,,0.0,73759000000.0,,,89337000000.0,,,33048997771.0,-171000000.0,0.0,-581000000.0,-488000000.0,-189000000.0,-1254000000.0,-934000000.0,-852000000.0,2015000000.0,2000000.0,1198000000.0,1198000000.0,1198000000.0,0.0,0.0,0.184,1773000000.0,1768000000.0,7635000000.0,0.157,1.256,6.992,7.07,0.0,0.0,50.34,1.271,1.256,29150000000.0,10235000000.0,6526000000.0,6526000000.0,0.0,,,,,-3000000.0,817000000.0,1.0,656515649.0,648400000.0,661900000.0,10.065,111430000000.0,1376000000.0,476000000.0,0.0,171.854,
57,TRV,MRQ,2007-06-30,2007-06-30,2007-06-30,2021-10-19,-220000000.0,115361000000.0,,,,,38.448,0.0,562000000.0,562000000.0,3096000000.0,1254000000.0,,3.556,6733000000.0,,,6733000000.0,0.0,0.0,0.0,0.02,0.29,1726000000.0,1726000000.0,0.263,1726000000.0,1726000000.0,1641000000.0,1.9,1.86,1.9,25322000000.0,,25322000000.0,41268959500.0,6.0,6.374,1057000000.0,1.605,1.0,3477000000.0,0.529,4250000000.0,85000000.0,117282000000.0,,0.0,72357000000.0,,,90039000000.0,,,35523959500.0,184000000.0,0.0,-543000000.0,618000000.0,-193000000.0,-106000000.0,-770000000.0,-763000000.0,1057000000.0,3000000.0,1254000000.0,1254000000.0,1254000000.0,0.0,0.0,0.191,1751000000.0,1726000000.0,7521000000.0,0.153,1.403,7.77,7.879,0.0,0.0,53.5,1.378,1.366,29960000000.0,9228000000.0,6573000000.0,6573000000.0,0.0,,,,,-11000000.0,836000000.0,1.0,663999243.0,658600000.0,676000000.0,9.98,111111000000.0,1700000000.0,387000000.0,0.0,168.708,
58,TRV,MRQ,2007-03-31,2007-03-31,2007-03-31,2021-10-19,417000000.0,114121000000.0,,,,,37.852,0.0,378000000.0,378000000.0,3189000000.0,1086000000.0,,3.501,6123000000.0,,,6123000000.0,0.0,0.0,0.0,0.02,0.26,1536000000.0,1536000000.0,0.239,1536000000.0,1536000000.0,1460000000.0,1.62,1.56,1.62,25357000000.0,,25357000000.0,40276663058.0,7.0,6.527,867000000.0,1.294,1.0,3238000000.0,0.504,4357000000.0,76000000.0,115509000000.0,,0.0,72690000000.0,,,88764000000.0,,,34975663058.0,-81000000.0,0.0,-670000000.0,375000000.0,-175000000.0,-462000000.0,-485000000.0,-282000000.0,867000000.0,-1000000.0,1086000000.0,1086000000.0,1086000000.0,0.0,0.0,0.169,1702000000.0,1536000000.0,5994000000.0,0.16,1.379,8.157,8.231,0.0,0.0,51.77,1.373,1.362,28500000000.0,8167000000.0,6427000000.0,6427000000.0,0.0,,,,,-9000000.0,833000000.0,1.0,675597123.0,669900000.0,701200000.0,9.594,109764000000.0,1713000000.0,374000000.0,0.0,163.851,
59,TRV,MRQ,2006-12-31,2006-12-31,2006-12-31,2021-10-19,452000000.0,115292000000.0,,,,,37.001,0.0,459000000.0,459000000.0,3002000000.0,1189000000.0,,3.587,5760000000.0,,,5760000000.0,0.0,0.0,0.0,0.019,0.26,1671000000.0,1671000000.0,0.258,1671000000.0,1671000000.0,1589000000.0,1.75,1.68,1.75,25135000000.0,,25135000000.0,43259083171.0,7.0,7.151,1656000000.0,2.438,1.0,3467000000.0,0.536,4202000000.0,82000000.0,116391000000.0,,0.0,72268000000.0,,,90157000000.0,,,37047083171.0,102000000.0,0.0,-609000000.0,-760000000.0,-178000000.0,-1522000000.0,-33000000.0,77000000.0,1656000000.0,1000000.0,1189000000.0,1189000000.0,1189000000.0,0.0,0.0,0.184,1796000000.0,1671000000.0,7239000000.0,0.149,1.474,8.804,8.773,0.0,0.0,53.69,1.477,1.47,30555000000.0,7253000000.0,6469000000.0,6469000000.0,0.0,,,,,-8000000.0,929000000.0,1.0,690018312.0,679300000.0,711000000.0,9.523,111090000000.0,1536000000.0,400000000.0,0.0,163.536,
60,TRV,MRQ,2006-09-30,2006-09-30,2006-09-30,2021-10-19,486000000.0,115498000000.0,,,,,36.111,0.0,357000000.0,357000000.0,3047000000.0,1043000000.0,,3.667,6569000000.0,,,6569000000.0,0.0,0.0,0.0,0.021,0.26,1542000000.0,1542000000.0,0.244,1542000000.0,1542000000.0,1454000000.0,1.52,1.47,1.52,24747000000.0,,24747000000.0,38741682286.0,8.0,8.33,1707000000.0,2.491,1.0,3269000000.0,0.518,4243000000.0,88000000.0,117467000000.0,,0.0,72152000000.0,,,90751000000.0,,,32397682286.0,83000000.0,0.0,-106000000.0,-42000000.0,-181000000.0,-328000000.0,-1297000000.0,-1204000000.0,1707000000.0,1000000.0,1043000000.0,1043000000.0,1043000000.0,0.0,0.0,0.165,1727000000.0,1542000000.0,6550000000.0,0.171,1.309,10.131,10.149,0.0,0.0,46.89,1.306,1.296,30238000000.0,6245000000.0,6316000000.0,6316000000.0,0.0,,,,,-2000000.0,869000000.0,1.0,690929458.0,685300000.0,714600000.0,9.216,111255000000.0,1669000000.0,411000000.0,0.0,162.345,
61,TRV,MRQ,2006-06-30,2006-06-30,2006-06-30,2021-10-19,-406000000.0,113886000000.0,,,,,33.322,0.0,274000000.0,274000000.0,3153000000.0,970000000.0,,3.94,6618000000.0,,,6618000000.0,0.0,0.0,0.0,0.021,0.26,1422000000.0,1422000000.0,0.227,1422000000.0,1422000000.0,1344000000.0,1.4,1.36,1.4,23052000000.0,,23052000000.0,36505021776.0,11.0,11.205,849000000.0,1.227,1.0,3102000000.0,0.496,4280000000.0,78000000.0,115950000000.0,,0.0,69770000000.0,,,90834000000.0,,,31039021776.0,-99000000.0,0.0,-205000000.0,786000000.0,-182000000.0,403000000.0,-1354000000.0,-1270000000.0,849000000.0,3000000.0,970000000.0,970000000.0,970000000.0,0.0,0.0,0.155,1680000000.0,1422000000.0,6261000000.0,0.186,1.346,13.396,13.347,0.0,0.0,44.58,1.265,1.257,30654000000.0,5382000000.0,6255000000.0,6255000000.0,0.0,,,,,-1000000.0,866000000.0,1.0,696254414.0,691800000.0,720400000.0,9.042,109606000000.0,2282000000.0,374000000.0,0.0,158.436,
62,TRV,MRQ,2006-03-31,2006-03-31,2006-03-31,2021-10-19,-25000000.0,113376000000.0,,,,,32.992,0.0,373000000.0,373000000.0,3042000000.0,1006000000.0,,3.965,5839000000.0,,,5839000000.0,0.0,0.0,0.0,0.022,0.23,1414000000.0,1414000000.0,0.234,1414000000.0,1414000000.0,1338000000.0,1.45,1.41,1.45,22837000000.0,,22837000000.0,34595230138.0,10.0,10.364,562000000.0,0.812,1.0,3008000000.0,0.497,4328000000.0,76000000.0,114514000000.0,,0.0,69008000000.0,,,90539000000.0,,,29082230138.0,36000000.0,0.0,16000000.0,-4000000.0,-161000000.0,-146000000.0,-380000000.0,-342000000.0,562000000.0,0.0,1006000000.0,1006000000.0,1006000000.0,0.0,0.0,0.166,1594000000.0,1414000000.0,6519000000.0,0.159,1.273,12.037,11.839,0.0,0.0,41.79,1.196,1.19,30706000000.0,4594000000.0,6050000000.0,6050000000.0,0.0,,,,,-5000000.0,794000000.0,1.0,695913619.0,692200000.0,720800000.0,8.74,109048000000.0,2103000000.0,332000000.0,0.0,157.538,
63,TRV,MRQ,2005-12-31,2005-12-31,2005-12-31,2021-10-19,351000000.0,113187000000.0,,,,,32.403,0.0,337000000.0,337000000.0,4242000000.0,179000000.0,,4.075,5850000000.0,,,5850000000.0,0.0,0.0,0.0,0.02,0.23,273000000.0,273000000.0,0.044,273000000.0,273000000.0,198000000.0,0.25,0.26,0.25,22303000000.0,,22303000000.0,36242736184.0,14.0,14.393,477000000.0,0.693,1.0,1939000000.0,0.314,4359000000.0,75000000.0,114341000000.0,,0.0,68287000000.0,,,90884000000.0,,,30931736184.0,-105000000.0,0.0,29000000.0,107000000.0,-161000000.0,-28000000.0,-552000000.0,-493000000.0,477000000.0,-2000000.0,179000000.0,179000000.0,179000000.0,-1000000.0,0.0,0.029,1667000000.0,272000000.0,6236000000.0,0.92,1.387,19.07,18.69,0.0,0.0,44.67,1.27,1.24,31214000000.0,3750000000.0,6181000000.0,6181000000.0,0.0,,,,,0.0,838000000.0,1.0,692449881.0,688300000.0,717300000.0,8.98,108828000000.0,2062000000.0,19000000.0,0.0,158.111,
64,TRV,MRQ,2005-09-30,2005-09-30,2005-09-30,2021-10-19,538000000.0,113442000000.0,,,,,32.992,0.0,442000000.0,442000000.0,4361000000.0,162000000.0,,4.063,5753000000.0,,,5753000000.0,0.0,0.0,0.0,0.02,0.23,149000000.0,149000000.0,0.025,149000000.0,149000000.0,79000000.0,0.24,0.23,0.24,22408000000.0,,22408000000.0,35372578820.0,13.0,13.343,1381000000.0,2.033,1.0,1681000000.0,0.278,4409000000.0,70000000.0,114344000000.0,,0.0,68817000000.0,,,91034000000.0,,,30308578820.0,-296000000.0,532000000.0,497000000.0,-41000000.0,-160000000.0,296000000.0,-2506000000.0,-2481000000.0,1381000000.0,1000000.0,162000000.0,162000000.0,162000000.0,-87000000.0,0.0,0.027,1619000000.0,62000000.0,6566000000.0,0.958,1.353,17.359,17.258,0.0,0.0,44.87,1.242,1.248,31259000000.0,3733000000.0,6042000000.0,6042000000.0,0.0,,,,,0.0,789000000.0,1.0,675475347.0,679200000.0,683800000.0,8.896,109033000000.0,1985000000.0,-83000000.0,0.0,160.532,
65,TRV,MRQ,2005-06-30,2005-06-30,2005-06-30,2021-10-19,1024000000.0,111804000000.0,,,,,33.412,0.0,738000000.0,738000000.0,3101000000.0,1069000000.0,,3.998,5802000000.0,,,5802000000.0,0.0,0.0,0.0,0.023,0.23,1502000000.0,1502000000.0,0.249,1502000000.0,1502000000.0,1432000000.0,1.59,1.52,1.59,22369000000.0,,22369000000.0,32388371170.0,11.0,10.953,703000000.0,1.05,1.0,2936000000.0,0.486,4484000000.0,70000000.0,112384000000.0,,0.0,67095000000.0,,,89435000000.0,,,26634371170.0,197000000.0,1867000000.0,23000000.0,-479000000.0,-157000000.0,-626000000.0,-1745000000.0,-1697000000.0,703000000.0,-2000000.0,1069000000.0,1069000000.0,1069000000.0,-138000000.0,0.0,0.177,1572000000.0,1364000000.0,6511000000.0,0.145,1.191,13.843,13.774,0.0,0.0,39.53,1.087,1.08,30381000000.0,3732000000.0,6037000000.0,6037000000.0,0.0,,,,,0.0,789000000.0,1.0,673776149.0,669500000.0,710300000.0,9.017,107320000000.0,1467000000.0,363000000.0,0.0,160.299,
66,TRV,MRQ,2005-03-31,2005-03-31,2005-03-31,2021-10-19,358000000.0,111534000000.0,,,,,31.031,0.0,541000000.0,541000000.0,3223000000.0,212000000.0,,4.38,6295000000.0,,,6295000000.0,0.0,0.0,0.0,0.03,0.22,594000000.0,594000000.0,0.097,594000000.0,594000000.0,523000000.0,0.31,0.31,0.31,20732000000.0,,20732000000.0,31086334814.0,31.0,30.962,1052000000.0,1.575,1.0,2882000000.0,0.472,4588000000.0,71000000.0,112700000000.0,,0.0,64257000000.0,,,90802000000.0,,,24736334814.0,279000000.0,0.0,24000000.0,-2000000.0,-150000000.0,-111000000.0,-652000000.0,-632000000.0,1052000000.0,-2000000.0,212000000.0,212000000.0,212000000.0,665000000.0,0.0,0.035,1623000000.0,1259000000.0,6800000000.0,0.71,1.193,42.649,42.709,0.0,0.0,36.73,1.009,1.001,30690000000.0,2818000000.0,6105000000.0,6105000000.0,0.0,,,,,0.0,813000000.0,1.0,673464057.0,668100000.0,709100000.0,9.138,106946000000.0,1757000000.0,311000000.0,0.0,160.075,
67,TRV,MRQ,2004-12-31,2004-12-31,2004-12-31,2021-10-19,952000000.0,111246000000.0,,,,,31.781,0.0,262000000.0,262000000.0,4203000000.0,303000000.0,,4.247,6313000000.0,,,6313000000.0,0.0,0.0,0.0,0.037,0.22,406000000.0,406000000.0,0.065,406000000.0,406000000.0,336000000.0,0.46,0.44,0.46,21201000000.0,,21201000000.0,31012944811.0,25.0,24.613,1188000000.0,1.781,1.0,2025000000.0,0.325,4626000000.0,70000000.0,112671000000.0,,0.0,64368000000.0,,,90045000000.0,,,24816944811.0,4000000.0,-3000000.0,28000000.0,174000000.0,-149000000.0,46000000.0,-1227000000.0,-1103000000.0,1188000000.0,9000000.0,303000000.0,303000000.0,303000000.0,-32000000.0,0.0,0.049,1649000000.0,376000000.0,6525000000.0,0.478,1.171,25.986,23.763,0.0,0.0,37.07,1.101,1.0,30884000000.0,2744000000.0,6228000000.0,6228000000.0,0.0,,,,,0.0,822000000.0,1.0,669461689.0,667100000.0,692200000.0,9.336,106620000000.0,2198000000.0,33000000.0,0.0,159.826,
68,TRV,MRQ,2004-09-30,2004-09-30,2004-09-30,2021-10-19,846000000.0,109683000000.0,,,,,31.37,0.0,271000000.0,271000000.0,4086000000.0,340000000.0,,4.251,6467000000.0,,,6467000000.0,0.0,0.0,0.0,0.044,0.22,455000000.0,455000000.0,0.074,455000000.0,455000000.0,388000000.0,0.51,0.5,0.51,20889000000.0,,20889000000.0,28260589493.0,18.0,18.351,1840000000.0,2.763,1.0,2043000000.0,0.333,7023000000.0,67000000.0,108856000000.0,,0.0,63729000000.0,,,88794000000.0,,,22109589493.0,66000000.0,0.0,12000000.0,125000000.0,-149000000.0,12000000.0,-1784000000.0,-1824000000.0,1840000000.0,-2000000.0,340000000.0,340000000.0,340000000.0,-29000000.0,0.0,0.055,1612000000.0,431000000.0,6060000000.0,0.431,1.058,19.377,12.864,0.0,0.0,33.06,1.086,1.081,29498000000.0,2595000000.0,6129000000.0,6129000000.0,0.0,,,,,0.0,792000000.0,1.0,668771612.0,665900000.0,707900000.0,9.204,102660000000.0,1931000000.0,48000000.0,0.0,154.167,
69,TRV,MRQ,2004-06-30,2004-06-30,2004-06-30,2021-10-19,127000000.0,106608000000.0,,,,,29.979,0.0,207000000.0,207000000.0,4869000000.0,-275000000.0,,4.349,6358000000.0,,,6358000000.0,0.0,0.0,0.0,0.037,0.43,-451000000.0,-451000000.0,-0.074,-451000000.0,-451000000.0,-514000000.0,-0.42,-0.42,-0.42,19930000000.0,,19930000000.0,29588425458.0,18.0,17.602,1432000000.0,2.154,1.0,1191000000.0,0.197,7064000000.0,63000000.0,105695000000.0,,0.0,60220000000.0,,,86678000000.0,,,27044325458.0,52000000.0,151000000.0,28000000.0,-224000000.0,-263000000.0,-537000000.0,-843000000.0,-1005000000.0,1432000000.0,0.0,-275000000.0,-275000000.0,-275000000.0,-27000000.0,0.0,-0.045,1669000000.0,-478000000.0,6021000000.0,-1.024,1.357,22.041,13.336,0.0,0.0,40.54,1.505,1.499,29752000000.0,2393000000.0,6060000000.0,6060000000.0,0.0,,,,,0.0,864000000.0,1.0,667102256.0,664800000.0,664800000.0,9.116,99544000000.0,2248000000.0,-239000000.0,0.0,149.735,
70,TRV,MRQ,2004-03-31,2004-03-31,2004-03-31,2021-10-19,1248200000.0,65069900000.0,,,,,29.162,0.0,139700000.0,139700000.0,2281000000.0,587000000.0,,4.134,2683800000.0,,,2683800000.0,0.0,0.0,0.0,0.034,0.5,850000000.0,850000000.0,0.206,850000000.0,850000000.0,814000000.0,1.35,1.31,1.35,12673800000.0,,12673800000.0,12766507894.0,5.0,4.612,781000000.0,1.797,1.0,1846000000.0,0.447,2411500000.0,36000000.0,65202500000.0,,0.0,39242700000.0,,,52396100000.0,,,9166507894.0,-212000000.0,0.0,20000000.0,0.0,-81000000.0,-61000000.0,-932000000.0,-932000000.0,781000000.0,0.0,587000000.0,587000000.0,587000000.0,0.0,0.0,0.142,993000000.0,853000000.0,3686200000.0,0.37,0.723,4.718,8.931,0.0,0.0,40.01,0.585,1.11,18351900000.0,2795700000.0,4127000000.0,4127000000.0,0.0,,,,,0.0,467000000.0,1.0,229105421.0,434600000.0,453900000.0,9.496,62658400000.0,607100000.0,227000000.0,0.0,144.175,
71,TRV,MRQ,2003-12-31,2003-12-31,2003-12-31,2021-10-19,1086000000.0,64872000000.0,,,,,27.62,0.0,352000000.0,352000000.0,2382000000.0,489000000.0,,4.412,3386000000.0,,,3386000000.0,0.0,0.0,0.0,0.029,0.29,686000000.0,686000000.0,0.17,686000000.0,686000000.0,649000000.0,1.13,1.04,1.13,11987000000.0,,11987000000.0,12366405503.0,5.0,5.153,949000000.0,2.187,1.0,1659000000.0,0.411,2834000000.0,37000000.0,65072000000.0,,0.0,38653000000.0,,,52885000000.0,,,9046405503.0,143000000.0,0.0,7000000.0,0.0,-81000000.0,-75000000.0,-731000000.0,-731000000.0,949000000.0,0.0,489000000.0,489000000.0,489000000.0,0.0,0.0,0.121,962000000.0,697000000.0,3524000000.0,0.257,0.755,5.334,10.141,0.0,0.0,39.65,0.598,1.137,18385000000.0,2290000000.0,4041000000.0,4041000000.0,0.0,,,,,0.0,436000000.0,1.0,228156507.0,434000000.0,503100000.0,9.311,62038000000.0,678000000.0,160000000.0,0.0,142.945,
72,TRV,MRQ,2003-09-30,2003-09-30,2003-09-30,2021-10-19,664000000.0,40363000000.0,,,,,14.432,0.0,253000000.0,253000000.0,2237000000.0,426000000.0,,5.44,3573000000.0,,,3573000000.0,4223000000.0,0.0,0.0,0.031,0.29,596000000.0,596000000.0,0.159,596000000.0,596000000.0,558000000.0,0.98,0.98,0.98,6268000000.0,,6268000000.0,10793433370.0,7.0,7.37,1054000000.0,2.427,1.0,1509000000.0,0.403,1046000000.0,38000000.0,42637000000.0,,0.0,22673000000.0,,,34095000000.0,,,8435433370.0,0.0,0.0,-37000000.0,-454000000.0,-80000000.0,-572000000.0,-482000000.0,-482000000.0,1054000000.0,0.0,426000000.0,426000000.0,426000000.0,0.0,0.0,0.114,910000000.0,599000000.0,0.0,0.296,1.346,6.995,12.813,349000000.0,0.0,37.03,0.459,0.874,2833000000.0,2882000000.0,3746000000.0,3746000000.0,0.0,,,,,0.0,398000000.0,1.0,227799983.0,434300000.0,436700000.0,8.625,39317000000.0,1159000000.0,132000000.0,0.0,90.53,
73,TRV,MRQ,2003-06-30,2003-06-30,2003-06-30,2021-10-19,838000000.0,40538000000.0,,,,,14.445,0.0,177000000.0,177000000.0,2211000000.0,441000000.0,,5.318,2535000000.0,,,2535000000.0,4177000000.0,0.0,0.0,0.032,0.29,636000000.0,636000000.0,0.17,636000000.0,636000000.0,596000000.0,1.02,1.01,1.02,6275000000.0,,6275000000.0,10693028349.0,11.0,11.168,938300000.0,2.16,1.0,1538000000.0,0.41,1042000000.0,40000000.0,41854000000.0,,0.0,22307000000.0,,,33373000000.0,,,8309028349.0,59100000.0,0.0,6100000.0,-23400000.0,-60500000.0,-979800000.0,100600000.0,100600000.0,938300000.0,0.0,441000000.0,441000000.0,441000000.0,0.0,0.0,0.118,897000000.0,641000000.0,0.0,0.284,1.324,9.856,16.748,363000000.0,0.0,36.51,0.49,0.936,3026000000.0,2734000000.0,3749000000.0,3749000000.0,0.0,,,,,0.0,413000000.0,1.0,227582261.0,434400000.0,436700000.0,8.63,39496000000.0,1179000000.0,155000000.0,0.0,90.921,
74,TRV,MRQ,2003-03-31,2003-03-31,2003-03-31,2021-10-19,629000000.0,40032000000.0,,,,,13.579,0.0,280000000.0,280000000.0,2287900000.0,340000000.0,,5.634,2664000000.0,,,2664000000.0,4114000000.0,0.0,0.0,0.036,0.29,481500000.0,481500000.0,0.134,481500000.0,481500000.0,429800000.0,0.78,0.78,0.78,5900000000.0,,5900000000.0,9627481292.0,-203.0,-202.684,892700000.0,2.055,1.0,1315100000.0,0.365,1022000000.0,51700000.0,41394000000.0,,0.0,21751000000.0,,,33243000000.0,,,7229481292.0,57900000.0,0.0,5900000.0,606400000.0,-60500000.0,527800000.0,-1362600000.0,-1362600000.0,892700000.0,0.0,340000000.0,340000000.0,340000000.0,0.0,0.0,0.094,856100000.0,459000000.0,0.0,0.372,1.225,40.388,454.286,438000000.0,0.0,31.8,0.465,0.889,2973000000.0,2577000000.0,3603000000.0,3603000000.0,0.0,,,,,0.0,393400000.0,1.0,227342179.0,434500000.0,436700000.0,8.292,39010000000.0,1332000000.0,89800000.0,0.0,89.781,
75,TRV,MRQ,2002-12-31,2002-12-31,2002-12-31,2021-10-19,602000000.0,39959000000.0,,,,,13.964,37000000.0,315000000.0,315000000.0,6266000000.0,-1000000.0,,5.8,2713000000.0,,,2713000000.0,3802000000.0,0.0,0.0,0.034,0.29,-249000000.0,-249000000.0,-0.034,-249000000.0,-249000000.0,-406000000.0,0.11,0.11,0.11,5746000000.0,,5746000000.0,9868733620.0,-28.0,-28.44,2528000000.0,6.143,1.0,1029000000.0,0.141,1013000000.0,157000000.0,41344000000.0,,0.0,22733000000.0,,,33324000000.0,,,7711733620.0,-423000000.0,195000000.0,3613000000.0,-5043000000.0,185000000.0,-1372000000.0,-1532000000.0,-1698000000.0,2491000000.0,-10000000.0,-1000000.0,-1000000.0,-1000000.0,-19000000.0,0.0,0.0,1059000000.0,-30000000.0,0.0,2.636,1.342,-285.62,-486.429,459000000.0,0.0,34.05,0.54,0.982,2958000000.0,2473000000.0,7295000000.0,7295000000.0,0.0,,,,,0.0,-751000000.0,1.0,226482632.0,411500000.0,,17.728,38946000000.0,1267000000.0,-405000000.0,0.0,94.644,
76,TRV,MRQ,2002-09-30,2002-09-30,2002-09-30,2021-10-19,554000000.0,39935000000.0,,,,,24.364,-10000000.0,429000000.0,429000000.0,1494000000.0,63000000.0,,6.081,2586000000.0,,,2586000000.0,4022000000.0,0.0,0.0,0.04,0.29,89000000.0,89000000.0,0.039,89000000.0,89000000.0,89000000.0,0.27,0.27,0.27,5514000000.0,,5514000000.0,8455858158.0,-8.0,-7.68,343000000.0,1.516,1.0,803000000.0,0.35,957000000.0,0.0,41135000000.0,,0.0,23161000000.0,,,33532000000.0,,,6499858158.0,263000000.0,-136000000.0,399000000.0,435000000.0,-62000000.0,744000000.0,-841000000.0,-817000000.0,353000000.0,7000000.0,63000000.0,63000000.0,63000000.0,6000000.0,0.0,0.027,708000000.0,95000000.0,0.0,1.074,1.179,-8.519,-7.741,471000000.0,0.0,28.72,0.686,0.686,3089000000.0,2301000000.0,2297000000.0,2297000000.0,0.0,,,,,0.0,708000000.0,1.0,226318181.0,226318181.0,,10.149,38978000000.0,1286000000.0,26000000.0,0.0,172.227,
77,TRV,MRQ,2002-06-30,2002-06-30,2002-06-30,2021-10-19,398000000.0,38221000000.0,,,,,23.92,-12000000.0,166000000.0,166000000.0,1986000000.0,-223000000.0,,6.492,2122000000.0,,,2122000000.0,4105000000.0,0.0,0.0,0.029,0.29,-369000000.0,-369000000.0,-0.157,-369000000.0,-369000000.0,-369000000.0,-1.09,-1.09,-1.09,4983000000.0,,4983000000.0,10182791671.0,-5.0,-4.778,-26000000.0,-0.125,1.0,358000000.0,0.153,806000000.0,0.0,39371000000.0,,0.0,21712000000.0,,,32349000000.0,,,8107791671.0,-19000000.0,0.0,20000000.0,-158000000.0,-63000000.0,-249000000.0,239000000.0,398000000.0,-14000000.0,5000000.0,-223000000.0,-223000000.0,-223000000.0,5000000.0,0.0,-0.095,722000000.0,-364000000.0,0.0,-0.266,1.627,-5.46,-5.451,479000000.0,0.0,38.92,0.863,0.863,3341000000.0,2304000000.0,2344000000.0,2344000000.0,0.0,,,,,0.0,722000000.0,1.0,208319416.0,208319416.0,,11.252,37415000000.0,1303000000.0,-146000000.0,0.0,179.604,
78,TRV,MRQ,2002-03-31,2002-03-31,2002-03-31,2021-10-19,250000000.0,38578000000.0,,,,,24.559,-15000000.0,185000000.0,185000000.0,1393000000.0,133000000.0,,6.378,2260000000.0,,,2260000000.0,4216000000.0,0.0,0.0,0.025,0.29,181000000.0,181000000.0,0.078,181000000.0,181000000.0,181000000.0,0.62,0.6,0.62,5108000000.0,,5108000000.0,11515228984.0,-7.0,-7.104,81000000.0,0.389,1.0,941000000.0,0.403,783000000.0,0.0,39870000000.0,,0.0,22126000000.0,,,32577000000.0,,,9536228984.0,34000000.0,-59000000.0,64000000.0,130000000.0,-60000000.0,77000000.0,-137000000.0,-154000000.0,96000000.0,-2000000.0,133000000.0,133000000.0,133000000.0,9000000.0,0.0,0.057,745000000.0,196000000.0,0.0,0.468,1.867,-8.235,-8.217,485000000.0,0.0,45.85,1.035,1.035,3522000000.0,2590000000.0,2334000000.0,2334000000.0,0.0,,,,,0.0,745000000.0,1.0,207987546.0,207987546.0,,11.222,37795000000.0,1276000000.0,48000000.0,0.0,181.718,
79,TRV,MRQ,2001-12-31,2001-12-31,2001-12-31,2021-10-19,364000000.0,38321000000.0,,,,,24.657,-13000000.0,151000000.0,151000000.0,2495000000.0,-736000000.0,,6.319,2130000000.0,,,2130000000.0,3957000000.0,0.0,0.0,0.025,0.28,-1002000000.0,-1002000000.0,-0.402,-1002000000.0,-1002000000.0,-1002000000.0,-3.51,-3.51,-3.51,5114000000.0,,5114000000.0,11096631223.0,-7.0,-7.349,425000000.0,2.049,1.0,-1000000.0,0.0,690000000.0,0.0,39610000000.0,,0.0,22178000000.0,,,32314000000.0,,,9119631223.0,-17000000.0,-1000000.0,-1000000.0,13000000.0,-60000000.0,443000000.0,-895000000.0,-861000000.0,438000000.0,-3000000.0,-736000000.0,-736000000.0,-736000000.0,17000000.0,0.0,-0.295,984000000.0,-985000000.0,0.0,-0.08,1.783,-8.382,-8.423,486000000.0,0.0,43.97,1.01,1.01,3383000000.0,2500000000.0,2494000000.0,2494000000.0,0.0,,,,,0.0,984000000.0,1.0,207405759.0,207405759.0,,12.025,37631000000.0,1248000000.0,-266000000.0,0.0,181.437,
80,TRV,MRQ,2001-09-30,2001-09-30,2001-09-30,2021-10-19,496000000.0,37650000000.0,,,,,28.768,-17000000.0,168000000.0,168000000.0,2455000000.0,-659000000.0,,5.211,2145000000.0,,,2145000000.0,4010000000.0,0.0,0.0,0.027,0.28,-941000000.0,-941000000.0,-0.423,-941000000.0,-941000000.0,-941000000.0,-3.16,-3.16,-3.16,6011000000.0,,6011000000.0,10314801688.0,-44.0,-43.522,476000000.0,2.278,1.0,-230000000.0,-0.103,585000000.0,0.0,39042000000.0,,0.0,21879000000.0,,,31321000000.0,,,8612801688.0,74000000.0,155000000.0,-174000000.0,310000000.0,-61000000.0,112000000.0,-531000000.0,-459000000.0,493000000.0,0.0,-659000000.0,-659000000.0,-659000000.0,64000000.0,0.0,-0.296,647000000.0,-877000000.0,0.0,-0.089,1.433,-53.83,-45.297,488000000.0,0.0,41.22,1.01,1.01,3509000000.0,3285000000.0,2225000000.0,2225000000.0,0.0,,,,,0.0,647000000.0,1.0,208947154.0,208947154.0,,10.649,37065000000.0,1136000000.0,-282000000.0,58000000.0,177.389,
81,TRV,MRQ,2001-06-30,2001-06-30,2001-06-30,2021-10-19,459000000.0,35477000000.0,,,,,32.033,-14000000.0,94000000.0,94000000.0,1346000000.0,104000000.0,,4.116,1796000000.0,,,1796000000.0,3908000000.0,0.0,0.0,0.022,0.28,141000000.0,141000000.0,0.065,141000000.0,141000000.0,141000000.0,0.47,0.45,0.47,6869000000.0,,6869000000.0,12641970958.0,12.0,12.25,197000000.0,0.919,1.0,817000000.0,0.378,519000000.0,0.0,36660000000.0,,0.0,21056000000.0,,,28271000000.0,,,10871970958.0,41000000.0,0.0,-168000000.0,-22000000.0,-63000000.0,-277000000.0,108000000.0,221000000.0,211000000.0,-1000000.0,104000000.0,104000000.0,104000000.0,-8000000.0,0.0,0.048,684000000.0,133000000.0,0.0,0.596,1.583,14.893,15.41,486000000.0,0.0,50.7,1.332,1.332,3252000000.0,4143000000.0,2163000000.0,2163000000.0,0.0,,,,,0.0,684000000.0,1.0,214437297.0,214437297.0,,10.087,34958000000.0,986000000.0,37000000.0,127000000.0,163.022,
82,TRV,MRQ,2001-03-31,2001-03-31,2001-03-31,2021-10-19,601000000.0,35548000000.0,,,,,32.848,-17000000.0,53000000.0,53000000.0,1183000000.0,202000000.0,,3.943,1823000000.0,,,1823000000.0,3804000000.0,0.0,0.0,0.025,0.28,291000000.0,291000000.0,0.135,291000000.0,291000000.0,291000000.0,0.91,0.87,0.91,7123000000.0,,7123000000.0,11116127265.0,9.0,9.365,-172000000.0,-0.793,1.0,979000000.0,0.453,523000000.0,0.0,36795000000.0,,0.0,21583000000.0,,,28088000000.0,,,9552127265.0,1000000.0,0.0,-162000000.0,153000000.0,-61000000.0,132000000.0,24000000.0,320000000.0,-155000000.0,0.0,202000000.0,202000000.0,202000000.0,7000000.0,0.0,0.093,681000000.0,298000000.0,0.0,0.308,1.341,11.399,11.592,492000000.0,0.0,44.05,1.199,1.199,3197000000.0,4245000000.0,2162000000.0,2162000000.0,0.0,,,,,0.0,681000000.0,1.0,216847384.0,216847384.0,,9.97,35025000000.0,948000000.0,89000000.0,172000000.0,161.519,
83,TRV,MRQ,2000-12-31,2000-12-31,2000-12-31,2021-10-19,697000000.0,35502000000.0,,,,,33.199,-14000000.0,52000000.0,52000000.0,1046000000.0,193000000.0,,3.866,1647000000.0,,,1647000000.0,3648000000.0,0.0,0.0,0.02,0.27,272000000.0,272000000.0,0.138,272000000.0,272000000.0,272000000.0,0.87,0.82,0.87,7227000000.0,,7227000000.0,13377706806.0,9.0,9.394,-115000000.0,-0.528,1.0,929000000.0,0.47,510000000.0,0.0,36587000000.0,,0.0,22052000000.0,,,27938000000.0,,,11822706806.0,2000000.0,-10000000.0,-1000000.0,9000000.0,-61000000.0,29000000.0,74000000.0,246000000.0,-101000000.0,0.0,193000000.0,193000000.0,193000000.0,-8000000.0,0.0,0.098,665000000.0,264000000.0,0.0,0.31,1.636,11.906,12.069,492000000.0,0.0,54.31,1.488,1.488,3214000000.0,4243000000.0,1975000000.0,1975000000.0,0.0,,,,,0.0,665000000.0,1.0,217689317.0,217689317.0,,9.073,34992000000.0,930000000.0,79000000.0,170000000.0,160.743,
84,TRV,MRQ,2000-09-30,2000-09-30,2000-09-30,2021-10-19,667000000.0,41657000000.0,,,,,32.573,-19000000.0,81000000.0,81000000.0,813000000.0,231000000.0,,4.863,1636000000.0,,,1636000000.0,3567000000.0,0.0,0.0,0.021,0.27,328000000.0,328000000.0,0.176,328000000.0,328000000.0,328000000.0,1.04,0.98,1.04,7047000000.0,,7047000000.0,12952473897.0,10.0,8.872,-57000000.0,-0.263,1.0,1048000000.0,0.563,510000000.0,0.0,42702000000.0,,0.0,27213000000.0,,,34273000000.0,,,10899473897.0,-2000000.0,4000000.0,-163000000.0,43000000.0,-60000000.0,-52000000.0,88000000.0,423000000.0,-38000000.0,0.0,231000000.0,231000000.0,231000000.0,-12000000.0,0.0,0.124,732000000.0,316000000.0,0.0,0.26,1.547,11.608,11.938,515000000.0,0.0,50.38,1.453,1.453,3262000000.0,4119000000.0,1861000000.0,1861000000.0,0.0,,,,,0.0,732000000.0,1.0,216345254.0,216345254.0,,8.602,41147000000.0,1178000000.0,97000000.0,399000000.0,190.191,
85,TRV,MRQ,2000-06-30,2000-06-30,2000-06-30,2021-10-19,618000000.0,41139000000.0,,,,,31.727,-32000000.0,84000000.0,84000000.0,1026000000.0,212000000.0,,5.034,2137000000.0,,,2137000000.0,3385000000.0,0.0,0.0,0.031,0.27,296000000.0,296000000.0,0.15,296000000.0,296000000.0,296000000.0,0.98,0.92,0.98,6728000000.0,,6728000000.0,9095639473.0,7.0,6.088,-268000000.0,-1.264,1.0,945000000.0,0.479,505000000.0,0.0,42687000000.0,,0.0,27243000000.0,,,33867000000.0,,,7237639473.0,18000000.0,32000000.0,32000000.0,33000000.0,-59000000.0,37000000.0,217000000.0,304000000.0,-236000000.0,0.0,212000000.0,212000000.0,212000000.0,5000000.0,0.0,0.108,644000000.0,301000000.0,0.0,0.276,1.076,6.993,7.403,511000000.0,0.0,34.13,0.975,0.975,3069000000.0,4077000000.0,1971000000.0,1971000000.0,0.0,,,,,0.0,644000000.0,1.0,212060928.0,212060928.0,,9.294,40634000000.0,1236000000.0,84000000.0,381000000.0,191.615,
86,TRV,MRQ,2000-03-31,2000-03-31,2000-03-31,2021-10-19,670000000.0,39254000000.0,,,,,30.773,-13000000.0,84000000.0,84000000.0,1028000000.0,358000000.0,,4.872,1942000000.0,,,1942000000.0,3154000000.0,0.0,0.0,0.031,0.27,529000000.0,529000000.0,0.247,529000000.0,529000000.0,529000000.0,1.6,1.51,1.6,6613000000.0,,6613000000.0,8635374985.0,6.0,5.874,-201000000.0,-0.935,1.0,1118000000.0,0.521,519000000.0,0.0,40593000000.0,,0.0,26470000000.0,,,32216000000.0,,,7334374985.0,-71000000.0,-37000000.0,-331000000.0,50000000.0,-61000000.0,-186000000.0,303000000.0,426000000.0,-188000000.0,0.0,358000000.0,358000000.0,358000000.0,-9000000.0,0.0,0.167,598000000.0,520000000.0,0.0,0.169,1.109,7.142,7.551,508000000.0,0.0,34.13,0.993,0.993,2689000000.0,3923000000.0,2146000000.0,2146000000.0,0.0,,,,,0.0,598000000.0,1.0,214895253.0,214895253.0,,9.986,38735000000.0,1162000000.0,171000000.0,457000000.0,180.251,
87,TRV,MRQ,1999-12-31,1999-12-31,1999-12-31,2021-10-19,542000000.0,38555000000.0,,,,,28.479,12000000.0,158000000.0,158000000.0,647000000.0,138000000.0,,4.892,1466000000.0,,,1466000000.0,3048000000.0,118000000.0,0.0,0.031,0.26,189000000.0,307000000.0,0.202,307000000.0,189000000.0,189000000.0,0.6,0.57,0.6,6472000000.0,,6472000000.0,9274205419.0,9.0,7.92,-199000000.0,-0.876,1.0,875000000.0,0.575,399000000.0,0.0,39464000000.0,,0.0,25974000000.0,,,31658000000.0,,,7656205419.0,-15000000.0,62000000.0,-99000000.0,169000000.0,-62000000.0,135000000.0,61000000.0,901000000.0,-211000000.0,0.0,138000000.0,138000000.0,138000000.0,44000000.0,0.0,0.091,645000000.0,230000000.0,0.0,0.433,1.183,9.18,9.332,499000000.0,0.0,33.69,1.071,1.071,2648000000.0,3827000000.0,1522000000.0,1522000000.0,0.0,,,,,0.0,645000000.0,1.0,227254539.0,227254539.0,,6.697,38156000000.0,1262000000.0,51000000.0,311000000.0,167.9,
88,TRV,MRQ,1999-09-30,1999-09-30,1999-09-30,2021-10-19,503000000.0,39203000000.0,,,,,28.34,-21000000.0,175000000.0,175000000.0,951000000.0,327000000.0,,5.029,1793000000.0,,,1793000000.0,3222000000.0,0.0,0.0,0.037,0.26,362000000.0,362000000.0,0.203,362000000.0,362000000.0,362000000.0,1.43,1.34,1.43,6423000000.0,,6423000000.0,8115550280.0,9.0,8.708,175000000.0,0.772,1.0,834000000.0,0.467,513000000.0,0.0,40308000000.0,,0.0,26835000000.0,,,32303000000.0,,,6232550280.0,50000000.0,252000000.0,-7000000.0,-216000000.0,-61000000.0,-199000000.0,55000000.0,-285000000.0,196000000.0,-2000000.0,327000000.0,327000000.0,327000000.0,-190000000.0,0.0,0.183,662000000.0,172000000.0,0.0,0.182,0.97,7.83,7.994,521000000.0,0.0,27.5,0.858,0.858,2659000000.0,3809000000.0,1785000000.0,1785000000.0,0.0,,,,,0.0,662000000.0,1.0,226638192.0,226638192.0,,7.876,38690000000.0,1421000000.0,35000000.0,439000000.0,170.713,
89,TRV,MRQ,1999-06-30,1999-06-30,1999-06-30,2021-10-19,651000000.0,39329000000.0,,,,,27.787,-30000000.0,126000000.0,126000000.0,1060000000.0,204000000.0,,5.175,2009000000.0,,,2009000000.0,3342000000.0,0.0,0.0,0.032,0.26,272000000.0,272000000.0,0.141,272000000.0,272000000.0,272000000.0,0.89,0.84,0.89,6288000000.0,,6288000000.0,9077251722.0,15.0,14.5,-142000000.0,-0.628,1.0,873000000.0,0.452,574000000.0,0.0,40638000000.0,,0.0,27388000000.0,,,32538000000.0,,,7198251722.0,-48000000.0,0.0,-20000000.0,-9000000.0,-62000000.0,217000000.0,-155000000.0,-102000000.0,-112000000.0,2000000.0,204000000.0,204000000.0,204000000.0,15000000.0,0.0,0.106,586000000.0,287000000.0,0.0,0.292,1.145,13.405,13.952,531000000.0,0.0,31.81,0.972,0.972,2803000000.0,3541000000.0,1933000000.0,1933000000.0,0.0,,,,,0.0,586000000.0,1.0,226288957.0,226288957.0,,8.542,38755000000.0,1339000000.0,68000000.0,258000000.0,171.263,
90,TRV,MRQ,1999-03-31,1999-03-31,1999-03-31,2021-10-19,903000000.0,39223000000.0,,,,,28.062,-44000000.0,148000000.0,148000000.0,1063000000.0,165000000.0,,5.027,2027000000.0,,,2027000000.0,3151000000.0,0.0,0.0,0.041,0.26,231000000.0,231000000.0,0.121,231000000.0,231000000.0,231000000.0,0.7,0.67,0.7,6424000000.0,,6424000000.0,8250958363.0,-550.0,-550.064,33000000.0,0.144,1.0,846000000.0,0.443,581000000.0,0.0,40521000000.0,,0.0,27717000000.0,,,32296000000.0,,,7110407363.0,23000000.0,0.0,-223000000.0,254000000.0,-61000000.0,208000000.0,-262000000.0,-133000000.0,77000000.0,0.0,165000000.0,165000000.0,165000000.0,2000000.0,0.0,0.086,583000000.0,263000000.0,0.0,0.371,1.107,120.515,147.905,524000000.0,0.0,31.06,0.939,0.939,2476000000.0,3422000000.0,1909000000.0,1909000000.0,0.0,,,,,0.0,583000000.0,1.0,228924899.0,228924899.0,,8.339,38642000000.0,1264000000.0,66000000.0,298000000.0,168.798,
91,TRV,MRQ,1998-12-31,1998-12-31,1998-12-31,2021-10-19,1013000000.0,37864000000.0,,,,,28.15,-32000000.0,146000000.0,146000000.0,1009000000.0,100000000.0,,4.63,1260000000.0,,,1260000000.0,3092000000.0,0.0,0.0,0.036,0.25,67000000.0,67000000.0,0.041,67000000.0,67000000.0,67000000.0,0.42,0.41,0.42,6636000000.0,,6636000000.0,9174217148.0,917.0,917.422,-184000000.0,-0.781,1.0,630000000.0,0.384,592000000.0,0.0,38386000000.0,,0.0,26605000000.0,,,30725000000.0,,,8205866148.0,-31000000.0,0.0,-122000000.0,158000000.0,-61000000.0,154000000.0,-33000000.0,-65000000.0,-152000000.0,0.0,100000000.0,100000000.0,100000000.0,-15000000.0,0.0,0.061,578000000.0,52000000.0,0.0,0.595,1.237,92.201,105.485,510000000.0,0.0,34.81,1.065,1.065,2439000000.0,3480000000.0,1639000000.0,1639000000.0,0.0,,,,,0.0,578000000.0,1.0,235733012.0,235733012.0,,6.953,37272000000.0,1193000000.0,-33000000.0,221000000.0,158.111,
92,TRV,MRQ,1998-09-30,1998-09-30,1998-09-30,2021-10-19,936895000.0,37512359000.0,,,,,28.108,-9000000.0,129391000.0,129391000.0,1198000000.0,68000000.0,,4.577,1600442000.0,,,1600442000.0,3411620000.0,0.0,0.0,0.038,0.25,56000000.0,56000000.0,0.029,56000000.0,56000000.0,56000000.0,0.27,0.27,0.27,6636484000.0,,6636484000.0,8620120648.0,26.0,26.119,231000000.0,0.978,1.0,727000000.0,0.378,602075000.0,0.0,38381335000.0,,0.0,26279957000.0,,,30373175000.0,,,7673332648.0,12000000.0,0.0,-15000000.0,14000000.0,-62000000.0,40000000.0,-268000000.0,-226000000.0,240000000.0,0.0,68000000.0,68000000.0,68000000.0,35000000.0,0.0,0.035,636000000.0,91000000.0,0.0,0.926,1.156,31.388,32.5,518084000.0,0.0,32.5,1.032,1.032,2626889000.0,3540005000.0,1925000000.0,1925000000.0,0.0,,,,,0.0,636000000.0,1.0,236102543.0,236102543.0,,8.153,36910284000.0,1148038000.0,-12000000.0,176299000.0,156.332,
93,TRV,MRQ,1998-06-30,1998-06-30,1998-06-30,2021-10-19,843827000.0,37463170000.0,,,,,27.761,-35000000.0,129107000.0,129107000.0,1407000000.0,-274000000.0,,4.675,1578595000.0,,,1578595000.0,3392302000.0,0.0,0.0,0.029,0.5,-369000000.0,-369000000.0,-0.176,-369000000.0,-369000000.0,-369000000.0,-1.18,-1.18,-1.18,6512350000.0,,6512350000.0,10478677419.0,19.0,19.101,-64000000.0,-0.273,1.0,693000000.0,0.33,599428000.0,0.0,38313230000.0,,0.0,26053134000.0,,,30448120000.0,,,9866661419.0,-2000000.0,0.0,-34000000.0,-67000000.0,-53000000.0,-135000000.0,162000000.0,141000000.0,-29000000.0,0.0,-274000000.0,-274000000.0,-274000000.0,81000000.0,0.0,-0.13,981000000.0,-288000000.0,0.0,-0.424,1.515,25.193,25.491,532890000.0,0.0,42.06,1.259,1.259,2621971000.0,3532624000.0,2100000000.0,2100000000.0,0.0,,,,,0.0,981000000.0,1.0,234585388.0,234585388.0,,8.952,36863742000.0,1203365000.0,-95000000.0,224717000.0,157.144,
94,TRV,MRQ,1998-03-31,1998-03-31,1998-03-31,2021-10-19,716447000.0,21126510000.0,,,,,28.679,-17000000.0,42647000.0,42647000.0,1332000000.0,195000000.0,,3.341,654663000.0,,,654663000.0,2241953000.0,0.0,0.0,0.021,0.25,250000000.0,250000000.0,0.108,250000000.0,250000000.0,250000000.0,0.82,0.77,0.82,4819355000.0,,4819355000.0,8248969921.0,6.0,6.304,-7000000.0,-0.042,1.0,992000000.0,0.427,399501000.0,0.0,21339025000.0,,0.0,15136724000.0,,,16100155000.0,,,7488804921.0,18000000.0,-98000000.0,61000000.0,-91000000.0,-50000000.0,-49000000.0,57000000.0,121000000.0,10000000.0,0.0,195000000.0,195000000.0,195000000.0,0.0,0.0,0.084,742000000.0,250000000.0,0.0,0.305,1.554,7.845,10.923,288407000.0,0.0,44.565,0.91,0.91,1617663000.0,3563068000.0,2324000000.0,2324000000.0,0.0,,,,,0.0,742000000.0,1.0,168042296.0,168042296.0,,13.83,20727009000.0,736512000.0,55000000.0,220511000.0,123.344,
95,TRV,MRQ,1997-12-31,1997-12-31,1997-12-31,2021-10-19,822648000.0,37358828000.0,,,,,39.504,-33320000.0,113175000.0,113175000.0,278128000.0,255468000.0,,4.577,1304008000.0,,,1304008000.0,3528234000.0,0.0,0.0,0.023,0.235,393036000.0,393036000.0,0.361,393036000.0,393036000.0,393036000.0,1.09,1.01,1.09,6608168000.0,,6608168000.0,7589029135.0,6.0,5.838,141946000.0,0.849,1.0,810229000.0,0.744,618528000.0,0.0,37931133000.0,,0.0,26110236000.0,,,30247960000.0,,,6863510135.0,35582000.0,-236000000.0,3630000.0,-59682000.0,-50363000.0,-72362000.0,-67345000.0,98442000.0,175266000.0,23000.0,255468000.0,255468000.0,255468000.0,65250000.0,0.0,0.235,351943000.0,458286000.0,0.0,0.216,1.039,7.388,10.335,602381000.0,0.0,41.03,0.826,0.826,2569896000.0,3720140000.0,1088357000.0,1088357000.0,0.0,,,,,0.0,351943000.0,1.0,167280286.0,167280286.0,,6.506,36740300000.0,1213790000.0,137568000.0,303549000.0,219.633,
96,TRV,MRQ,1997-09-30,1997-09-30,1997-09-30,2021-10-19,629864000.0,21460699000.0,,,,,26.52,-35989000.0,36931000.0,36931000.0,1319195000.0,215172000.0,,3.778,762450000.0,,,762450000.0,2440565000.0,0.0,0.0,0.023,0.235,274551000.0,274551000.0,0.118,274551000.0,274551000.0,274551000.0,0.92,0.85,0.92,4448241000.0,,4448241000.0,7491303907.0,6.0,5.914,376241000.0,2.243,1.0,1005095000.0,0.432,383132000.0,0.0,21803086000.0,,0.0,15025633000.0,,,16805458000.0,,,6839986907.0,-24226000.0,0.0,-24097000.0,17651000.0,-45903000.0,105701000.0,-542090000.0,-344730000.0,412230000.0,-67000.0,215172000.0,215172000.0,215172000.0,0.0,0.0,0.093,730544000.0,274551000.0,0.0,0.255,1.538,7.026,11.142,286128000.0,0.0,40.78,0.598,0.598,1779952000.0,3307321000.0,2324290000.0,2324290000.0,0.0,,,,,0.0,730544000.0,1.0,167728958.0,167728958.0,,13.857,21077567000.0,900559000.0,59379000.0,273632000.0,125.664,
97,TRV,MRQ,1997-06-30,1997-06-30,1997-06-30,2021-10-19,496625000.0,20925916000.0,,,,,25.16,-54900000.0,54423000.0,54423000.0,1383432000.0,288942000.0,,3.924,705740000.0,,,705740000.0,2418414000.0,0.0,0.0,0.024,0.235,390920000.0,390920000.0,0.157,390920000.0,390920000.0,390920000.0,1.25,1.15,1.25,4207398000.0,,4207398000.0,7044572801.0,6.0,6.278,140316000.0,0.839,1.0,1109670000.0,0.445,245689000.0,0.0,21331544000.0,,0.0,14641712000.0,,,16511518000.0,,,6375367801.0,17475000.0,0.0,-83533000.0,57693000.0,-63281000.0,-43260000.0,-134456000.0,-57923000.0,195216000.0,-25000.0,288942000.0,288942000.0,288942000.0,0.0,0.0,0.116,718750000.0,390920000.0,0.0,0.188,1.515,7.185,10.924,283813000.0,0.0,38.125,0.602,0.602,1751286000.0,3209879000.0,2493102000.0,2493102000.0,0.0,,,,,0.0,718750000.0,1.0,167222762.0,167222762.0,,14.909,20680227000.0,941107000.0,101978000.0,256630000.0,123.669,
98,TRV,MRQ,1997-03-31,1997-03-31,1997-03-31,2021-10-19,393570000.0,20389752000.0,,,,,23.37,-15791000.0,38383000.0,38383000.0,868878000.0,124549000.0,,4.17,707588000.0,,,707588000.0,2397437000.0,0.0,0.0,0.028,0.235,177460000.0,177460000.0,0.114,177460000.0,177460000.0,177460000.0,0.73,0.68,0.73,3903563000.0,,3903563000.0,6070455266.0,7.0,6.753,48497000.0,0.29,1.0,688325000.0,0.442,239024000.0,0.0,20819933000.0,,0.0,14276534000.0,,,16279189000.0,,,5418528266.0,1169000.0,0.0,0.0,21338000.0,-39453000.0,-9079000.0,-54109000.0,-26789000.0,64288000.0,69000.0,124549000.0,124549000.0,124549000.0,67750000.0,0.0,0.08,443115000.0,245210000.0,0.0,0.322,1.388,7.439,10.831,285832000.0,0.0,32.44,0.573,0.573,1680667000.0,3020490000.0,1557203000.0,1557203000.0,0.0,,,,,0.0,443115000.0,1.0,167032314.0,167032314.0,,9.323,20150728000.0,1033851000.0,52911000.0,260522000.0,120.64,
99,TRV,MRQ,1996-12-31,1996-12-31,1996-12-31,2021-10-19,596472000.0,20680976000.0,,,,,23.97,-58700000.0,37214000.0,37214000.0,3026098000.0,344894000.0,,4.114,689141000.0,,,689141000.0,2566551000.0,0.0,0.0,0.03,0.22,423674000.0,423674000.0,0.084,423674000.0,423674000.0,423674000.0,0.76,0.72,0.76,4003820000.0,,4003820000.0,,,,486370000.0,2.912,1.0,2034916000.0,0.402,167338000.0,0.0,21165565000.0,,0.0,14509210000.0,,,16470156000.0,,,4895717123.0,-42574000.0,-57153000.0,-166245000.0,-140550000.0,-84071000.0,-387844000.0,-199849000.0,-101811000.0,545070000.0,49000.0,344894000.0,344894000.0,344894000.0,101038000.0,0.0,0.068,1510204000.0,524712000.0,0.0,0.289,1.223,6.682,9.738,281093000.0,0.0,29.31,0.53,0.53,1772850000.0,2935928000.0,5061014000.0,5061014000.0,0.0,,,,,0.0,1510204000.0,1.0,167032314.0,167032314.0,,30.3,20513638000.0,908220000.0,78780000.0,219081000.0,122.812,
100,TRV,MRQ,1996-09-30,1996-09-30,1996-09-30,2021-10-19,,,,,,,,-11154000.0,,,905943000.0,128934000.0,,,,,,,,0.0,,0.031,0.22,130034000.0,130034000.0,0.088,130034000.0,130034000.0,130034000.0,0.75,0.71,0.75,,,,,,,388427000.0,,1.0,570215000.0,0.386,,0.0,,,,,,,,,,,11772000.0,-184568000.0,-18691000.0,21652000.0,-39591000.0,-43892000.0,-343917000.0,-112739000.0,399581000.0,0.0,128934000.0,128934000.0,128934000.0,-14111000.0,0.0,0.087,454292000.0,115923000.0,,0.293,,,,,0.0,27.75,,,,,1476158000.0,1476158000.0,0.0,,,,,0.0,454292000.0,1.0,,,,,,,1100000.0,,,
101,TRV,MRQ,1996-06-30,1996-06-30,1996-06-30,2021-10-19,,,,,,,,-7613000.0,,,778801000.0,130053000.0,,,,,,,,0.0,,0.031,0.22,167733000.0,167733000.0,0.123,167733000.0,167733000.0,167733000.0,0.755,0.71,0.755,,,,,,,135515000.0,,1.0,585673000.0,0.429,,0.0,,,,,,,,,,,-7258000.0,0.0,-21413000.0,26405000.0,-39730000.0,-30498000.0,-119916000.0,-124872000.0,143128000.0,28000.0,130053000.0,130053000.0,130053000.0,5242000.0,0.0,0.095,412698000.0,172975000.0,,0.291,,,,,0.0,26.75,,,,,1364474000.0,1364474000.0,0.0,,,,,0.0,412698000.0,1.0,,,,,,,37680000.0,,,
102,TRV,MRQ,1996-03-31,1996-03-31,1996-03-31,2021-10-19,,,,,,,,-6097000.0,,,755460000.0,128821000.0,,,,,,,,0.0,,0.03,0.22,161898000.0,161898000.0,0.122,161898000.0,161898000.0,161898000.0,0.745,0.7,0.745,,,,,,,205780000.0,,1.0,574431000.0,0.432,,0.0,,,,,,,,,,,3657000.0,0.0,-20206000.0,-3819000.0,-36487000.0,-58896000.0,-149247000.0,-152280000.0,211877000.0,-77000.0,128821000.0,128821000.0,128821000.0,15590000.0,0.0,0.097,396943000.0,177488000.0,,0.295,,,,,0.0,27.75,,,,,1329891000.0,1329891000.0,0.0,,,,,0.0,396943000.0,1.0,,,,,,,33077000.0,,,
103,TRV,MRQ,1995-12-31,1995-12-31,1995-12-31,2021-10-19,587010000.0,18519294000.0,,,,,,,25475000.0,25475000.0,,,,3.909,697045000.0,,,697045000.0,2361028000.0,,0.0,0.029,0.2,,,,,,,,,,3730121000.0,,3730121000.0,,,,,,1.0,,,123130000.0,,19067734000.0,,0.0,12807773000.0,,,14582173000.0,,,,,,,,,,,,,,,,,,,,,,0.0,,,,9.163,297384000.0,,27.81,,,1512324000.0,2704075000.0,,,,,,,,,,1.0,,,,,18396164000.0,521864000.0,,139058000.0,,
0,TRV,MRT,2021-09-30,2021-09-30,2021-09-30,2021-10-19,1166000000.0,120706000000.0,118565250000.0,,,0.288,114.954,0.0,818000000.0,818000000.0,19820000000.0,3639000000.0,,3.239,7290000000.0,,,7290000000.0,0.0,0.0,0.0,0.023,3.46,4759000000.0,4759000000.0,0.139,4759000000.0,4759000000.0,4424000000.0,14.36,14.26,14.36,28474000000.0,28775000000.0,28474000000.0,44526415729.0,9.0,9.356,7483000000.0,30.21,1.0,14382000000.0,0.421,4314000000.0,335000000.0,122864000000.0,120443500000.0,0.0,87506000000.0,,,92232000000.0,,,37925415729.0,235000000.0,-38000000.0,-1289000000.0,239000000.0,-873000000.0,-1923000000.0,-5337000000.0,-4945000000.0,7483000000.0,12000000.0,3639000000.0,3639000000.0,3639000000.0,0.0,0.0,0.106,9623000000.0,4759000000.0,4664000000.0,0.241,1.332,10.422,10.586,0.0,0.0,152.01,1.109,1.101,20642000000.0,40438000000.0,34202000000.0,34202000000.0,0.0,0.031,0.126,0.04,0.139,0.0,4666000000.0,1.0,249492900.0,247700000.0,250100000.0,138.078,116392000000.0,0.0,785000000.0,274000000.0,469.891,
1,TRV,MRT,2021-06-30,2021-06-30,2021-06-30,2021-10-19,1769000000.0,119759000000.0,117484750000.0,,,0.287,116.298,0.0,689000000.0,689000000.0,19242000000.0,3804000000.0,,3.108,7290000000.0,,,7290000000.0,0.0,0.0,0.0,0.023,3.43,4959000000.0,4959000000.0,0.147,4959000000.0,4959000000.0,4624000000.0,14.95,14.87,14.95,29156000000.0,28618750000.0,29156000000.0,43533865123.0,9.0,8.779,7266000000.0,28.983,1.0,14430000000.0,0.429,4334000000.0,335000000.0,122026000000.0,119374500000.0,0.0,86545000000.0,,,90603000000.0,,,37646865123.0,66000000.0,-38000000.0,-731000000.0,239000000.0,-871000000.0,-1363000000.0,-5863000000.0,-5479000000.0,7266000000.0,26000000.0,3804000000.0,3804000000.0,3804000000.0,0.0,0.0,0.113,9471000000.0,4959000000.0,4673000000.0,0.229,1.291,9.897,10.014,0.0,0.0,149.71,1.118,1.115,20780000000.0,39998000000.0,33672000000.0,33672000000.0,0.0,0.032,0.133,0.042,0.147,0.0,4588000000.0,1.0,251465267.0,250700000.0,253100000.0,134.312,115425000000.0,0.0,820000000.0,415000000.0,460.411,
2,TRV,MRT,2021-03-31,2021-03-31,2021-03-31,2021-10-19,1291000000.0,117032000000.0,115879250000.0,,,0.279,112.134,0.0,663000000.0,663000000.0,19304000000.0,2830000000.0,,3.14,6550000000.0,,,6550000000.0,0.0,0.0,0.0,0.023,3.4,3745000000.0,3745000000.0,0.116,3745000000.0,3745000000.0,3408000000.0,11.09,11.05,11.09,28269000000.0,28065500000.0,28269000000.0,43762038992.0,12.0,11.685,7081000000.0,28.088,1.0,13082000000.0,0.404,4335000000.0,337000000.0,118584000000.0,117747750000.0,0.0,83887000000.0,,,88763000000.0,,,37933038992.0,119000000.0,-38000000.0,-368000000.0,-10000000.0,-865000000.0,-1243000000.0,-5750000000.0,-5344000000.0,7081000000.0,31000000.0,2830000000.0,2830000000.0,2830000000.0,0.0,0.0,0.087,9337000000.0,3745000000.0,4992000000.0,0.307,1.342,13.404,13.562,0.0,0.0,150.4,1.171,1.171,20783000000.0,39285000000.0,32386000000.0,32386000000.0,0.0,0.024,0.101,0.032,0.116,0.0,4535000000.0,1.0,252214355.0,252100000.0,254100000.0,128.465,112697000000.0,0.0,578000000.0,293000000.0,447.033,
3,TRV,MRT,2020-12-31,2020-12-31,2020-12-31,2021-10-19,2502000000.0,116764000000.0,113980250000.0,,,0.281,115.191,0.0,721000000.0,721000000.0,19123000000.0,2697000000.0,,2.999,6550000000.0,,,6550000000.0,0.0,0.0,0.0,0.024,3.37,3576000000.0,3576000000.0,0.112,3576000000.0,3576000000.0,3237000000.0,10.56,10.52,10.56,29201000000.0,27299250000.0,29201000000.0,42023950782.0,12.0,11.752,6519000000.0,25.716,1.0,12858000000.0,0.402,4293000000.0,339000000.0,118300000000.0,115905250000.0,0.0,84423000000.0,,,87563000000.0,,,35556950782.0,227000000.0,0.0,-545000000.0,-10000000.0,-861000000.0,-1416000000.0,-4892000000.0,-4515000000.0,6519000000.0,16000000.0,2697000000.0,2697000000.0,2697000000.0,0.0,0.0,0.084,9282000000.0,3576000000.0,4617000000.0,0.319,1.218,13.184,13.293,0.0,0.0,140.37,1.112,1.113,20421000000.0,38771000000.0,31981000000.0,31981000000.0,0.0,0.024,0.099,0.031,0.112,0.0,4509000000.0,1.0,253308761.0,253500000.0,254600000.0,126.158,112471000000.0,0.0,540000000.0,558000000.0,443.673,
4,TRV,MRT,2020-09-30,2020-09-30,2020-09-30,2021-10-19,2138000000.0,116384000000.0,112319750000.0,,,0.282,109.945,0.0,583000000.0,583000000.0,19422000000.0,2260000000.0,,3.179,7050000000.0,,,7050000000.0,0.0,0.0,0.0,0.031,3.34,3034000000.0,3034000000.0,0.096,3034000000.0,3034000000.0,2695000000.0,8.78,8.73,8.78,27849000000.0,26484750000.0,27849000000.0,33818753115.0,11.0,11.147,6030000000.0,23.806,1.0,12225000000.0,0.386,4263000000.0,339000000.0,118588000000.0,114304000000.0,0.0,83561000000.0,,,88535000000.0,,,27392753115.0,75000000.0,0.0,-768000000.0,490000000.0,-854000000.0,-1132000000.0,-4832000000.0,-4686000000.0,6030000000.0,9000000.0,2260000000.0,2260000000.0,2260000000.0,0.0,0.0,0.071,9191000000.0,3034000000.0,4923000000.0,0.38,0.984,12.121,12.322,0.0,0.0,108.19,0.866,0.866,20889000000.0,37679000000.0,31647000000.0,31647000000.0,0.0,0.02,0.085,0.027,0.096,0.0,4452000000.0,1.0,253191174.0,253300000.0,254300000.0,124.939,112121000000.0,0.0,435000000.0,448000000.0,442.641,
5,TRV,MRT,2020-06-30,2020-06-30,2020-06-30,2021-10-19,1882000000.0,113337000000.0,110784000000.0,,,0.283,107.087,0.0,623000000.0,623000000.0,19766000000.0,1829000000.0,,3.207,7049000000.0,,,7049000000.0,0.0,0.0,0.0,0.029,3.31,2477000000.0,2477000000.0,0.079,2477000000.0,2477000000.0,2141000000.0,7.06,7.0,7.06,26943000000.0,25924250000.0,26943000000.0,34850926754.0,14.0,14.07,5705000000.0,22.675,1.0,11619000000.0,0.37,4244000000.0,336000000.0,115519000000.0,112665250000.0,0.0,80601000000.0,,,86394000000.0,,,28835926754.0,207000000.0,0.0,-1118000000.0,490000000.0,-851000000.0,-1479000000.0,-4015000000.0,-3873000000.0,5705000000.0,-4000000.0,1829000000.0,1829000000.0,1829000000.0,0.0,0.0,0.058,9142000000.0,2477000000.0,4903000000.0,0.469,1.07,15.766,16.154,0.0,0.0,114.05,0.919,0.914,20866000000.0,37069000000.0,31385000000.0,31385000000.0,0.0,0.017,0.071,0.022,0.079,0.0,4441000000.0,1.0,252835833.0,251600000.0,251600000.0,124.742,109093000000.0,0.0,312000000.0,409000000.0,433.597,
6,TRV,MRT,2020-03-31,2020-03-31,2020-03-31,2021-10-19,-49000000.0,109436000000.0,109592750000.0,,,0.29,99.072,0.0,544000000.0,544000000.0,19480000000.0,2426000000.0,,3.342,6559000000.0,,,6559000000.0,0.0,0.0,0.0,0.033,3.28,3231000000.0,3231000000.0,0.102,3231000000.0,3231000000.0,2891000000.0,9.33,9.26,9.33,25204000000.0,25518750000.0,25204000000.0,31401320412.0,10.0,9.719,5194000000.0,20.417,1.0,12338000000.0,0.388,4237000000.0,340000000.0,111214000000.0,111394500000.0,0.0,76650000000.0,,,84232000000.0,,,25337320412.0,187000000.0,0.0,-1417000000.0,-500000000.0,-849000000.0,-2766000000.0,-2232000000.0,-2078000000.0,5194000000.0,-9000000.0,2426000000.0,2426000000.0,2426000000.0,0.0,0.0,0.076,9107000000.0,3231000000.0,5288000000.0,0.352,1.005,10.444,10.648,0.0,0.0,99.35,0.796,0.794,20988000000.0,37325000000.0,31818000000.0,31818000000.0,0.0,0.022,0.095,0.029,0.102,0.0,4445000000.0,1.0,255030905.0,254400000.0,255900000.0,125.071,105199000000.0,9000000.0,465000000.0,0.0,413.518,
7,TRV,MRT,2019-12-31,2019-12-31,2019-12-31,2021-10-19,640000000.0,110122000000.0,109045250000.0,,,0.29,99.781,0.0,494000000.0,494000000.0,19133000000.0,2622000000.0,,3.245,6558000000.0,,,6558000000.0,0.0,0.0,0.0,0.024,3.23,3482000000.0,3482000000.0,0.11,3482000000.0,3482000000.0,3138000000.0,10.01,9.92,10.01,25943000000.0,25302750000.0,25943000000.0,41398543988.0,12.0,11.889,5205000000.0,20.019,1.0,12448000000.0,0.394,4291000000.0,344000000.0,111895000000.0,111005000000.0,0.0,77884000000.0,,,84179000000.0,,,35348543988.0,121000000.0,0.0,-1335000000.0,-8000000.0,-844000000.0,-2187000000.0,-2902000000.0,-2735000000.0,5205000000.0,5000000.0,2622000000.0,2622000000.0,2622000000.0,0.0,0.0,0.083,8966000000.0,3482000000.0,4982000000.0,0.323,1.363,13.482,13.681,0.0,0.0,136.95,1.119,1.127,20743000000.0,36977000000.0,31581000000.0,31581000000.0,0.0,0.024,0.104,0.031,0.11,0.0,4365000000.0,1.0,258112771.0,260000000.0,262300000.0,121.465,105831000000.0,0.0,516000000.0,137000000.0,407.042,
8,TRV,MRT,2019-09-30,2019-09-30,2019-09-30,2021-10-19,625000000.0,110241000000.0,107573000000.0,,,0.291,98.792,0.0,508000000.0,508000000.0,19271000000.0,2370000000.0,,3.305,6558000000.0,,,6558000000.0,0.0,0.0,0.0,0.021,3.18,3158000000.0,3158000000.0,0.101,3158000000.0,3158000000.0,2810000000.0,8.98,8.9,8.98,25607000000.0,24540500000.0,25607000000.0,44858753004.0,14.0,14.205,4741000000.0,18.291,1.0,12043000000.0,0.385,4258000000.0,348000000.0,112033000000.0,109566750000.0,0.0,77420000000.0,,,84634000000.0,,,38716753004.0,149000000.0,4000000.0,-1121000000.0,-8000000.0,-836000000.0,-1965000000.0,-2617000000.0,-2232000000.0,4741000000.0,-10000000.0,2370000000.0,2370000000.0,2370000000.0,0.0,0.0,0.076,8885000000.0,3158000000.0,5375000000.0,0.354,1.512,16.336,16.558,0.0,0.0,148.69,1.236,1.231,21086000000.0,36317000000.0,31314000000.0,31314000000.0,0.0,0.022,0.097,0.029,0.101,0.0,4343000000.0,1.0,260385722.0,259200000.0,261800000.0,120.81,105983000000.0,0.0,440000000.0,188000000.0,408.885,
9,TRV,MRT,2019-06-30,2019-06-30,2019-06-30,2021-10-19,206000000.0,108572000000.0,106110250000.0,,,0.292,96.904,0.0,416000000.0,416000000.0,18696000000.0,2683000000.0,,3.288,6558000000.0,,,6558000000.0,0.0,0.0,0.0,0.021,3.13,3534000000.0,3534000000.0,0.114,3534000000.0,3534000000.0,3184000000.0,10.11,10.02,10.11,25321000000.0,23753750000.0,25321000000.0,45860515559.0,13.0,12.977,4474000000.0,17.122,1.0,12328000000.0,0.397,4278000000.0,350000000.0,110436000000.0,108130000000.0,0.0,75496000000.0,,,83251000000.0,,,39160515559.0,1000000.0,0.0,-1159000000.0,92000000.0,-829000000.0,-1896000000.0,-2573000000.0,-2178000000.0,4474000000.0,-4000000.0,2683000000.0,2683000000.0,2683000000.0,0.0,0.0,0.086,8794000000.0,3534000000.0,5367000000.0,0.31,1.547,14.596,14.789,0.0,0.0,149.52,1.262,1.259,21307000000.0,36135000000.0,31024000000.0,31024000000.0,0.0,0.025,0.113,0.033,0.114,0.0,4304000000.0,1.0,261908210.0,261300000.0,263700000.0,118.729,104294000000.0,0.0,501000000.0,87000000.0,399.135,
10,TRV,MRT,2019-03-31,2019-03-31,2019-03-31,2021-10-19,-682000000.0,107246000000.0,104848000000.0,,,0.292,92.583,0.0,357000000.0,357000000.0,18437000000.0,2650000000.0,,3.406,7057000000.0,,,7057000000.0,0.0,0.0,0.0,0.022,3.08,3501000000.0,3501000000.0,0.114,3501000000.0,3501000000.0,3150000000.0,9.93,9.84,9.93,24340000000.0,23079250000.0,24340000000.0,42317714223.0,12.0,12.087,4465000000.0,16.984,1.0,12230000000.0,0.399,4290000000.0,351000000.0,109656000000.0,106842250000.0,0.0,74517000000.0,,,82906000000.0,,,36126714223.0,-40000000.0,0.0,-1231000000.0,92000000.0,-822000000.0,-1961000000.0,-2534000000.0,-2127000000.0,4465000000.0,-10000000.0,2650000000.0,2650000000.0,2650000000.0,0.0,0.0,0.086,8729000000.0,3501000000.0,5446000000.0,0.31,1.484,13.633,13.813,0.0,0.0,137.16,1.178,1.176,21039000000.0,35795000000.0,30667000000.0,30667000000.0,0.0,0.025,0.115,0.033,0.114,0.0,4292000000.0,1.0,263391034.0,262900000.0,264800000.0,116.649,102956000000.0,115000000.0,500000000.0,0.0,391.617,
11,TRV,MRT,2018-12-31,2018-12-31,2018-12-31,2021-10-19,-1859000000.0,104233000000.0,103955500000.0,,,0.291,85.617,0.0,373000000.0,373000000.0,18291000000.0,2523000000.0,,3.553,6564000000.0,,,6564000000.0,0.0,0.0,0.0,0.025,3.03,3313000000.0,3313000000.0,0.109,3313000000.0,3313000000.0,2961000000.0,9.37,9.28,9.37,22894000000.0,22739000000.0,22894000000.0,37924715779.0,11.0,11.447,4380000000.0,16.38,1.0,11991000000.0,0.396,4282000000.0,352000000.0,106142000000.0,105913750000.0,0.0,72278000000.0,,,81339000000.0,,,31719715779.0,29000000.0,0.0,-1189000000.0,-9000000.0,-814000000.0,-2012000000.0,-2329000000.0,-1951000000.0,4380000000.0,-10000000.0,2523000000.0,2523000000.0,2523000000.0,0.0,0.0,0.083,8678000000.0,3313000000.0,5074000000.0,0.323,1.386,12.572,12.78,0.0,0.0,119.75,1.047,1.057,20661000000.0,35204000000.0,30282000000.0,30282000000.0,0.0,0.024,0.111,0.031,0.109,0.0,4297000000.0,1.0,264882804.0,267400000.0,269800000.0,113.246,99951000000.0,445000000.0,438000000.0,0.0,373.788,
12,TRV,MRT,2018-09-30,2018-09-30,2018-09-30,2021-10-19,-2003000000.0,104390000000.0,103768000000.0,,,0.288,84.404,0.0,359000000.0,359000000.0,17855000000.0,2453000000.0,,3.648,6564000000.0,,,6564000000.0,0.0,0.0,0.0,0.023,2.98,3433000000.0,3433000000.0,0.115,3433000000.0,3433000000.0,3075000000.0,9.03,8.95,9.03,22460000000.0,22948250000.0,22460000000.0,40770191893.0,12.0,11.876,4095000000.0,15.389,1.0,12082000000.0,0.404,4309000000.0,358000000.0,106286000000.0,105732500000.0,0.0,71853000000.0,,,81930000000.0,,,34721191893.0,-20000000.0,-4000000.0,-1360000000.0,-359000000.0,-807000000.0,-2526000000.0,-1585000000.0,-1247000000.0,4095000000.0,-4000000.0,2453000000.0,2453000000.0,2453000000.0,0.0,0.0,0.082,8649000000.0,3433000000.0,5305000000.0,0.33,1.546,14.155,14.364,0.0,0.0,129.71,1.16,1.153,20840000000.0,34799000000.0,29937000000.0,29937000000.0,0.0,0.024,0.107,0.032,0.115,0.0,4318000000.0,1.0,267683231.0,266100000.0,268400000.0,112.503,100081000000.0,521000000.0,622000000.0,0.0,376.103,
13,TRV,MRT,2018-06-30,2018-06-30,2018-06-30,2021-10-19,-1688000000.0,103523000000.0,103748250000.0,,,0.285,84.194,0.0,415000000.0,415000000.0,18006000000.0,2037000000.0,,3.576,6464000000.0,,,6464000000.0,0.0,0.0,0.0,0.024,2.93,2956000000.0,2956000000.0,0.1,2956000000.0,2956000000.0,2589000000.0,7.44,7.38,7.44,22623000000.0,23267750000.0,22623000000.0,39629766953.0,13.0,13.407,4092000000.0,15.229,1.0,11533000000.0,0.39,4287000000.0,367000000.0,105285000000.0,105801500000.0,0.0,71161000000.0,,,80900000000.0,,,33063766953.0,87000000.0,-439000000.0,-1277000000.0,-459000000.0,-800000000.0,-2536000000.0,-1469000000.0,-718000000.0,4092000000.0,0.0,2037000000.0,2037000000.0,2037000000.0,0.0,0.0,0.069,8577000000.0,2956000000.0,5226000000.0,0.394,1.462,16.232,16.444,0.0,0.0,122.34,1.119,1.113,20874000000.0,34296000000.0,29539000000.0,29539000000.0,0.0,0.02,0.088,0.028,0.1,0.0,4304000000.0,1.0,270261296.0,268700000.0,271100000.0,109.933,99236000000.0,463000000.0,552000000.0,0.0,369.319,
14,TRV,MRT,2018-03-31,2018-03-31,2018-03-31,2021-10-19,-1322000000.0,103676000000.0,103534750000.0,,,0.282,84.793,0.0,397000000.0,397000000.0,17669000000.0,2108000000.0,,3.512,6963000000.0,,,6963000000.0,0.0,0.0,0.0,0.021,2.88,3117000000.0,3117000000.0,0.107,3117000000.0,3117000000.0,2748000000.0,7.64,7.57,7.64,22979000000.0,23576500000.0,22979000000.0,43917486387.0,14.0,14.09,3854000000.0,14.221,1.0,11577000000.0,0.396,4300000000.0,369000000.0,105942000000.0,105832250000.0,0.0,71724000000.0,,,80697000000.0,,,37690486387.0,148000000.0,-439000000.0,-1380000000.0,523000000.0,-792000000.0,-1649000000.0,-2068000000.0,-1351000000.0,3854000000.0,11000000.0,2108000000.0,2108000000.0,2108000000.0,0.0,0.0,0.072,8460000000.0,3117000000.0,5333000000.0,0.377,1.64,17.88,18.175,0.0,0.0,138.86,1.289,1.287,20669000000.0,33981000000.0,29246000000.0,29246000000.0,0.0,0.02,0.089,0.029,0.107,0.0,4236000000.0,1.0,271427959.0,271000000.0,273900000.0,107.919,99376000000.0,368000000.0,640000000.0,0.0,366.701,
15,TRV,MRT,2017-12-31,2017-12-31,2017-12-31,2021-10-19,-343000000.0,103483000000.0,102927250000.0,,,0.281,85.982,0.0,344000000.0,344000000.0,17467000000.0,2056000000.0,,3.361,6571000000.0,,,6571000000.0,0.0,0.0,0.0,0.021,2.83,3099000000.0,3099000000.0,0.107,3099000000.0,3099000000.0,2730000000.0,7.39,7.33,7.39,23731000000.0,23734750000.0,23731000000.0,43666108621.0,14.0,14.09,4148000000.0,15.029,1.0,11435000000.0,0.396,4293000000.0,369000000.0,105417000000.0,105243000000.0,0.0,72502000000.0,,,79752000000.0,,,37124108621.0,37000000.0,-439000000.0,-1267000000.0,132000000.0,-785000000.0,-1920000000.0,-2202000000.0,-1475000000.0,4148000000.0,11000000.0,2056000000.0,2056000000.0,2056000000.0,0.0,0.0,0.071,8336000000.0,3099000000.0,5049000000.0,0.383,1.564,18.056,18.355,0.0,0.0,135.64,1.284,1.295,20228000000.0,33462000000.0,28902000000.0,28902000000.0,0.0,0.02,0.087,0.029,0.107,0.0,4170000000.0,1.0,273695876.0,276000000.0,278600000.0,104.717,99190000000.0,70000000.0,674000000.0,0.0,359.384,
16,TRV,MRT,2017-09-30,2017-09-30,2017-09-30,2021-10-19,-285000000.0,104311000000.0,102117750000.0,,,0.28,86.603,0.0,379000000.0,379000000.0,16865000000.0,2448000000.0,,3.394,6921000000.0,,,6921000000.0,0.0,0.0,0.0,0.023,2.78,3538000000.0,3538000000.0,0.124,3538000000.0,3538000000.0,3172000000.0,8.68,8.61,8.68,23738000000.0,23607250000.0,23738000000.0,40401030851.0,11.0,11.419,4891000000.0,17.844,1.0,11779000000.0,0.411,4291000000.0,366000000.0,106562000000.0,104520500000.0,0.0,73092000000.0,,,80573000000.0,,,33809030851.0,110000000.0,-439000000.0,-1524000000.0,482000000.0,-777000000.0,-1819000000.0,-2969000000.0,-2225000000.0,4891000000.0,7000000.0,2448000000.0,2448000000.0,2448000000.0,0.0,0.0,0.085,8241000000.0,3538000000.0,5180000000.0,0.32,1.424,13.811,14.115,0.0,0.0,122.52,1.18,1.172,20369000000.0,33110000000.0,28644000000.0,28644000000.0,0.0,0.024,0.104,0.034,0.124,0.0,4134000000.0,1.0,275947036.0,274100000.0,276600000.0,104.502,100020000000.0,243000000.0,724000000.0,0.0,364.903,
17,TRV,MRT,2017-06-30,2017-06-30,2017-06-30,2021-10-19,-344000000.0,102669000000.0,101736750000.0,,,0.278,85.975,0.0,328000000.0,328000000.0,15915000000.0,2871000000.0,,3.303,6920000000.0,,,6920000000.0,0.0,0.0,0.0,0.022,2.73,4159000000.0,4159000000.0,0.147,4159000000.0,4159000000.0,3799000000.0,10.1,10.01,10.1,23858000000.0,23782500000.0,23858000000.0,41543484843.0,10.0,9.989,4930000000.0,17.766,1.0,12365000000.0,0.437,3853000000.0,360000000.0,105408000000.0,104154500000.0,0.0,72331000000.0,,,78811000000.0,,,35354484843.0,63000000.0,0.0,-1753000000.0,482000000.0,-771000000.0,-2042000000.0,-2826000000.0,-2493000000.0,4930000000.0,1000000.0,2871000000.0,2871000000.0,2871000000.0,0.0,0.0,0.102,8206000000.0,4159000000.0,5064000000.0,0.27,1.482,12.314,12.528,0.0,0.0,126.53,1.25,1.242,20195000000.0,33016000000.0,28280000000.0,28280000000.0,0.0,0.028,0.121,0.04,0.147,0.0,4146000000.0,1.0,279415829.0,277500000.0,280000000.0,101.91,98816000000.0,201000000.0,928000000.0,0.0,356.094,
18,TRV,MRT,2017-03-31,2017-03-31,2017-03-31,2021-10-19,-615000000.0,101246000000.0,101681000000.0,,,0.274,84.419,0.0,249000000.0,249000000.0,15452000000.0,2940000000.0,,3.288,6438000000.0,,,6438000000.0,0.0,0.0,0.0,0.022,2.68,4257000000.0,4257000000.0,0.153,4257000000.0,4257000000.0,3896000000.0,10.24,10.14,10.24,23612000000.0,23996500000.0,23612000000.0,39843288844.0,9.0,9.359,4467000000.0,15.971,1.0,12429000000.0,0.446,3850000000.0,361000000.0,103585000000.0,103991250000.0,0.0,71257000000.0,,,77634000000.0,,,33713288844.0,-112000000.0,0.0,-1798000000.0,91000000.0,-767000000.0,-2474000000.0,-2096000000.0,-1753000000.0,4467000000.0,-9000000.0,2940000000.0,2940000000.0,2940000000.0,0.0,0.0,0.105,8172000000.0,4257000000.0,5097000000.0,0.262,1.428,11.467,11.771,0.0,0.0,120.54,1.209,1.209,19879000000.0,32623000000.0,27881000000.0,27881000000.0,0.0,0.029,0.123,0.041,0.153,0.0,4155000000.0,1.0,279685489.0,279700000.0,282400000.0,99.682,97396000000.0,261000000.0,956000000.0,0.0,348.216,
19,TRV,MRT,2016-12-31,2016-12-31,2016-12-31,2021-10-19,-755000000.0,100245000000.0,101789500000.0,,,0.271,80.6,0.0,307000000.0,307000000.0,15070000000.0,3014000000.0,,3.317,6437000000.0,,,6437000000.0,0.0,0.0,0.0,0.021,2.62,4416000000.0,4416000000.0,0.16,4416000000.0,4416000000.0,4053000000.0,10.39,10.28,10.39,23221000000.0,24135000000.0,23221000000.0,40941473889.0,9.0,9.271,4469000000.0,15.512,1.0,12555000000.0,0.454,3848000000.0,363000000.0,102527000000.0,104045000000.0,0.0,70488000000.0,,,77024000000.0,,,34774473889.0,-73000000.0,0.0,-2140000000.0,91000000.0,-757000000.0,-2806000000.0,-1727000000.0,-1368000000.0,4469000000.0,-9000000.0,3014000000.0,3014000000.0,3014000000.0,0.0,0.0,0.109,8139000000.0,4416000000.0,4882000000.0,0.252,1.498,11.538,11.782,0.0,0.0,122.42,1.259,1.277,19618000000.0,32196000000.0,27625000000.0,27625000000.0,0.0,0.03,0.125,0.042,0.16,0.0,4154000000.0,1.0,284058764.0,288100000.0,291000000.0,95.887,96397000000.0,465000000.0,1039000000.0,0.0,334.596,
20,TRV,MRT,2016-09-30,2016-09-30,2016-09-30,2021-10-19,660000000.0,102787000000.0,101774250000.0,,,0.266,85.451,0.0,269000000.0,269000000.0,14693000000.0,2937000000.0,,3.206,6436000000.0,,,6436000000.0,0.0,0.0,0.0,0.022,2.56,4328000000.0,4328000000.0,0.16,4328000000.0,4328000000.0,3960000000.0,9.94,9.83,9.94,24439000000.0,24229250000.0,24439000000.0,39193624862.0,9.0,9.056,3823000000.0,13.367,1.0,12417000000.0,0.458,3856000000.0,368000000.0,105098000000.0,103987250000.0,0.0,72964000000.0,,,78348000000.0,,,33022624862.0,-75000000.0,-13000000.0,-2517000000.0,-309000000.0,-751000000.0,-3564000000.0,-326000000.0,122000000.0,3823000000.0,-8000000.0,2937000000.0,2937000000.0,2937000000.0,0.0,0.0,0.108,8089000000.0,4328000000.0,5011000000.0,0.258,1.351,11.244,11.524,0.0,0.0,114.55,1.218,1.208,20030000000.0,31443000000.0,27110000000.0,27110000000.0,0.0,0.029,0.121,0.042,0.16,0.0,4145000000.0,1.0,288281317.0,286000000.0,289800000.0,94.79,98931000000.0,0.0,1023000000.0,171000000.0,345.913,
21,TRV,MRT,2016-06-30,2016-06-30,2016-06-30,2021-10-19,965000000.0,102446000000.0,101605000000.0,,,0.265,85.191,0.0,265000000.0,265000000.0,14219000000.0,3149000000.0,,3.145,6436000000.0,,,6436000000.0,0.0,0.0,0.0,0.021,2.5,4693000000.0,4693000000.0,0.174,4693000000.0,4693000000.0,4320000000.0,10.46,10.35,10.46,24714000000.0,24127750000.0,24714000000.0,40789656874.0,9.0,8.692,3852000000.0,13.278,1.0,12728000000.0,0.472,3862000000.0,373000000.0,104755000000.0,103875250000.0,0.0,72470000000.0,,,77732000000.0,,,34806656874.0,-52000000.0,-13000000.0,-2716000000.0,83000000.0,-745000000.0,-3354000000.0,-539000000.0,-133000000.0,3852000000.0,-11000000.0,3149000000.0,3149000000.0,3149000000.0,0.0,0.0,0.117,8035000000.0,4693000000.0,4942000000.0,0.239,1.408,11.053,11.38,0.0,0.0,119.04,1.292,1.282,20158000000.0,30921000000.0,26947000000.0,26947000000.0,0.0,0.031,0.131,0.045,0.174,0.0,4116000000.0,1.0,292394631.0,290100000.0,293600000.0,92.889,98584000000.0,0.0,1171000000.0,370000000.0,339.828,
22,TRV,MRT,2016-03-31,2016-03-31,2016-03-31,2021-10-19,414000000.0,101680000000.0,101409500000.0,,,0.265,82.141,0.0,361000000.0,361000000.0,14004000000.0,3297000000.0,,3.208,6344000000.0,,,6344000000.0,0.0,0.0,0.0,0.021,2.44,4881000000.0,4881000000.0,0.182,4881000000.0,4881000000.0,4509000000.0,10.75,10.64,10.75,24166000000.0,23979500000.0,24166000000.0,40390806402.0,8.0,8.275,4085000000.0,13.885,1.0,12868000000.0,0.479,3863000000.0,372000000.0,103800000000.0,103641250000.0,0.0,71678000000.0,,,77514000000.0,,,34426806402.0,53000000.0,-13000000.0,-3005000000.0,-8000000.0,-742000000.0,-3727000000.0,-303000000.0,116000000.0,4085000000.0,-2000000.0,3297000000.0,3297000000.0,3297000000.0,0.0,0.0,0.123,7987000000.0,4881000000.0,4857000000.0,0.227,1.425,10.442,10.857,0.0,0.0,116.71,1.281,1.278,20067000000.0,30454000000.0,26872000000.0,26872000000.0,0.0,0.033,0.137,0.047,0.182,0.0,4094000000.0,1.0,294977349.0,294200000.0,297900000.0,91.339,97817000000.0,0.0,1212000000.0,82000000.0,332.485,
23,TRV,MRT,2015-12-31,2015-12-31,2015-12-31,2021-10-19,-157000000.0,100184000000.0,101662250000.0,,,0.264,75.976,0.0,380000000.0,380000000.0,13723000000.0,3439000000.0,,3.245,6344000000.0,,,6344000000.0,0.0,0.0,0.0,0.021,2.38,5113000000.0,5113000000.0,0.191,5113000000.0,5113000000.0,4740000000.0,10.99,10.88,10.99,23598000000.0,24149750000.0,23598000000.0,40733133317.0,8.0,7.967,3434000000.0,11.056,1.0,13092000000.0,0.488,3852000000.0,373000000.0,102296000000.0,103903750000.0,0.0,70470000000.0,,,76586000000.0,,,34334133317.0,6000000.0,-13000000.0,-3041000000.0,-8000000.0,-739000000.0,-3733000000.0,317000000.0,747000000.0,3434000000.0,-12000000.0,3439000000.0,3439000000.0,3439000000.0,0.0,0.0,0.128,7979000000.0,5113000000.0,4670000000.0,0.217,1.455,9.984,10.269,0.0,0.0,112.86,1.28,1.307,19721000000.0,29945000000.0,26815000000.0,26815000000.0,0.0,0.034,0.142,0.049,0.191,0.0,4094000000.0,1.0,304218796.0,310600000.0,313900000.0,86.333,96332000000.0,296000000.0,1301000000.0,0.0,310.148,
24,TRV,MRT,2015-09-30,2015-09-30,2015-09-30,2021-10-19,32000000.0,102110000000.0,102385750000.0,,,0.263,78.131,0.0,344000000.0,344000000.0,13569000000.0,3611000000.0,,3.249,6743000000.0,,,6743000000.0,0.0,0.0,0.0,0.023,2.32,5361000000.0,5361000000.0,0.199,5361000000.0,5361000000.0,4991000000.0,11.28,11.15,11.28,24033000000.0,24459250000.0,24033000000.0,37007295757.0,7.0,6.903,3199000000.0,10.4,1.0,13363000000.0,0.496,3859000000.0,370000000.0,104650000000.0,104614250000.0,0.0,72059000000.0,,,78077000000.0,,,30974295757.0,-23000000.0,0.0,-3041000000.0,392000000.0,-737000000.0,-3325000000.0,117000000.0,353000000.0,3199000000.0,-14000000.0,3611000000.0,3611000000.0,3611000000.0,0.0,0.0,0.134,8002000000.0,5361000000.0,4829000000.0,0.206,1.289,8.578,8.824,0.0,0.0,99.53,1.15,1.137,19898000000.0,29263000000.0,26932000000.0,26932000000.0,0.0,0.035,0.148,0.051,0.199,0.0,4106000000.0,1.0,311205624.0,307600000.0,311000000.0,87.555,98251000000.0,241000000.0,1380000000.0,0.0,319.412,
25,TRV,MRT,2015-06-30,2015-06-30,2015-06-30,2021-10-19,169000000.0,101664000000.0,102988750000.0,,,0.262,76.623,0.0,317000000.0,317000000.0,13707000000.0,3602000000.0,,3.215,6350000000.0,,,6350000000.0,0.0,0.0,0.0,0.023,2.26,5311000000.0,5311000000.0,0.197,5311000000.0,5311000000.0,4942000000.0,11.0,10.87,11.0,24121000000.0,24781250000.0,24121000000.0,36846378935.0,7.0,6.938,3240000000.0,10.292,1.0,13313000000.0,0.493,3878000000.0,369000000.0,103819000000.0,105093250000.0,0.0,71230000000.0,,,77543000000.0,,,30805378935.0,6000000.0,0.0,-3034000000.0,0.0,-733000000.0,-3703000000.0,484000000.0,786000000.0,3240000000.0,-15000000.0,3602000000.0,3602000000.0,3602000000.0,0.0,0.0,0.133,8002000000.0,5311000000.0,4901000000.0,0.205,1.277,8.552,8.787,0.0,0.0,96.66,1.14,1.126,20202000000.0,28524000000.0,27020000000.0,27020000000.0,0.0,0.035,0.145,0.051,0.197,0.0,4109000000.0,1.0,318698313.0,314800000.0,318000000.0,85.832,97786000000.0,216000000.0,1340000000.0,0.0,310.629,
26,TRV,MRT,2015-03-31,2015-03-31,2015-03-31,2021-10-19,769000000.0,102691000000.0,103775500000.0,,,0.261,77.453,0.0,308000000.0,308000000.0,13986000000.0,3473000000.0,,3.133,6349000000.0,,,6349000000.0,0.0,0.0,0.0,0.02,2.2,5136000000.0,5136000000.0,0.19,5136000000.0,5136000000.0,4767000000.0,10.42,10.29,10.42,24847000000.0,25134000000.0,24847000000.0,40724584555.0,8.0,7.929,3189000000.0,9.941,1.0,13109000000.0,0.484,3882000000.0,369000000.0,104850000000.0,105859750000.0,0.0,72619000000.0,,,77844000000.0,,,34749584555.0,48000000.0,0.0,-3071000000.0,0.0,-730000000.0,-3730000000.0,605000000.0,911000000.0,3189000000.0,-16000000.0,3473000000.0,3473000000.0,3473000000.0,0.0,0.0,0.128,7973000000.0,5136000000.0,4881000000.0,0.211,1.399,10.006,10.377,0.0,0.0,108.13,1.283,1.28,20066000000.0,27906000000.0,27095000000.0,27095000000.0,0.0,0.033,0.138,0.049,0.19,0.0,4078000000.0,1.0,321368580.0,320800000.0,324500000.0,84.461,98809000000.0,0.0,1294000000.0,126000000.0,308.008,
27,TRV,MRT,2014-12-31,2014-12-31,2014-12-31,2021-10-19,880000000.0,103078000000.0,104136250000.0,,,0.261,73.306,0.0,374000000.0,374000000.0,13870000000.0,3692000000.0,,3.15,6349000000.0,,,6349000000.0,0.0,0.0,0.0,0.02,2.15,5458000000.0,5458000000.0,0.201,5458000000.0,5458000000.0,5089000000.0,10.82,10.7,10.82,24836000000.0,25269000000.0,24836000000.0,41059298249.0,8.0,7.523,3693000000.0,10.9,1.0,13304000000.0,0.49,3915000000.0,369000000.0,105138000000.0,106211750000.0,0.0,73261000000.0,,,78242000000.0,,,35078298249.0,80000000.0,-12000000.0,-3137000000.0,0.0,-729000000.0,-3809000000.0,206000000.0,494000000.0,3693000000.0,-10000000.0,3692000000.0,3692000000.0,3692000000.0,0.0,0.0,0.136,7846000000.0,5458000000.0,4698000000.0,0.199,1.412,9.501,9.783,0.0,0.0,105.85,1.291,1.32,19920000000.0,27251000000.0,27174000000.0,27174000000.0,0.0,0.035,0.146,0.051,0.201,0.0,3964000000.0,1.0,331396299.0,338800000.0,342500000.0,80.207,99163000000.0,33000000.0,1397000000.0,0.0,292.689,
28,TRV,MRT,2014-09-30,2014-09-30,2014-09-30,2021-10-19,1300000000.0,104522000000.0,104319750000.0,,,0.26,75.563,0.0,367000000.0,367000000.0,13988000000.0,3642000000.0,,3.128,6348000000.0,,,6348000000.0,0.0,0.0,0.0,0.022,2.1,5369000000.0,5369000000.0,0.198,5369000000.0,5369000000.0,5000000000.0,10.4,10.28,10.4,25321000000.0,25259000000.0,25321000000.0,37885756723.0,7.0,7.056,4095000000.0,12.22,1.0,13128000000.0,0.484,3937000000.0,369000000.0,106566000000.0,106397000000.0,0.0,74190000000.0,,,79201000000.0,,,31849756723.0,72000000.0,-1009000000.0,-3130000000.0,0.0,-729000000.0,-3813000000.0,-205000000.0,1164000000.0,4095000000.0,-5000000.0,3642000000.0,3642000000.0,3642000000.0,0.0,0.0,0.134,7759000000.0,5369000000.0,4858000000.0,0.202,1.258,8.745,9.033,0.0,0.0,93.94,1.175,1.161,20085000000.0,26394000000.0,27116000000.0,27116000000.0,0.0,0.035,0.144,0.05,0.198,0.0,3890000000.0,1.0,339043610.0,335100000.0,338900000.0,80.919,100585000000.0,0.0,1358000000.0,122000000.0,300.164,
29,TRV,MRT,2014-06-30,2014-06-30,2014-06-30,2021-10-19,1562000000.0,104811000000.0,103860500000.0,,,0.257,74.437,0.0,311000000.0,311000000.0,13765000000.0,3587000000.0,,3.105,6347000000.0,,,6347000000.0,0.0,0.0,0.0,0.022,2.05,5286000000.0,5286000000.0,0.198,5286000000.0,5286000000.0,4919000000.0,10.01,9.89,10.01,25532000000.0,25131500000.0,25532000000.0,38773655764.0,7.0,7.335,3892000000.0,11.347,1.0,12917000000.0,0.484,3962000000.0,367000000.0,106885000000.0,106011500000.0,0.0,73941000000.0,,,79279000000.0,,,32686655764.0,3000000.0,-1009000000.0,-3193000000.0,494000000.0,-728000000.0,-3381000000.0,-515000000.0,841000000.0,3892000000.0,7000000.0,3587000000.0,3587000000.0,3587000000.0,0.0,0.0,0.134,7631000000.0,5286000000.0,4768000000.0,0.205,1.28,9.113,9.398,0.0,0.0,94.07,1.225,1.209,20468000000.0,25662000000.0,26682000000.0,26682000000.0,0.0,0.035,0.143,0.05,0.198,0.0,3793000000.0,1.0,347471625.0,343000000.0,346700000.0,77.79,100849000000.0,0.0,1332000000.0,239000000.0,294.02,
30,TRV,MRT,2014-03-31,2014-03-31,2014-03-31,2021-10-19,1127000000.0,104134000000.0,103132750000.0,,,0.258,72.348,0.0,260000000.0,260000000.0,13469000000.0,3829000000.0,,3.102,6347000000.0,,,6347000000.0,0.0,0.0,0.0,0.024,2.0,5556000000.0,5556000000.0,0.209,5556000000.0,5556000000.0,5195000000.0,10.47,10.35,10.47,25387000000.0,24971000000.0,25387000000.0,36035039188.0,6.0,6.486,3989000000.0,11.368,1.0,13102000000.0,0.493,3963000000.0,361000000.0,106258000000.0,105220500000.0,0.0,73718000000.0,,,78747000000.0,,,29983039188.0,17000000.0,-1009000000.0,-2642000000.0,494000000.0,-730000000.0,-2835000000.0,-1138000000.0,183000000.0,3989000000.0,1000000.0,3829000000.0,3829000000.0,3829000000.0,0.0,0.0,0.144,7546000000.0,5556000000.0,4731000000.0,0.191,1.181,7.831,8.128,0.0,0.0,85.1,1.128,1.124,20253000000.0,25167000000.0,26571000000.0,26571000000.0,0.0,0.037,0.153,0.053,0.209,0.0,3723000000.0,1.0,352327135.0,350900000.0,354600000.0,75.722,100171000000.0,0.0,1366000000.0,54000000.0,285.469,
31,TRV,MRT,2013-12-31,2013-12-31,2013-12-31,2021-10-19,810000000.0,103812000000.0,103073500000.0,,,0.254,66.962,0.0,294000000.0,294000000.0,13307000000.0,3673000000.0,,3.187,6346000000.0,,,6346000000.0,0.0,0.0,0.0,0.022,1.96,5306000000.0,5306000000.0,0.203,5306000000.0,5306000000.0,4945000000.0,9.84,9.74,9.84,24796000000.0,25023250000.0,24796000000.0,39013687294.0,7.0,7.353,3816000000.0,10.305,1.0,12884000000.0,0.492,3985000000.0,361000000.0,105879000000.0,105098500000.0,0.0,73160000000.0,,,79016000000.0,,,32962687295.0,-36000000.0,-997000000.0,-2255000000.0,-6000000.0,-729000000.0,-2939000000.0,-910000000.0,439000000.0,3816000000.0,-3000000.0,3673000000.0,3673000000.0,3673000000.0,0.0,0.0,0.14,7578000000.0,5306000000.0,4626000000.0,0.199,1.329,8.974,9.201,0.0,0.0,90.54,1.259,1.28,20166000000.0,24291000000.0,26191000000.0,26191000000.0,0.0,0.036,0.147,0.05,0.203,0.0,3757000000.0,1.0,364067675.0,370300000.0,374300000.0,70.729,99827000000.0,303000000.0,1272000000.0,0.0,269.584,
32,TRV,MRT,2013-09-30,2013-09-30,2013-09-30,2021-10-19,705000000.0,102685000000.0,103355000000.0,,,0.251,67.257,0.0,295000000.0,295000000.0,14147000000.0,2989000000.0,,3.139,6346000000.0,,,6346000000.0,0.0,0.0,0.0,0.023,1.92,4247000000.0,4247000000.0,0.164,4247000000.0,4247000000.0,3885000000.0,7.93,7.84,7.93,24811000000.0,25175500000.0,24811000000.0,37202995952.0,9.0,8.76,3353000000.0,9.089,1.0,11784000000.0,0.454,3712000000.0,362000000.0,105024000000.0,105431750000.0,0.0,72531000000.0,,,77874000000.0,,,31658995952.0,75000000.0,0.0,-1673000000.0,-6000000.0,-724000000.0,-2354000000.0,-921000000.0,-573000000.0,3353000000.0,-3000000.0,2989000000.0,2989000000.0,2989000000.0,0.0,0.0,0.115,7537000000.0,4247000000.0,4888000000.0,0.242,1.276,10.592,10.69,0.0,0.0,84.77,1.221,1.206,20107000000.0,23485000000.0,25931000000.0,25931000000.0,0.0,0.029,0.119,0.04,0.164,0.0,3709000000.0,1.0,373469340.0,368900000.0,372900000.0,70.293,98973000000.0,321000000.0,896000000.0,0.0,268.292,
33,TRV,MRT,2013-06-30,2013-06-30,2013-06-30,2021-10-19,720000000.0,101900000000.0,104045000000.0,,,0.25,66.214,0.0,308000000.0,308000000.0,14209000000.0,2989000000.0,,3.094,5852000000.0,,,5852000000.0,0.0,0.0,0.0,0.024,1.88,4242000000.0,4242000000.0,0.163,4242000000.0,4242000000.0,3878000000.0,7.83,7.75,7.83,24890000000.0,25449000000.0,24890000000.0,35691356450.0,8.0,8.414,3217000000.0,8.558,1.0,11782000000.0,0.453,3723000000.0,364000000.0,103721000000.0,106130000000.0,0.0,71267000000.0,,,77010000000.0,,,30083356450.0,78000000.0,0.0,-1163000000.0,-500000000.0,-719000000.0,-2334000000.0,-799000000.0,-452000000.0,3217000000.0,-6000000.0,2989000000.0,2989000000.0,2989000000.0,0.0,0.0,0.115,7540000000.0,4242000000.0,4843000000.0,0.24,1.209,10.065,10.207,0.0,0.0,79.92,1.157,1.156,20603000000.0,22806000000.0,25991000000.0,25991000000.0,0.0,0.029,0.117,0.04,0.163,0.0,3679000000.0,1.0,376418374.0,375900000.0,379900000.0,69.143,98177000000.0,257000000.0,889000000.0,0.0,261.179,
34,TRV,MRT,2013-03-31,2013-03-31,2013-03-31,2021-10-19,1926000000.0,103897000000.0,104652500000.0,,,0.245,67.768,0.0,243000000.0,243000000.0,14465000000.0,2563000000.0,,3.059,5851000000.0,,,5851000000.0,0.0,0.0,0.0,0.022,1.84,3683000000.0,3683000000.0,0.143,3683000000.0,3683000000.0,3309000000.0,6.66,6.6,6.66,25596000000.0,25488750000.0,25596000000.0,37840005099.0,10.0,10.274,2946000000.0,7.8,1.0,11211000000.0,0.437,3735000000.0,374000000.0,105770000000.0,106869500000.0,0.0,73081000000.0,,,78301000000.0,,,31820005099.0,-15000000.0,0.0,-1163000000.0,-758000000.0,-708000000.0,-2582000000.0,-374000000.0,-43000000.0,2946000000.0,-5000000.0,2563000000.0,2563000000.0,2563000000.0,0.0,0.0,0.1,7528000000.0,3683000000.0,5283000000.0,0.276,1.243,12.415,12.641,0.0,0.0,84.19,1.239,1.238,21094000000.0,22072000000.0,25676000000.0,25676000000.0,0.0,0.024,0.101,0.034,0.143,0.0,3641000000.0,1.0,377954687.0,377700000.0,381900000.0,67.98,100162000000.0,0.0,746000000.0,352000000.0,265.189,
35,TRV,MRT,2012-12-31,2012-12-31,2012-12-31,2021-10-19,2236000000.0,104938000000.0,104894750000.0,,,0.245,65.782,0.0,330000000.0,330000000.0,14676000000.0,2473000000.0,,3.131,6350000000.0,,,6350000000.0,0.0,0.0,0.0,0.025,1.79,3544000000.0,3544000000.0,0.138,3544000000.0,3544000000.0,3166000000.0,6.35,6.3,6.35,25405000000.0,25307750000.0,25405000000.0,33525676014.0,9.0,9.46,3230000000.0,8.364,1.0,11064000000.0,0.43,3746000000.0,378000000.0,107212000000.0,107285000000.0,0.0,73838000000.0,,,79533000000.0,,,27395676014.0,116000000.0,0.0,-1232000000.0,-258000000.0,-694000000.0,-2146000000.0,-972000000.0,-649000000.0,3230000000.0,4000000.0,2473000000.0,2473000000.0,2473000000.0,0.0,0.0,0.096,7520000000.0,3544000000.0,5152000000.0,0.282,1.078,11.078,11.31,0.0,0.0,71.82,1.064,1.078,21390000000.0,21352000000.0,25740000000.0,25740000000.0,0.0,0.024,0.098,0.033,0.138,0.0,3610000000.0,1.0,381449123.0,386200000.0,389800000.0,66.649,101192000000.0,0.0,693000000.0,338000000.0,262.02,
36,TRV,MRT,2012-09-30,2012-09-30,2012-09-30,2021-10-19,2536000000.0,105445000000.0,104804000000.0,,,0.245,67.461,0.0,220000000.0,220000000.0,14126000000.0,2787000000.0,,3.07,6350000000.0,,,6350000000.0,0.0,0.0,0.0,0.025,1.74,4014000000.0,4014000000.0,0.157,4014000000.0,4014000000.0,3633000000.0,7.04,6.97,7.04,25905000000.0,25075750000.0,25905000000.0,32423544589.0,8.0,8.078,3117000000.0,8.117,1.0,11510000000.0,0.449,3758000000.0,381000000.0,107817000000.0,107274000000.0,0.0,74490000000.0,,,79540000000.0,,,26304544589.0,-11000000.0,0.0,-1981000000.0,-258000000.0,-684000000.0,-2890000000.0,-243000000.0,109000000.0,3117000000.0,5000000.0,2787000000.0,2787000000.0,2787000000.0,0.0,0.0,0.109,7496000000.0,4014000000.0,5365000000.0,0.247,1.015,9.438,9.696,0.0,0.0,68.26,1.026,1.022,21166000000.0,21226000000.0,25636000000.0,25636000000.0,0.0,0.027,0.111,0.037,0.157,0.0,3587000000.0,1.0,385358110.0,384000000.0,387900000.0,66.76,101687000000.0,0.0,846000000.0,487000000.0,264.81,
37,TRV,MRT,2012-06-30,2012-06-30,2012-06-30,2021-10-19,2130000000.0,104330000000.0,105176000000.0,,,0.243,64.559,0.0,230000000.0,230000000.0,14903000000.0,2256000000.0,,3.165,6349000000.0,,,6349000000.0,0.0,0.0,0.0,0.026,1.69,3180000000.0,3180000000.0,0.125,3180000000.0,3180000000.0,2795000000.0,5.61,5.55,5.61,25049000000.0,24892500000.0,25049000000.0,31184266486.0,10.0,9.806,2533000000.0,6.528,1.0,10628000000.0,0.416,3770000000.0,385000000.0,106679000000.0,107692750000.0,0.0,72944000000.0,,,79281000000.0,,,24836266486.0,-43000000.0,0.0,-2079000000.0,-258000000.0,-677000000.0,-2988000000.0,416000000.0,777000000.0,2533000000.0,-4000000.0,2256000000.0,2256000000.0,2256000000.0,0.0,0.0,0.088,7448000000.0,3180000000.0,5316000000.0,0.301,0.992,11.009,11.38,0.0,0.0,63.84,0.973,0.97,21504000000.0,20541000000.0,25531000000.0,25531000000.0,0.0,0.021,0.091,0.03,0.125,0.0,3543000000.0,1.0,389039262.0,388000000.0,391600000.0,65.802,100560000000.0,0.0,539000000.0,194000000.0,259.175,
38,TRV,MRT,2012-03-31,2012-03-31,2012-03-31,2021-10-19,2039000000.0,104866000000.0,105710500000.0,,,0.242,63.449,0.0,258000000.0,258000000.0,16258000000.0,1393000000.0,,3.216,6606000000.0,,,6606000000.0,0.0,0.0,0.0,0.028,1.64,1846000000.0,1846000000.0,0.072,1846000000.0,1846000000.0,1460000000.0,3.46,3.41,3.46,24872000000.0,24882250000.0,24872000000.0,29660870984.0,16.0,16.068,2350000000.0,5.995,1.0,9302000000.0,0.364,3782000000.0,386000000.0,107432000000.0,108265250000.0,0.0,73244000000.0,,,79994000000.0,,,23269870984.0,19000000.0,0.0,-2000000000.0,-8000000.0,-671000000.0,-2656000000.0,327000000.0,721000000.0,2350000000.0,-2000000.0,1393000000.0,1393000000.0,1393000000.0,0.0,0.0,0.054,7456000000.0,1846000000.0,5774000000.0,0.474,0.936,16.705,17.11,0.0,0.0,59.2,0.91,0.908,21843000000.0,20223000000.0,25560000000.0,25560000000.0,0.0,0.013,0.056,0.017,0.072,0.0,3557000000.0,1.0,393072145.0,392000000.0,395800000.0,65.204,101084000000.0,0.0,67000000.0,120000000.0,257.867,
39,TRV,MRT,2011-12-31,2011-12-31,2011-12-31,2021-10-19,2005000000.0,104575000000.0,105807000000.0,,,0.24,58.867,0.0,214000000.0,214000000.0,16276000000.0,1426000000.0,,3.272,6605000000.0,,,6605000000.0,0.0,0.0,0.0,0.027,1.59,1738000000.0,1738000000.0,0.068,1738000000.0,1738000000.0,1352000000.0,3.4,3.36,3.4,24477000000.0,24975000000.0,24477000000.0,30796796102.0,18.0,17.72,2169000000.0,5.216,1.0,9170000000.0,0.36,3798000000.0,386000000.0,107168000000.0,108351500000.0,0.0,72701000000.0,,,80098000000.0,,,24423796102.0,14000000.0,0.0,-2651000000.0,-8000000.0,-665000000.0,-3306000000.0,1152000000.0,1523000000.0,2169000000.0,-1000000.0,1426000000.0,1426000000.0,1426000000.0,0.0,0.0,0.056,7432000000.0,1738000000.0,5575000000.0,0.468,0.998,17.127,17.403,0.0,0.0,59.17,0.96,0.967,22071000000.0,19579000000.0,25446000000.0,25446000000.0,0.0,0.013,0.057,0.016,0.068,0.0,3556000000.0,1.0,412773299.0,415800000.0,420500000.0,61.198,100777000000.0,7000000.0,-74000000.0,0.0,242.369,
40,TRV,MRT,2011-09-30,2011-09-30,2011-09-30,2021-10-19,2032000000.0,106933000000.0,106077250000.0,,,0.239,60.655,0.0,231000000.0,231000000.0,15849000000.0,1702000000.0,,3.248,6604000000.0,,,6604000000.0,0.0,0.0,0.0,0.032,1.54,2159000000.0,2159000000.0,0.085,2159000000.0,2159000000.0,1771000000.0,3.82,3.77,3.82,25172000000.0,25224500000.0,25172000000.0,26736138021.0,12.0,12.384,2480000000.0,5.976,1.0,9556000000.0,0.376,3814000000.0,388000000.0,109492000000.0,108609500000.0,0.0,73652000000.0,,,81761000000.0,,,20405138021.0,-67000000.0,0.0,-2947000000.0,341000000.0,-661000000.0,-3248000000.0,701000000.0,1047000000.0,2480000000.0,0.0,1702000000.0,1702000000.0,1702000000.0,0.0,0.0,0.067,7397000000.0,2159000000.0,5894000000.0,0.403,0.811,11.989,12.757,0.0,0.0,48.73,0.803,0.796,23050000000.0,19127000000.0,25405000000.0,25405000000.0,0.0,0.016,0.067,0.02,0.085,0.0,3540000000.0,1.0,418738724.0,415000000.0,418500000.0,61.217,103119000000.0,0.0,69000000.0,91000000.0,248.48,
41,TRV,MRT,2011-06-30,2011-06-30,2011-06-30,2021-10-19,1711000000.0,106468000000.0,106382500000.0,,,0.24,59.742,0.0,273000000.0,273000000.0,14926000000.0,2374000000.0,,3.257,6604000000.0,,,6604000000.0,0.0,0.0,0.0,0.026,1.49,3196000000.0,3196000000.0,0.125,3196000000.0,3196000000.0,2810000000.0,5.16,5.09,5.16,25008000000.0,25755250000.0,25008000000.0,30825765341.0,10.0,9.645,2904000000.0,6.937,1.0,10554000000.0,0.414,3830000000.0,386000000.0,108969000000.0,108791750000.0,0.0,72993000000.0,,,81460000000.0,,,24453765341.0,7000000.0,0.0,-3146000000.0,316000000.0,-659000000.0,-3475000000.0,566000000.0,882000000.0,2904000000.0,12000000.0,2374000000.0,2374000000.0,2374000000.0,0.0,0.0,0.093,7358000000.0,3196000000.0,5779000000.0,0.289,0.978,10.301,11.314,0.0,0.0,58.38,0.96,0.959,23193000000.0,18966000000.0,25480000000.0,25480000000.0,0.0,0.022,0.092,0.029,0.125,0.0,3517000000.0,1.0,418872308.0,418600000.0,418600000.0,60.87,102638000000.0,128000000.0,436000000.0,0.0,245.194,
42,TRV,MRT,2011-03-31,2011-03-31,2011-03-31,2021-10-19,1272000000.0,105252000000.0,106521250000.0,,,0.237,58.951,0.0,239000000.0,239000000.0,13204000000.0,3408000000.0,,3.17,6611000000.0,,,6611000000.0,0.0,0.0,0.0,0.024,1.44,4804000000.0,4804000000.0,0.19,4804000000.0,4804000000.0,4418000000.0,7.41,7.32,7.41,25243000000.0,26074750000.0,25243000000.0,32050003116.0,7.0,6.672,3156000000.0,7.37,1.0,12067000000.0,0.478,3847000000.0,386000000.0,107777000000.0,108830750000.0,0.0,72391000000.0,,,80009000000.0,,,25639003116.0,-12000000.0,0.0,-4288000000.0,74000000.0,-660000000.0,-4863000000.0,1687000000.0,1999000000.0,3156000000.0,8000000.0,3408000000.0,3408000000.0,3408000000.0,0.0,0.0,0.135,7263000000.0,4804000000.0,5784000000.0,0.194,1.016,7.523,8.027,0.0,0.0,59.48,1.015,1.008,22725000000.0,19538000000.0,25271000000.0,25271000000.0,0.0,0.032,0.131,0.044,0.19,0.0,3442000000.0,1.0,431052507.0,428200000.0,434400000.0,59.017,101405000000.0,357000000.0,1010000000.0,0.0,236.817,
43,TRV,MRT,2010-12-31,2010-12-31,2010-12-31,2021-10-19,1255000000.0,105656000000.0,107382250000.0,,,0.234,53.463,0.0,200000000.0,200000000.0,13210000000.0,3216000000.0,,3.147,6611000000.0,,,6611000000.0,0.0,0.0,0.0,0.025,1.41,4694000000.0,4694000000.0,0.187,4694000000.0,4694000000.0,4306000000.0,6.69,6.62,6.69,25475000000.0,26431750000.0,25475000000.0,31527335558.0,7.0,6.717,3054000000.0,6.409,1.0,11902000000.0,0.474,3867000000.0,388000000.0,108200000000.0,109646750000.0,0.0,72722000000.0,,,80181000000.0,,,25573335558.0,-55000000.0,0.0,-4630000000.0,74000000.0,-673000000.0,-5221000000.0,2109000000.0,2427000000.0,3054000000.0,3000000.0,3216000000.0,3216000000.0,3216000000.0,0.0,0.0,0.128,7208000000.0,4694000000.0,5750000000.0,0.211,1.004,7.952,8.327,0.0,0.0,55.71,1.018,1.057,22834000000.0,18847000000.0,25112000000.0,25112000000.0,0.0,0.03,0.122,0.043,0.187,0.0,3406000000.0,1.0,459043898.0,476500000.0,482500000.0,52.701,101789000000.0,493000000.0,1090000000.0,0.0,213.618,
44,TRV,MRT,2010-09-30,2010-09-30,2010-09-30,2021-10-19,2372000000.0,108154000000.0,108358250000.0,,,0.233,58.586,0.0,298000000.0,298000000.0,12780000000.0,3607000000.0,,2.962,6252000000.0,,,6252000000.0,0.0,0.0,0.0,0.026,1.38,5290000000.0,5290000000.0,0.21,5290000000.0,5290000000.0,4902000000.0,7.1,7.02,7.1,27295000000.0,26916750000.0,27295000000.0,30496466809.0,6.0,5.765,3419000000.0,7.338,1.0,12456000000.0,0.494,3887000000.0,388000000.0,110221000000.0,110566500000.0,0.0,74717000000.0,,,80859000000.0,,,24486466809.0,12000000.0,0.0,-4649000000.0,-275000000.0,-687000000.0,-5601000000.0,2191000000.0,2466000000.0,3419000000.0,3000000.0,3607000000.0,3607000000.0,3607000000.0,0.0,0.0,0.143,7166000000.0,5290000000.0,6070000000.0,0.194,0.897,6.789,7.338,0.0,0.0,52.1,0.97,0.962,23273000000.0,18118000000.0,25236000000.0,25236000000.0,0.0,0.033,0.134,0.048,0.21,0.0,3372000000.0,1.0,469989766.0,465900000.0,472000000.0,54.166,104267000000.0,0.0,1295000000.0,0.0,223.797,
45,TRV,MRT,2010-06-30,2010-06-30,2010-06-30,2021-10-19,1690000000.0,107023000000.0,109474000000.0,,,0.229,54.254,0.0,266000000.0,266000000.0,12690000000.0,3537000000.0,,3.071,6276000000.0,,,6276000000.0,0.0,0.0,0.0,0.027,1.32,5172000000.0,5172000000.0,0.206,5172000000.0,5172000000.0,4781000000.0,6.62,6.56,6.62,26286000000.0,27133000000.0,26286000000.0,30669453433.0,6.0,5.93,3493000000.0,7.209,1.0,12391000000.0,0.494,3908000000.0,391000000.0,109125000000.0,111731750000.0,0.0,73129000000.0,,,80737000000.0,,,24395453433.0,-16000000.0,0.0,-5003000000.0,-252000000.0,-686000000.0,-5930000000.0,2421000000.0,2687000000.0,3493000000.0,0.0,3537000000.0,3537000000.0,3537000000.0,0.0,0.0,0.141,7219000000.0,5172000000.0,6062000000.0,0.199,0.928,6.897,7.44,0.0,0.0,49.25,0.973,0.951,23708000000.0,17285000000.0,25081000000.0,25081000000.0,0.0,0.032,0.13,0.046,0.206,0.0,3424000000.0,1.0,495339156.0,484500000.0,490800000.0,51.767,103115000000.0,368000000.0,1244000000.0,0.0,212.828,
46,TRV,MRT,2010-03-31,2010-03-31,2010-03-31,2021-10-19,1271000000.0,108696000000.0,110549750000.0,,,0.227,52.461,0.0,251000000.0,251000000.0,12606000000.0,3607000000.0,,3.075,6525000000.0,,,6525000000.0,0.0,0.0,0.0,0.023,1.26,5229000000.0,5229000000.0,0.209,5229000000.0,5229000000.0,4841000000.0,6.52,6.48,6.52,26671000000.0,27291500000.0,26671000000.0,33974188356.0,6.0,6.497,3949000000.0,7.768,1.0,12458000000.0,0.497,3929000000.0,388000000.0,111041000000.0,112844250000.0,0.0,74041000000.0,,,82025000000.0,,,27702188356.0,6000000.0,0.0,-4413000000.0,492000000.0,-683000000.0,-4593000000.0,636000000.0,953000000.0,3949000000.0,14000000.0,3607000000.0,3607000000.0,3607000000.0,0.0,0.0,0.144,7229000000.0,5229000000.0,6478000000.0,0.193,1.039,7.68,8.273,0.0,0.0,53.94,1.105,1.094,24131000000.0,16792000000.0,25064000000.0,25064000000.0,0.0,0.033,0.132,0.046,0.209,0.0,3431000000.0,1.0,513574126.0,508400000.0,515100000.0,49.3,104767000000.0,560000000.0,1234000000.0,0.0,206.072,
47,TRV,MRT,2009-12-31,2009-12-31,2009-12-31,2021-10-19,1219000000.0,109560000000.0,110992500000.0,,,0.222,48.677,0.0,255000000.0,255000000.0,12408000000.0,3622000000.0,,2.996,6527000000.0,,,6527000000.0,0.0,0.0,0.0,0.025,1.23,5093000000.0,5093000000.0,0.206,5093000000.0,5093000000.0,4711000000.0,6.38,6.33,6.38,27415000000.0,27248000000.0,27415000000.0,33484173037.0,7.0,6.575,4231000000.0,7.512,1.0,12272000000.0,0.497,3953000000.0,382000000.0,111879000000.0,113143250000.0,0.0,74965000000.0,,,82145000000.0,,,27242173037.0,-95000000.0,0.0,-3108000000.0,351000000.0,-693000000.0,-3442000000.0,-899000000.0,-573000000.0,4231000000.0,15000000.0,3622000000.0,3622000000.0,3622000000.0,0.0,0.0,0.147,7179000000.0,5093000000.0,6343000000.0,0.193,0.994,7.521,7.815,0.0,0.0,49.86,1.104,1.138,24084000000.0,16315000000.0,24680000000.0,24680000000.0,0.0,0.033,0.133,0.045,0.206,0.0,3366000000.0,1.0,546373306.0,563200000.0,568600000.0,43.821,105607000000.0,672000000.0,1089000000.0,0.0,187.512,
48,TRV,MRT,2009-09-30,2009-09-30,2009-09-30,2021-10-19,1657000000.0,112617000000.0,111010500000.0,,,0.216,50.43,0.0,286000000.0,286000000.0,12657000000.0,3138000000.0,,2.999,6528000000.0,,,6528000000.0,0.0,0.0,0.0,0.024,1.2,4223000000.0,4223000000.0,0.176,4223000000.0,4223000000.0,3845000000.0,5.41,5.37,5.41,28160000000.0,26724000000.0,28160000000.0,34191081838.0,8.0,8.096,3769000000.0,6.75,1.0,11372000000.0,0.473,3977000000.0,378000000.0,114882000000.0,113025750000.0,0.0,76123000000.0,,,84457000000.0,,,27941081838.0,-101000000.0,0.0,-1769000000.0,202000000.0,-697000000.0,-2258000000.0,-1608000000.0,-1559000000.0,3769000000.0,-4000000.0,3138000000.0,3138000000.0,3138000000.0,0.0,0.0,0.131,7149000000.0,4223000000.0,7144000000.0,0.222,0.992,8.904,9.1,0.0,0.0,49.23,1.163,1.144,25753000000.0,15208000000.0,24029000000.0,24029000000.0,0.0,0.028,0.117,0.037,0.176,0.0,3310000000.0,1.0,567562093.0,558400000.0,564100000.0,43.032,108640000000.0,603000000.0,707000000.0,0.0,194.556,
49,TRV,MRT,2009-06-30,2009-06-30,2009-06-30,2021-10-19,258000000.0,111326000000.0,111030000000.0,,,0.215,46.752,0.0,282000000.0,282000000.0,13405000000.0,2417000000.0,,3.135,6532000000.0,,,6532000000.0,0.0,0.0,0.0,0.029,1.2,3158000000.0,3158000000.0,0.132,3158000000.0,3158000000.0,2783000000.0,4.11,4.08,4.11,26920000000.0,25864250000.0,26920000000.0,29820026680.0,9.0,9.443,3296000000.0,5.724,1.0,10442000000.0,0.438,4001000000.0,375000000.0,113575000000.0,112944500000.0,0.0,73443000000.0,,,84406000000.0,,,24026026680.0,-47000000.0,0.0,-1123000000.0,201000000.0,-706000000.0,-1623000000.0,-1701000000.0,-1614000000.0,3296000000.0,-19000000.0,2417000000.0,2417000000.0,2417000000.0,0.0,0.0,0.101,7284000000.0,3158000000.0,7058000000.0,0.292,0.892,9.94,9.985,0.0,0.0,41.04,1.008,0.991,26366000000.0,14442000000.0,23847000000.0,23847000000.0,0.0,0.022,0.093,0.028,0.132,0.0,3422000000.0,1.0,585429500.0,575800000.0,579800000.0,41.415,107325000000.0,1428000000.0,366000000.0,0.0,186.393,
50,TRV,MRT,2009-03-31,2009-03-31,2009-03-31,2021-10-19,-232000000.0,110467000000.0,111604750000.0,,,0.215,45.325,0.0,245000000.0,245000000.0,13162000000.0,2619000000.0,,3.169,6039000000.0,,,6039000000.0,0.0,0.0,0.0,0.03,1.2,3501000000.0,3501000000.0,0.146,3501000000.0,3501000000.0,3129000000.0,4.4,4.35,4.4,26497000000.0,25615000000.0,26497000000.0,29600241931.0,8.0,8.455,3024000000.0,5.173,1.0,10818000000.0,0.451,4024000000.0,372000000.0,112237000000.0,113430750000.0,0.0,72153000000.0,,,83970000000.0,,,23769241931.0,-63000000.0,0.0,-1113000000.0,203000000.0,-714000000.0,-1617000000.0,-1439000000.0,-1382000000.0,3024000000.0,-31000000.0,2619000000.0,2619000000.0,2619000000.0,0.0,0.0,0.109,7317000000.0,3501000000.0,7247000000.0,0.273,0.897,9.076,9.236,0.0,0.0,40.64,0.991,0.991,26630000000.0,13805000000.0,23980000000.0,23980000000.0,0.0,0.023,0.102,0.031,0.146,4000000.0,3447000000.0,1.0,584873079.0,584600000.0,590400000.0,41.02,106443000000.0,1598000000.0,510000000.0,0.0,182.078,
51,TRV,MRT,2008-12-31,2008-12-31,2008-12-31,2021-10-19,-900000000.0,109632000000.0,112524000000.0,,,0.218,42.489,0.0,350000000.0,350000000.0,12993000000.0,2924000000.0,,3.33,6181000000.0,,,6181000000.0,0.0,0.0,0.0,0.026,1.19,4086000000.0,4086000000.0,0.167,4086000000.0,4086000000.0,3716000000.0,4.87,4.81,4.87,25319000000.0,25587750000.0,25319000000.0,32364428978.0,8.0,7.921,3138000000.0,5.266,1.0,11484000000.0,0.469,4054000000.0,370000000.0,111409000000.0,114254750000.0,0.0,70738000000.0,,,84313000000.0,,,26420428978.0,79000000.0,0.0,-2107000000.0,-56000000.0,-715000000.0,-2868000000.0,-162000000.0,-117000000.0,3138000000.0,-29000000.0,2924000000.0,2924000000.0,2924000000.0,0.0,0.0,0.119,7398000000.0,4086000000.0,6878000000.0,0.244,1.044,9.036,9.281,0.0,0.0,45.2,1.079,1.1,26417000000.0,13314000000.0,24477000000.0,24477000000.0,0.0,0.026,0.114,0.036,0.167,0.0,3518000000.0,1.0,584522765.0,595900000.0,604300000.0,41.076,105578000000.0,1965000000.0,792000000.0,0.0,177.174,
52,TRV,MRT,2008-09-30,2008-09-30,2008-09-30,2021-10-19,-932000000.0,112695000000.0,113922000000.0,,,0.221,42.136,0.0,387000000.0,387000000.0,13111000000.0,3186000000.0,,3.559,6331000000.0,,,6331000000.0,0.0,0.0,0.0,0.026,1.18,4597000000.0,4597000000.0,0.183,4597000000.0,4597000000.0,4230000000.0,5.12,5.07,5.12,24721000000.0,25912000000.0,24721000000.0,32711169311.0,7.0,7.116,3920000000.0,6.681,1.0,12052000000.0,0.479,4082000000.0,367000000.0,114557000000.0,115656250000.0,0.0,71199000000.0,,,87974000000.0,,,26704169311.0,-4000000.0,0.0,-2958000000.0,93000000.0,-721000000.0,-3577000000.0,-336000000.0,17000000.0,3920000000.0,-11000000.0,3186000000.0,3186000000.0,3186000000.0,0.0,0.0,0.127,7455000000.0,4597000000.0,7643000000.0,0.23,1.08,8.382,8.828,0.0,0.0,45.2,1.061,1.054,28174000000.0,12690000000.0,25163000000.0,25163000000.0,0.0,0.028,0.123,0.04,0.183,23000000.0,3584000000.0,1.0,590800206.0,586700000.0,594700000.0,42.889,108613000000.0,1952000000.0,1044000000.0,0.0,185.125,
53,TRV,MRT,2008-06-30,2008-06-30,2008-06-30,2021-10-19,79000000.0,113625000000.0,114659250000.0,,,0.223,43.335,0.0,329000000.0,329000000.0,12225000000.0,4170000000.0,,3.383,6336000000.0,,,6336000000.0,0.0,0.0,0.0,0.027,1.17,6082000000.0,6082000000.0,0.238,6082000000.0,6082000000.0,5716000000.0,6.61,6.52,6.61,25923000000.0,26308500000.0,25923000000.0,31777096659.0,5.0,5.225,4993000000.0,8.347,1.0,13319000000.0,0.521,4112000000.0,366000000.0,115520000000.0,116337500000.0,0.0,73243000000.0,,,87702000000.0,,,26244096659.0,-233000000.0,0.0,-3262000000.0,-392000000.0,-733000000.0,-4375000000.0,-854000000.0,-523000000.0,4993000000.0,3000000.0,4170000000.0,4170000000.0,4170000000.0,0.0,0.0,0.163,7237000000.0,6082000000.0,7310000000.0,0.177,1.012,6.294,6.566,0.0,0.0,43.4,1.027,1.016,28322000000.0,12655000000.0,25544000000.0,25544000000.0,0.0,0.036,0.159,0.052,0.238,20000000.0,3400000000.0,1.0,604702688.0,598200000.0,607900000.0,42.701,109513000000.0,1459000000.0,1546000000.0,0.0,183.071,
54,TRV,MRT,2008-03-31,2008-03-31,2008-03-31,2021-10-19,626000000.0,114144000000.0,115093250000.0,,,0.224,42.879,0.0,308000000.0,308000000.0,12229000000.0,4482000000.0,,3.326,5841000000.0,,,5841000000.0,0.0,0.0,0.0,0.024,1.16,6430000000.0,6430000000.0,0.249,6430000000.0,6430000000.0,6070000000.0,6.95,6.84,6.95,26388000000.0,26158250000.0,26388000000.0,35653805238.0,6.0,5.545,5346000000.0,8.687,1.0,13593000000.0,0.526,4144000000.0,360000000.0,115533000000.0,116778000000.0,0.0,73950000000.0,,,87756000000.0,,,29682805238.0,-70000000.0,0.0,-3082000000.0,-270000000.0,-746000000.0,-4077000000.0,-1347000000.0,-1100000000.0,5346000000.0,8000000.0,4482000000.0,4482000000.0,4482000000.0,0.0,0.0,0.174,7163000000.0,6430000000.0,7550000000.0,0.167,1.125,6.623,6.885,0.0,0.0,47.85,1.15,1.14,28261000000.0,11896000000.0,25822000000.0,25822000000.0,0.0,0.039,0.171,0.055,0.249,5000000.0,3372000000.0,1.0,620330308.0,615400000.0,624800000.0,41.96,110000000000.0,1233000000.0,1588000000.0,0.0,178.746,
55,TRV,MRT,2007-12-31,2007-12-31,2007-12-31,2021-10-19,670000000.0,115224000000.0,115087500000.0,,,0.226,40.822,0.0,271000000.0,271000000.0,12397000000.0,4601000000.0,,3.329,6242000000.0,,,6242000000.0,0.0,0.0,0.0,0.021,1.13,6562000000.0,6562000000.0,0.252,6562000000.0,6562000000.0,6216000000.0,7.0,6.85,7.0,26616000000.0,25900500000.0,26616000000.0,40550330014.0,6.0,6.18,5286000000.0,8.107,1.0,13620000000.0,0.524,4180000000.0,346000000.0,117015000000.0,116772000000.0,0.0,74818000000.0,,,88608000000.0,,,34698330014.0,-188000000.0,0.0,-2741000000.0,505000000.0,-742000000.0,-2953000000.0,-2526000000.0,-2148000000.0,5286000000.0,5000000.0,4601000000.0,4601000000.0,4601000000.0,0.0,0.0,0.177,7058000000.0,6562000000.0,7314000000.0,0.161,1.304,7.541,7.686,0.0,0.0,53.8,1.334,1.348,28479000000.0,11110000000.0,26017000000.0,26017000000.0,0.0,0.04,0.178,0.056,0.252,0.0,3352000000.0,1.0,644950372.0,652000000.0,668600000.0,39.903,111044000000.0,1207000000.0,1615000000.0,0.0,170.313,
56,TRV,MRT,2007-09-30,2007-09-30,2007-09-30,2021-10-19,295000000.0,115644000000.0,115104500000.0,,,0.226,40.572,0.0,391000000.0,391000000.0,12272000000.0,4727000000.0,,3.396,6243000000.0,,,6243000000.0,0.0,0.0,0.0,0.022,1.1,6701000000.0,6701000000.0,0.258,6701000000.0,6701000000.0,6364000000.0,7.12,6.91,7.12,26307000000.0,25530250000.0,26307000000.0,39219997771.0,6.0,5.853,5595000000.0,8.629,1.0,13723000000.0,0.528,4214000000.0,337000000.0,117282000000.0,116616000000.0,0.0,73759000000.0,,,89337000000.0,,,33048997771.0,34000000.0,0.0,-2403000000.0,-255000000.0,-735000000.0,-3344000000.0,-2222000000.0,-1820000000.0,5595000000.0,5000000.0,4727000000.0,4727000000.0,4727000000.0,0.0,0.0,0.182,7022000000.0,6701000000.0,7635000000.0,0.154,1.256,6.992,7.07,0.0,0.0,50.34,1.271,1.256,29150000000.0,10235000000.0,25995000000.0,25995000000.0,0.0,0.041,0.185,0.057,0.258,-31000000.0,3415000000.0,1.0,656515649.0,648400000.0,661900000.0,40.091,111430000000.0,1376000000.0,1637000000.0,0.0,171.854,
57,TRV,MRT,2007-06-30,2007-06-30,2007-06-30,2021-10-19,-220000000.0,115361000000.0,115068000000.0,,,0.224,38.448,0.0,562000000.0,562000000.0,12334000000.0,4572000000.0,,3.556,6733000000.0,,,6733000000.0,0.0,0.0,0.0,0.02,1.07,6475000000.0,6475000000.0,0.251,6475000000.0,6475000000.0,6144000000.0,6.79,6.57,6.79,25322000000.0,25140250000.0,25322000000.0,41268959500.0,6.0,6.374,5287000000.0,8.028,1.0,13451000000.0,0.522,4250000000.0,331000000.0,117282000000.0,116662250000.0,0.0,72357000000.0,,,90039000000.0,,,35523959500.0,288000000.0,0.0,-1928000000.0,191000000.0,-727000000.0,-2418000000.0,-2585000000.0,-2172000000.0,5287000000.0,4000000.0,4572000000.0,4572000000.0,4572000000.0,0.0,0.0,0.177,6976000000.0,6475000000.0,7521000000.0,0.158,1.403,7.77,7.879,0.0,0.0,53.5,1.378,1.366,29960000000.0,9228000000.0,25785000000.0,25785000000.0,0.0,0.04,0.182,0.056,0.251,-30000000.0,3467000000.0,1.0,663999243.0,658600000.0,676000000.0,39.151,111111000000.0,1700000000.0,1572000000.0,0.0,168.708,
58,TRV,MRT,2007-03-31,2007-03-31,2007-03-31,2021-10-19,417000000.0,114121000000.0,114699250000.0,,,0.222,37.852,0.0,378000000.0,378000000.0,12391000000.0,4288000000.0,,3.501,6123000000.0,,,6123000000.0,0.0,0.0,0.0,0.02,1.04,6171000000.0,6171000000.0,0.242,6171000000.0,6171000000.0,5847000000.0,6.29,6.07,6.29,25357000000.0,24572750000.0,25357000000.0,40276663058.0,7.0,6.527,5079000000.0,7.582,1.0,13076000000.0,0.513,4357000000.0,324000000.0,115509000000.0,116329250000.0,0.0,72690000000.0,,,88764000000.0,,,34975663058.0,5000000.0,0.0,-1590000000.0,359000000.0,-716000000.0,-1909000000.0,-3169000000.0,-2679000000.0,5079000000.0,4000000.0,4288000000.0,4288000000.0,4288000000.0,0.0,0.0,0.168,6905000000.0,6171000000.0,5994000000.0,0.165,1.379,8.157,8.231,0.0,0.0,51.77,1.373,1.362,28500000000.0,8167000000.0,25467000000.0,25467000000.0,0.0,0.037,0.175,0.053,0.242,-20000000.0,3497000000.0,1.0,675597123.0,669900000.0,701200000.0,38.016,109764000000.0,1713000000.0,1559000000.0,0.0,163.851,
59,TRV,MRT,2006-12-31,2006-12-31,2006-12-31,2021-10-19,452000000.0,115292000000.0,114513000000.0,,,0.219,36.581,0.0,459000000.0,459000000.0,12244000000.0,4208000000.0,,3.587,5760000000.0,,,5760000000.0,0.0,0.0,0.0,0.019,1.01,6049000000.0,6049000000.0,0.241,6049000000.0,6049000000.0,5725000000.0,6.12,5.91,6.12,25135000000.0,23942750000.0,25135000000.0,43259083171.0,7.0,7.151,4774000000.0,6.948,1.0,12846000000.0,0.512,4202000000.0,324000000.0,116391000000.0,116080500000.0,0.0,72268000000.0,,,90157000000.0,,,37047083171.0,122000000.0,0.0,-904000000.0,-20000000.0,-702000000.0,-1593000000.0,-3064000000.0,-2739000000.0,4774000000.0,5000000.0,4208000000.0,4208000000.0,4208000000.0,0.0,0.0,0.168,6797000000.0,6049000000.0,7239000000.0,0.165,1.474,8.804,8.773,0.0,0.0,53.69,1.477,1.47,30555000000.0,7253000000.0,25090000000.0,25090000000.0,0.0,0.037,0.176,0.052,0.241,-16000000.0,3458000000.0,1.0,690018312.0,687100000.0,716700000.0,36.516,111090000000.0,1536000000.0,1517000000.0,0.0,161.68,
60,TRV,MRT,2006-09-30,2006-09-30,2006-09-30,2021-10-19,486000000.0,115498000000.0,113986750000.0,,,0.218,36.111,0.0,357000000.0,357000000.0,13484000000.0,3198000000.0,,3.667,6569000000.0,,,6569000000.0,0.0,0.0,0.0,0.021,0.98,4651000000.0,4651000000.0,0.188,4651000000.0,4651000000.0,4334000000.0,4.62,4.5,4.62,24747000000.0,23234750000.0,24747000000.0,38741682286.0,8.0,8.33,3595000000.0,5.246,1.0,11318000000.0,0.456,4243000000.0,317000000.0,117467000000.0,115568000000.0,0.0,72152000000.0,,,90751000000.0,,,32397682286.0,-85000000.0,0.0,-266000000.0,847000000.0,-685000000.0,-99000000.0,-3583000000.0,-3309000000.0,3595000000.0,2000000.0,3198000000.0,3198000000.0,3198000000.0,-1000000.0,0.0,0.129,6668000000.0,4650000000.0,6550000000.0,0.212,1.309,10.131,10.149,0.0,0.0,46.89,1.306,1.296,30238000000.0,6245000000.0,24802000000.0,24802000000.0,0.0,0.028,0.138,0.04,0.188,-8000000.0,3367000000.0,1.0,690929458.0,685300000.0,714600000.0,36.191,111255000000.0,1669000000.0,1136000000.0,0.0,162.345,
61,TRV,MRT,2006-06-30,2006-06-30,2006-06-30,2021-10-19,-406000000.0,113886000000.0,113472750000.0,,,0.216,33.322,0.0,274000000.0,274000000.0,14798000000.0,2317000000.0,,3.94,6618000000.0,,,6618000000.0,0.0,0.0,0.0,0.021,0.95,3258000000.0,3258000000.0,0.133,3258000000.0,3258000000.0,2959000000.0,3.34,3.26,3.34,23052000000.0,22650000000.0,23052000000.0,36505021776.0,11.0,11.205,3269000000.0,4.725,1.0,9730000000.0,0.397,4280000000.0,299000000.0,115950000000.0,114787250000.0,0.0,69770000000.0,,,90834000000.0,,,31039021776.0,-464000000.0,532000000.0,337000000.0,848000000.0,-664000000.0,525000000.0,-4792000000.0,-4586000000.0,3269000000.0,2000000.0,2317000000.0,2317000000.0,2317000000.0,-88000000.0,0.0,0.094,6560000000.0,3170000000.0,6261000000.0,0.284,1.346,13.396,13.347,0.0,0.0,44.58,1.265,1.257,30654000000.0,5382000000.0,24528000000.0,24528000000.0,0.0,0.02,0.102,0.028,0.133,-6000000.0,3287000000.0,1.0,696254414.0,691800000.0,720400000.0,35.455,109606000000.0,2282000000.0,642000000.0,0.0,158.436,
62,TRV,MRT,2006-03-31,2006-03-31,2006-03-31,2021-10-19,-25000000.0,113376000000.0,112952250000.0,,,0.215,32.992,0.0,373000000.0,373000000.0,14746000000.0,2416000000.0,,3.965,5839000000.0,,,5839000000.0,0.0,0.0,0.0,0.022,0.92,3338000000.0,3338000000.0,0.137,3338000000.0,3338000000.0,3047000000.0,3.53,3.42,3.53,22837000000.0,22479250000.0,22837000000.0,34595230138.0,10.0,10.364,3123000000.0,4.512,1.0,9564000000.0,0.393,4328000000.0,291000000.0,114514000000.0,113895750000.0,0.0,69008000000.0,,,90539000000.0,,,29082230138.0,-168000000.0,2399000000.0,565000000.0,-417000000.0,-639000000.0,-504000000.0,-5183000000.0,-5013000000.0,3123000000.0,-3000000.0,2416000000.0,2416000000.0,2416000000.0,-226000000.0,0.0,0.099,6452000000.0,3112000000.0,6519000000.0,0.261,1.273,12.037,11.839,0.0,0.0,41.79,1.196,1.19,30706000000.0,4594000000.0,24310000000.0,24310000000.0,0.0,0.021,0.107,0.029,0.137,-5000000.0,3210000000.0,1.0,695913619.0,692200000.0,720800000.0,35.12,109048000000.0,2103000000.0,631000000.0,0.0,157.538,
63,TRV,MRT,2005-12-31,2005-12-31,2005-12-31,2021-10-19,351000000.0,113187000000.0,112491750000.0,,,0.217,32.978,0.0,337000000.0,337000000.0,14927000000.0,1622000000.0,,4.075,5850000000.0,,,5850000000.0,0.0,0.0,0.0,0.02,0.91,2518000000.0,2518000000.0,0.103,2518000000.0,2518000000.0,2232000000.0,2.39,2.33,2.39,22303000000.0,21953000000.0,22303000000.0,36242736184.0,14.0,14.393,3613000000.0,5.342,1.0,9438000000.0,0.387,4359000000.0,286000000.0,114341000000.0,113442250000.0,0.0,68287000000.0,,,90884000000.0,,,30931736184.0,75000000.0,2399000000.0,573000000.0,-415000000.0,-628000000.0,-469000000.0,-5455000000.0,-5303000000.0,3613000000.0,-5000000.0,1622000000.0,1622000000.0,1622000000.0,439000000.0,0.0,0.067,6481000000.0,2957000000.0,6236000000.0,0.381,1.387,19.07,18.69,0.0,0.0,44.67,1.27,1.24,31214000000.0,3750000000.0,24365000000.0,24365000000.0,0.0,0.014,0.074,0.022,0.103,0.0,3229000000.0,1.0,692449881.0,676300000.0,712800000.0,36.027,108828000000.0,2062000000.0,610000000.0,0.0,160.917,
64,TRV,MRT,2005-09-30,2005-09-30,2005-09-30,2021-10-19,538000000.0,113442000000.0,112006500000.0,,,0.218,32.992,0.0,442000000.0,442000000.0,14888000000.0,1746000000.0,,4.063,5753000000.0,,,5753000000.0,0.0,0.0,0.0,0.02,0.9,2651000000.0,2651000000.0,0.109,2651000000.0,2651000000.0,2370000000.0,2.6,2.5,2.6,22408000000.0,21677500000.0,22408000000.0,35372578820.0,13.0,13.343,4324000000.0,6.366,1.0,9524000000.0,0.39,4409000000.0,281000000.0,114344000000.0,113024750000.0,0.0,68817000000.0,,,91034000000.0,,,30308578820.0,184000000.0,2396000000.0,572000000.0,-348000000.0,-616000000.0,-395000000.0,-6130000000.0,-5913000000.0,4324000000.0,6000000.0,1746000000.0,1746000000.0,1746000000.0,408000000.0,0.0,0.072,6463000000.0,3061000000.0,6566000000.0,0.346,1.353,17.359,17.258,0.0,0.0,44.87,1.242,1.248,31259000000.0,3733000000.0,24412000000.0,24412000000.0,0.0,0.016,0.081,0.023,0.109,0.0,3213000000.0,1.0,675475347.0,679200000.0,683800000.0,35.942,109033000000.0,1985000000.0,624000000.0,0.0,160.532,
65,TRV,MRT,2005-06-30,2005-06-30,2005-06-30,2021-10-19,1024000000.0,111804000000.0,111066750000.0,,,0.221,33.412,0.0,738000000.0,738000000.0,14613000000.0,1924000000.0,,3.998,5802000000.0,,,5802000000.0,0.0,0.0,0.0,0.023,0.89,2957000000.0,2957000000.0,0.121,2957000000.0,2957000000.0,2679000000.0,2.87,2.77,2.87,22369000000.0,21297750000.0,22369000000.0,32388371170.0,11.0,10.953,4783000000.0,7.144,1.0,9886000000.0,0.404,4484000000.0,278000000.0,112384000000.0,111652750000.0,0.0,67095000000.0,,,89435000000.0,,,26634371170.0,546000000.0,1864000000.0,87000000.0,-182000000.0,-605000000.0,-679000000.0,-5408000000.0,-5256000000.0,4783000000.0,3000000.0,1924000000.0,1924000000.0,1924000000.0,466000000.0,0.0,0.079,6456000000.0,3430000000.0,6511000000.0,0.31,1.191,13.843,13.774,0.0,0.0,39.53,1.087,1.08,30381000000.0,3732000000.0,24499000000.0,24499000000.0,0.0,0.017,0.09,0.026,0.121,0.0,3216000000.0,1.0,673776149.0,669500000.0,710300000.0,36.593,107320000000.0,1467000000.0,755000000.0,0.0,160.299,
66,TRV,MRT,2005-03-31,2005-03-31,2005-03-31,2021-10-19,358000000.0,111534000000.0,109767750000.0,,,0.223,31.031,0.0,541000000.0,541000000.0,16381000000.0,580000000.0,,4.38,6295000000.0,,,6295000000.0,0.0,0.0,0.0,0.03,1.09,1004000000.0,1004000000.0,0.041,1004000000.0,1004000000.0,733000000.0,0.86,0.83,0.86,20732000000.0,20688000000.0,20732000000.0,31086334814.0,31.0,30.962,5512000000.0,8.25,1.0,8141000000.0,0.332,4588000000.0,271000000.0,112700000000.0,109980500000.0,0.0,64257000000.0,,,90802000000.0,,,24736334814.0,401000000.0,148000000.0,92000000.0,73000000.0,-711000000.0,-590000000.0,-4506000000.0,-4564000000.0,5512000000.0,5000000.0,580000000.0,580000000.0,580000000.0,577000000.0,0.0,0.024,6553000000.0,1588000000.0,6800000000.0,1.267,1.193,42.649,42.709,0.0,0.0,36.73,1.009,1.001,30690000000.0,2818000000.0,24522000000.0,24522000000.0,0.0,0.005,0.028,0.009,0.041,0.0,3291000000.0,1.0,673464057.0,668100000.0,709100000.0,36.704,106946000000.0,1757000000.0,153000000.0,0.0,160.075,
67,TRV,MRT,2004-12-31,2004-12-31,2004-12-31,2021-10-19,952000000.0,111246000000.0,98151725000.0,,,0.23,34.853,0.0,262000000.0,262000000.0,15439000000.0,955000000.0,,4.247,6313000000.0,,,6313000000.0,0.0,0.0,0.0,0.037,1.37,1260000000.0,1260000000.0,0.056,1260000000.0,1260000000.0,1024000000.0,1.56,1.53,1.56,21201000000.0,18673450000.0,21201000000.0,31012944811.0,25.0,24.613,5241000000.0,8.616,1.0,7105000000.0,0.315,4626000000.0,236000000.0,112671000000.0,98106125000.0,0.0,64368000000.0,,,90045000000.0,,,24816944811.0,-90000000.0,148000000.0,88000000.0,75000000.0,-642000000.0,-540000000.0,-4786000000.0,-4864000000.0,5241000000.0,7000000.0,955000000.0,955000000.0,955000000.0,-88000000.0,0.0,0.042,5923000000.0,1182000000.0,6525000000.0,0.878,1.171,25.986,23.763,0.0,0.0,37.07,1.101,1.0,30884000000.0,2744000000.0,22544000000.0,22544000000.0,0.0,0.01,0.051,0.013,0.056,0.0,2945000000.0,1.0,669461689.0,608300000.0,628300000.0,37.061,106620000000.0,2198000000.0,69000000.0,0.0,175.275,
68,TRV,MRT,2004-09-30,2004-09-30,2004-09-30,2021-10-19,846000000.0,109683000000.0,86558225000.0,,,0.235,31.37,0.0,271000000.0,271000000.0,13618000000.0,1141000000.0,,4.251,6467000000.0,,,6467000000.0,0.0,0.0,0.0,0.044,1.44,1540000000.0,1540000000.0,0.076,1540000000.0,1540000000.0,1337000000.0,2.57,2.43,2.57,20889000000.0,16369950000.0,20889000000.0,28260589493.0,18.0,18.351,5002000000.0,7.512,1.0,6739000000.0,0.331,7023000000.0,203000000.0,108856000000.0,86206375000.0,0.0,63729000000.0,,,88794000000.0,,,22109589493.0,49000000.0,151000000.0,67000000.0,-99000000.0,-574000000.0,-661000000.0,-4290000000.0,-4492000000.0,5002000000.0,-2000000.0,1141000000.0,1141000000.0,1141000000.0,-56000000.0,0.0,0.056,5236000000.0,1503000000.0,6060000000.0,0.56,1.058,19.377,12.864,0.0,0.0,33.06,1.086,1.081,29498000000.0,2595000000.0,20357000000.0,20357000000.0,0.0,0.013,0.07,0.018,0.076,0.0,2559000000.0,1.0,668771612.0,665900000.0,707900000.0,30.571,102660000000.0,1931000000.0,196000000.0,0.0,154.167,
69,TRV,MRT,2004-06-30,2004-06-30,2004-06-30,2021-10-19,127000000.0,106608000000.0,69228225000.0,,,0.26,29.979,0.0,207000000.0,207000000.0,11769000000.0,1227000000.0,,4.349,6358000000.0,,,6358000000.0,0.0,0.0,0.0,0.037,1.51,1681000000.0,1681000000.0,0.094,1681000000.0,1681000000.0,1507000000.0,3.04,2.91,3.04,19930000000.0,12714700000.0,19930000000.0,29588425458.0,18.0,17.602,4216000000.0,6.342,1.0,6205000000.0,0.345,7064000000.0,174000000.0,105695000000.0,69651625000.0,0.0,60220000000.0,,,86678000000.0,,,27044325458.0,-17000000.0,151000000.0,18000000.0,-678000000.0,-505000000.0,-1245000000.0,-2988000000.0,-3150000000.0,4216000000.0,0.0,1227000000.0,1227000000.0,1227000000.0,-27000000.0,0.0,0.068,4534000000.0,1671000000.0,6021000000.0,0.497,1.357,22.041,13.336,0.0,0.0,40.54,1.505,1.499,29752000000.0,2393000000.0,17974000000.0,17974000000.0,0.0,0.018,0.097,0.024,0.094,0.0,2165000000.0,1.0,667102256.0,664800000.0,664800000.0,27.037,99544000000.0,2248000000.0,280000000.0,0.0,149.735,
70,TRV,MRT,2004-03-31,2004-03-31,2004-03-31,2021-10-19,1248200000.0,65069900000.0,52710725000.0,,,0.297,29.162,0.0,139700000.0,139700000.0,9111000000.0,1943000000.0,,4.134,2683800000.0,,,2683800000.0,0.0,0.0,0.0,0.034,1.37,2768000000.0,2768000000.0,0.177,2768000000.0,2768000000.0,2617000000.0,4.48,4.34,4.48,12673800000.0,9300950000.0,12673800000.0,12766507894.0,5.0,4.612,3722300000.0,8.565,1.0,6552000000.0,0.418,2411500000.0,151000000.0,65202500000.0,53691375000.0,0.0,39242700000.0,,,52396100000.0,,,9166507894.0,-9900000.0,0.0,-3900000.0,-477400000.0,-302500000.0,-1687800000.0,-2044400000.0,-2044400000.0,3722300000.0,0.0,1943000000.0,1943000000.0,1943000000.0,0.0,0.0,0.124,3762000000.0,2790000000.0,3686200000.0,0.306,0.723,4.718,8.931,0.0,0.0,40.01,0.585,1.11,18351900000.0,2795700000.0,15663000000.0,15663000000.0,0.0,0.037,0.209,0.052,0.177,0.0,1714000000.0,1.0,229105421.0,434600000.0,453900000.0,36.04,62658400000.0,607100000.0,674000000.0,0.0,144.175,
71,TRV,MRT,2003-12-31,2003-12-31,2003-12-31,2021-10-19,1086000000.0,64872000000.0,46451250000.0,,,0.326,27.601,0.0,352000000.0,352000000.0,9118000000.0,1696000000.0,,4.412,3386000000.0,,,3386000000.0,0.0,0.0,0.0,0.029,1.16,2400000000.0,2400000000.0,0.159,2400000000.0,2400000000.0,2233000000.0,3.91,3.8,3.91,11987000000.0,7607500000.0,11987000000.0,12366405503.0,5.0,5.153,3834000000.0,8.828,1.0,6021000000.0,0.398,2834000000.0,167000000.0,65072000000.0,47739250000.0,0.0,38653000000.0,,,52885000000.0,,,9046405503.0,260000000.0,0.0,-18000000.0,129000000.0,-282000000.0,-1099000000.0,-2475000000.0,-2475000000.0,3834000000.0,0.0,1696000000.0,1696000000.0,1696000000.0,0.0,0.0,0.112,3625000000.0,2396000000.0,3524000000.0,0.297,0.755,5.334,10.141,0.0,0.0,39.65,0.598,1.137,18385000000.0,2290000000.0,15139000000.0,15139000000.0,0.0,0.037,0.223,0.05,0.159,0.0,1641000000.0,1.0,228156507.0,434300000.0,453300000.0,34.858,62038000000.0,678000000.0,537000000.0,0.0,142.846,
72,TRV,MRT,2003-09-30,2003-09-30,2003-09-30,2021-10-19,664000000.0,40363000000.0,40223000000.0,,,0.457,14.432,37000000.0,253000000.0,253000000.0,13001900000.0,1206000000.0,,5.44,3573000000.0,,,3573000000.0,4223000000.0,0.0,0.0,0.031,1.16,1464500000.0,1464500000.0,0.08,1464500000.0,1464500000.0,1177800000.0,2.89,2.88,2.89,6268000000.0,6047250000.0,6268000000.0,10793433370.0,7.0,7.37,5413000000.0,12.464,1.0,5391100000.0,0.293,1046000000.0,286700000.0,42637000000.0,41807250000.0,0.0,22673000000.0,,,34095000000.0,,,8435433370.0,-306000000.0,195000000.0,3588000000.0,-4914000000.0,-16000000.0,-2396000000.0,-3276000000.0,-3442000000.0,5376000000.0,-10000000.0,1206000000.0,1206000000.0,1206000000.0,-19000000.0,0.0,0.066,3722100000.0,1669000000.0,0.0,0.401,1.346,6.995,12.813,349000000.0,0.0,37.03,0.459,0.874,2833000000.0,2882000000.0,18393000000.0,18393000000.0,0.0,0.03,0.199,0.035,0.08,0.0,453400000.0,1.0,227799983.0,434300000.0,,42.351,39317000000.0,1159000000.0,-28200000.0,0.0,90.53,
73,TRV,MRT,2003-06-30,2003-06-30,2003-06-30,2021-10-19,838000000.0,40538000000.0,40116000000.0,,,0.422,14.445,27000000.0,177000000.0,177000000.0,12258900000.0,843000000.0,,5.318,2535000000.0,,,2535000000.0,4177000000.0,0.0,0.0,0.032,1.16,957500000.0,957500000.0,0.057,957500000.0,957500000.0,708800000.0,2.18,2.17,2.18,6275000000.0,5858750000.0,6275000000.0,10693028349.0,11.0,11.168,4702000000.0,10.824,1.0,4685100000.0,0.277,1042000000.0,248700000.0,41854000000.0,41431750000.0,0.0,22307000000.0,,,33373000000.0,,,8309028349.0,-43000000.0,59000000.0,4024000000.0,-4025000000.0,2000000.0,-1080000000.0,-3635000000.0,-3777000000.0,4675000000.0,-3000000.0,843000000.0,843000000.0,843000000.0,-13000000.0,0.0,0.05,3520100000.0,1165000000.0,0.0,0.532,1.324,9.856,16.748,363000000.0,0.0,36.51,0.49,0.936,3026000000.0,2734000000.0,16944000000.0,16944000000.0,0.0,0.021,0.144,0.023,0.057,0.0,763400000.0,1.0,227582261.0,434400000.0,,39.006,39496000000.0,1179000000.0,-134200000.0,0.0,90.921,
74,TRV,MRT,2003-03-31,2003-03-31,2003-03-31,2021-10-19,629000000.0,40032000000.0,39536750000.0,,,0.393,13.579,15000000.0,280000000.0,280000000.0,12033900000.0,179000000.0,,5.634,2664000000.0,,,2664000000.0,4114000000.0,0.0,0.0,0.036,1.16,-47500000.0,-47500000.0,-0.003,-47500000.0,-47500000.0,-256200000.0,0.07,0.07,0.07,5900000000.0,5535750000.0,5900000000.0,9627481292.0,-203.0,-202.684,3737700000.0,8.602,1.0,3505100000.0,0.226,1022000000.0,208700000.0,41394000000.0,40811000000.0,0.0,21751000000.0,,,33243000000.0,,,7229481292.0,-121100000.0,59000000.0,4037900000.0,-4159600000.0,-500000.0,-349200000.0,-3496600000.0,-3479600000.0,3722700000.0,2000000.0,179000000.0,179000000.0,179000000.0,-8000000.0,0.0,0.012,3345100000.0,160000000.0,0.0,16.571,1.225,40.388,454.286,438000000.0,0.0,31.8,0.465,0.889,2973000000.0,2577000000.0,15539000000.0,15539000000.0,0.0,0.005,0.032,-0.001,-0.003,0.0,1072400000.0,1.0,227342179.0,434500000.0,,35.763,39010000000.0,1332000000.0,-435200000.0,0.0,89.781,
75,TRV,MRT,2002-12-31,2002-12-31,2002-12-31,2021-10-19,602000000.0,39959000000.0,39173250000.0,,,0.364,13.964,0.0,315000000.0,315000000.0,11139000000.0,-27000000.0,,5.8,2713000000.0,,,2713000000.0,3802000000.0,0.0,0.0,0.034,1.16,-347000000.0,-347000000.0,-0.024,-347000000.0,-347000000.0,-504000000.0,-0.07,-0.07,-0.07,5746000000.0,5337750000.0,5746000000.0,9868733620.0,-28.0,-28.44,2926000000.0,7.111,1.0,3131000000.0,0.219,1013000000.0,157000000.0,41344000000.0,40430000000.0,0.0,22733000000.0,,,33324000000.0,,,7711733620.0,-145000000.0,0.0,4096000000.0,-4636000000.0,0.0,-800000000.0,-2271000000.0,-2271000000.0,2926000000.0,0.0,-27000000.0,-27000000.0,-27000000.0,0.0,0.0,-0.002,3234000000.0,-103000000.0,0.0,-16.571,1.342,-285.62,-486.429,459000000.0,0.0,34.05,0.54,0.982,2958000000.0,2473000000.0,14270000000.0,14270000000.0,0.0,-0.001,-0.005,-0.009,-0.024,0.0,1424000000.0,1.0,226482632.0,411500000.0,412300000.0,34.678,38946000000.0,1267000000.0,-477000000.0,0.0,94.644,
76,TRV,MRT,2002-09-30,2002-09-30,2002-09-30,2021-10-19,554000000.0,39935000000.0,38763750000.0,,,0.244,24.364,-50000000.0,429000000.0,429000000.0,7368000000.0,-763000000.0,,6.081,2586000000.0,,,2586000000.0,4022000000.0,0.0,0.0,0.04,1.15,-1101000000.0,-1101000000.0,-0.116,-1101000000.0,-1101000000.0,-1101000000.0,-3.71,-3.73,-3.71,5514000000.0,5179750000.0,5514000000.0,8455858158.0,-8.0,-7.68,823000000.0,3.636,1.0,2101000000.0,0.222,957000000.0,0.0,41135000000.0,39996500000.0,0.0,23161000000.0,,,33532000000.0,,,6499858158.0,261000000.0,-196000000.0,482000000.0,420000000.0,-245000000.0,1015000000.0,-1634000000.0,-1434000000.0,873000000.0,7000000.0,-763000000.0,-763000000.0,-763000000.0,37000000.0,0.0,-0.081,3159000000.0,-1058000000.0,0.0,-0.31,1.179,-8.519,-7.741,471000000.0,0.0,28.72,0.686,0.686,3089000000.0,2301000000.0,9469000000.0,9469000000.0,0.0,-0.02,-0.147,-0.028,-0.116,0.0,3159000000.0,1.0,226318181.0,226318181.0,,41.839,38978000000.0,1286000000.0,-338000000.0,0.0,172.227,
77,TRV,MRT,2002-06-30,2002-06-30,2002-06-30,2021-10-19,398000000.0,38221000000.0,38192500000.0,,,0.246,23.92,-57000000.0,166000000.0,166000000.0,8329000000.0,-1485000000.0,,6.492,2122000000.0,,,2122000000.0,4105000000.0,0.0,0.0,0.029,1.14,-2131000000.0,-2131000000.0,-0.227,-2131000000.0,-2131000000.0,-2131000000.0,-7.14,-7.16,-7.14,4983000000.0,5304000000.0,4983000000.0,10182791671.0,-5.0,-4.778,956000000.0,4.589,1.0,1068000000.0,0.114,806000000.0,0.0,39371000000.0,39473250000.0,0.0,21712000000.0,,,32349000000.0,,,8107791671.0,72000000.0,95000000.0,-91000000.0,295000000.0,-244000000.0,383000000.0,-1324000000.0,-1076000000.0,1013000000.0,0.0,-1485000000.0,-1485000000.0,-1485000000.0,95000000.0,0.0,-0.158,3098000000.0,-2030000000.0,0.0,-0.16,1.627,-5.46,-5.451,479000000.0,0.0,38.92,0.863,0.863,3341000000.0,2304000000.0,9397000000.0,9397000000.0,0.0,-0.039,-0.28,-0.054,-0.227,0.0,3098000000.0,1.0,208319416.0,208319416.0,,45.109,37415000000.0,1303000000.0,-646000000.0,0.0,179.604,
78,TRV,MRT,2002-03-31,2002-03-31,2002-03-31,2021-10-19,250000000.0,38578000000.0,37506500000.0,,,0.246,24.559,-59000000.0,185000000.0,185000000.0,7689000000.0,-1158000000.0,,6.378,2260000000.0,,,2260000000.0,4216000000.0,0.0,0.0,0.025,1.13,-1621000000.0,-1621000000.0,-0.176,-1621000000.0,-1621000000.0,-1621000000.0,-5.58,-5.62,-5.58,5108000000.0,5775500000.0,5108000000.0,11515228984.0,-7.0,-7.104,1179000000.0,5.669,1.0,1527000000.0,0.166,783000000.0,0.0,39870000000.0,38795500000.0,0.0,22126000000.0,,,32577000000.0,,,9536228984.0,132000000.0,95000000.0,-279000000.0,431000000.0,-244000000.0,355000000.0,-1455000000.0,-1253000000.0,1238000000.0,-6000000.0,-1158000000.0,-1158000000.0,-1158000000.0,82000000.0,0.0,-0.126,3060000000.0,-1533000000.0,0.0,-0.203,1.867,-8.235,-8.217,485000000.0,0.0,45.85,1.035,1.035,3522000000.0,2590000000.0,9216000000.0,9216000000.0,0.0,-0.031,-0.201,-0.042,-0.176,0.0,3060000000.0,1.0,207987546.0,207987546.0,,44.31,37795000000.0,1276000000.0,-463000000.0,0.0,181.718,
79,TRV,MRT,2001-12-31,2001-12-31,2001-12-31,2021-10-19,364000000.0,38321000000.0,36749000000.0,,,0.246,24.657,-61000000.0,151000000.0,151000000.0,7479000000.0,-1088000000.0,,6.319,2130000000.0,,,2130000000.0,3957000000.0,0.0,0.0,0.025,1.12,-1510000000.0,-1510000000.0,-0.167,-1510000000.0,-1510000000.0,-1510000000.0,-5.22,-5.22,-5.22,5114000000.0,6279250000.0,5114000000.0,11096631223.0,-7.0,-7.349,926000000.0,4.465,1.0,1553000000.0,0.172,690000000.0,0.0,39610000000.0,38026750000.0,0.0,22178000000.0,,,32314000000.0,,,9119631223.0,99000000.0,154000000.0,-505000000.0,454000000.0,-245000000.0,410000000.0,-1294000000.0,-779000000.0,987000000.0,-4000000.0,-1088000000.0,-1088000000.0,-1088000000.0,79000000.0,0.0,-0.12,2984000000.0,-1431000000.0,0.0,-0.215,1.783,-8.382,-8.423,486000000.0,0.0,43.97,1.01,1.01,3383000000.0,2500000000.0,9032000000.0,9032000000.0,0.0,-0.03,-0.173,-0.04,-0.167,0.0,2984000000.0,1.0,207405759.0,207405759.0,,43.547,37631000000.0,1248000000.0,-422000000.0,0.0,181.437,
80,TRV,MRT,2001-09-30,2001-09-30,2001-09-30,2021-10-19,496000000.0,37650000000.0,36044250000.0,,,0.237,28.768,-62000000.0,168000000.0,168000000.0,6030000000.0,-160000000.0,,5.211,2145000000.0,,,2145000000.0,4010000000.0,0.0,0.0,0.027,1.11,-237000000.0,-237000000.0,-0.028,-237000000.0,-237000000.0,-237000000.0,-0.91,-1.02,-0.91,6011000000.0,6807500000.0,6011000000.0,10314801688.0,-44.0,-43.522,386000000.0,1.847,1.0,2495000000.0,0.293,585000000.0,0.0,39042000000.0,37271000000.0,0.0,21879000000.0,,,31321000000.0,,,8612801688.0,118000000.0,145000000.0,-505000000.0,450000000.0,-246000000.0,-4000000.0,-325000000.0,328000000.0,448000000.0,-1000000.0,-160000000.0,-160000000.0,-160000000.0,55000000.0,0.0,-0.019,2677000000.0,-182000000.0,0.0,-1.22,1.433,-53.83,-45.297,488000000.0,0.0,41.22,1.01,1.01,3509000000.0,3285000000.0,8525000000.0,8525000000.0,0.0,-0.004,-0.024,-0.006,-0.028,0.0,2677000000.0,1.0,208947154.0,208947154.0,,40.8,37065000000.0,1136000000.0,-77000000.0,58000000.0,177.389,
81,TRV,MRT,2001-06-30,2001-06-30,2001-06-30,2021-10-19,459000000.0,35477000000.0,37046000000.0,,,0.22,32.033,-64000000.0,94000000.0,94000000.0,4388000000.0,730000000.0,,4.116,1796000000.0,,,1796000000.0,3908000000.0,0.0,0.0,0.022,1.1,1032000000.0,1032000000.0,0.126,1032000000.0,1032000000.0,1032000000.0,3.29,3.12,3.29,6869000000.0,7066500000.0,6869000000.0,12641970958.0,12.0,12.25,-147000000.0,-0.686,1.0,3773000000.0,0.462,519000000.0,0.0,36660000000.0,38186000000.0,0.0,21056000000.0,,,28271000000.0,,,10871970958.0,42000000.0,-6000000.0,-494000000.0,183000000.0,-245000000.0,-168000000.0,294000000.0,1210000000.0,-83000000.0,-1000000.0,730000000.0,730000000.0,730000000.0,-21000000.0,0.0,0.089,2762000000.0,1011000000.0,0.0,0.334,1.583,14.893,15.41,486000000.0,0.0,50.7,1.332,1.332,3252000000.0,4143000000.0,8161000000.0,8161000000.0,0.0,0.02,0.103,0.027,0.126,0.0,2762000000.0,1.0,214437297.0,214437297.0,,38.058,34958000000.0,986000000.0,302000000.0,127000000.0,163.022,
82,TRV,MRT,2001-03-31,2001-03-31,2001-03-31,2021-10-19,601000000.0,35548000000.0,38461500000.0,,,0.207,32.848,-82000000.0,53000000.0,53000000.0,4068000000.0,838000000.0,,3.943,1823000000.0,,,1823000000.0,3804000000.0,0.0,0.0,0.025,1.09,1187000000.0,1187000000.0,0.149,1187000000.0,1187000000.0,1187000000.0,3.8,3.59,3.8,7123000000.0,7031250000.0,7123000000.0,11116127265.0,9.0,9.365,-612000000.0,-2.822,1.0,3901000000.0,0.49,523000000.0,0.0,36795000000.0,39692750000.0,0.0,21583000000.0,,,28088000000.0,,,9552127265.0,19000000.0,26000000.0,-294000000.0,238000000.0,-241000000.0,146000000.0,403000000.0,1293000000.0,-530000000.0,0.0,838000000.0,838000000.0,838000000.0,-8000000.0,0.0,0.105,2722000000.0,1179000000.0,0.0,0.287,1.341,11.399,11.592,492000000.0,0.0,44.05,1.199,1.199,3197000000.0,4245000000.0,7969000000.0,7969000000.0,0.0,0.022,0.119,0.03,0.149,0.0,2722000000.0,1.0,216847384.0,216847384.0,,36.749,35025000000.0,948000000.0,349000000.0,172000000.0,161.519,
83,TRV,MRT,2000-12-31,2000-12-31,2000-12-31,2021-10-19,697000000.0,35502000000.0,39388000000.0,,,0.202,33.199,-78000000.0,52000000.0,52000000.0,3913000000.0,993000000.0,,3.866,1647000000.0,,,1647000000.0,3648000000.0,0.0,0.0,0.02,1.08,1424000000.0,1424000000.0,0.179,1424000000.0,1424000000.0,1424000000.0,4.5,4.24,4.5,7227000000.0,6903750000.0,7227000000.0,13377706806.0,9.0,9.394,-641000000.0,-2.945,1.0,4033000000.0,0.508,510000000.0,0.0,36587000000.0,40642250000.0,0.0,22052000000.0,,,27938000000.0,,,11822706806.0,-53000000.0,-11000000.0,-463000000.0,135000000.0,-241000000.0,-172000000.0,682000000.0,1399000000.0,-563000000.0,0.0,993000000.0,993000000.0,993000000.0,-23000000.0,0.0,0.125,2632000000.0,1401000000.0,0.0,0.24,1.636,11.906,12.069,492000000.0,0.0,54.31,1.488,1.488,3214000000.0,4243000000.0,7946000000.0,7946000000.0,0.0,0.025,0.144,0.035,0.179,0.0,2632000000.0,1.0,217689317.0,217689317.0,,36.502,34992000000.0,930000000.0,431000000.0,170000000.0,160.743,
84,TRV,MRT,2000-09-30,2000-09-30,2000-09-30,2021-10-19,667000000.0,41657000000.0,40151250000.0,,,0.187,32.573,-52000000.0,81000000.0,81000000.0,3514000000.0,939000000.0,,4.863,1636000000.0,,,1636000000.0,3567000000.0,118000000.0,0.0,0.021,1.07,1342000000.0,1460000000.0,0.195,1460000000.0,1342000000.0,1342000000.0,4.22,3.98,4.22,7047000000.0,6715000000.0,7047000000.0,12952473897.0,10.0,8.872,-725000000.0,-3.351,1.0,3986000000.0,0.531,510000000.0,0.0,42702000000.0,41361500000.0,0.0,27213000000.0,,,34273000000.0,,,10899473897.0,-70000000.0,61000000.0,-561000000.0,295000000.0,-242000000.0,-66000000.0,669000000.0,2054000000.0,-673000000.0,0.0,939000000.0,939000000.0,939000000.0,28000000.0,0.0,0.125,2619000000.0,1367000000.0,0.0,0.254,1.547,11.608,11.938,515000000.0,0.0,50.38,1.453,1.453,3262000000.0,4119000000.0,7500000000.0,7500000000.0,0.0,0.023,0.14,0.032,0.179,0.0,2619000000.0,1.0,216345254.0,216345254.0,,34.667,41147000000.0,1178000000.0,403000000.0,399000000.0,190.191,
85,TRV,MRT,2000-06-30,2000-06-30,2000-06-30,2021-10-19,618000000.0,41139000000.0,39537750000.0,,,0.188,31.727,-54000000.0,84000000.0,84000000.0,3652000000.0,1035000000.0,,5.034,2137000000.0,,,2137000000.0,3385000000.0,118000000.0,0.0,0.031,1.06,1376000000.0,1494000000.0,0.201,1494000000.0,1376000000.0,1376000000.0,4.61,4.34,4.61,6728000000.0,6559000000.0,6728000000.0,9095639473.0,7.0,6.088,-493000000.0,-2.325,1.0,3772000000.0,0.508,505000000.0,0.0,42687000000.0,40763000000.0,0.0,27243000000.0,,,33867000000.0,,,7237639473.0,-18000000.0,309000000.0,-405000000.0,36000000.0,-243000000.0,-213000000.0,636000000.0,1346000000.0,-439000000.0,-2000000.0,1035000000.0,1035000000.0,1035000000.0,-150000000.0,0.0,0.139,2549000000.0,1223000000.0,0.0,0.23,1.076,6.993,7.403,511000000.0,0.0,34.13,0.975,0.975,3069000000.0,4077000000.0,7424000000.0,7424000000.0,0.0,0.026,0.158,0.034,0.185,0.0,2549000000.0,1.0,212060928.0,212060928.0,,35.009,40634000000.0,1236000000.0,341000000.0,381000000.0,191.615,
86,TRV,MRT,2000-03-31,2000-03-31,2000-03-31,2021-10-19,670000000.0,39254000000.0,39085250000.0,,,0.189,30.773,-52000000.0,84000000.0,84000000.0,3686000000.0,1027000000.0,,4.872,1942000000.0,,,1942000000.0,3154000000.0,118000000.0,0.0,0.031,1.05,1352000000.0,1470000000.0,0.199,1470000000.0,1352000000.0,1352000000.0,4.52,4.26,4.52,6613000000.0,6449000000.0,6613000000.0,8635374985.0,6.0,5.874,-367000000.0,-1.708,1.0,3700000000.0,0.501,519000000.0,0.0,40593000000.0,40250750000.0,0.0,26470000000.0,,,32216000000.0,,,7334374985.0,-84000000.0,277000000.0,-457000000.0,-6000000.0,-246000000.0,-33000000.0,264000000.0,940000000.0,-315000000.0,0.0,1027000000.0,1027000000.0,1027000000.0,-140000000.0,0.0,0.139,2491000000.0,1209000000.0,0.0,0.232,1.109,7.142,7.551,508000000.0,0.0,34.13,0.993,0.993,2689000000.0,3923000000.0,7386000000.0,7386000000.0,0.0,0.026,0.159,0.034,0.183,0.0,2491000000.0,1.0,214895253.0,214895253.0,,34.37,38735000000.0,1162000000.0,325000000.0,457000000.0,180.251,
87,TRV,MRT,1999-12-31,1999-12-31,1999-12-31,2021-10-19,542000000.0,38555000000.0,39077500000.0,,,0.183,28.479,-83000000.0,158000000.0,158000000.0,3720000000.0,834000000.0,,4.892,1466000000.0,,,1466000000.0,3048000000.0,118000000.0,0.0,0.031,1.04,1053000000.0,1171000000.0,0.164,1171000000.0,1053000000.0,1053000000.0,3.61,3.41,3.61,6472000000.0,6401750000.0,6472000000.0,9274205419.0,9.0,7.92,-133000000.0,-0.585,1.0,3429000000.0,0.48,399000000.0,0.0,39464000000.0,40232750000.0,0.0,25974000000.0,,,31658000000.0,,,7656205419.0,10000000.0,314000000.0,-349000000.0,198000000.0,-246000000.0,361000000.0,-301000000.0,381000000.0,-50000000.0,0.0,834000000.0,834000000.0,834000000.0,-129000000.0,0.0,0.117,2478000000.0,951000000.0,0.0,0.288,1.183,9.18,9.332,499000000.0,0.0,33.69,1.071,1.071,2648000000.0,3827000000.0,7149000000.0,7149000000.0,0.0,0.021,0.13,0.026,0.147,0.0,2478000000.0,1.0,227254539.0,227254539.0,,31.458,38156000000.0,1262000000.0,219000000.0,311000000.0,167.9,
88,TRV,MRT,1999-09-30,1999-09-30,1999-09-30,2021-10-19,503000000.0,39203000000.0,38904750000.0,,,0.187,28.34,-127000000.0,175000000.0,175000000.0,4083000000.0,796000000.0,,5.029,1793000000.0,,,1793000000.0,3222000000.0,0.0,0.0,0.037,1.03,932000000.0,932000000.0,0.128,932000000.0,932000000.0,932000000.0,3.44,3.26,3.44,6423000000.0,6442750000.0,6423000000.0,8115550280.0,9.0,8.708,-118000000.0,-0.521,1.0,3183000000.0,0.438,513000000.0,0.0,40308000000.0,39963250000.0,0.0,26835000000.0,,,32303000000.0,,,6232550280.0,-6000000.0,252000000.0,-372000000.0,187000000.0,-245000000.0,380000000.0,-395000000.0,-585000000.0,9000000.0,0.0,796000000.0,796000000.0,796000000.0,-188000000.0,0.0,0.11,2409000000.0,774000000.0,0.0,0.299,0.97,7.83,7.994,521000000.0,0.0,27.5,0.858,0.858,2659000000.0,3809000000.0,7266000000.0,7266000000.0,0.0,0.02,0.124,0.023,0.128,0.0,2409000000.0,1.0,226638192.0,226638192.0,,32.06,38690000000.0,1421000000.0,136000000.0,439000000.0,170.713,
89,TRV,MRT,1999-06-30,1999-06-30,1999-06-30,2021-10-19,651000000.0,39329000000.0,38482089750.0,,,0.192,27.787,-115000000.0,126000000.0,126000000.0,4330000000.0,537000000.0,,5.175,2009000000.0,,,2009000000.0,3342000000.0,0.0,0.0,0.032,1.02,626000000.0,626000000.0,0.085,626000000.0,626000000.0,626000000.0,2.28,2.19,2.28,6288000000.0,6496121000.0,6288000000.0,9077251722.0,15.0,14.5,-62000000.0,-0.274,1.0,3076000000.0,0.415,574000000.0,0.0,40638000000.0,39481583750.0,0.0,27388000000.0,,,32538000000.0,,,7198251722.0,-44000000.0,0.0,-380000000.0,417000000.0,-246000000.0,619000000.0,-718000000.0,-526000000.0,53000000.0,2000000.0,537000000.0,537000000.0,537000000.0,37000000.0,0.0,0.073,2383000000.0,693000000.0,0.0,0.447,1.145,13.405,13.952,531000000.0,0.0,31.81,0.972,0.972,2803000000.0,3541000000.0,7406000000.0,7406000000.0,0.0,0.014,0.083,0.016,0.085,0.0,2383000000.0,1.0,226288957.0,226288957.0,,32.728,38755000000.0,1339000000.0,89000000.0,258000000.0,171.263,
90,TRV,MRT,1999-03-31,1999-03-31,1999-03-31,2021-10-19,903000000.0,39223000000.0,38015632250.0,,,0.199,28.062,-120000000.0,148000000.0,148000000.0,4677000000.0,59000000.0,,5.027,2027000000.0,,,2027000000.0,3151000000.0,0.0,0.0,0.041,1.26,-15000000.0,-15000000.0,-0.002,-15000000.0,-15000000.0,-15000000.0,0.21,0.17,0.21,6424000000.0,6552208500.0,6424000000.0,8250958363.0,-550.0,-550.064,16000000.0,0.07,1.0,2896000000.0,0.382,581000000.0,0.0,40521000000.0,38900391250.0,0.0,27717000000.0,,,32296000000.0,,,7110407363.0,2000000.0,0.0,-394000000.0,359000000.0,-237000000.0,267000000.0,-401000000.0,-283000000.0,136000000.0,0.0,59000000.0,59000000.0,59000000.0,103000000.0,0.0,0.008,2778000000.0,118000000.0,0.0,6.0,1.107,120.515,147.905,524000000.0,0.0,31.06,0.939,0.939,2476000000.0,3422000000.0,7573000000.0,7573000000.0,0.0,0.002,0.009,0.0,-0.002,0.0,2778000000.0,1.0,228924899.0,228924899.0,,33.081,38642000000.0,1264000000.0,-74000000.0,298000000.0,168.798,
91,TRV,MRT,1998-12-31,1998-12-31,1998-12-31,2021-10-19,1013000000.0,37864000000.0,33491509750.0,,,0.23,28.15,-93000000.0,146000000.0,146000000.0,4738000000.0,89000000.0,,4.63,1260000000.0,,,1260000000.0,3092000000.0,0.0,0.0,0.036,1.25,10000000.0,10000000.0,0.001,10000000.0,10000000.0,10000000.0,0.33,0.32,0.33,6636000000.0,6151047250.0,6636000000.0,9174217148.0,917.0,917.422,-24000000.0,-0.102,1.0,2970000000.0,0.385,592000000.0,0.0,38386000000.0,34104897500.0,0.0,26605000000.0,,,30725000000.0,,,8205866148.0,-3000000.0,-98000000.0,-110000000.0,14000000.0,-226000000.0,10000000.0,-82000000.0,-29000000.0,69000000.0,0.0,89000000.0,89000000.0,89000000.0,110000000.0,0.0,0.012,2850000000.0,120000000.0,0.0,3.788,1.237,92.201,105.485,510000000.0,0.0,34.81,1.065,1.065,2439000000.0,3480000000.0,7708000000.0,7708000000.0,0.0,0.003,0.014,0.0,0.001,0.0,2850000000.0,1.0,235733012.0,235733012.0,,32.698,37272000000.0,1193000000.0,-79000000.0,221000000.0,158.111,
92,TRV,MRT,1998-09-30,1998-09-30,1998-09-30,2021-10-19,936895000.0,37512359000.0,33365216750.0,,,0.223,28.108,-94320000.0,129391000.0,129391000.0,4215128000.0,244468000.0,,4.577,1600442000.0,,,1600442000.0,3411620000.0,0.0,0.0,0.038,1.235,330036000.0,330036000.0,0.044,330036000.0,330036000.0,330036000.0,1.0,0.87,1.0,6636484000.0,6144089250.0,6636484000.0,8620120648.0,26.0,26.119,301946000.0,1.279,1.0,3222229000.0,0.433,602075000.0,0.0,38381335000.0,33991180750.0,0.0,26279957000.0,,,30373175000.0,,,7673332648.0,63582000.0,-334000000.0,15630000.0,-203682000.0,-215363000.0,-216362000.0,-116345000.0,134442000.0,396266000.0,23000.0,244468000.0,244468000.0,244468000.0,181250000.0,0.0,0.033,2710943000.0,511286000.0,0.0,1.235,1.156,31.388,32.5,518084000.0,0.0,32.5,1.032,1.032,2626889000.0,3540005000.0,7437357000.0,7437357000.0,0.0,0.007,0.04,0.01,0.044,0.0,2710943000.0,1.0,236102543.0,236102543.0,,31.501,36910284000.0,1148038000.0,85568000.0,176299000.0,156.332,
93,TRV,MRT,1998-06-30,1998-06-30,1998-06-30,2021-10-19,843827000.0,37463170000.0,29352301750.0,,,0.267,27.761,-121309000.0,129107000.0,129107000.0,4336323000.0,391640000.0,,4.675,1578595000.0,,,1578595000.0,3392302000.0,0.0,0.0,0.029,1.22,548587000.0,548587000.0,0.07,548587000.0,548587000.0,548587000.0,1.65,1.45,1.65,6512350000.0,5597028500.0,6512350000.0,10478677419.0,19.0,19.101,447187000.0,1.906,1.0,3500324000.0,0.447,599428000.0,0.0,38313230000.0,29846618500.0,0.0,26053134000.0,,,30448120000.0,,,9866661419.0,27356000.0,-334000000.0,6533000.0,-200031000.0,-199266000.0,-150661000.0,-390435000.0,15712000.0,568496000.0,-44000.0,391640000.0,391640000.0,391640000.0,146250000.0,0.0,0.05,2805487000.0,694837000.0,0.0,0.739,1.515,25.193,25.491,532890000.0,0.0,42.06,1.259,1.259,2621971000.0,3532624000.0,7836647000.0,7836647000.0,0.0,0.013,0.07,0.018,0.07,0.0,2805487000.0,1.0,234585388.0,234585388.0,,33.406,36863742000.0,1203365000.0,156947000.0,224717000.0,157.144,
94,TRV,MRT,1998-03-31,1998-03-31,1998-03-31,2021-10-19,716447000.0,21126510000.0,25217988250.0,,,0.326,28.679,-141209000.0,42647000.0,42647000.0,4312755000.0,954582000.0,,3.341,654663000.0,,,654663000.0,2241953000.0,0.0,0.0,0.021,0.955,1308507000.0,1308507000.0,0.159,1308507000.0,1308507000.0,1308507000.0,4.08,3.78,4.08,4819355000.0,5020790500.0,4819355000.0,8248969921.0,6.0,6.304,651503000.0,3.877,1.0,3916994000.0,0.476,399501000.0,0.0,21339025000.0,25601197000.0,0.0,15136724000.0,,,16100155000.0,,,7488804921.0,46831000.0,-334000000.0,-43000000.0,-75338000.0,-209547000.0,-58921000.0,-686891000.0,-183211000.0,792712000.0,-69000.0,954582000.0,954582000.0,954582000.0,65250000.0,0.0,0.116,2543237000.0,1373757000.0,0.0,0.234,1.554,7.845,10.923,288407000.0,0.0,44.565,0.91,0.91,1617663000.0,3563068000.0,8229749000.0,8229749000.0,0.0,0.038,0.19,0.051,0.159,0.0,2543237000.0,1.0,168042296.0,168042296.0,,48.974,20727009000.0,736512000.0,353925000.0,220511000.0,123.344,
95,TRV,MRT,1997-12-31,1997-12-31,1997-12-31,2021-10-19,822648000.0,37358828000.0,25033798750.0,,,0.332,39.504,-140000000.0,113175000.0,113175000.0,4366000000.0,929000000.0,,4.577,1304008000.0,,,1304008000.0,3528234000.0,0.0,0.0,0.023,0.94,1300000000.0,1300000000.0,0.156,1300000000.0,1300000000.0,1300000000.0,3.97,3.69,3.97,6608168000.0,4791842500.0,6608168000.0,7589029135.0,6.0,5.838,707000000.0,4.226,1.0,3942000000.0,0.474,618528000.0,0.0,37931133000.0,25471424000.0,0.0,26110236000.0,,,30247960000.0,,,6863510135.0,30000000.0,-236000000.0,-104000000.0,37000000.0,-199000000.0,-19000000.0,-798000000.0,-331000000.0,847000000.0,0.0,929000000.0,929000000.0,929000000.0,133000000.0,0.0,0.112,2509000000.0,1433000000.0,0.0,0.237,1.039,7.388,10.335,602381000.0,0.0,41.03,0.826,0.826,2569896000.0,3720140000.0,8308000000.0,8308000000.0,0.0,0.037,0.194,0.051,0.156,0.0,2509000000.0,1.0,167280286.0,167280286.0,,49.665,36740300000.0,1213790000.0,371000000.0,303549000.0,219.633,
96,TRV,MRT,1997-09-30,1997-09-30,1997-09-30,2021-10-19,629864000.0,21460699000.0,20864335750.0,,,0.548,26.52,-165380000.0,36931000.0,36931000.0,6597603000.0,973557000.0,,3.778,762450000.0,,,762450000.0,2440565000.0,0.0,0.0,0.023,0.925,1266605000.0,1266605000.0,0.111,1266605000.0,1266605000.0,1266605000.0,3.66,3.4,3.66,4448241000.0,4140755500.0,4448241000.0,7491303907.0,6.0,5.914,1051424000.0,6.269,1.0,4838006000.0,0.423,383132000.0,0.0,21803086000.0,21280032000.0,0.0,15025633000.0,,,16805458000.0,,,6839986907.0,-48156000.0,-57153000.0,-273875000.0,-43868000.0,-232708000.0,-334482000.0,-930504000.0,-531253000.0,1216804000.0,26000.0,973557000.0,973557000.0,973557000.0,168788000.0,0.0,0.085,3402613000.0,1435393000.0,0.0,0.253,1.538,7.026,11.142,286128000.0,0.0,40.78,0.598,0.598,1779952000.0,3307321000.0,11435609000.0,11435609000.0,0.0,0.047,0.235,0.06,0.111,0.0,3402613000.0,1.0,167728958.0,167728958.0,,68.179,21077567000.0,900559000.0,293048000.0,273632000.0,125.664,
97,TRV,MRT,1997-06-30,1997-06-30,1997-06-30,2021-10-19,496625000.0,20925916000.0,,,,,25.16,-140545000.0,54423000.0,54423000.0,6184351000.0,887319000.0,,3.924,705740000.0,,,705740000.0,2418414000.0,0.0,0.0,0.024,0.91,1122088000.0,1122088000.0,0.106,1122088000.0,1122088000.0,1122088000.0,3.49,3.26,3.49,4207398000.0,,4207398000.0,7044572801.0,6.0,6.278,1063610000.0,6.36,1.0,4403126000.0,0.416,245689000.0,0.0,21331544000.0,,0.0,14641712000.0,,,16511518000.0,,,6375367801.0,-12158000.0,-241721000.0,-268469000.0,-39867000.0,-226396000.0,-484075000.0,-732331000.0,-299262000.0,1204155000.0,93000.0,887319000.0,887319000.0,887319000.0,154677000.0,0.0,0.084,3126361000.0,1276765000.0,0.0,0.261,1.515,7.185,10.924,283813000.0,0.0,38.125,0.602,0.602,1751286000.0,3209879000.0,10587477000.0,10587477000.0,0.0,,,,0.106,0.0,3126361000.0,1.0,167222762.0,167222762.0,,63.314,20680227000.0,941107000.0,234769000.0,256630000.0,123.669,
98,TRV,MRT,1997-03-31,1997-03-31,1997-03-31,2021-10-19,393570000.0,20389752000.0,,,,,23.37,-93258000.0,38383000.0,38383000.0,5579720000.0,728430000.0,,4.17,707588000.0,,,707588000.0,2397437000.0,0.0,0.0,0.028,0.895,898901000.0,898901000.0,0.095,898901000.0,898901000.0,898901000.0,2.995,2.82,2.995,3903563000.0,,3903563000.0,6070455266.0,7.0,6.753,1058809000.0,6.339,1.0,3879129000.0,0.41,239024000.0,0.0,20819933000.0,,0.0,14276534000.0,,,16279189000.0,,,5418528266.0,-36891000.0,-241721000.0,-206349000.0,-71155000.0,-202845000.0,-471313000.0,-717791000.0,-366211000.0,1152067000.0,146000.0,728430000.0,728430000.0,728430000.0,159919000.0,0.0,0.077,2820309000.0,1058820000.0,0.0,0.299,1.388,7.439,10.831,285832000.0,0.0,32.44,0.573,0.573,1680667000.0,3020490000.0,9458849000.0,9458849000.0,0.0,,,,0.095,0.0,2820309000.0,1.0,167032314.0,167032314.0,,56.629,20150728000.0,1033851000.0,170471000.0,260522000.0,120.64,
99,TRV,MRT,1996-12-31,1996-12-31,1996-12-31,2021-10-19,596472000.0,20680976000.0,19600135000.0,,,0.471,23.97,-83564000.0,37214000.0,37214000.0,5466302000.0,732702000.0,,4.114,689141000.0,,,689141000.0,2566551000.0,0.0,0.0,0.03,0.88,883339000.0,883339000.0,0.096,883339000.0,883339000.0,883339000.0,3.01,2.84,3.01,4003820000.0,3866970500.0,4003820000.0,,,,1216092000.0,7.281,1.0,3765235000.0,0.408,167338000.0,0.0,21165565000.0,20116649500.0,0.0,14509210000.0,,,16470156000.0,,,4895717123.0,-34403000.0,-241721000.0,-226555000.0,-96312000.0,-199879000.0,-521130000.0,-812929000.0,-491702000.0,1299656000.0,0.0,732702000.0,732702000.0,732702000.0,107759000.0,0.0,0.079,2774137000.0,991098000.0,0.0,0.292,1.223,6.682,9.738,281093000.0,0.0,29.31,0.53,0.53,1772850000.0,2935928000.0,9231537000.0,9231537000.0,0.0,0.037,0.189,0.044,0.096,0.0,2774137000.0,1.0,167032314.0,167032314.0,,55.268,20513638000.0,908220000.0,150637000.0,219081000.0,122.812,
100,TRV,MRT,1996-09-30,1996-09-30,1996-09-30,2021-10-19,,,,,,,,,,,,,,,,,,,,,,0.031,0.86,,,,,,,,,,,,,,,,,,1.0,,,,,,,,,,,,,,,,,,,,,,,,,,,,,,,,,,,,,,,,27.75,,,,,,,,,,,,,,1.0,,,,,,,,,,
101,TRV,MRT,1996-06-30,1996-06-30,1996-06-30,2021-10-19,,,,,,,,,,,,,,,,,,,,,,0.031,0.84,,,,,,,,,,,,,,,,,,1.0,,,,,,,,,,,,,,,,,,,,,,,,,,,,,,,,,,,,,,,,26.75,,,,,,,,,,,,,,1.0,,,,,,,,,,
102,TRV,MRT,1996-03-31,1996-03-31,1996-03-31,2021-10-19,,,,,,,,,,,,,,,,,,,,,,0.03,0.82,,,,,,,,,,,,,,,,,,1.0,,,,,,,,,,,,,,,,,,,,,,,,,,,,,,,,,,,,,,,,27.75,,,,,,,,,,,,,,1.0,,,,,,,,,,
103,TRV,MRT,1995-12-31,1995-12-31,1995-12-31,2021-10-19,587010000.0,18519294000.0,,,,,,-41614000.0,25475000.0,25475000.0,2864307000.0,521209000.0,,3.909,697045000.0,,,697045000.0,2361028000.0,58405000.0,0.0,0.029,0.8,652686000.0,711091000.0,0.141,711091000.0,652686000.0,652686000.0,3.035,2.85,3.035,3730121000.0,,3730121000.0,,,,864532000.0,,1.0,2191892000.0,0.434,123130000.0,0.0,19067734000.0,,0.0,12807773000.0,,,14582173000.0,,,,4666000.0,0.0,-41714000.0,67556000.0,-144662000.0,62964000.0,-964444000.0,-866021000.0,906146000.0,0.0,521209000.0,521209000.0,521209000.0,16639000.0,0.0,0.103,1522567000.0,669325000.0,0.0,0.264,,,9.163,297384000.0,0.0,27.81,,,1512324000.0,2704075000.0,5056199000.0,5056199000.0,0.0,,,,0.129,0.0,1522567000.0,1.0,,,,,18396164000.0,521864000.0,131477000.0,139058000.0,,
104,TRV,MRT,1994-12-31,1994-12-31,1994-12-31,2021-10-19,,,,,,,,-49338000.0,,,2461698000.0,442828000.0,,,,,,,,0.0,,0.034,0.75,556351000.0,556351000.0,0.127,556351000.0,556351000.0,556351000.0,2.56,2.465,2.56,,,,,,,850782000.0,,1.0,1906736000.0,0.436,,0.0,,,,,,,,,,,10399000.0,0.0,-34150000.0,67371000.0,-136062000.0,-129696000.0,-760025000.0,-694375000.0,900120000.0,0.0,442828000.0,442828000.0,442828000.0,17174000.0,0.0,0.101,1333211000.0,573525000.0,,0.293,,,8.74,,0.0,22.375,,,,,4368434000.0,4368434000.0,0.0,,,,0.127,0.0,1333211000.0,1.0,,,,,,,113523000.0,,,
