None,ticker,dimension,calendardate,datekey,reportperiod,lastupdated,accoci,assets,assetsavg,assetsc,assetsnc,assetturnover,bvps,capex,cashneq,cashnequsd,cor,consolinc,currentratio,de,debt,debtc,debtnc,debtusd,deferredrev,depamor,deposits,divyield,dps,ebit,ebitda,ebitdamargin,ebitdausd,ebitusd,ebt,eps,epsdil,epsusd,equity,equityavg,equityusd,ev,evebit,evebitda,fcf,fcfps,fxusd,gp,grossmargin,intangibles,intexp,invcap,invcapavg,inventory,investments,investmentsc,investmentsnc,liabilities,liabilitiesc,liabilitiesnc,marketcap,ncf,ncfbus,ncfcommon,ncfdebt,ncfdiv,ncff,ncfi,ncfinv,ncfo,ncfx,netinc,netinccmn,netinccmnusd,netincdis,netincnci,netmargin,opex,opinc,payables,payoutratio,pb,pe,pe1,ppnenet,prefdivis,price,ps,ps1,receivables,retearn,revenue,revenueusd,rnd,roa,roe,roic,ros,sbcomp,sgna,sharefactor,sharesbas,shareswa,shareswadil,sps,tangibles,taxassets,taxexp,taxliabilities,tbvps,workingcapital
0,HFC,MRY,2020-12-31,2020-12-31,2020-12-31,2021-09-07,13462000.0,11506864000.0,11343054750.0,3310761000.0,8196103000.0,0.986,31.907,-330160000.0,1368318000.0,1368318000.0,9237304000.0,-514899000.0,2.408,1.119,3526440000.0,97937000.0,3428503000.0,3526440000.0,0.0,520912000.0,0.0,0.054,1.4,-707068000.0,-186156000.0,-0.017,-186156000.0,-707068000.0,-833595000.0,-3.72,-3.72,-3.72,5168361000.0,5370311750.0,5168361000.0,6238865145.0,-9.0,-33.514,127771000.0,0.789,1.0,1946339000.0,0.174,2957600000.0,126527000.0,9332230000.0,9083050750.0,1173476000.0,0.0,0.0,0.0,5784661000.0,1375156000.0,4409505000.0,4188146145.0,483156000.0,0.0,-7642000.0,671430000.0,-229493000.0,353226000.0,-330162000.0,-2438000.0,457931000.0,2161000.0,-601448000.0,-601448000.0,-601448000.0,0.0,86549000.0,-0.054,2680082000.0,-733743000.0,1000959000.0,-0.376,0.81,-6.963,-6.949,4923687000.0,0.0,25.85,0.374,0.374,630036000.0,3913179000.0,11183643000.0,11183643000.0,0.0,-0.053,-0.112,-0.078,-0.063,31654000.0,313600000.0,1.0,162017259.0,161983000,161983000.0,69.042,8549264000.0,91348000.0,-232147000.0,715504000.0,52.779,1935605000.0
1,HFC,MRY,2019-12-31,2019-12-31,2019-12-31,2021-09-07,14774000.0,12164841000.0,12146022500.0,3306189000.0,8858652000.0,1.44,35.951,-293763000.0,885162000.0,885162000.0,13798609000.0,872352000.0,1.961,0.946,2924475000.0,104415000.0,2820060000.0,2924475000.0,0.0,509925000.0,0.0,0.026,1.34,1214861000.0,1724786000.0,0.099,1724786000.0,1214861000.0,1071540000.0,4.64,4.61,4.64,5978193000.0,6018897000.0,5978193000.0,10082482752.0,8.0,5.846,1254848000.0,7.546,1.0,3687969000.0,0.211,3047553000.0,143321000.0,9470673000.0,9474243750.0,1474202000.0,0.0,0.0,0.0,5655415000.0,1685928000.0,3969487000.0,8184072752.0,-269590000.0,-662665000.0,-533083000.0,40949000.0,-225170000.0,-848255000.0,-972914000.0,-17886000.0,1548611000.0,2968000.0,772388000.0,772388000.0,772388000.0,0.0,99964000.0,0.044,2410925000.0,1277044000.0,1215555000.0,0.289,1.369,10.596,10.929,5289821000.0,0.0,50.71,0.468,0.482,879685000.0,4744120000.0,17486578000.0,17486578000.0,0.0,0.064,0.128,0.128,0.069,42269000.0,354236000.0,1.0,161389721.0,166287000,167385000.0,105.159,9117288000.0,5478000.0,299152000.0,917235000.0,54.829,1620261000.0
2,HFC,MRY,2018-12-31,2018-12-31,2018-12-31,2021-09-07,13623000.0,10994601000.0,11170788250.0,3296379000.0,7698222000.0,1.586,33.819,-311029000.0,1154752000.0,1154752000.0,14077087000.0,1177224000.0,2.822,0.766,2411540000.0,0.0,2411540000.0,2411540000.0,0.0,437324000.0,0.0,0.026,1.32,1576566000.0,2013890000.0,0.114,2013890000.0,1576566000.0,1445203000.0,6.25,6.19,6.25,5918571000.0,5838169000.0,5918571000.0,10191169021.0,6.0,5.06,1243387000.0,7.105,1.0,3637579000.0,0.205,2675827000.0,131363000.0,8407407000.0,8461575750.0,1354379000.0,0.0,0.0,0.0,4535542000.0,1168155000.0,3367387000.0,8857698021.0,523995000.0,-54179000.0,-363437000.0,-56453000.0,-233544000.0,-664328000.0,-360520000.0,0.0,1554416000.0,-5573000.0,1097960000.0,1097960000.0,1097960000.0,0.0,79264000.0,0.062,2013586000.0,1623993000.0,872627000.0,0.211,1.497,8.067,8.179,4682534000.0,0.0,51.12,0.5,0.505,671701000.0,4196902000.0,17714666000.0,17714666000.0,0.0,0.098,0.188,0.186,0.089,42172000.0,290424000.0,1.0,173272653.0,175009000,176661000.0,101.221,8318774000.0,34040000.0,347243000.0,740212000.0,47.533,2128224000.0
3,HFC,MRY,2017-12-31,2017-12-31,2017-12-31,2021-09-07,29869000.0,10692154000.0,10006474000.0,3062828000.0,7629326000.0,1.424,30.486,-272259000.0,630757000.0,630757000.0,11359188000.0,881242000.0,2.153,0.893,2498993000.0,0.0,2498993000.0,2498993000.0,0.0,409937000.0,0.0,0.026,1.32,910613000.0,1320550000.0,0.093,1320550000.0,910613000.0,793016000.0,4.54,4.52,4.54,5370829000.0,4856766750.0,5370829000.0,10685698184.0,12.0,8.092,679131000.0,3.855,1.0,2892111000.0,0.203,2684733000.0,117597000.0,8452947000.0,7878788750.0,1630092000.0,0.0,0.0,0.0,4795214000.0,1422710000.0,3372504000.0,9079926184.0,-79822000.0,-1116073000.0,-15926000.0,251000000.0,-235508000.0,-72630000.0,-959670000.0,424151000.0,951390000.0,1088000.0,805395000.0,805395000.0,805395000.0,0.0,75847000.0,0.057,1991574000.0,900537000.0,1220795000.0,0.291,1.691,11.274,11.282,4713274000.0,0.0,51.22,0.637,0.633,720733000.0,3346615000.0,14251299000.0,14251299000.0,0.0,0.08,0.166,0.116,0.064,42337000.0,265721000.0,1.0,177273061.0,176174000,177196000.0,80.893,8007421000.0,44337000.0,-12379000.0,650944000.0,45.452,1640118000.0
4,HFC,MRY,2016-12-31,2016-12-31,2016-12-31,2021-09-07,10612000.0,9435661000.0,8821528250.0,2851009000.0,6584652000.0,1.194,26.584,-479790000.0,710579000.0,710579000.0,8474089000.0,-190945000.0,2.632,0.883,2235137000.0,0.0,2235137000.0,2235137000.0,0.0,363027000.0,0.0,0.04,1.32,-168850000.0,194177000.0,0.018,194177000.0,-168850000.0,-241042000.0,-1.48,-1.48,-1.48,4681394000.0,4766701500.0,4681394000.0,7082064570.0,-42.0,36.472,127158000.0,0.722,1.0,2061611000.0,0.196,2358864000.0,72192000.0,7518126000.0,6709230750.0,1135676000.0,424148000.0,424148000.0,0.0,4133676000.0,1083229000.0,3050447000.0,5782783570.0,644046000.0,-42627000.0,-138107000.0,1188050000.0,-234004000.0,838695000.0,-801597000.0,-280029000.0,606948000.0,0.0,-260453000.0,-260453000.0,-260453000.0,0.0,69508000.0,-0.025,2164193000.0,-102582000.0,935387000.0,-0.892,1.235,-22.203,-22.135,4008448000.0,0.0,32.76,0.549,0.548,479199000.0,2776728000.0,10535700000.0,10535700000.0,0.0,-0.03,-0.055,-0.025,-0.016,21352000.0,125930000.0,1.0,176519645.0,176101000,176101000.0,59.828,7076797000.0,68371000.0,19411000.0,620414000.0,40.186,1767780000.0
5,HFC,MRY,2015-12-31,2015-12-31,2015-12-31,2021-09-07,-4155000.0,8388299000.0,8966837250.0,1448065000.0,6940234000.0,1.476,27.835,-676155000.0,66533000.0,66533000.0,10466197000.0,802508000.0,1.683,0.491,1040040000.0,0.0,1040040000.0,1040040000.0,0.0,346151000.0,0.0,0.033,1.31,1189631000.0,1535782000.0,0.116,1535782000.0,1189631000.0,1146161000.0,3.91,3.9,3.91,5253415000.0,5526122000.0,5253415000.0,8039210887.0,7.0,5.235,309713000.0,1.641,1.0,2771723000.0,0.209,2592699000.0,43470000.0,5908492000.0,6059501750.0,841869000.0,144019000.0,144019000.0,0.0,2578526000.0,860615000.0,1717911000.0,7296095887.0,-501452000.0,-55032000.0,-742823000.0,-14156000.0,-246908000.0,-1105572000.0,-381748000.0,330175000.0,985868000.0,0.0,740101000.0,740101000.0,740101000.0,0.0,62407000.0,0.056,1527370000.0,1244353000.0,716490000.0,0.335,1.389,9.858,10.202,4115662000.0,0.0,39.89,0.551,0.569,351978000.0,3271189000.0,13237920000.0,13237920000.0,0.0,0.083,0.134,0.196,0.09,30367000.0,120846000.0,1.0,182905387.0,188731000,188940000.0,70.142,5795600000.0,0.0,406060000.0,506048000.0,30.708,587450000.0
6,HFC,MRY,2014-12-31,2014-12-31,2014-12-31,2021-09-07,27894000.0,9230047000.0,10062689500.0,2782998000.0,6447049000.0,1.964,28.004,-564821000.0,567985000.0,567985000.0,17625863000.0,326328000.0,2.255,0.567,1054297000.0,0.0,1054297000.0,1054297000.0,0.0,363381000.0,0.0,0.087,3.26,466110000.0,829491000.0,0.042,829491000.0,466110000.0,422464000.0,1.42,1.42,1.42,5523584000.0,5904089750.0,5523584000.0,7519554943.0,16.0,9.065,193775000.0,0.982,1.0,2138464000.0,0.108,2519357000.0,43646000.0,5963008000.0,5957576750.0,1035131000.0,474110000.0,474110000.0,0.0,3129328000.0,1233994000.0,1895334000.0,7336184943.0,-372118000.0,0.0,-158847000.0,51812000.0,-647197000.0,-838392000.0,-292322000.0,250845000.0,758596000.0,0.0,281292000.0,281292000.0,281292000.0,0.0,45036000.0,0.014,1622930000.0,515534000.0,1108138000.0,2.296,1.328,26.08,26.394,3670539000.0,0.0,37.48,0.371,0.374,589905000.0,2778577000.0,19764327000.0,19764327000.0,0.0,0.028,0.048,0.078,0.024,29598000.0,114609000.0,1.0,195735991.0,197243000,197428000.0,100.203,6710690000.0,11719000.0,141172000.0,683921000.0,34.022,1549004000.0
7,HFC,MRY,2013-12-31,2013-12-31,2013-12-31,2021-09-07,822000.0,10056739000.0,10436372250.0,3896444000.0,6160295000.0,1.932,29.935,-425127000.0,940103000.0,940103000.0,17392227000.0,767823000.0,2.327,0.575,997519000.0,0.0,997519000.0,997519000.0,0.0,303446000.0,0.0,0.064,3.2,1195468000.0,1498914000.0,0.074,1498914000.0,1195468000.0,1127418000.0,3.66,3.64,3.66,5999620000.0,6181251250.0,5999620000.0,9594805267.0,8.0,6.401,444047000.0,2.216,1.0,2768333000.0,0.137,2507263000.0,68050000.0,5932402000.0,5822794750.0,1354247000.0,725160000.0,725160000.0,0.0,3447341000.0,1674490000.0,1772851000.0,9889405267.0,-817596000.0,-11301000.0,-78135000.0,-358973000.0,-645920000.0,-1160035000.0,-526735000.0,-89369000.0,869174000.0,0.0,735842000.0,735842000.0,735842000.0,0.0,31981000.0,0.036,1522259000.0,1246074000.0,1325376000.0,0.874,1.648,13.44,13.577,3394596000.0,0.0,49.69,0.491,0.494,708802000.0,3144480000.0,20160560000.0,20160560000.0,0.0,0.071,0.119,0.205,0.059,35775000.0,127963000.0,1.0,199022042.0,200419000,201234000.0,100.592,7549476000.0,109376000.0,391576000.0,840841000.0,37.668,2221954000.0
8,HFC,MRY,2012-12-31,2012-12-31,2012-12-31,2021-09-07,-8425000.0,10328997000.0,9960803750.0,4470265000.0,5858732000.0,2.017,29.616,-335263000.0,1757699000.0,1757699000.0,15840643000.0,1760033000.0,2.702,0.609,1336238000.0,0.0,1336238000.0,1336238000.0,0.0,242868000.0,0.0,0.067,3.1,2859320000.0,3102188000.0,0.154,3102188000.0,2859320000.0,2755134000.0,8.41,8.38,8.41,6052954000.0,5577751000.0,6052954000.0,8745229596.0,3.0,2.819,1327424000.0,6.495,1.0,4250081000.0,0.212,2507152000.0,104186000.0,5745940000.0,5214804000.0,1319632000.0,635702000.0,630586000.0,5116000.0,3686339000.0,1654444000.0,2031895000.0,9456410596.0,178795000.0,0.0,-209600000.0,125750000.0,-658085000.0,-772788000.0,-711104000.0,-373841000.0,1662687000.0,0.0,1727172000.0,1727172000.0,1727172000.0,0.0,32861000.0,0.086,1365935000.0,2884146000.0,1314151000.0,0.369,1.562,5.475,5.535,3194700000.0,0.0,46.55,0.471,0.474,634230000.0,3054769000.0,20090724000.0,20090724000.0,0.0,0.173,0.31,0.548,0.142,39203000.0,128101000.0,1.0,203145233.0,204379000,205274000.0,98.301,7821845000.0,74957000.0,1027962000.0,681886000.0,38.271,2815821000.0
9,HFC,MRY,2011-12-31,2011-12-31,2011-12-31,2021-09-07,77873000.0,9576243000.0,6911942250.0,3920746000.0,5655497000.0,2.234,32.948,-374241000.0,1578904000.0,1578904000.0,12680078000.0,1059704000.0,2.074,0.719,1214742000.0,0.0,1214742000.0,1214742000.0,0.0,159707000.0,0.0,0.057,1.34,1683711000.0,1843418000.0,0.119,1843418000.0,1683711000.0,1605388000.0,6.46,6.42,6.46,5204010000.0,2998297250.0,5204010000.0,4538223794.0,3.0,2.462,964150000.0,6.104,1.0,2759450000.0,0.179,2495465000.0,78323000.0,4825933000.0,3812138250.0,1114619000.0,261706000.0,211639000.0,50067000.0,3740343000.0,1890683000.0,1849660000.0,4896095794.0,1349803000.0,863614000.0,33020000.0,32797000.0,-252133000.0,-217082000.0,228494000.0,-260879000.0,1338391000.0,0.0,1023397000.0,1023397000.0,1023397000.0,0.0,36307000.0,0.066,1027902000.0,1731548000.0,1504694000.0,0.207,0.941,4.784,3.622,3052905000.0,0.0,23.4,0.317,0.239,708857000.0,1964656000.0,15439528000.0,15439528000.0,0.0,0.148,0.341,0.442,0.109,26825000.0,120114000.0,1.0,209234863.0,157948000,158756000.0,97.751,7080778000.0,87277000.0,581991000.0,679770000.0,44.83,2030063000.0
10,HFC,MRY,2010-12-31,2010-12-31,2010-12-31,2021-09-07,-26246000.0,3701475000.0,3441190000.0,1703435000.0,1998040000.0,2.419,6.552,-213232000.0,229101000.0,229101000.0,7367149000.0,133051000.0,1.226,3.46,810561000.0,0.0,810561000.0,810561000.0,0.0,117529000.0,0.0,0.015,0.3,237472000.0,355001000.0,0.043,355001000.0,237472000.0,163276000.0,0.98,0.97,0.98,697419000.0,652696500.0,697419000.0,2705358352.0,11.0,7.621,70023000.0,0.658,1.0,955780000.0,0.115,171816000.0,74196000.0,2721264000.0,2659491500.0,400367000.0,1343000.0,1343000.0,0.0,2413336000.0,1389855000.0,1023481000.0,2169372352.0,104505000.0,0.0,-1368000.0,100540000.0,-31868000.0,34482000.0,-213232000.0,0.0,283255000.0,0.0,103964000.0,103964000.0,103964000.0,0.0,29087000.0,0.012,692782000.0,262998000.0,1317446000.0,0.306,3.111,20.867,20.801,1756691000.0,0.0,20.385,0.261,0.261,993116000.0,1206328000.0,8322929000.0,8322929000.0,0.0,0.03,0.159,0.089,0.029,11498000.0,70839000.0,1.0,106420032.0,106436000,107218000.0,78.197,3529659000.0,51034000.0,59312000.0,131935000.0,33.162,313580000.0
11,HFC,MRY,2009-12-31,2009-12-31,2009-12-31,2021-09-07,-25700000.0,3145939000.0,2619836250.0,1283011000.0,1862928000.0,1.845,6.139,-569692000.0,124596000.0,124596000.0,4238008000.0,53269000.0,1.252,3.131,707458000.0,0.0,707458000.0,707458000.0,0.0,99633000.0,0.0,0.023,0.3,67339000.0,166972000.0,0.035,166972000.0,67339000.0,26993000.0,0.2,0.2,0.2,619039000.0,583676750.0,619039000.0,1795071407.0,27.0,10.751,-358147000.0,-3.552,1.0,596260000.0,0.123,179495000.0,40346000.0,2524194000.0,2160114000.0,303513000.0,1223000.0,1223000.0,0.0,1938158000.0,1025112000.0,913046000.0,1287766407.0,83791000.0,-19300000.0,-1080000.0,333925000.0,-30123000.0,406849000.0,-534603000.0,54389000.0,211545000.0,0.0,19533000.0,19533000.0,19533000.0,-16926000.0,33736000.0,0.004,515949000.0,80311000.0,975155000.0,1.5,2.08,65.928,64.075,1629970000.0,0.0,12.815,0.266,0.267,762455000.0,1134341000.0,4834268000.0,4834268000.0,0.0,0.007,0.033,0.031,0.014,7549000.0,60343000.0,1.0,100488990.0,100836000,101206000.0,47.942,2966444000.0,38072000.0,7460000.0,124585000.0,29.419,257899000.0
12,HFC,MRY,2008-12-31,2008-12-31,2008-12-31,2021-09-07,-35081000.0,1874225000.0,2208560250.0,530623000.0,1343602000.0,2.653,5.394,-247059000.0,39244000.0,39244000.0,5280699000.0,126636000.0,1.148,1.732,370914000.0,29000000.0,341914000.0,370914000.0,0.0,63789000.0,0.0,0.033,0.3,208541000.0,272330000.0,0.046,272330000.0,208541000.0,184586000.0,1.2,1.19,1.2,541540000.0,507965750.0,541540000.0,1134633710.0,5.0,4.166,-91569000.0,-0.912,1.0,579658000.0,0.099,97962000.0,23955000.0,1645775000.0,1499997500.0,125735000.0,55203000.0,49194000.0,6009000.0,937893000.0,462158000.0,475735000.0,905790710.0,-53564000.0,12963000.0,-150896000.0,29000000.0,-29064000.0,-151277000.0,-57777000.0,176319000.0,155490000.0,0.0,120558000.0,120558000.0,120558000.0,0.0,6078000.0,0.021,383978000.0,195680000.0,390438000.0,0.25,1.673,7.513,7.596,1172924000.0,0.0,9.115,0.155,0.156,288619000.0,1145388000.0,5860357000.0,5860357000.0,0.0,0.055,0.237,0.139,0.036,7467000.0,55278000.0,1.0,99373638.0,100404000,101098000.0,58.368,1776263000.0,6350000.0,64028000.0,69491000.0,17.691,68465000.0
13,HFC,MRY,2007-12-31,2007-12-31,2007-12-31,2021-09-07,-19076000.0,1663945000.0,1495044250.0,1034621000.0,629324000.0,3.205,5.413,-161258000.0,94369000.0,94369000.0,4003488000.0,334128000.0,1.265,1.802,0.0,0.0,0.0,0.0,0.0,43456000.0,0.0,0.009,0.23,500530000.0,543986000.0,0.114,543986000.0,500530000.0,499444000.0,3.045,2.99,3.045,593794000.0,599524500.0,593794000.0,2775800041.0,6.0,5.103,261479000.0,2.383,1.0,788254000.0,0.165,12587000.0,1086000.0,738909000.0,713088500.0,140630000.0,235415000.0,158233000.0,77182000.0,1070151000.0,818080000.0,252071000.0,2814834041.0,-59748000.0,0.0,-204908000.0,0.0,-23208000.0,-189428000.0,-293057000.0,-131799000.0,422737000.0,0.0,334128000.0,334128000.0,334128000.0,0.0,0.0,0.07,321922000.0,466332000.0,782976000.0,0.076,4.74,8.424,8.356,530850000.0,0.0,25.445,0.587,0.583,614769000.0,1054974000.0,4791742000.0,4791742000.0,0.0,0.223,0.557,0.702,0.104,9993000.0,69185000.0,1.0,110624250.0,109704000,111700000.0,43.679,1651358000.0,16356000.0,165316000.0,38933000.0,15.053,216541000.0
14,HFC,MRY,2006-12-31,2006-12-31,2006-12-31,2021-09-07,-11358000.0,1237869000.0,1208378000.0,799574000.0,438295000.0,3.329,4.09,-120429000.0,154117000.0,154117000.0,3349404000.0,266566000.0,1.429,1.656,0.0,0.0,0.0,0.0,0.0,40270000.0,0.0,0.007,0.17,404245000.0,444515000.0,0.11,444515000.0,404245000.0,403169000.0,2.34,2.29,2.34,466094000.0,432379500.0,466094000.0,2691198221.0,7.0,6.054,124754000.0,1.095,1.0,673813000.0,0.167,15096000.0,1076000.0,509263000.0,475642250.0,129675000.0,101836000.0,96168000.0,5668000.0,771775000.0,559393000.0,212382000.0,2885826221.0,105053000.0,48872000.0,-172749000.0,0.0,-15002000.0,-175935000.0,35805000.0,107362000.0,245183000.0,0.0,266566000.0,266566000.0,266566000.0,-19668000.0,0.0,0.066,311922000.0,361891000.0,507566000.0,0.073,6.192,10.826,10.983,405470000.0,0.0,25.7,0.717,0.728,398123000.0,745994000.0,4023217000.0,4023217000.0,486000.0,0.221,0.617,0.85,0.1,5507000.0,63255000.0,1.0,112288958.0,113952000,116420000.0,35.306,1222773000.0,9055000.0,136603000.0,20776000.0,10.731,240181000.0
15,HFC,MRY,2005-12-31,2005-12-31,2005-12-31,2021-09-07,-4802000.0,1142900000.0,1231958500.0,789536000.0,353364000.0,2.473,3.057,-106262000.0,49064000.0,49064000.0,2498810000.0,167658000.0,1.363,2.029,0.0,0.0,0.0,0.0,0.0,43817000.0,0.0,0.008,0.115,272385000.0,316202000.0,0.104,316202000.0,272385000.0,267284000.0,1.36,1.325,1.36,377351000.0,377065500.0,377351000.0,1687096047.0,6.0,5.336,144972000.0,1.174,1.0,547503000.0,0.18,14104000.0,5101000.0,500299000.0,661116500.0,103339000.0,205778000.0,189978000.0,15800000.0,765549000.0,579433000.0,186116000.0,1754833047.0,-18396000.0,-159828000.0,-82236000.0,147435000.0,-11243000.0,50505000.0,-320135000.0,-54045000.0,251234000.0,0.0,167658000.0,167658000.0,167658000.0,-2963000.0,0.0,0.055,284762000.0,262741000.0,518584000.0,0.085,4.65,10.467,10.822,316139000.0,0.0,14.717,0.576,0.596,401904000.0,495819000.0,3046313000.0,3046313000.0,481000.0,0.136,0.445,0.412,0.089,2163000.0,51683000.0,1.0,119234452.0,123456000,126488000.0,24.675,1128796000.0,0.0,99626000.0,15527000.0,9.143,210103000.0
16,HFC,MRY,2004-12-31,2004-12-31,2004-12-31,2021-09-07,-1719000.0,982713000.0,877198750.0,572906000.0,409807000.0,2.413,2.707,-37780000.0,67460000.0,67460000.0,1728545000.0,83879000.0,1.35,1.891,33572000.0,8572000.0,25000000.0,33572000.0,0.0,40481000.0,0.0,0.013,0.089,141388000.0,181869000.0,0.086,181869000.0,141388000.0,137864000.0,0.67,0.65,0.67,339916000.0,322008750.0,339916000.0,756430374.0,5.0,4.159,126824000.0,1.01,1.0,387700000.0,0.183,0.0,3524000.0,524561000.0,428359750.0,104968000.0,164228000.0,96215000.0,68013000.0,642797000.0,424264000.0,218533000.0,871789374.0,55770000.0,-3537000.0,131336000.0,-37173000.0,-8281000.0,85169000.0,-194003000.0,-152686000.0,164604000.0,0.0,83879000.0,83879000.0,83879000.0,-935000.0,0.0,0.04,243723000.0,143977000.0,377717000.0,0.133,2.565,10.393,10.399,312273000.0,0.0,6.968,0.412,0.413,281730000.0,339798000.0,2116245000.0,2116245000.0,689000.0,0.096,0.26,0.33,0.067,3419000.0,50693000.0,1.0,125122264.0,125560000,128680000.0,16.854,982713000.0,6394000.0,53985000.0,20462000.0,7.827,148642000.0
17,HFC,MRY,2003-12-31,2003-12-31,2003-12-31,2021-09-07,130000.0,706558000.0,611175500.0,328941000.0,377617000.0,2.296,2.166,-130479000.0,11690000.0,11690000.0,1155858000.0,46053000.0,0.924,1.63,67142000.0,58571000.0,8571000.0,67142000.0,0.0,36275000.0,0.0,0.02,0.069,76495000.0,112770000.0,0.08,112770000.0,76495000.0,74359000.0,0.372,0.36,0.372,268609000.0,248551500.0,268609000.0,458746770.0,6.0,4.068,-55039000.0,-0.444,1.0,247386000.0,0.176,0.0,2136000.0,405929000.0,340634000.0,112347000.0,13850000.0,0.0,13850000.0,437949000.0,356081000.0,81868000.0,426525770.0,-12576000.0,7765000.0,-525000.0,41243000.0,-5114000.0,34698000.0,-122714000.0,0.0,75440000.0,0.0,46053000.0,46053000.0,46053000.0,0.0,0.0,0.033,187319000.0,60067000.0,277897000.0,0.185,1.588,9.262,9.241,304244000.0,0.0,3.438,0.304,0.304,184333000.0,264991000.0,1403244000.0,1403244000.0,1031000.0,0.075,0.185,0.225,0.055,0.0,31564000.0,1.0,124080224.0,124040000,128128000.0,11.313,706558000.0,7806000.0,28306000.0,47492000.0,5.696,-27140000.0
18,HFC,MRY,2002-12-31,2002-07-31,2002-07-31,2021-09-07,0.0,502306000.0,483076750.0,278844000.0,223462000.0,1.84,1.836,-35313000.0,71630000.0,71630000.0,698245000.0,32029000.0,1.273,1.198,34285000.0,8571000.0,25714000.0,34285000.0,0.0,27699000.0,0.0,0.03,0.064,53849000.0,81548000.0,0.092,81548000.0,53849000.0,50896000.0,0.258,0.25,0.258,228556000.0,223144000.0,228556000.0,238914894.0,4.0,2.93,6988000.0,0.056,1.0,190661000.0,0.214,0.0,2953000.0,245990000.0,250692750.0,45308000.0,15732000.0,0.0,15732000.0,273750000.0,218971000.0,54779000.0,262179894.0,5790000.0,8860000.0,391000.0,-8572000.0,-6377000.0,-14558000.0,-21953000.0,4500000.0,42301000.0,0.0,32029000.0,32029000.0,32029000.0,0.0,0.0,0.036,147615000.0,43046000.0,185058000.0,0.248,1.147,8.186,8.154,199461000.0,0.0,2.104,0.295,0.295,135395000.0,223770000.0,888906000.0,888906000.0,1379000.0,0.066,0.144,0.215,0.061,0.0,22248000.0,1.0,124625024.0,124480000,127768000.0,7.141,502306000.0,8699000.0,18867000.0,29065000.0,4.035,59873000.0
19,HFC,MRY,2001-12-31,2001-07-31,2001-07-31,2021-09-07,-325000.0,490429000.0,480101500.0,284130000.0,206299000.0,2.379,1.66,-28571000.0,65840000.0,65840000.0,871321000.0,73450000.0,1.255,1.431,42857000.0,8571000.0,34286000.0,42857000.0,0.0,27327000.0,0.0,0.028,0.057,126875000.0,154202000.0,0.135,154202000.0,126875000.0,121895000.0,0.605,0.596,0.605,201734000.0,171940500.0,201734000.0,261227418.0,2.0,1.694,78199000.0,0.644,1.0,270809000.0,0.237,0.0,4980000.0,241047000.0,241545000.0,50136000.0,16303000.0,0.0,16303000.0,288695000.0,226399000.0,62296000.0,251947418.0,62212000.0,-181000.0,4386000.0,-14567000.0,-5625000.0,-15806000.0,-28752000.0,0.0,106770000.0,0.0,73450000.0,73450000.0,73450000.0,0.0,0.0,0.064,152902000.0,117907000.0,181182000.0,0.094,1.249,3.43,3.378,184155000.0,0.0,2.044,0.221,0.217,146074000.0,198118000.0,1142130000.0,1142130000.0,2042000.0,0.153,0.427,0.525,0.111,0.0,23123000.0,1.0,123277024.0,121496000,123096000.0,9.401,490429000.0,3514000.0,48445000.0,32671000.0,4.037,57731000.0
20,HFC,MRY,2000-12-31,2000-07-31,2000-07-31,2021-09-07,862000.0,464362000.0,433980000.0,267104000.0,197258000.0,2.226,1.004,-19261000.0,3628000.0,3628000.0,800663000.0,11445000.0,1.001,2.584,56595000.0,13738000.0,42857000.0,56595000.0,0.0,27496000.0,0.0,0.071,0.053,24548000.0,52044000.0,0.054,52044000.0,24548000.0,18634000.0,0.089,0.089,0.089,129581000.0,127723250.0,129581000.0,157752768.0,6.0,3.031,27543000.0,0.213,1.0,165283000.0,0.171,0.0,5914000.0,250588000.0,264060750.0,56599000.0,11749000.0,0.0,11749000.0,334781000.0,266741000.0,68040000.0,90609768.0,-566000.0,-882000.0,-7224000.0,-14510000.0,-5493000.0,-27227000.0,-20143000.0,0.0,46804000.0,0.0,11445000.0,11445000.0,11445000.0,0.0,0.0,0.012,145282000.0,20001000.0,223870000.0,0.596,0.699,7.917,8.427,175309000.0,0.0,0.75,0.094,0.1,189966000.0,130293000.0,965946000.0,965946000.0,1729000.0,0.026,0.09,0.093,0.025,0.0,20724000.0,1.0,120813024.0,129048000,129048000.0,7.485,464362000.0,0.0,7189000.0,31360000.0,3.598,363000.0
21,HFC,MRY,1999-12-31,1999-07-31,1999-07-31,2021-09-07,-1111000.0,390982000.0,366380750.0,194778000.0,196204000.0,1.632,0.976,-26903000.0,4194000.0,4194000.0,428472000.0,19937000.0,1.077,2.034,70341000.0,13746000.0,56595000.0,70341000.0,0.0,26358000.0,0.0,0.044,0.041,40949000.0,67307000.0,0.113,67307000.0,40949000.0,33159000.0,0.151,0.151,0.151,128880000.0,119047250.0,128880000.0,212657499.0,5.0,3.16,20725000.0,0.157,1.0,169514000.0,0.283,0.0,7790000.0,276202000.0,298735250.0,54924000.0,4035000.0,0.0,4035000.0,262102000.0,180927000.0,81175000.0,123307499.0,1592000.0,2924000.0,0.0,-16775000.0,-5282000.0,-22057000.0,-23979000.0,0.0,47628000.0,0.0,19937000.0,19937000.0,19937000.0,0.0,0.0,0.033,130541000.0,38973000.0,144287000.0,0.272,0.957,6.185,6.184,180894000.0,0.0,0.934,0.206,0.206,123502000.0,124341000.0,597986000.0,597986000.0,1370000.0,0.054,0.167,0.137,0.068,0.0,22159000.0,1.0,132056224.0,132056000,132056000.0,4.528,390982000.0,0.0,13222000.0,32786000.0,2.961,13851000.0
22,HFC,MRY,1998-12-31,1998-07-31,1998-07-31,2021-09-07,-987000.0,349857000.0,349200250.0,154387000.0,195470000.0,1.69,0.866,-49715000.0,2602000.0,2602000.0,440042000.0,15167000.0,1.106,2.06,87116000.0,16775000.0,70341000.0,87116000.0,0.0,24379000.0,0.0,0.025,0.038,33237000.0,57616000.0,0.098,57616000.0,33237000.0,24866000.0,0.115,0.115,0.115,114349000.0,109847250.0,114349000.0,286561758.0,9.0,4.974,-11522000.0,-0.087,1.0,150257000.0,0.255,0.0,8371000.0,294777000.0,290139000.0,55842000.0,5510000.0,0.0,5510000.0,235508000.0,139594000.0,95914000.0,199074758.0,-17440000.0,1734000.0,0.0,278000.0,-4952000.0,-4674000.0,-50959000.0,-2978000.0,38193000.0,0.0,15167000.0,15167000.0,15167000.0,0.0,0.0,0.026,117492000.0,32765000.0,109139000.0,0.33,1.741,13.126,13.109,173297000.0,0.0,1.508,0.337,0.337,82379000.0,109686000.0,590299000.0,590299000.0,2979000.0,0.043,0.138,0.115,0.056,0.0,13714000.0,1.0,132056224.0,132064000,132064000.0,4.47,349857000.0,653000.0,9699000.0,25861000.0,2.649,14793000.0
23,HFC,MRY,1997-12-31,1997-07-31,1997-07-31,2021-09-07,0.0,349803000.0,350537000.0,194728000.0,155075000.0,2.058,0.796,-30304000.0,20042000.0,20042000.0,586604000.0,13087000.0,1.303,2.328,86291000.0,10775000.0,75516000.0,86291000.0,0.0,20153000.0,0.0,0.02,0.032,31158000.0,51311000.0,0.071,51311000.0,31158000.0,21819000.0,0.099,0.099,0.099,105121000.0,100682000.0,105121000.0,261946153.0,8.0,5.105,-24847000.0,-0.188,1.0,134742000.0,0.187,0.0,9339000.0,266565000.0,250282500.0,58273000.0,5235000.0,0.0,5235000.0,244682000.0,149487000.0,95195000.0,214096153.0,-43917000.0,-4087000.0,0.0,-10774000.0,-4209000.0,-14983000.0,-34391000.0,0.0,5457000.0,0.0,13087000.0,13087000.0,13087000.0,0.0,0.0,0.018,107242000.0,27500000.0,124585000.0,0.323,2.037,16.359,16.376,143540000.0,0.0,1.621,0.297,0.297,105821000.0,99471000.0,721346000.0,721346000.0,3732000.0,0.037,0.13,0.124,0.043,0.0,13348000.0,1.0,132056224.0,132064000,132064000.0,5.462,349803000.0,1319000.0,8732000.0,20076000.0,2.649,45241000.0
24,HFC,MRY,1996-12-31,1996-07-31,1996-07-31,2021-09-07,0.0,351271000.0,,217026000.0,134245000.0,,0.729,-18281000.0,63959000.0,63959000.0,600478000.0,19234000.0,1.443,2.65,97065000.0,10775000.0,86290000.0,97065000.0,0.0,19315000.0,0.0,0.017,0.027,41422000.0,60737000.0,0.09,60737000.0,41422000.0,31788000.0,0.146,0.146,0.146,96243000.0,,96243000.0,,,,26171000.0,0.198,1.0,75812000.0,0.112,0.0,9634000.0,234000000.0,,38673000.0,734000.0,0.0,734000.0,255028000.0,150377000.0,104651000.0,,50527000.0,0.0,0.0,27822000.0,-3466000.0,24356000.0,-18281000.0,0.0,44452000.0,0.0,19234000.0,19234000.0,19234000.0,0.0,0.0,0.028,37414000.0,38398000.0,122421000.0,0.185,,,11.13,131444000.0,0.0,1.625,,0.317,104386000.0,90593000.0,676290000.0,676290000.0,4018000.0,,,,0.061,0.0,14081000.0,1.0,,132064000,132064000.0,5.121,351271000.0,0.0,12554000.0,23089000.0,2.66,66649000.0
25,HFC,MRY,1995-12-31,1995-07-31,1995-07-31,2021-09-07,,,,,,,,-15197000.0,,,553768000.0,18120000.0,,,,,,,,15796000.0,,0.013,0.019,34202000.0,49998000.0,0.081,49998000.0,34202000.0,25850000.0,0.138,0.138,0.138,,,,,,,19044000.0,0.144,1.0,61062000.0,0.099,,8352000.0,,,,,,,,,,,10135000.0,0.0,0.0,-5608000.0,-3301000.0,-8909000.0,-15197000.0,0.0,34241000.0,0.0,18120000.0,18120000.0,18120000.0,0.0,0.0,0.029,33583000.0,27479000.0,,0.138,,,10.245,,0.0,1.414,,0.304,,,614830000.0,614830000.0,3923000.0,,,,0.056,0.0,13864000.0,1.0,,132064000,132064000.0,4.656,,,7730000.0,,,
0,HFC,MRQ,2021-06-30,2021-06-30,2021-06-30,2021-09-07,9653000.0,12560033000.0,,4144450000.0,8415583000.0,,33.493,-182880000.0,1398280000.0,1398280000.0,3706904000.0,194767000.0,2.059,1.198,3533575000.0,104768000.0,3428807000.0,3533575000.0,0.0,124042000.0,0.0,0.032,0.0,321277000.0,445319000.0,0.097,445319000.0,321277000.0,292335000.0,1.03,1.03,1.03,5443375000.0,,5443375000.0,7648317272.0,20.0,8.595,244875000.0,1.507,1.0,870219000.0,0.19,2948228000.0,28942000.0,9734329000.0,,1700605000.0,0.0,0.0,0.0,6519789000.0,2012771000.0,4507018000.0,5344374272.0,204852000.0,-2897000.0,-479000.0,-26623000.0,0.0,-48917000.0,-175248000.0,0.0,427755000.0,1262000.0,168850000.0,168850000.0,168850000.0,0.0,25917000.0,0.037,535987000.0,334232000.0,1480820000.0,0.0,0.982,27.14,27.647,5163648000.0,0.0,32.9,0.387,0.387,926437000.0,4172560000.0,4577123000.0,4577123000.0,0.0,,,,,11372000.0,77754000.0,1.0,162442987.0,162523000,162523000.0,28.163,9611805000.0,69862000.0,123485000.0,811880000.0,59.141,2131679000.0
1,HFC,MRQ,2021-03-31,2021-03-31,2021-03-31,2021-09-07,4658000.0,11934817000.0,,3700276000.0,8234541000.0,,32.368,-149961000.0,1193428000.0,1193428000.0,2760268000.0,182850000.0,2.106,1.159,3497371000.0,95898000.0,3401473000.0,3497371000.0,0.0,124079000.0,0.0,0.039,0.35,158296000.0,282375000.0,0.081,282375000.0,158296000.0,119910000.0,0.9,0.9,0.9,5259187000.0,,5259187000.0,7969324904.0,-76.0,19.934,-87635000.0,-0.539,1.0,744025000.0,0.212,2943282000.0,38386000.0,9538170000.0,,1616848000.0,0.0,0.0,0.0,6096771000.0,1757308000.0,4339463000.0,5811202904.0,-174890000.0,2897000.0,-12000.0,-18173000.0,-57663000.0,-89561000.0,-147064000.0,0.0,62326000.0,-591000.0,148217000.0,148217000.0,148217000.0,0.0,34633000.0,0.042,605963000.0,138062000.0,1266690000.0,0.389,1.105,-39.104,-38.473,4982533000.0,0.0,35.78,0.515,0.515,778767000.0,4003733000.0,3504293000.0,3504293000.0,0.0,,,,,9770000.0,81975000.0,1.0,162414838.0,162479000,162479000.0,21.568,8991535000.0,65274000.0,-28307000.0,683665000.0,55.34,1942968000.0
2,HFC,MRQ,2020-12-31,2020-12-31,2020-12-31,2021-09-07,13462000.0,11506864000.0,,3310761000.0,8196103000.0,,31.874,-117152000.0,1368318000.0,1368318000.0,2361633000.0,-94551000.0,2.408,1.119,3526440000.0,97937000.0,3428503000.0,3526440000.0,0.0,124879000.0,0.0,0.054,0.35,-120786000.0,4093000.0,0.001,4093000.0,-120786000.0,-161390000.0,-0.73,-0.73,-0.73,5168361000.0,,5168361000.0,6238865145.0,-9.0,-33.514,-50271000.0,-0.31,1.0,539135000.0,0.186,2957600000.0,40604000.0,9332230000.0,,1173476000.0,0.0,0.0,0.0,5784661000.0,1375156000.0,4409505000.0,4188146145.0,-156570000.0,0.0,-4292000.0,-35346000.0,-57890000.0,-109981000.0,-116511000.0,0.0,66881000.0,3041000.0,-117747000.0,-117747000.0,-117747000.0,0.0,23196000.0,-0.041,645382000.0,-106247000.0,1000959000.0,-0.479,0.81,-6.963,-6.949,4923687000.0,0.0,25.85,0.374,0.374,630036000.0,3913179000.0,2900768000.0,2900768000.0,0.0,,,,,9433000.0,76041000.0,1.0,162017259.0,162151000,162151000.0,17.889,8549264000.0,91348000.0,-43643000.0,715504000.0,52.724,1935605000.0
3,HFC,MRQ,2020-09-30,2020-09-30,2020-09-30,2021-09-07,10102000.0,11579741000.0,,3318828000.0,8260913000.0,,32.936,-83272000.0,1524888000.0,1524888000.0,2314389000.0,23345000.0,2.683,1.069,3575607000.0,98790000.0,3476817000.0,3575607000.0,0.0,125280000.0,0.0,0.071,0.35,32761000.0,158041000.0,0.056,158041000.0,32761000.0,2172000.0,-0.01,-0.01,-0.01,5336143000.0,,5336143000.0,5192851849.0,-11.0,85.678,-1524000.0,-0.009,1.0,505011000.0,0.179,3018811000.0,30589000.0,9374799000.0,,1137664000.0,0.0,0.0,0.0,5703172000.0,1236850000.0,4466322000.0,3193323849.0,622379000.0,0.0,-2107000.0,700619000.0,-57173000.0,618726000.0,-81985000.0,-38000.0,81748000.0,3890000.0,-2401000.0,-2401000.0,-2401000.0,0.0,25746000.0,-0.001,532229000.0,-27218000.0,825021000.0,-35.0,0.598,-7.548,-7.669,4892917000.0,0.0,19.71,0.252,0.252,551914000.0,4088816000.0,2819400000.0,2819400000.0,0.0,,,,,7932000.0,74453000.0,1.0,162015416.0,162015000,162015000.0,17.402,8560930000.0,70008000.0,4573000.0,735597000.0,52.84,2081978000.0
4,HFC,MRQ,2020-06-30,2020-06-30,2020-06-30,2021-09-07,2225000.0,11063820000.0,,2803534000.0,8260286000.0,,33.249,-45987000.0,902509000.0,902509000.0,1307092000.0,-150407000.0,2.103,0.957,2902037000.0,102336000.0,2799701000.0,2902037000.0,0.0,130178000.0,0.0,0.047,0.35,-174893000.0,-44715000.0,-0.022,-44715000.0,-174893000.0,-207588000.0,-1.09,-1.09,-1.09,5382582000.0,,5382582000.0,6751142032.0,-66.0,15.684,73217000.0,0.452,1.0,755838000.0,0.366,3025406000.0,32695000.0,8704900000.0,,1173701000.0,0.0,0.0,0.0,5149309000.0,1333042000.0,3816267000.0,4727074032.0,-6617000.0,0.0,-181000.0,-15933000.0,-57182000.0,-84062000.0,-45572000.0,-55000.0,119204000.0,3813000.0,-176677000.0,-176677000.0,-176677000.0,0.0,26270000.0,-0.086,945814000.0,-189976000.0,870695000.0,-0.321,0.878,-29.752,-30.417,4875677000.0,0.0,29.2,0.331,0.331,593385000.0,4148390000.0,2062930000.0,2062930000.0,0.0,,,,,7959000.0,75369000.0,1.0,161886097.0,161889000,161889000.0,12.743,8038414000.0,77729000.0,-30911000.0,784331000.0,49.654,1470492000.0
5,HFC,MRQ,2020-03-31,2020-03-31,2020-03-31,2021-09-07,-12149000.0,11221794000.0,,2509138000.0,8712656000.0,,34.559,-83749000.0,909126000.0,909126000.0,3254190000.0,-293286000.0,1.917,0.914,2933194000.0,102600000.0,2830594000.0,2933194000.0,0.0,140575000.0,0.0,0.055,0.35,-444150000.0,-303575000.0,-0.089,-303575000.0,-444150000.0,-466789000.0,-1.88,-1.88,-1.88,5594161000.0,,5594161000.0,6006734249.0,15.0,6.511,106349000.0,0.657,1.0,146355000.0,0.043,3016708000.0,22639000.0,8920274000.0,,943635000.0,0.0,0.0,0.0,5111316000.0,1308880000.0,3802436000.0,3967421249.0,23964000.0,0.0,-1062000.0,22090000.0,-57248000.0,-71457000.0,-86094000.0,-2345000.0,190098000.0,-8583000.0,-304623000.0,-304623000.0,-304623000.0,0.0,11337000.0,-0.09,556657000.0,-410302000.0,841383000.0,-0.186,0.709,18.478,19.0,5204802000.0,0.0,24.51,0.234,0.234,569182000.0,4382249000.0,3400545000.0,3400545000.0,0.0,,,,,6330000.0,87737000.0,1.0,161869492.0,161873000,161873000.0,21.007,8205086000.0,6213000.0,-162166000.0,740635000.0,50.688,1200258000.0
6,HFC,MRQ,2019-12-31,2019-12-31,2019-12-31,2021-09-07,14774000.0,12164841000.0,,3306189000.0,8858652000.0,,37.053,-98706000.0,885162000.0,885162000.0,3641236000.0,81069000.0,1.961,0.946,2924475000.0,104415000.0,2820060000.0,2924475000.0,0.0,134580000.0,0.0,0.026,0.35,116278000.0,250858000.0,0.057,250858000.0,116278000.0,79895000.0,0.41,0.41,0.41,5978193000.0,,5978193000.0,10082482752.0,8.0,5.846,38501000.0,0.239,1.0,740652000.0,0.169,3047553000.0,36383000.0,9470673000.0,,1474202000.0,0.0,0.0,0.0,5655415000.0,1685928000.0,3969487000.0,8184072752.0,-96694000.0,0.0,-61107000.0,29607000.0,-57162000.0,-118918000.0,-116150000.0,-17886000.0,137207000.0,1167000.0,60605000.0,60605000.0,60605000.0,0.0,20464000.0,0.014,611469000.0,129183000.0,1215555000.0,0.854,1.369,10.596,10.929,5289821000.0,0.0,50.71,0.468,0.482,879685000.0,4744120000.0,4381888000.0,4381888000.0,0.0,,,,,11634000.0,93259000.0,1.0,161389721.0,161343000,162165000.0,27.159,9117288000.0,5478000.0,19290000.0,917235000.0,56.509,1620261000.0
7,HFC,MRQ,2019-09-30,2019-09-30,2019-09-30,2021-09-07,17217000.0,12191328000.0,,3532766000.0,8658562000.0,,36.781,-74588000.0,981856000.0,981856000.0,3437829000.0,297980000.0,2.072,0.938,2880266000.0,99622000.0,2780644000.0,2880266000.0,0.0,127016000.0,0.0,0.025,0.33,400861000.0,527877000.0,0.119,527877000.0,400861000.0,364834000.0,1.6,1.58,1.6,6020208000.0,,6020208000.0,10795786878.0,8.0,6.025,367266000.0,2.244,1.0,986999000.0,0.223,3002754000.0,36027000.0,9381638000.0,,1637059000.0,0.0,0.0,0.0,5649965000.0,1705346000.0,3944619000.0,8827972878.0,67212000.0,0.0,-204980000.0,-6375000.0,-54500000.0,-299473000.0,-74455000.0,0.0,441854000.0,-714000.0,261813000.0,261813000.0,261813000.0,0.0,36167000.0,0.059,560220000.0,426779000.0,1229767000.0,0.206,1.466,10.341,10.58,5250765000.0,0.0,53.64,0.506,0.503,839831000.0,4740677000.0,4424828000.0,4424828000.0,0.0,,,,,9073000.0,87626000.0,1.0,164578167.0,163676000,165011000.0,27.034,9188574000.0,23591000.0,103021000.0,935302000.0,56.139,1827420000.0
8,HFC,MRQ,2019-06-30,2019-06-30,2019-06-30,2021-09-07,30202000.0,12104491000.0,,3466397000.0,8638094000.0,,35.506,-56734000.0,914644000.0,914644000.0,3752685000.0,216817000.0,2.083,0.927,2882458000.0,93991000.0,2788467000.0,2882458000.0,0.0,126908000.0,0.0,0.029,0.33,320515000.0,447423000.0,0.094,447423000.0,320515000.0,286251000.0,1.16,1.15,1.16,6013147000.0,,6013147000.0,10267656972.0,7.0,5.508,696000000.0,4.11,1.0,1029930000.0,0.215,3013181000.0,34264000.0,9395097000.0,,1636581000.0,0.0,0.0,0.0,5573492000.0,1664027000.0,3909465000.0,7903021972.0,418505000.0,720000.0,-189171000.0,-875000.0,-56659000.0,-279736000.0,-55584000.0,0.0,752734000.0,1091000.0,196915000.0,196915000.0,196915000.0,0.0,19902000.0,0.041,698189000.0,331741000.0,1199311000.0,0.284,1.314,8.458,8.539,5252715000.0,0.0,46.28,0.444,0.44,799368000.0,4533364000.0,4782615000.0,4782615000.0,0.0,,,,,12188000.0,85317000.0,1.0,170765384.0,169356000,170547000.0,28.24,9091310000.0,64574000.0,89336000.0,903276000.0,53.682,1802370000.0
9,HFC,MRQ,2019-03-31,2019-03-31,2019-03-31,2021-09-07,27398000.0,12123430000.0,,3321338000.0,8802092000.0,,35.493,-63735000.0,496139000.0,496139000.0,2966859000.0,276486000.0,1.99,0.912,2860774000.0,87669000.0,2773105000.0,2860774000.0,0.0,121421000.0,0.0,0.027,0.33,377207000.0,498628000.0,0.128,498628000.0,377207000.0,340560000.0,1.48,1.47,1.48,6064040000.0,,6064040000.0,9670405466.0,6.0,4.782,153081000.0,0.896,1.0,930388000.0,0.239,3169213000.0,36647000.0,9649567000.0,,1667929000.0,0.0,0.0,0.0,5528856000.0,1669285000.0,3859571000.0,8413617466.0,-658613000.0,-663385000.0,-77825000.0,18592000.0,-56849000.0,-150128000.0,-726725000.0,0.0,216816000.0,1424000.0,253055000.0,253055000.0,253055000.0,0.0,23431000.0,0.065,541047000.0,389341000.0,1158759000.0,0.223,1.387,7.769,7.921,5244327000.0,0.0,49.27,0.481,0.481,1041454000.0,4393108000.0,3897247000.0,3897247000.0,0.0,,,,,9374000.0,88034000.0,1.0,170765526.0,170851000,172239000.0,22.811,8954217000.0,38288000.0,87505000.0,918158000.0,52.41,1652053000.0
10,HFC,MRQ,2018-12-31,2018-12-31,2018-12-31,2021-09-07,13623000.0,10994601000.0,,3296379000.0,7698222000.0,,34.322,-101951000.0,1154752000.0,1154752000.0,3574739000.0,163317000.0,2.822,0.766,2411540000.0,0.0,2411540000.0,2411540000.0,0.0,113719000.0,0.0,0.026,0.33,204314000.0,318033000.0,0.073,318033000.0,204314000.0,170397000.0,0.83,0.82,0.83,5918571000.0,,5918571000.0,10191169021.0,6.0,5.06,322568000.0,1.871,1.0,769465000.0,0.177,2675827000.0,33917000.0,8407407000.0,,1354379000.0,0.0,0.0,0.0,4535542000.0,1168155000.0,3367387000.0,8857698021.0,79075000.0,-91000.0,-185727000.0,34547000.0,-57623000.0,-240912000.0,-101353000.0,0.0,424519000.0,-3179000.0,141896000.0,141896000.0,141896000.0,0.0,21421000.0,0.033,551813000.0,217652000.0,872627000.0,0.398,1.497,8.067,8.179,4682534000.0,0.0,51.12,0.5,0.505,671701000.0,4196902000.0,4344204000.0,4344204000.0,0.0,,,,,16076000.0,85955000.0,1.0,173272653.0,172441000,173973000.0,25.192,8318774000.0,34040000.0,28501000.0,740212000.0,48.241,2128224000.0
11,HFC,MRQ,2018-09-30,2018-09-30,2018-09-30,2021-09-07,25906000.0,11495126000.0,,3857725000.0,7637401000.0,,34.337,-59601000.0,1075677000.0,1075677000.0,3770071000.0,362132000.0,2.504,0.82,2409148000.0,0.0,2409148000.0,2409148000.0,0.0,108885000.0,0.0,0.019,0.33,491123000.0,600008000.0,0.126,600008000.0,491123000.0,458724000.0,1.95,1.93,1.95,6012286000.0,,6012286000.0,13722551724.0,8.0,6.327,342151000.0,1.954,1.0,1000728000.0,0.21,2691357000.0,32399000.0,8596605000.0,,1862500000.0,0.0,0.0,0.0,4931614000.0,1540635000.0,3390979000.0,12314664724.0,95805000.0,-54088000.0,-123967000.0,21000000.0,-58421000.0,-193701000.0,-113089000.0,0.0,401752000.0,843000.0,342466000.0,342466000.0,342466000.0,0.0,19666000.0,0.072,497211000.0,503517000.0,1176417000.0,0.169,2.048,8.337,8.361,4673443000.0,0.0,69.9,0.709,0.705,847596000.0,4112629000.0,4770799000.0,4770799000.0,0.0,,,,,8790000.0,71130000.0,1.0,176175461.0,175097000,176927000.0,27.247,8803769000.0,14886000.0,116258000.0,833877000.0,50.279,2317090000.0
12,HFC,MRQ,2018-06-30,2018-06-30,2018-06-30,2021-09-07,11913000.0,11281352000.0,,3702472000.0,7578880000.0,,33.203,-79938000.0,979872000.0,979872000.0,3488990000.0,362913000.0,2.38,0.835,2387759000.0,0.0,2387759000.0,2387759000.0,0.0,110379000.0,0.0,0.019,0.33,495278000.0,605657000.0,0.135,605657000.0,495278000.0,462954000.0,1.96,1.94,1.96,5840361000.0,,5840361000.0,13682194810.0,8.0,6.421,314423000.0,1.788,1.0,982246000.0,0.22,2663759000.0,32324000.0,8469633000.0,,1816872000.0,0.0,0.0,0.0,4877709000.0,1555847000.0,3321862000.0,12080787810.0,198405000.0,0.0,-28096000.0,4500000.0,-58644000.0,-114004000.0,-79997000.0,0.0,394361000.0,-1955000.0,345507000.0,345507000.0,345507000.0,0.0,17406000.0,0.077,475269000.0,506977000.0,1243289000.0,0.168,2.069,8.588,8.618,4660637000.0,0.0,68.43,0.741,0.738,825251000.0,3831696000.0,4471236000.0,4471236000.0,0.0,,,,,8509000.0,68675000.0,1.0,176542274.0,175899000,177586000.0,25.419,8617593000.0,17873000.0,117447000.0,779921000.0,48.992,2146625000.0
13,HFC,MRQ,2018-03-31,2018-03-31,2018-03-31,2021-09-07,19861000.0,10912074000.0,,3292913000.0,7619161000.0,,31.602,-69539000.0,781467000.0,781467000.0,3243287000.0,288862000.0,2.248,0.852,2382874000.0,0.0,2382874000.0,2382874000.0,0.0,104341000.0,0.0,0.027,0.33,385851000.0,490192000.0,0.119,490192000.0,385851000.0,353128000.0,1.51,1.5,1.51,5581458000.0,,5581458000.0,10534203320.0,8.0,6.02,264245000.0,1.496,1.0,885140000.0,0.214,2675817000.0,32723000.0,8372658000.0,,1592281000.0,0.0,0.0,0.0,4754162000.0,1465006000.0,3289156000.0,8665967320.0,150710000.0,0.0,-25647000.0,-116500000.0,-58856000.0,-115711000.0,-66081000.0,0.0,333784000.0,-1282000.0,268091000.0,268091000.0,268091000.0,0.0,20771000.0,0.065,489293000.0,395847000.0,1194082000.0,0.219,1.553,7.745,7.743,4673279000.0,0.0,48.86,0.566,0.564,842798000.0,3544830000.0,4128427000.0,4128427000.0,0.0,,,,,8797000.0,64664000.0,1.0,177363228.0,176617000,177954000.0,23.375,8236257000.0,21610000.0,85037000.0,715616000.0,46.633,1827907000.0
14,HFC,MRQ,2017-12-31,2017-12-31,2017-12-31,2021-09-07,29869000.0,10692154000.0,,3062828000.0,7629326000.0,,30.47,-79142000.0,630757000.0,630757000.0,3091328000.0,557234000.0,2.153,0.893,2498993000.0,0.0,2498993000.0,2498993000.0,0.0,105731000.0,0.0,0.026,0.33,367173000.0,472904000.0,0.118,472904000.0,367173000.0,335110000.0,2.94,2.92,2.94,5370829000.0,,5370829000.0,10685698184.0,12.0,8.092,86835000.0,0.493,1.0,901377000.0,0.226,2684733000.0,32063000.0,8452947000.0,,1630092000.0,0.0,0.0,0.0,4795214000.0,1422710000.0,3372504000.0,9079926184.0,15000.0,-245446000.0,-15926000.0,262000000.0,-58989000.0,157822000.0,-322374000.0,0.0,165977000.0,-1410000.0,521082000.0,521082000.0,521082000.0,0.0,36152000.0,0.131,536554000.0,364823000.0,1220795000.0,0.112,1.691,11.274,11.282,4713274000.0,0.0,51.22,0.637,0.633,720733000.0,3346615000.0,3992705000.0,3992705000.0,0.0,,,,,15907000.0,80418000.0,1.0,177273061.0,176267000,178936000.0,22.651,8007421000.0,44337000.0,-185972000.0,650944000.0,45.428,1640118000.0
15,HFC,MRQ,2017-09-30,2017-09-30,2017-09-30,2021-09-07,31440000.0,10148355000.0,,2797061000.0,7351294000.0,,27.527,-56067000.0,630742000.0,630742000.0,2777421000.0,287717000.0,1.996,0.966,2236514000.0,0.0,2236514000.0,2236514000.0,0.0,102884000.0,0.0,0.037,0.33,459131000.0,562015000.0,0.151,562015000.0,459131000.0,430400000.0,1.53,1.53,1.53,4848864000.0,,4848864000.0,8144355450.0,13.0,7.879,255948000.0,1.453,1.0,941826000.0,0.253,2675586000.0,28731000.0,7677526000.0,,1419842000.0,0.0,0.0,0.0,4682578000.0,1401015000.0,3281563000.0,6376730450.0,170416000.0,0.0,0.0,8750000.0,-58765000.0,-86986000.0,-56787000.0,0.0,312015000.0,2174000.0,272014000.0,272014000.0,272014000.0,0.0,15703000.0,0.073,493413000.0,448413000.0,1101668000.0,0.216,1.315,18.895,18.932,4436831000.0,0.0,35.97,0.483,0.48,714348000.0,2884524000.0,3719247000.0,3719247000.0,0.0,,,,,9873000.0,68252000.0,1.0,177279134.0,176149000,176530000.0,21.114,7472769000.0,0.0,158386000.0,906377000.0,42.423,1396046000.0
16,HFC,MRQ,2017-06-30,2017-06-30,2017-06-30,2021-09-07,18785000.0,9643035000.0,,2293763000.0,7349272000.0,,26.193,-77293000.0,460326000.0,460326000.0,2837441000.0,74073000.0,1.879,0.954,2227951000.0,0.0,2227951000.0,2227951000.0,0.0,105282000.0,0.0,0.048,0.33,119408000.0,224690000.0,0.065,224690000.0,119408000.0,89763000.0,0.33,0.33,0.33,4613903000.0,,4613903000.0,6973953747.0,24.0,10.271,435489000.0,2.472,1.0,621423000.0,0.18,2654377000.0,29645000.0,7535835000.0,,1191973000.0,0.0,0.0,0.0,4400951000.0,1220448000.0,3180503000.0,4871923747.0,330814000.0,-30195000.0,0.0,-4000000.0,-58762000.0,-75103000.0,-107493000.0,0.0,512782000.0,628000.0,57767000.0,57767000.0,57767000.0,0.0,16306000.0,0.017,500593000.0,120830000.0,1009135000.0,1.0,1.056,34.809,34.772,4443558000.0,0.0,27.47,0.395,0.392,602350000.0,2671276000.0,3458864000.0,3458864000.0,0.0,,,,,9147000.0,59803000.0,1.0,177354341.0,176147000,176302000.0,19.636,6988658000.0,1428000.0,31996000.0,769477000.0,39.675,1073315000.0
17,HFC,MRQ,2017-03-31,2017-03-31,2017-03-31,2021-09-07,8124000.0,9542352000.0,,2168839000.0,7373513000.0,,26.068,-59757000.0,129512000.0,129512000.0,2652999000.0,-37782000.0,1.9,0.94,2231542000.0,0.0,2231542000.0,2231542000.0,0.0,96040000.0,0.0,0.047,0.33,-35099000.0,60941000.0,0.02,60941000.0,-35099000.0,-62257000.0,-0.26,-0.26,-0.26,4593471000.0,,4593471000.0,6550944991.0,-25.0,58.705,-99141000.0,-0.563,1.0,427484000.0,0.139,2653879000.0,27158000.0,7848847000.0,,1317497000.0,0.0,0.0,0.0,4319158000.0,1141656000.0,3177502000.0,5026386991.0,-581067000.0,-840432000.0,0.0,-15750000.0,-58992000.0,-68363000.0,-473016000.0,424151000.0,-39384000.0,-304000.0,-45468000.0,-45468000.0,-45468000.0,0.0,7686000.0,-0.015,461020000.0,-33536000.0,953928000.0,-1.269,1.094,-15.363,-15.155,4453675000.0,0.0,28.34,0.433,0.431,601117000.0,2672269000.0,3080483000.0,3080483000.0,0.0,,,,,7410000.0,57255000.0,1.0,177360162.0,176210000,176210000.0,17.482,6888473000.0,87384000.0,-16789000.0,737461000.0,39.092,1027183000.0
18,HFC,MRQ,2016-12-31,2016-12-31,2016-12-31,2021-09-07,10612000.0,9435661000.0,,2851009000.0,6584652000.0,,26.609,-92313000.0,710579000.0,710579000.0,2453216000.0,70464000.0,2.632,0.883,2235137000.0,0.0,2235137000.0,2235137000.0,0.0,93594000.0,0.0,0.04,0.33,92421000.0,186015000.0,0.063,186015000.0,92421000.0,66117000.0,0.3,0.3,0.3,4681394000.0,,4681394000.0,7082064570.0,-42.0,36.472,70361000.0,0.4,1.0,501852000.0,0.17,2358864000.0,26304000.0,7518126000.0,,1135676000.0,424148000.0,424148000.0,0.0,4133676000.0,1083229000.0,3050447000.0,5782783570.0,344258000.0,-42627000.0,-4677000.0,568860000.0,-58810000.0,586027000.0,-404443000.0,-269746000.0,162674000.0,0.0,53165000.0,53165000.0,53165000.0,0.0,17299000.0,0.018,392255000.0,109597000.0,935387000.0,1.1,1.235,-22.203,-22.135,4008448000.0,0.0,32.76,0.549,0.548,479199000.0,2776728000.0,2955068000.0,2955068000.0,0.0,,,,,8707000.0,37660000.0,1.0,176519645.0,175933000,175933000.0,16.797,7076797000.0,68371000.0,12952000.0,620414000.0,40.224,1767780000.0
19,HFC,MRQ,2016-09-30,2016-09-30,2016-09-30,2021-09-07,7627000.0,8596448000.0,,2031466000.0,6564982000.0,,26.509,-97432000.0,366321000.0,366321000.0,2342149000.0,87671000.0,2.101,0.724,1665602000.0,0.0,1665602000.0,1665602000.0,0.0,91130000.0,0.0,0.054,0.33,116243000.0,207373000.0,0.073,207373000.0,116243000.0,96693000.0,0.42,0.42,0.42,4662214000.0,,4662214000.0,5550865699.0,-17.0,215.601,36516000.0,0.208,1.0,505121000.0,0.177,2359028000.0,19550000.0,6569883000.0,,1090794000.0,111842000.0,111842000.0,0.0,3376047000.0,966818000.0,2409229000.0,4324732699.0,-85669000.0,0.0,0.0,-12000000.0,-58399000.0,-91799000.0,-127818000.0,-30584000.0,133948000.0,0.0,74497000.0,74497000.0,74497000.0,0.0,13174000.0,0.026,380356000.0,124765000.0,803031000.0,0.786,0.928,-12.096,-12.437,3984341000.0,0.0,24.5,0.411,0.409,395937000.0,2782373000.0,2847270000.0,2847270000.0,0.0,,,,,7069000.0,32994000.0,1.0,176519702.0,175871000,175993000.0,16.19,6237420000.0,42683000.0,22196000.0,546909000.0,35.466,1064648000.0
20,HFC,MRQ,2016-06-30,2016-06-30,2016-06-30,2021-09-07,5853000.0,8659717000.0,,2118098000.0,6541619000.0,,26.363,-140472000.0,451990000.0,451990000.0,2109682000.0,-392470000.0,2.02,0.747,1678123000.0,0.0,1678123000.0,1678123000.0,0.0,90423000.0,0.0,0.056,0.33,-433162000.0,-342739000.0,-0.126,-342739000.0,-433162000.0,-447413000.0,-2.33,-2.33,-2.33,4636374000.0,,4636374000.0,5393010785.0,-41.0,24.116,163218000.0,0.928,1.0,604956000.0,0.223,2359221000.0,14251000.0,6478075000.0,,1021023000.0,81328000.0,81328000.0,0.0,3461807000.0,1048554000.0,2413253000.0,4195863785.0,340969000.0,0.0,0.0,371000000.0,-58193000.0,301422000.0,-264143000.0,-123821000.0,303690000.0,0.0,-409368000.0,-409368000.0,-409368000.0,0.0,16898000.0,-0.151,1025498000.0,-420542000.0,913456000.0,-0.142,0.905,-17.801,-17.739,3954044000.0,0.0,23.77,0.373,0.371,481508000.0,2766278000.0,2714638000.0,2714638000.0,0.0,,,,,2350000.0,29655000.0,1.0,176519301.0,175865000,175865000.0,15.436,6300496000.0,49999000.0,-38045000.0,532661000.0,35.826,1069544000.0
21,HFC,MRQ,2016-03-31,2016-03-31,2016-03-31,2021-09-07,-4566000.0,8594287000.0,,1499270000.0,7095017000.0,,28.782,-149573000.0,111021000.0,111021000.0,1569042000.0,43390000.0,1.693,0.58,1308168000.0,0.0,1308168000.0,1308168000.0,0.0,87880000.0,0.0,0.037,0.33,55648000.0,143528000.0,0.071,143528000.0,55648000.0,43561000.0,0.12,0.12,0.12,5086824000.0,,5086824000.0,7208144129.0,8.0,5.848,-142937000.0,-0.809,1.0,449682000.0,0.223,2634987000.0,12087000.0,6270839000.0,,891938000.0,0.0,0.0,0.0,2951089000.0,885608000.0,2065481000.0,6234637129.0,44488000.0,0.0,-133430000.0,260190000.0,-58602000.0,43045000.0,-5193000.0,144122000.0,6636000.0,0.0,21253000.0,21253000.0,21253000.0,0.0,22137000.0,0.011,366084000.0,83598000.0,731271000.0,2.75,1.226,11.665,12.307,4196257000.0,0.0,35.32,0.509,0.51,430914000.0,3234040000.0,2018724000.0,2018724000.0,0.0,,,,,3226000.0,25621000.0,1.0,176518605.0,176737000,176784000.0,11.422,5959300000.0,32813000.0,22308000.0,544308000.0,33.718,613662000.0
22,HFC,MRQ,2015-12-31,2015-12-31,2015-12-31,2021-09-07,-4155000.0,8388299000.0,,1448065000.0,6940234000.0,,28.964,-202258000.0,66533000.0,66533000.0,2590065000.0,-23947000.0,1.683,0.491,1040040000.0,0.0,1040040000.0,1040040000.0,0.0,90572000.0,0.0,0.033,0.33,-72988000.0,17584000.0,0.006,17584000.0,-72988000.0,-84645000.0,-0.18,-0.19,-0.18,5253415000.0,,5253415000.0,8039210887.0,7.0,5.235,-119731000.0,-0.66,1.0,353494000.0,0.12,2592699000.0,11657000.0,5908492000.0,,841869000.0,144019000.0,144019000.0,0.0,2578526000.0,860615000.0,1717911000.0,7296095887.0,-173198000.0,-55032000.0,-261057000.0,58000000.0,-59536000.0,-299417000.0,43692000.0,297549000.0,82527000.0,0.0,-43921000.0,-43921000.0,-43921000.0,0.0,19974000.0,-0.015,410200000.0,-56706000.0,716490000.0,-1.833,1.389,9.858,10.202,4115662000.0,0.0,39.89,0.551,0.569,351978000.0,3271189000.0,2943559000.0,2943559000.0,0.0,,,,,8439000.0,34414000.0,1.0,182905387.0,181378000,181914000.0,16.229,5795600000.0,0.0,-40724000.0,506048000.0,31.953,587450000.0
23,HFC,MRQ,2015-09-30,2015-09-30,2015-09-30,2021-09-07,7167000.0,9071637000.0,,2307673000.0,6763964000.0,,30.026,-156984000.0,239731000.0,239731000.0,2879310000.0,210607000.0,2.112,0.514,982846000.0,0.0,982846000.0,982846000.0,0.0,87764000.0,0.0,0.037,0.33,317490000.0,405254000.0,0.113,405254000.0,317490000.0,306388000.0,1.05,1.04,1.05,5621168000.0,,5621168000.0,9909239944.0,11.0,7.892,176417000.0,0.942,1.0,706513000.0,0.197,2554382000.0,11102000.0,6167917000.0,,1037024000.0,387053000.0,387053000.0,0.0,2889953000.0,1092453000.0,1797500000.0,9209436944.0,6372000.0,0.0,-101634000.0,50000000.0,-62180000.0,-134968000.0,-192061000.0,-48676000.0,333401000.0,0.0,196322000.0,196322000.0,196322000.0,0.0,14285000.0,0.055,383908000.0,322605000.0,926625000.0,0.314,1.638,16.392,16.444,3977258000.0,0.0,48.84,0.632,0.627,522349000.0,3375226000.0,3585823000.0,3585823000.0,0.0,,,,,7819000.0,30746000.0,1.0,188563410.0,187208000,187344000.0,19.154,6517255000.0,48419000.0,110066000.0,675973000.0,34.813,1215220000.0
24,HFC,MRQ,2015-06-30,2015-06-30,2015-06-30,2021-09-07,12690000.0,9145286000.0,,2519539000.0,6625747000.0,,29.281,-144294000.0,233359000.0,233359000.0,2751995000.0,373187000.0,2.031,0.531,933162000.0,0.0,933162000.0,933162000.0,0.0,87803000.0,0.0,0.054,0.33,578373000.0,666176000.0,0.18,666176000.0,578373000.0,567814000.0,1.88,1.88,1.88,5603059000.0,,5603059000.0,8795127750.0,10.0,7.206,178754000.0,0.934,1.0,949917000.0,0.257,2505451000.0,10559000.0,6099147000.0,,1189918000.0,392859000.0,392859000.0,0.0,2977331000.0,1240491000.0,1736840000.0,8311850750.0,-360733000.0,0.0,-325067000.0,-145156000.0,-62857000.0,-562499000.0,-121282000.0,21594000.0,323048000.0,0.0,360824000.0,360824000.0,360824000.0,0.0,12363000.0,0.097,360085000.0,589832000.0,1050392000.0,0.176,1.483,15.378,15.246,3868395000.0,0.0,42.69,0.51,0.501,626107000.0,3241085000.0,3701912000.0,3701912000.0,0.0,,,,,6884000.0,26117000.0,1.0,194702524.0,191355000,191454000.0,19.346,6639835000.0,8351000.0,206990000.0,704390000.0,34.699,1279048000.0
25,HFC,MRQ,2015-03-31,2015-03-31,2015-03-31,2021-09-07,16372000.0,9262127000.0,,2715778000.0,6546349000.0,,28.845,-172619000.0,594092000.0,594092000.0,2244827000.0,242661000.0,2.316,0.544,1077369000.0,0.0,1077369000.0,1077369000.0,0.0,80012000.0,0.0,0.069,0.32,366758000.0,446770000.0,0.149,446770000.0,366758000.0,356604000.0,1.16,1.16,1.16,5626846000.0,,5626846000.0,8366085681.0,14.0,8.865,74273000.0,0.381,1.0,761799000.0,0.253,2510550000.0,10154000.0,6062451000.0,,1115678000.0,414507000.0,414507000.0,0.0,3062624000.0,1172403000.0,1890221000.0,7879180681.0,26107000.0,0.0,-55065000.0,23000000.0,-62335000.0,-108688000.0,-112097000.0,59708000.0,246892000.0,0.0,226876000.0,226876000.0,226876000.0,0.0,15785000.0,0.075,373177000.0,388622000.0,930909000.0,0.276,1.4,22.126,22.249,3781160000.0,0.0,40.27,0.438,0.437,526853000.0,2942707000.0,3006626000.0,3006626000.0,0.0,,,,,7225000.0,29569000.0,1.0,195658820.0,195069000,195121000.0,15.413,6751577000.0,0.0,129728000.0,759549000.0,34.611,1543375000.0
26,HFC,MRQ,2014-12-31,2014-12-31,2014-12-31,2021-09-07,27894000.0,9230047000.0,,2782998000.0,6447049000.0,,28.284,-195688000.0,567985000.0,567985000.0,4186504000.0,-210345000.0,2.255,0.567,1054297000.0,0.0,1054297000.0,1054297000.0,0.0,100498000.0,0.0,0.087,0.82,-363069000.0,-262571000.0,-0.061,-262571000.0,-363069000.0,-373194000.0,-1.12,-1.11,-1.12,5523584000.0,,5523584000.0,7519554943.0,16.0,9.065,-243025000.0,-1.244,1.0,96615000.0,0.023,2519357000.0,10125000.0,5963008000.0,,1035131000.0,474110000.0,474110000.0,0.0,3129328000.0,1233994000.0,1895334000.0,7336184943.0,-288041000.0,0.0,-25697000.0,16000000.0,-161431000.0,-196238000.0,-44466000.0,149300000.0,-47337000.0,0.0,-222204000.0,-222204000.0,-222204000.0,0.0,11859000.0,-0.052,451033000.0,-354418000.0,1108138000.0,-0.732,1.328,26.08,26.394,3670539000.0,0.0,37.48,0.371,0.374,589905000.0,2778577000.0,4283119000.0,4283119000.0,0.0,,,,,8870000.0,32172000.0,1.0,195735991.0,195287000,195424000.0,21.932,6710690000.0,11719000.0,-150990000.0,683921000.0,34.363,1549004000.0
27,HFC,MRQ,2014-09-30,2014-09-30,2014-09-30,2021-09-07,70011000.0,10181770000.0,,3893733000.0,6288037000.0,,30.286,-124364000.0,856026000.0,856026000.0,4625893000.0,187558000.0,2.179,0.606,1039396000.0,0.0,1039396000.0,1039396000.0,0.0,80945000.0,0.0,0.074,0.82,289260000.0,370205000.0,0.07,370205000.0,289260000.0,278222000.0,0.88,0.88,0.88,5974157000.0,,5974157000.0,8582363101.0,9.0,6.855,-39910000.0,-0.202,1.0,691662000.0,0.13,2509976000.0,11038000.0,6068415000.0,,1579465000.0,623480000.0,623480000.0,0.0,3620922000.0,1786749000.0,1834173000.0,8672780101.0,-262276000.0,0.0,-113015000.0,12000000.0,-162678000.0,-293098000.0,-53632000.0,56021000.0,84454000.0,0.0,175006000.0,175006000.0,175006000.0,0.0,12552000.0,0.033,389051000.0,302611000.0,1441115000.0,0.932,1.452,15.312,15.273,3560265000.0,0.0,43.68,0.427,0.424,690251000.0,3162173000.0,5317555000.0,5317555000.0,0.0,,,,,6882000.0,27149000.0,1.0,198552658.0,197261000,197535000.0,26.957,7671794000.0,32888000.0,103216000.0,882367000.0,38.892,2106984000.0
28,HFC,MRQ,2014-06-30,2014-06-30,2014-06-30,2021-09-07,75440000.0,10458383000.0,,4236131000.0,6222252000.0,,30.653,-120488000.0,1118302000.0,1118302000.0,4674846000.0,185153000.0,2.153,0.624,1027885000.0,0.0,1027885000.0,1027885000.0,0.0,101390000.0,0.0,0.074,0.82,287897000.0,389287000.0,0.072,389287000.0,287897000.0,277761000.0,0.89,0.89,0.89,6073532000.0,,6073532000.0,8628794977.0,11.0,7.783,206062000.0,1.04,1.0,697754000.0,0.13,2506580000.0,10136000.0,5893691000.0,,1504832000.0,679668000.0,679668000.0,0.0,3791764000.0,1967695000.0,1824069000.0,8680372977.0,43667000.0,0.0,-6147000.0,5300000.0,-164474000.0,-201708000.0,-81175000.0,35878000.0,326550000.0,0.0,176429000.0,176429000.0,176429000.0,0.0,8724000.0,0.033,401409000.0,296345000.0,1624953000.0,0.921,1.429,18.325,18.28,3492743000.0,0.0,43.69,0.427,0.426,780180000.0,3149849000.0,5372600000.0,5372600000.0,0.0,,,,,7660000.0,28365000.0,1.0,198681002.0,198139000,198380000.0,27.115,7951803000.0,18875000.0,101332000.0,874446000.0,40.132,2268436000.0
29,HFC,MRQ,2014-03-31,2014-03-31,2014-03-31,2021-09-07,54064000.0,10380558000.0,,4185509000.0,6195049000.0,,30.485,-124281000.0,1074635000.0,1074635000.0,4138620000.0,163962000.0,2.184,0.617,1023057000.0,0.0,1023057000.0,1023057000.0,0.0,80548000.0,0.0,0.067,0.8,252022000.0,332570000.0,0.069,332570000.0,252022000.0,239675000.0,0.76,0.76,0.76,6045086000.0,,6045086000.0,9524457607.0,11.0,7.816,270648000.0,1.365,1.0,652433000.0,0.136,2507277000.0,12347000.0,5905193000.0,,1590292000.0,715518000.0,709468000.0,6050000.0,3732057000.0,1916510000.0,1815547000.0,9467041607.0,134532000.0,0.0,-13988000.0,18512000.0,-158614000.0,-147348000.0,-113049000.0,9646000.0,394929000.0,0.0,152061000.0,152061000.0,152061000.0,0.0,11901000.0,0.032,381437000.0,270996000.0,1570973000.0,1.053,1.566,17.081,17.177,3442299000.0,0.0,47.58,0.468,0.466,688338000.0,3136871000.0,4791053000.0,4791053000.0,0.0,,,,,6186000.0,26923000.0,1.0,198971030.0,198297000,198924000.0,24.161,7873281000.0,12431000.0,87614000.0,868867000.0,39.704,2268999000.0
30,HFC,MRQ,2013-12-31,2013-12-31,2013-12-31,2021-09-07,822000.0,10056739000.0,,3896444000.0,6160295000.0,,30.248,-138938000.0,940103000.0,940103000.0,4332894000.0,69794000.0,2.327,0.575,997519000.0,0.0,997519000.0,997519000.0,0.0,79065000.0,0.0,0.064,0.8,80795000.0,159860000.0,0.033,159860000.0,80795000.0,67813000.0,0.33,0.31,0.33,5999620000.0,,5999620000.0,9594805267.0,8.0,6.401,-71927000.0,-0.363,1.0,493907000.0,0.102,2507263000.0,12982000.0,5932402000.0,,1354247000.0,725160000.0,725160000.0,0.0,3447341000.0,1674490000.0,1772851000.0,9889405267.0,-354381000.0,14040000.0,-40076000.0,-2000000.0,-160509000.0,-226785000.0,-194607000.0,-62969000.0,67011000.0,0.0,62902000.0,62902000.0,62902000.0,0.0,6892000.0,0.013,406784000.0,87123000.0,1325376000.0,2.424,1.648,13.44,13.577,3394596000.0,0.0,49.69,0.491,0.494,708802000.0,3144480000.0,4826801000.0,4826801000.0,0.0,,,,,10536000.0,35828000.0,1.0,199022042.0,198349000,200478000.0,24.335,7549476000.0,109376000.0,4911000.0,840841000.0,38.062,2221954000.0
31,HFC,MRQ,2013-09-30,2013-09-30,2013-09-30,2021-09-07,36174000.0,10498644000.0,,4410135000.0,6088509000.0,,31.011,-121188000.0,1294484000.0,1294484000.0,4809990000.0,88909000.0,2.329,0.6,999884000.0,0.0,999884000.0,999884000.0,0.0,82127000.0,0.0,0.074,0.8,144772000.0,226899000.0,0.043,226899000.0,144772000.0,130818000.0,0.41,0.41,0.41,6174159000.0,,6174159000.0,8056795702.0,5.0,3.891,229460000.0,1.152,1.0,517132000.0,0.097,2513753000.0,13954000.0,5796343000.0,,1548173000.0,662164000.0,656749000.0,5415000.0,3702494000.0,1893948000.0,1808546000.0,8415979702.0,-54936000.0,-9641000.0,-25515000.0,10000000.0,-220544000.0,-254549000.0,-151035000.0,-26008000.0,350648000.0,0.0,82290000.0,82290000.0,82290000.0,0.0,6619000.0,0.015,367382000.0,149750000.0,1615970000.0,1.951,1.363,7.906,7.991,3312255000.0,0.0,42.11,0.411,0.409,755672000.0,3241694000.0,5327122000.0,5327122000.0,0.0,,,,,8047000.0,28937000.0,1.0,199857034.0,199098000,199509000.0,26.756,7984891000.0,74287000.0,48528000.0,792083000.0,40.105,2516187000.0
32,HFC,MRQ,2013-06-30,2013-06-30,2013-06-30,2021-09-07,33206000.0,10493934000.0,,4448152000.0,6045782000.0,,31.087,-95327000.0,1349420000.0,1349420000.0,4456808000.0,265749000.0,2.366,0.574,990236000.0,0.0,990236000.0,990236000.0,0.0,70492000.0,0.0,0.081,0.8,428818000.0,499310000.0,0.094,499310000.0,428818000.0,409024000.0,1.27,1.27,1.27,6265433000.0,,6265433000.0,8099668653.0,3.0,2.813,107625000.0,0.534,1.0,842040000.0,0.159,2516338000.0,19794000.0,5738721000.0,,1550443000.0,636108000.0,632715000.0,3393000.0,3594556000.0,1879691000.0,1714865000.0,8688865653.0,-523022000.0,-15700000.0,-152822000.0,-313973000.0,-162704000.0,-649526000.0,-76448000.0,34579000.0,202952000.0,0.0,256981000.0,256981000.0,256981000.0,0.0,8768000.0,0.048,382034000.0,460006000.0,1593370000.0,0.63,1.387,5.49,5.478,3257831000.0,0.0,42.78,0.427,0.423,770805000.0,3319550000.0,5298848000.0,5298848000.0,0.0,,,,,8612000.0,34000000.0,1.0,203105789.0,201543000,201905000.0,26.291,7977596000.0,62431000.0,152043000.0,731155000.0,39.583,2568461000.0
33,HFC,MRQ,2013-03-31,2013-03-31,2013-03-31,2021-09-07,3334000.0,10696172000.0,,4763310000.0,5932862000.0,,31.006,-69674000.0,1872442000.0,1872442000.0,3792535000.0,343371000.0,2.696,0.599,1283245000.0,0.0,1283245000.0,1283245000.0,0.0,71762000.0,0.0,0.064,0.8,541083000.0,612845000.0,0.13,612845000.0,541083000.0,519763000.0,1.64,1.63,1.64,6285793000.0,,6285793000.0,10051113647.0,3.0,3.099,178889000.0,0.882,1.0,915254000.0,0.194,2516308000.0,21320000.0,5823713000.0,,1470800000.0,670694000.0,665694000.0,5000000.0,3767125000.0,1766954000.0,2000171000.0,10472574647.0,114743000.0,0.0,140278000.0,-53000000.0,-102163000.0,-29175000.0,-104645000.0,-34971000.0,248563000.0,0.0,333669000.0,333669000.0,333669000.0,0.0,9702000.0,0.071,366059000.0,549195000.0,1339419000.0,0.488,1.666,5.757,5.755,3214198000.0,0.0,51.45,0.527,0.525,656524000.0,3225050000.0,4707789000.0,4707789000.0,0.0,,,,,8580000.0,29198000.0,1.0,203548584.0,202726000,203428000.0,23.222,8179864000.0,37904000.0,186094000.0,854632000.0,40.349,2996356000.0
34,HFC,MRQ,2012-12-31,2012-12-31,2012-12-31,2021-09-07,-8425000.0,10328997000.0,,4470265000.0,5858732000.0,,30.233,-127726000.0,1757699000.0,1757699000.0,4073226000.0,399993000.0,2.702,0.609,1336238000.0,0.0,1336238000.0,1336238000.0,0.0,64706000.0,0.0,0.067,0.7,666646000.0,731352000.0,0.142,731352000.0,666646000.0,643820000.0,1.95,1.94,1.95,6052954000.0,,6052954000.0,8745229596.0,3.0,2.819,363173000.0,1.814,1.0,1074281000.0,0.209,2507152000.0,22826000.0,5745940000.0,,1319632000.0,635702000.0,630586000.0,5116000.0,3686339000.0,1654444000.0,2031895000.0,9456410596.0,-299709000.0,2000000.0,-27913000.0,-10000000.0,-275475000.0,-313140000.0,-477468000.0,-349742000.0,490899000.0,0.0,391604000.0,391604000.0,391604000.0,0.0,8389000.0,0.076,401140000.0,673141000.0,1314151000.0,0.359,1.562,5.475,5.535,3194700000.0,0.0,46.55,0.471,0.474,634230000.0,3054769000.0,5147507000.0,5147507000.0,0.0,,,,,13804000.0,39680000.0,1.0,203145233.0,200212000,201134000.0,25.71,7821845000.0,74957000.0,252216000.0,681886000.0,39.068,2815821000.0
35,HFC,MRQ,2012-09-30,2012-09-30,2012-09-30,2021-09-07,-62521000.0,10345936000.0,,4631921000.0,5714015000.0,,28.444,-79517000.0,2057408000.0,2057408000.0,3898736000.0,610650000.0,2.23,0.692,1346227000.0,0.0,1346227000.0,1346227000.0,0.0,65112000.0,0.0,0.073,1.15,971098000.0,1036210000.0,0.199,1036210000.0,971098000.0,949995000.0,2.95,2.94,2.95,5764276000.0,,5764276000.0,8323629501.0,3.0,2.988,662768000.0,3.27,1.0,1306062000.0,0.251,2504979000.0,21103000.0,5052616000.0,,1485450000.0,285928000.0,280409000.0,5519000.0,3986440000.0,2077160000.0,1909280000.0,8400664501.0,685210000.0,0.0,108084000.0,61000000.0,-132652000.0,32108000.0,-89183000.0,-9666000.0,742285000.0,0.0,600373000.0,600373000.0,600373000.0,0.0,10277000.0,0.115,327758000.0,978304000.0,1530714000.0,0.39,1.457,5.389,5.646,3119932000.0,0.0,41.27,0.422,0.42,736874000.0,2806117000.0,5204798000.0,5204798000.0,0.0,,,,,7908000.0,28787000.0,1.0,203553780.0,202655000,203532000.0,25.683,7840957000.0,40548000.0,349622000.0,725671000.0,38.691,2554761000.0
36,HFC,MRQ,2012-06-30,2012-06-30,2012-06-30,2021-09-07,5575000.0,9382532000.0,,3705692000.0,5676840000.0,,25.906,-66633000.0,1372198000.0,1372198000.0,3681764000.0,502370000.0,2.373,0.645,1295163000.0,0.0,1295163000.0,1295163000.0,0.0,56948000.0,0.0,0.069,0.65,806159000.0,863107000.0,0.18,863107000.0,806159000.0,779217000.0,2.4,2.39,2.4,5329461000.0,,5329461000.0,6979409481.0,3.0,2.638,108965000.0,0.53,1.0,1124917000.0,0.234,2506309000.0,26942000.0,5237503000.0,,1309819000.0,276248000.0,266483000.0,9765000.0,3434907000.0,1561685000.0,1873222000.0,7326917481.0,-287352000.0,-800000.0,-227239000.0,-17239000.0,-123939000.0,-387177000.0,-75773000.0,-8340000.0,175598000.0,0.0,493499000.0,493499000.0,493499000.0,0.0,8871000.0,0.103,311780000.0,813137000.0,1096216000.0,0.271,1.375,4.945,5.165,3088306000.0,0.0,35.43,0.368,0.367,603726000.0,2440448000.0,4806681000.0,4806681000.0,0.0,,,,,8006000.0,32106000.0,1.0,206799816.0,205727000,206481000.0,23.364,6876223000.0,93648000.0,285718000.0,747679000.0,33.424,2144007000.0
37,HFC,MRQ,2012-03-31,2012-03-31,2012-03-31,2021-09-07,-17421000.0,9785750000.0,,4127601000.0,5658149000.0,,24.765,-61387000.0,1659550000.0,1659550000.0,4186917000.0,247020000.0,1.948,0.774,1312042000.0,26281000.0,1285761000.0,1312042000.0,0.0,56102000.0,0.0,0.058,0.6,415417000.0,471519000.0,0.096,471519000.0,415417000.0,382102000.0,1.16,1.16,1.16,5164313000.0,,5164313000.0,6330640768.0,3.0,2.967,192518000.0,0.923,1.0,744821000.0,0.151,2496704000.0,33315000.0,4823157000.0,,1345155000.0,267986000.0,241929000.0,26057000.0,3996171000.0,2118381000.0,1877790000.0,6694802768.0,80646000.0,-1200000.0,-62532000.0,91989000.0,-126019000.0,-104579000.0,-68680000.0,-6093000.0,253905000.0,0.0,241696000.0,241696000.0,241696000.0,0.0,5324000.0,0.049,325257000.0,419564000.0,1641107000.0,0.517,1.296,5.672,5.136,3071213000.0,0.0,32.15,0.371,0.372,733147000.0,2080848000.0,4931738000.0,4931738000.0,0.0,,,,,9485000.0,27528000.0,1.0,208236478.0,208531000,209138000.0,23.65,7289046000.0,93648000.0,140406000.0,725606000.0,34.954,2009220000.0
38,HFC,MRQ,2011-12-31,2011-12-31,2011-12-31,2021-09-07,77873000.0,9576243000.0,,3920746000.0,5655497000.0,,32.948,-100018000.0,1578904000.0,1578904000.0,4258439000.0,235849000.0,2.074,0.719,1214742000.0,0.0,1214742000.0,1214742000.0,0.0,53327000.0,0.0,0.057,0.6,361493000.0,414820000.0,0.083,414820000.0,361493000.0,339641000.0,0.8,0.79,0.8,5204010000.0,,5204010000.0,4538223794.0,3.0,2.462,149170000.0,0.944,1.0,713973000.0,0.144,2495465000.0,21852000.0,4825933000.0,,1114619000.0,261706000.0,211639000.0,50067000.0,3740343000.0,1890683000.0,1849660000.0,4896095794.0,-3955000.0,581000.0,71975000.0,-10188000.0,-122756000.0,-68483000.0,-184660000.0,-85223000.0,249188000.0,0.0,223380000.0,223380000.0,223380000.0,0.0,12469000.0,0.045,340910000.0,373063000.0,1504694000.0,0.75,0.941,4.784,3.622,3052905000.0,0.0,23.4,0.317,0.239,708857000.0,1964656000.0,4972412000.0,4972412000.0,0.0,,,,,11290000.0,41473000.0,1.0,209234863.0,157948000,158756000.0,31.481,7080778000.0,87277000.0,116261000.0,679770000.0,44.83,2030063000.0
39,HFC,MRQ,2011-09-30,2011-09-30,2011-09-30,2021-09-07,-12700000.0,9916463000.0,,4379088000.0,5537375000.0,,24.119,-117918000.0,1582859000.0,1582859000.0,3989927000.0,531011000.0,1.839,0.842,1224987000.0,0.0,1224987000.0,1224987000.0,0.0,43240000.0,0.0,0.031,0.59,852920000.0,896160000.0,0.173,896160000.0,852920000.0,827846000.0,2.5,2.48,2.5,5054930000.0,,5054930000.0,5919976944.0,4.0,3.952,513289000.0,2.449,1.0,1183471000.0,0.229,2435755000.0,25074000.0,4741996000.0,,1265519000.0,176494000.0,133445000.0,43049000.0,4255673000.0,2380840000.0,1874833000.0,5507799944.0,1156170000.0,872158000.0,-35959000.0,15985000.0,-113393000.0,-143253000.0,668216000.0,-86024000.0,631207000.0,0.0,523088000.0,523088000.0,523088000.0,0.0,7923000.0,0.101,314264000.0,869207000.0,2102915000.0,0.236,1.09,6.76,5.013,2996528000.0,0.0,26.22,0.434,0.433,1341683000.0,1866873000.0,5173398000.0,5173398000.0,0.0,,,,,9973000.0,43141000.0,1.0,210061020.0,209583000,210579000.0,24.684,7480708000.0,0.0,304758000.0,651169000.0,35.693,1998248000.0
40,HFC,MRQ,2011-06-30,2011-06-30,2011-06-30,2021-09-07,-26091000.0,4165303000.0,,2024974000.0,2140329000.0,,8.999,-82267000.0,426689000.0,426689000.0,2447095000.0,201833000.0,1.3,2.713,838866000.0,0.0,838866000.0,838866000.0,0.0,31832000.0,0.0,0.009,0.075,319389000.0,351221000.0,0.118,351221000.0,319389000.0,304196000.0,1.8,1.79,1.8,960463000.0,,960463000.0,4309970746.0,7.0,5.895,245187000.0,2.297,1.0,520038000.0,0.175,180385000.0,15193000.0,2839502000.0,,495300000.0,90658000.0,65854000.0,24804000.0,2606115000.0,1557593000.0,1048522000.0,3699871746.0,202575000.0,-9125000.0,-945000.0,4000000.0,-8000000.0,-10867000.0,-114012000.0,-22620000.0,327454000.0,0.0,192235000.0,192235000.0,192235000.0,0.0,9598000.0,0.065,189859000.0,330179000.0,1450640000.0,0.042,3.852,10.792,10.81,1859763000.0,0.0,34.7,0.386,0.386,1003527000.0,1467233000.0,2967133000.0,2967133000.0,0.0,,,,,3808000.0,18682000.0,1.0,106624546.0,106730000,107340000.0,27.8,3984918000.0,0.0,111961000.0,151467000.0,37.336,467381000.0
41,HFC,MRQ,2011-03-31,2011-03-31,2011-03-31,2021-09-07,-25866000.0,3989760000.0,,1915754000.0,2074006000.0,,7.258,-74038000.0,224114000.0,224114000.0,1984617000.0,91011000.0,1.216,3.388,834213000.0,0.0,834213000.0,834213000.0,0.0,31308000.0,0.0,0.01,0.075,149909000.0,181217000.0,0.078,181217000.0,149909000.0,133705000.0,0.79,0.79,0.79,773786000.0,,773786000.0,3820176103.0,9.0,7.134,56504000.0,0.53,1.0,341968000.0,0.147,183495000.0,16204000.0,2841122000.0,,473456000.0,68497000.0,48947000.0,19550000.0,2621810000.0,1575242000.0,1046568000.0,3238716103.0,-4987000.0,0.0,-2051000.0,23000000.0,-7984000.0,5521000.0,-141050000.0,-67012000.0,130542000.0,0.0,84694000.0,84694000.0,84694000.0,0.0,6317000.0,0.036,182869000.0,159099000.0,1498508000.0,0.095,4.186,14.942,14.966,1801552000.0,0.0,30.38,0.369,0.369,1152254000.0,1283021000.0,2326585000.0,2326585000.0,0.0,,,,,1754000.0,16818000.0,1.0,106606850.0,106614000,107266000.0,21.823,3806265000.0,2042000.0,49011000.0,131698000.0,35.701,340512000.0
42,HFC,MRQ,2010-12-31,2010-12-31,2010-12-31,2021-09-07,-26246000.0,3701475000.0,,1703435000.0,1998040000.0,,6.536,-85293000.0,229101000.0,229101000.0,1988029000.0,24249000.0,1.226,3.46,810561000.0,0.0,810561000.0,810561000.0,0.0,31810000.0,0.0,0.015,0.075,37638000.0,69448000.0,0.031,69448000.0,37638000.0,19555000.0,0.14,0.14,0.14,697419000.0,,697419000.0,2705358352.0,11.0,7.621,-38006000.0,-0.356,1.0,223762000.0,0.101,171816000.0,18083000.0,2721264000.0,,400367000.0,1343000.0,1343000.0,0.0,2413336000.0,1389855000.0,1023481000.0,2169372352.0,-42819000.0,0.0,-121000.0,2760000.0,-7979000.0,-4813000.0,-85293000.0,0.0,47287000.0,0.0,14719000.0,14719000.0,14719000.0,0.0,9530000.0,0.007,177802000.0,45960000.0,1317446000.0,0.536,3.111,20.867,20.801,1756691000.0,0.0,20.385,0.261,0.261,993116000.0,1206328000.0,2211791000.0,2211791000.0,0.0,,,,,3684000.0,20216000.0,1.0,106420032.0,106712000,107686000.0,20.727,3529659000.0,51034000.0,4836000.0,131935000.0,33.076,313580000.0
43,HFC,MRQ,2010-09-30,2010-09-30,2010-09-30,2021-09-07,-26360000.0,3397379000.0,,1475107000.0,1922272000.0,,6.457,-51409000.0,271920000.0,271920000.0,1807044000.0,59390000.0,1.161,3.103,807906000.0,157000000.0,650906000.0,807906000.0,0.0,29138000.0,0.0,0.021,0.075,100039000.0,129177000.0,0.062,129177000.0,100039000.0,82671000.0,0.48,0.48,0.48,687127000.0,,687127000.0,2194911960.0,15.0,8.381,146213000.0,1.374,1.0,283944000.0,0.136,173941000.0,17368000.0,2489075000.0,,414015000.0,1171000.0,1171000.0,0.0,2131902000.0,1270349000.0,861553000.0,1529787960.0,131708000.0,0.0,0.0,1655000.0,-7988000.0,-14505000.0,-51409000.0,0.0,197622000.0,0.0,51177000.0,51177000.0,51177000.0,0.0,8213000.0,0.024,176326000.0,107618000.0,1044277000.0,0.156,2.226,31.384,33.046,1697383000.0,0.0,14.375,0.197,0.197,718471000.0,1199605000.0,2090988000.0,2090988000.0,0.0,,,,,2374000.0,16925000.0,1.0,106420032.0,106420000,107134000.0,19.648,3223438000.0,26269000.0,31494000.0,129677000.0,30.29,204758000.0
44,HFC,MRQ,2010-06-30,2010-06-30,2010-06-30,2021-09-07,-25483000.0,3283579000.0,,1385128000.0,1898451000.0,,6.041,-45432000.0,140212000.0,140212000.0,1848212000.0,72666000.0,1.3,3.209,805336000.0,0.0,805336000.0,805336000.0,0.0,28824000.0,0.0,0.023,0.075,126839000.0,155663000.0,0.073,155663000.0,126839000.0,105816000.0,0.62,0.62,0.62,642883000.0,,642883000.0,2141242948.0,22.0,10.376,82938000.0,0.779,1.0,297648000.0,0.139,175986000.0,21023000.0,2707222000.0,,421146000.0,1216000.0,1216000.0,0.0,2062823000.0,1065495000.0,997328000.0,1413936948.0,46923000.0,0.0,-253000.0,-16169000.0,-7975000.0,-36015000.0,-45432000.0,0.0,128370000.0,0.0,66162000.0,66162000.0,66162000.0,0.0,6504000.0,0.031,165484000.0,132164000.0,1010097000.0,0.121,2.199,67.167,69.947,1669645000.0,0.0,13.29,0.197,0.197,762769000.0,1156427000.0,2145860000.0,2145860000.0,0.0,,,,,2533000.0,15829000.0,1.0,106391042.0,106412000,106816000.0,20.166,3107593000.0,0.0,39654000.0,107783000.0,29.203,319633000.0
45,HFC,MRQ,2010-03-31,2010-03-31,2010-03-31,2021-09-07,-25200000.0,3382327000.0,,1510943000.0,1871384000.0,,5.494,-31098000.0,93289000.0,93289000.0,1723864000.0,-23254000.0,1.246,3.804,820595000.0,0.0,820595000.0,820595000.0,0.0,27757000.0,0.0,0.021,0.075,-27044000.0,713000.0,0.0,713000.0,-27044000.0,-44766000.0,-0.265,-0.265,-0.265,583357000.0,,583357000.0,2064976108.0,7882.0,19.239,-121122000.0,-1.141,1.0,150426000.0,0.08,176164000.0,17722000.0,2720405000.0,,421022000.0,1467000.0,1467000.0,0.0,2218816000.0,1213064000.0,1005752000.0,1482114108.0,-31307000.0,0.0,-994000.0,112294000.0,-7926000.0,89815000.0,-31098000.0,0.0,-90024000.0,0.0,-28094000.0,-28094000.0,-28094000.0,0.0,4840000.0,-0.015,173170000.0,-22744000.0,1155517000.0,-0.283,2.541,-48.584,-48.965,1638993000.0,0.0,13.955,0.245,0.245,883540000.0,1098257000.0,1874290000.0,1874290000.0,0.0,,,,,2907000.0,17869000.0,1.0,106206672.0,106188000,106188000.0,17.651,3206163000.0,30248000.0,-16672000.0,102870000.0,30.193,297879000.0
46,HFC,MRQ,2009-12-31,2009-12-31,2009-12-31,2021-09-07,-25700000.0,3145939000.0,,1283011000.0,1862928000.0,,6.044,-323671000.0,124596000.0,124596000.0,1550990000.0,-22358000.0,1.252,3.131,707458000.0,0.0,707458000.0,707458000.0,0.0,29545000.0,0.0,0.023,0.075,-53212000.0,-23667000.0,-0.014,-23667000.0,-53212000.0,-67709000.0,-0.4,-0.395,-0.4,619039000.0,,619039000.0,1795071407.0,27.0,10.751,-291778000.0,-2.849,1.0,110979000.0,0.067,179495000.0,14497000.0,2524194000.0,,303513000.0,1223000.0,1223000.0,0.0,1938158000.0,1025112000.0,913046000.0,1287766407.0,26069000.0,164014000.0,74000.0,101000000.0,-7554000.0,153833000.0,-159657000.0,0.0,31893000.0,0.0,-40501000.0,-40501000.0,-40501000.0,-13488000.0,18143000.0,-0.024,161492000.0,-50513000.0,975155000.0,-0.188,2.08,65.928,64.075,1629970000.0,0.0,12.815,0.266,0.267,762455000.0,1134341000.0,1661969000.0,1661969000.0,0.0,,,,,970000.0,16771000.0,1.0,100488990.0,102426000,103192000.0,16.226,2966444000.0,38072000.0,-27208000.0,124585000.0,28.962,257899000.0
47,HFC,MRQ,2009-09-30,2009-09-30,2009-09-30,2021-09-07,-34200000.0,2698098000.0,,1045813000.0,1652285000.0,,5.845,-62628000.0,98527000.0,98527000.0,1295438000.0,31078000.0,1.205,2.811,605832000.0,0.0,605832000.0,605832000.0,0.0,24267000.0,0.0,0.023,0.075,49388000.0,73655000.0,0.049,73655000.0,49388000.0,36981000.0,0.235,0.235,0.235,587328000.0,,587328000.0,1756595962.0,8.0,5.953,-24526000.0,-0.244,1.0,193053000.0,0.13,125735000.0,12407000.0,2211702000.0,,298282000.0,1026000.0,1026000.0,0.0,1650742000.0,867966000.0,782776000.0,1287263962.0,-10161000.0,0.0,60000.0,27000000.0,-7547000.0,14365000.0,-62628000.0,0.0,38102000.0,0.0,23484000.0,23484000.0,23484000.0,-901000.0,7594000.0,0.016,137471000.0,55582000.0,820635000.0,0.319,2.192,11.64,11.593,1469024000.0,0.0,12.81,0.315,0.315,615832000.0,1182831000.0,1488491000.0,1488491000.0,0.0,,,,,2242000.0,16728000.0,1.0,100488990.0,100488000,100654000.0,14.813,2572363000.0,5384000.0,13497000.0,95644000.0,25.599,177847000.0
48,HFC,MRQ,2009-06-30,2009-06-30,2009-06-30,2021-09-07,-33929000.0,2621441000.0,,1010457000.0,1610984000.0,,5.676,-84165000.0,108688000.0,108688000.0,879926000.0,21144000.0,1.187,2.8,578020000.0,0.0,578020000.0,578020000.0,0.0,25500000.0,0.0,0.033,0.075,31130000.0,56630000.0,0.055,56630000.0,31130000.0,23927000.0,0.145,0.145,0.145,569579000.0,,569579000.0,1313436789.0,5.0,4.089,59700000.0,0.595,1.0,155852000.0,0.15,125871000.0,7203000.0,2113812000.0,,264048000.0,791000.0,791000.0,0.0,1594872000.0,851090000.0,743782000.0,900829789.0,54810000.0,-157814000.0,-45000.0,110925000.0,-7520000.0,152924000.0,-241979000.0,0.0,143865000.0,0.0,14605000.0,14605000.0,14605000.0,-1206000.0,6539000.0,0.014,118401000.0,37451000.0,804619000.0,0.517,1.582,6.575,6.562,1425200000.0,0.0,8.99,0.209,0.209,604700000.0,1166883000.0,1035778000.0,1035778000.0,0.0,,,,,2890000.0,15088000.0,1.0,100203536.0,100340000,100452000.0,10.323,2495570000.0,5841000.0,9322000.0,88404000.0,24.871,159367000.0
49,HFC,MRQ,2009-03-31,2009-03-31,2009-03-31,2021-09-07,-35289000.0,2013867000.0,,545198000.0,1468669000.0,,5.583,-99228000.0,53878000.0,53878000.0,511654000.0,23405000.0,1.064,1.902,466485000.0,55000000.0,411485000.0,466485000.0,0.0,20321000.0,0.0,0.028,0.075,40033000.0,60354000.0,0.093,60354000.0,40033000.0,33794000.0,0.22,0.22,0.22,558761000.0,,558761000.0,1391592958.0,6.0,4.577,-101543000.0,-1.015,1.0,136376000.0,0.21,123147000.0,6239000.0,1790748000.0,,162924000.0,587000.0,587000.0,0.0,1062783000.0,512579000.0,550204000.0,1061483958.0,13073000.0,-25500000.0,-1169000.0,95000000.0,-7502000.0,85727000.0,-70339000.0,54389000.0,-2315000.0,0.0,21945000.0,21945000.0,21945000.0,0.0,1460000.0,0.034,98585000.0,37791000.0,415592000.0,0.341,1.9,7.93,7.91,1285245000.0,0.0,10.6,0.211,0.211,303687000.0,1159881000.0,648030000.0,648030000.0,0.0,,,,,1447000.0,11756000.0,1.0,100139996.0,100084000,100342000.0,6.475,1890720000.0,5841000.0,11849000.0,71328000.0,18.891,32619000.0
50,HFC,MRQ,2008-12-31,2008-12-31,2008-12-31,2021-09-07,-35081000.0,1874225000.0,,530623000.0,1343602000.0,,5.438,-126626000.0,39244000.0,39244000.0,741936000.0,53494000.0,1.148,1.732,370914000.0,29000000.0,341914000.0,370914000.0,0.0,17811000.0,0.0,0.033,0.075,86621000.0,104432000.0,0.114,104432000.0,86621000.0,78285000.0,0.505,0.5,0.505,541540000.0,,541540000.0,1134633710.0,5.0,4.166,-131830000.0,-1.324,1.0,174695000.0,0.191,97962000.0,8336000.0,1645775000.0,,125735000.0,55203000.0,49194000.0,6009000.0,937893000.0,462158000.0,475735000.0,905790710.0,-95203000.0,5958000.0,210000.0,5000000.0,-7479000.0,-6814000.0,-83185000.0,37483000.0,-5204000.0,0.0,50558000.0,50558000.0,50558000.0,0.0,2936000.0,0.055,91810000.0,82885000.0,390438000.0,0.149,1.673,7.513,7.596,1172924000.0,0.0,9.115,0.155,0.156,288619000.0,1145388000.0,916631000.0,916631000.0,0.0,,,,,2167000.0,15101000.0,1.0,99373638.0,99582000,100090000.0,9.205,1776263000.0,6350000.0,27727000.0,69491000.0,17.837,68465000.0
51,HFC,MRQ,2008-09-30,2008-09-30,2008-09-30,2021-09-07,-20051000.0,2240423000.0,,999974000.0,1240449000.0,,5.128,-92649000.0,136008000.0,136008000.0,1534776000.0,51746000.0,1.094,3.394,364851000.0,24000000.0,340851000.0,364851000.0,0.0,16740000.0,0.0,0.02,0.075,83025000.0,99765000.0,0.058,99765000.0,83025000.0,75649000.0,0.5,0.5,0.5,509917000.0,,509917000.0,1639772700.0,8.0,6.452,-46568000.0,-0.468,1.0,185144000.0,0.108,65798000.0,7376000.0,1489414000.0,,140832000.0,94584000.0,78373000.0,16211000.0,1730506000.0,914054000.0,816452000.0,1434634700.0,-18763000.0,0.0,-14230000.0,4000000.0,-7530000.0,-18768000.0,-46076000.0,46573000.0,46081000.0,0.0,49899000.0,49899000.0,49899000.0,0.0,1847000.0,0.029,102168000.0,82976000.0,848216000.0,0.15,2.813,11.972,12.466,1124596000.0,0.0,14.46,0.225,0.225,629196000.0,1102337000.0,1719920000.0,1719920000.0,0.0,,,,,2605000.0,14298000.0,1.0,99214018.0,99434000,100064000.0,17.297,2174625000.0,1809000.0,25750000.0,40068000.0,21.87,85920000.0
52,HFC,MRQ,2008-06-30,2008-06-30,2008-06-30,2021-09-07,-18356000.0,2442871000.0,,1291856000.0,1151015000.0,,4.789,-126023000.0,154771000.0,154771000.0,1620550000.0,11945000.0,1.138,4.085,359909000.0,20000000.0,339909000.0,359909000.0,0.0,15929000.0,0.0,0.015,0.075,23559000.0,39488000.0,0.023,39488000.0,23559000.0,17308000.0,0.115,0.115,0.115,480373000.0,,480373000.0,2020805472.0,11.0,8.333,-110260000.0,-1.099,1.0,123272000.0,0.071,68284000.0,6251000.0,1444474000.0,,159390000.0,143141000.0,116310000.0,26831000.0,1962498000.0,1135251000.0,827247000.0,1849940472.0,-25780000.0,0.0,-34280000.0,10000000.0,-7645000.0,-29568000.0,-11975000.0,114048000.0,15763000.0,0.0,11452000.0,11452000.0,11452000.0,0.0,493000.0,0.007,103046000.0,20226000.0,1079193000.0,0.652,3.851,14.446,15.513,1046733000.0,0.0,18.46,0.315,0.315,841527000.0,1059905000.0,1743822000.0,1743822000.0,0.0,,,,,2517000.0,12942000.0,1.0,100213460.0,100316000,101030000.0,17.383,2374587000.0,10033000.0,5856000.0,44432000.0,23.671,156605000.0
53,HFC,MRQ,2008-03-31,2008-03-31,2008-03-31,2021-09-07,-20662000.0,2276722000.0,,1213757000.0,1062965000.0,,4.886,98239000.0,180551000.0,180551000.0,1383437000.0,9451000.0,1.266,3.553,351416000.0,10000000.0,341416000.0,351416000.0,0.0,13309000.0,0.0,0.012,0.075,15336000.0,28645000.0,0.019,28645000.0,15336000.0,13344000.0,0.085,0.085,0.085,500033000.0,,500033000.0,2118824388.0,5.0,4.619,197089000.0,1.926,1.0,96547000.0,0.065,68762000.0,1992000.0,1420327000.0,,135115000.0,257220000.0,205974000.0,51246000.0,1776689000.0,958498000.0,818191000.0,2213193388.0,86182000.0,7005000.0,-102596000.0,10000000.0,-6410000.0,-96127000.0,83459000.0,-21785000.0,98850000.0,0.0,8649000.0,8649000.0,8649000.0,0.0,802000.0,0.006,86954000.0,9593000.0,914322000.0,0.882,4.426,8.041,8.613,934222000.0,0.0,21.705,0.414,0.415,669959000.0,1055989000.0,1479984000.0,1479984000.0,0.0,,,,,178000.0,12937000.0,1.0,101966984.0,102330000,103030000.0,14.463,2207960000.0,13451000.0,4695000.0,36425000.0,21.577,255259000.0
54,HFC,MRQ,2007-12-31,2007-12-31,2007-12-31,2021-09-07,-19076000.0,1663945000.0,,1034621000.0,629324000.0,,5.453,-48043000.0,94369000.0,94369000.0,1295066000.0,49833000.0,1.265,1.802,0.0,0.0,0.0,0.0,0.0,10833000.0,0.0,0.009,0.06,75432000.0,86265000.0,0.06,86265000.0,75432000.0,75186000.0,0.46,0.45,0.46,593794000.0,,593794000.0,2775800041.0,6.0,5.103,117994000.0,1.084,1.0,145141000.0,0.101,12587000.0,246000.0,738909000.0,,140630000.0,235415000.0,158233000.0,77182000.0,1070151000.0,818080000.0,252071000.0,2814834041.0,55335000.0,0.0,-121415000.0,0.0,-6557000.0,-98224000.0,-12478000.0,35565000.0,166037000.0,0.0,49833000.0,49833000.0,49833000.0,0.0,0.0,0.035,79565000.0,65576000.0,782976000.0,0.13,4.74,8.424,8.356,530850000.0,0.0,25.445,0.587,0.583,614769000.0,1054974000.0,1440207000.0,1440207000.0,-311000.0,,,,,1665000.0,13192000.0,1.0,110624250.0,108888000,110698000.0,13.226,1651358000.0,16356000.0,25353000.0,38933000.0,15.166,216541000.0
55,HFC,MRQ,2007-09-30,2007-09-30,2007-09-30,2021-09-07,-11715000.0,1611713000.0,,1012298000.0,599415000.0,,6.066,-40684000.0,39034000.0,39034000.0,1059471000.0,58126000.0,1.381,1.423,0.0,0.0,0.0,0.0,0.0,10531000.0,0.0,0.007,0.06,77564000.0,88095000.0,0.073,88095000.0,77564000.0,77267000.0,0.53,0.52,0.53,665075000.0,,665075000.0,3182611482.0,6.0,5.848,-64568000.0,-0.589,1.0,149200000.0,0.123,13131000.0,297000.0,826448000.0,,179804000.0,270696000.0,184782000.0,85914000.0,946638000.0,733100000.0,213538000.0,3289748482.0,-68103000.0,0.0,-32943000.0,0.0,-6601000.0,-38061000.0,-6158000.0,34526000.0,-23884000.0,0.0,58126000.0,58126000.0,58126000.0,0.0,0.0,0.048,81568000.0,67632000.0,681648000.0,0.113,4.946,9.91,9.906,491903000.0,0.0,29.915,0.767,0.765,583418000.0,1011551000.0,1208671000.0,1208671000.0,54000.0,,,,,6882000.0,18798000.0,1.0,109969864.0,109638000,111706000.0,11.024,1598582000.0,12306000.0,19141000.0,31275000.0,14.581,279198000.0
56,HFC,MRQ,2007-06-30,2007-06-30,2007-06-30,2021-09-07,-12806000.0,1457477000.0,,920097000.0,537380000.0,,5.823,-45781000.0,107137000.0,107137000.0,897237000.0,158627000.0,1.536,1.277,0.0,0.0,0.0,0.0,0.0,10641000.0,0.0,0.005,0.06,245054000.0,255695000.0,0.21,255695000.0,245054000.0,244763000.0,1.445,1.42,1.445,640000000.0,,640000000.0,3932842655.0,7.0,6.679,148502000.0,1.351,1.0,319760000.0,0.263,13772000.0,291000.0,737730000.0,,143697000.0,304149000.0,249540000.0,54609000.0,817477000.0,598838000.0,218639000.0,4084021655.0,-44042000.0,0.0,-14976000.0,0.0,-5573000.0,-17679000.0,-220646000.0,-174865000.0,194283000.0,0.0,158627000.0,158627000.0,158627000.0,0.0,0.0,0.13,83210000.0,236550000.0,516071000.0,0.042,6.381,11.575,11.629,459849000.0,0.0,37.095,0.96,0.959,404336000.0,959990000.0,1216997000.0,1216997000.0,105000.0,,,,,215000.0,21348000.0,1.0,110096284.0,109918000,111906000.0,11.072,1443705000.0,0.0,86136000.0,55497000.0,13.134,321259000.0
57,HFC,MRQ,2007-03-31,2007-03-31,2007-03-31,2021-09-07,-12844000.0,1247042000.0,,789652000.0,457390000.0,,4.523,-26750000.0,151179000.0,151179000.0,751714000.0,67542000.0,1.483,1.498,0.0,0.0,0.0,0.0,0.0,11451000.0,0.0,0.006,0.05,102480000.0,113931000.0,0.123,113931000.0,102480000.0,102228000.0,0.61,0.6,0.61,499229000.0,,499229000.0,3128469131.0,7.0,6.42,59551000.0,0.54,1.0,174153000.0,0.188,14227000.0,252000.0,549267000.0,,145433000.0,129218000.0,119497000.0,9721000.0,747813000.0,532369000.0,215444000.0,3282586131.0,-2938000.0,0.0,-35574000.0,0.0,-4477000.0,-35464000.0,-53775000.0,-27025000.0,86301000.0,0.0,67542000.0,67542000.0,67542000.0,0.0,0.0,0.073,77579000.0,96574000.0,481023000.0,0.082,6.575,11.425,11.605,423135000.0,0.0,29.65,0.79,0.787,362792000.0,807969000.0,925867000.0,925867000.0,152000.0,,,,,1231000.0,15847000.0,1.0,110711168.0,110378000,112636000.0,8.388,1232815000.0,0.0,34686000.0,35864000.0,11.169,257283000.0
58,HFC,MRQ,2006-12-31,2006-12-31,2006-12-31,2021-09-07,-11358000.0,1237869000.0,,799574000.0,438295000.0,,4.182,-80119000.0,154117000.0,154117000.0,786601000.0,47659000.0,1.429,1.656,0.0,0.0,0.0,0.0,0.0,11533000.0,0.0,0.007,0.04,74924000.0,86457000.0,0.092,86457000.0,74924000.0,74663000.0,0.435,0.425,0.435,466094000.0,,466094000.0,2691198221.0,7.0,6.054,-43207000.0,-0.388,1.0,151489000.0,0.161,15096000.0,261000.0,509263000.0,,129675000.0,101836000.0,96168000.0,5668000.0,771775000.0,559393000.0,212382000.0,2885826221.0,-40511000.0,48872000.0,-36804000.0,0.0,-4527000.0,-39886000.0,-37537000.0,-6290000.0,36912000.0,0.0,47659000.0,47659000.0,47659000.0,1149000.0,0.0,0.051,82888000.0,68601000.0,507566000.0,0.092,6.192,10.826,10.983,405470000.0,0.0,25.7,0.717,0.728,398123000.0,745994000.0,938090000.0,938090000.0,157000.0,,,,,1624000.0,18442000.0,1.0,112288958.0,111450000,113822000.0,8.417,1222773000.0,9055000.0,27004000.0,20776000.0,10.971,240181000.0
59,HFC,MRQ,2006-09-30,2006-09-30,2006-09-30,2021-09-07,-5183000.0,1228792000.0,,820514000.0,408278000.0,,4.091,-21688000.0,194628000.0,194628000.0,979309000.0,79002000.0,1.448,1.655,0.0,0.0,0.0,0.0,0.0,9480000.0,0.0,0.007,0.04,123234000.0,132714000.0,0.113,132714000.0,123234000.0,122966000.0,0.7,0.685,0.7,462738000.0,,462738000.0,2389101979.0,6.0,5.532,106788000.0,0.944,1.0,193384000.0,0.165,14961000.0,268000.0,452650000.0,,104297000.0,95829000.0,91755000.0,4074000.0,766054000.0,566553000.0,199501000.0,2506957979.0,76772000.0,0.0,-45793000.0,0.0,-4609000.0,-48918000.0,-2786000.0,18902000.0,128476000.0,0.0,79002000.0,79002000.0,79002000.0,199000.0,0.0,0.067,76294000.0,117090000.0,516810000.0,0.057,5.418,9.687,9.629,382892000.0,0.0,21.665,0.643,0.629,399770000.0,702760000.0,1172693000.0,1172693000.0,102000.0,,,,,1441000.0,12566000.0,1.0,115714654.0,113110000,115566000.0,10.368,1213831000.0,725000.0,43964000.0,22122000.0,10.731,253961000.0
60,HFC,MRQ,2006-06-30,2006-06-30,2006-06-30,2021-09-07,-4930000.0,1257342000.0,,861799000.0,395543000.0,,3.798,-35259000.0,117856000.0,117856000.0,908009000.0,93101000.0,1.376,1.895,0.0,0.0,0.0,0.0,0.0,10683000.0,0.0,0.006,0.04,143521000.0,154204000.0,0.138,154204000.0,143521000.0,143249000.0,0.81,0.8,0.81,434345000.0,,434345000.0,2674568941.0,7.0,6.581,62876000.0,0.55,1.0,212831000.0,0.19,17724000.0,272000.0,495389000.0,,145829000.0,115147000.0,110737000.0,4410000.0,822997000.0,626373000.0,196624000.0,2769179941.0,23245000.0,0.0,-32282000.0,0.0,-2909000.0,-31130000.0,-43760000.0,-8501000.0,98135000.0,0.0,93101000.0,93101000.0,93101000.0,-5372000.0,0.0,0.083,78606000.0,134225000.0,556569000.0,0.049,6.376,11.466,11.727,368444000.0,0.0,24.1,0.768,0.765,463668000.0,628274000.0,1120840000.0,1120840000.0,100000.0,,,,,1662000.0,18731000.0,1.0,114903732.0,114372000,116726000.0,9.8,1239618000.0,0.0,50148000.0,28909000.0,10.838,235426000.0
61,HFC,MRQ,2006-03-31,2006-03-31,2006-03-31,2021-09-07,-4674000.0,1109509000.0,,733312000.0,376197000.0,,3.133,16637000.0,94611000.0,94611000.0,675485000.0,46804000.0,1.329,2.029,0.0,0.0,0.0,0.0,0.0,8574000.0,0.0,0.007,0.05,62566000.0,71140000.0,0.09,71140000.0,62566000.0,62291000.0,0.4,0.39,0.4,366341000.0,,366341000.0,2128394151.0,7.0,6.059,-1703000.0,-0.015,1.0,116109000.0,0.147,17821000.0,275000.0,445267000.0,,146357000.0,107064000.0,96199000.0,10865000.0,743168000.0,551810000.0,191358000.0,2177458151.0,45547000.0,0.0,-57870000.0,0.0,-2957000.0,-56001000.0,119888000.0,103251000.0,-18340000.0,0.0,46804000.0,46804000.0,46804000.0,-15644000.0,0.0,0.059,74134000.0,41975000.0,485012000.0,0.125,5.944,10.842,11.163,341735000.0,0.0,18.53,0.678,0.674,373905000.0,539738000.0,791594000.0,791594000.0,127000.0,,,,,780000.0,13516000.0,1.0,117509884.0,116916000,120056000.0,6.771,1091688000.0,0.0,15487000.0,28919000.0,9.337,181502000.0
62,HFC,MRQ,2005-12-31,2005-12-31,2005-12-31,2021-09-07,-4802000.0,1142900000.0,,789536000.0,353364000.0,,3.177,-48200000.0,49064000.0,49064000.0,670178000.0,39881000.0,1.363,2.029,0.0,0.0,0.0,0.0,0.0,9481000.0,0.0,0.008,0.025,64300000.0,73781000.0,0.091,73781000.0,64300000.0,63905000.0,0.34,0.325,0.34,377351000.0,,377351000.0,1687096047.0,6.0,5.336,40158000.0,0.338,1.0,142240000.0,0.175,14104000.0,395000.0,500299000.0,,103339000.0,205778000.0,189978000.0,15800000.0,765549000.0,579433000.0,186116000.0,1754833047.0,-27245000.0,146000.0,-47861000.0,-8572000.0,-3011000.0,-58934000.0,-56669000.0,-8615000.0,88358000.0,0.0,39881000.0,39881000.0,39881000.0,-1391000.0,0.0,0.049,84998000.0,57242000.0,518584000.0,0.074,4.65,10.467,10.822,316139000.0,0.0,14.717,0.576,0.596,401904000.0,495819000.0,812418000.0,812418000.0,171000.0,,,,,555000.0,16156000.0,1.0,119234452.0,118788000,122192000.0,6.839,1128796000.0,0.0,24024000.0,15527000.0,9.503,210103000.0
63,HFC,MRQ,2005-09-30,2005-09-30,2005-09-30,2021-09-07,-1654000.0,1197257000.0,,872239000.0,325018000.0,,3.176,-29417000.0,76309000.0,76309000.0,725286000.0,61719000.0,1.414,2.078,8572000.0,8572000.0,0.0,8572000.0,0.0,9390000.0,0.0,0.007,0.025,97910000.0,107300000.0,0.122,107300000.0,97910000.0,97409000.0,0.505,0.49,0.505,389021000.0,,389021000.0,2050191332.0,9.0,7.67,60979000.0,0.498,1.0,155234000.0,0.176,14674000.0,501000.0,497887000.0,,114409000.0,197342000.0,184361000.0,12981000.0,808236000.0,616959000.0,191277000.0,1970263332.0,-35292000.0,-20447000.0,-10033000.0,0.0,-3175000.0,-12645000.0,-113043000.0,-63179000.0,90396000.0,0.0,61719000.0,61719000.0,61719000.0,-1033000.0,0.0,0.07,63524000.0,91710000.0,553097000.0,0.05,5.065,14.577,14.674,288342000.0,0.0,15.995,0.724,0.72,481277000.0,458872000.0,880520000.0,880520000.0,69000.0,,,,,557000.0,12619000.0,1.0,123179952.0,122472000,125544000.0,7.19,1182583000.0,0.0,35690000.0,45605000.0,9.656,255280000.0
64,HFC,MRQ,2005-06-30,2005-06-30,2005-06-30,2021-09-07,-1734000.0,1320677000.0,,760768000.0,559909000.0,,3.03,-15197000.0,111601000.0,111601000.0,569933000.0,52424000.0,1.409,2.444,191529000.0,8572000.0,182957000.0,191529000.0,0.0,13127000.0,0.0,0.009,0.025,85957000.0,99084000.0,0.136,99084000.0,85957000.0,83296000.0,0.415,0.405,0.415,383500000.0,,383500000.0,1575093181.0,11.0,8.311,50476000.0,0.399,1.0,158722000.0,0.218,10522000.0,2661000.0,850161000.0,,127999000.0,134031000.0,97581000.0,36450000.0,937177000.0,539922000.0,397255000.0,1482905181.0,48162000.0,-573000.0,-25857000.0,34122000.0,-2537000.0,1159000.0,-18670000.0,-2900000.0,65673000.0,0.0,52424000.0,52424000.0,52424000.0,-1321000.0,0.0,0.072,73052000.0,85670000.0,477883000.0,0.06,3.867,17.453,17.234,430655000.0,0.0,11.668,0.608,0.606,406005000.0,399163000.0,728655000.0,728655000.0,139000.0,,,,,560000.0,12328000.0,1.0,127097080.0,126548000,129436000.0,5.758,1310155000.0,0.0,30872000.0,40861000.0,10.353,220846000.0
65,HFC,MRQ,2005-03-31,2005-03-31,2005-03-31,2021-09-07,-1858000.0,1267000000.0,,694800000.0,572200000.0,,2.843,-13448000.0,63439000.0,63439000.0,533414000.0,13634000.0,1.274,2.535,155627000.0,8572000.0,147055000.0,155627000.0,0.0,11819000.0,0.0,0.01,0.04,24218000.0,36037000.0,0.058,36037000.0,24218000.0,22674000.0,0.107,0.105,0.107,358390000.0,,358390000.0,1143522807.0,8.0,6.209,-6641000.0,-0.053,1.0,91305000.0,0.146,17727000.0,1544000.0,796119000.0,,145117000.0,130723000.0,74959000.0,55764000.0,908610000.0,545342000.0,363268000.0,1177410807.0,-4021000.0,-138954000.0,1515000.0,121885000.0,-2520000.0,120925000.0,-131753000.0,20649000.0,6807000.0,0.0,13634000.0,13634000.0,13634000.0,782000.0,0.0,0.022,63186000.0,28119000.0,507693000.0,0.374,3.285,14.092,14.011,424111000.0,0.0,9.318,0.517,0.516,392783000.0,350325000.0,624719000.0,624719000.0,102000.0,,,,,491000.0,10580000.0,1.0,126365528.0,126056000,128780000.0,4.956,1249273000.0,3060000.0,9040000.0,20798000.0,9.91,149458000.0
66,HFC,MRQ,2004-12-31,2004-12-31,2004-12-31,2021-09-07,-1719000.0,982713000.0,,572906000.0,409807000.0,,2.721,-9865000.0,67460000.0,67460000.0,420366000.0,7385000.0,1.35,1.891,33572000.0,8572000.0,25000000.0,33572000.0,0.0,10641000.0,0.0,0.013,0.02,14241000.0,24882000.0,0.051,24882000.0,14241000.0,13345000.0,0.062,0.057,0.062,339916000.0,,339916000.0,756430374.0,5.0,4.159,-5642000.0,-0.045,1.0,66639000.0,0.137,0.0,896000.0,524561000.0,,104968000.0,164228000.0,96215000.0,68013000.0,642797000.0,424264000.0,218533000.0,871789374.0,-90041000.0,-146617000.0,143121000.0,-9155000.0,-2473000.0,130476000.0,-224740000.0,-68258000.0,4223000.0,0.0,7385000.0,7385000.0,7385000.0,-935000.0,0.0,0.015,49892000.0,16747000.0,377717000.0,0.323,2.565,10.393,10.399,312273000.0,0.0,6.968,0.412,0.413,281730000.0,339798000.0,487005000.0,487005000.0,139000.0,,,,,2098000.0,14746000.0,1.0,125122264.0,124912000,126928000.0,3.899,982713000.0,6394000.0,5960000.0,20462000.0,7.867,148642000.0
67,HFC,MRQ,2004-09-30,2004-09-30,2004-09-30,2021-09-07,-326000.0,1005114000.0,,604259000.0,400855000.0,,2.624,-8796000.0,157501000.0,157501000.0,507630000.0,11525000.0,1.335,2.039,42142000.0,8571000.0,33571000.0,42142000.0,0.0,9985000.0,0.0,0.013,0.02,19525000.0,29510000.0,0.049,29510000.0,19525000.0,18603000.0,0.092,0.09,0.092,330727000.0,,330727000.0,763400883.0,6.0,4.621,27796000.0,0.221,1.0,89818000.0,0.15,0.0,922000.0,437278000.0,,95381000.0,97336000.0,27780000.0,69556000.0,674387000.0,452477000.0,221910000.0,810656883.0,93103000.0,140204000.0,-14419000.0,23437000.0,-2041000.0,9531000.0,46980000.0,-84428000.0,36592000.0,0.0,11525000.0,11525000.0,11525000.0,0.0,0.0,0.019,68870000.0,20948000.0,380585000.0,0.217,2.451,10.75,10.625,310008000.0,0.0,6.375,0.41,0.406,299855000.0,334908000.0,597448000.0,597448000.0,122000.0,,,,,599000.0,12001000.0,1.0,127161864.0,126052000,129680000.0,4.74,1005114000.0,0.0,7078000.0,51437000.0,7.974,151782000.0
68,HFC,MRQ,2004-06-30,2004-06-30,2004-06-30,2021-09-07,-239000.0,817037000.0,,475470000.0,341567000.0,,2.643,-5347000.0,64398000.0,64398000.0,425654000.0,51007000.0,1.169,1.445,17142000.0,8571000.0,8571000.0,17142000.0,0.0,9931000.0,0.0,0.016,0.016,83823000.0,93754000.0,0.165,93754000.0,83823000.0,83072000.0,0.403,0.39,0.403,334136000.0,,334136000.0,619030157.0,5.0,3.538,81111000.0,0.642,1.0,143081000.0,0.252,0.0,751000.0,362905000.0,,99896000.0,10920000.0,0.0,10920000.0,482901000.0,406876000.0,76025000.0,589150157.0,42136000.0,0.0,740000.0,-36455000.0,-2060000.0,-38975000.0,-5347000.0,0.0,86458000.0,0.0,51007000.0,51007000.0,51007000.0,0.0,0.0,0.09,61865000.0,81216000.0,338672000.0,0.04,1.763,7.234,7.192,308785000.0,0.0,4.675,0.328,0.329,257363000.0,325856000.0,568735000.0,568735000.0,305000.0,,,,,722000.0,11694000.0,1.0,126021424.0,126424000,130416000.0,4.499,817037000.0,0.0,32065000.0,76568000.0,6.463,68594000.0
69,HFC,MRQ,2004-03-31,2004-03-31,2004-03-31,2021-09-07,-239000.0,703931000.0,,334364000.0,369567000.0,,2.269,-13772000.0,22262000.0,22262000.0,374895000.0,13962000.0,0.969,1.485,52142000.0,43571000.0,8571000.0,52142000.0,0.0,9924000.0,0.0,0.019,0.033,23799000.0,33723000.0,0.073,33723000.0,23799000.0,22844000.0,0.113,0.107,0.113,283256000.0,,283256000.0,553098127.0,7.0,4.798,23559000.0,0.189,1.0,88162000.0,0.19,0.0,955000.0,388695000.0,,85981000.0,10329000.0,0.0,10329000.0,420675000.0,345116000.0,75559000.0,497646127.0,10572000.0,2876000.0,1894000.0,-15000000.0,-1707000.0,-15863000.0,-10896000.0,0.0,37331000.0,0.0,13962000.0,13962000.0,13962000.0,0.0,0.0,0.03,63096000.0,25066000.0,273852000.0,0.292,1.757,10.705,10.536,310929000.0,0.0,3.982,0.321,0.32,205703000.0,276909000.0,463057000.0,463057000.0,123000.0,,,,,0.0,14377000.0,1.0,124958224.0,124848000,128720000.0,3.709,703931000.0,916000.0,8882000.0,50225000.0,5.638,-10752000.0
70,HFC,MRQ,2003-12-31,2003-12-31,2003-12-31,2021-09-07,130000.0,706558000.0,,328941000.0,377617000.0,,2.165,-21503000.0,11690000.0,11690000.0,292553000.0,-1081000.0,0.924,1.63,67142000.0,58571000.0,8571000.0,67142000.0,0.0,9493000.0,0.0,0.02,0.014,-1274000.0,8219000.0,0.023,8219000.0,-1274000.0,-2118000.0,-0.008,-0.008,-0.008,268609000.0,,268609000.0,458746770.0,6.0,4.068,-26085000.0,-0.21,1.0,57235000.0,0.164,0.0,844000.0,405929000.0,,112347000.0,13850000.0,0.0,13850000.0,437949000.0,356081000.0,81868000.0,426525770.0,-5593000.0,-4918000.0,-112000.0,26428000.0,0.0,25410000.0,-26421000.0,0.0,-4582000.0,0.0,-1081000.0,-1081000.0,-1081000.0,0.0,0.0,-0.003,58539000.0,-1304000.0,277897000.0,-1.75,1.588,9.262,9.241,304244000.0,0.0,3.438,0.304,0.304,184333000.0,264991000.0,349788000.0,349788000.0,408000.0,,,,,0.0,9323000.0,1.0,124080224.0,124088000,128224000.0,2.819,706558000.0,7806000.0,-1037000.0,47492000.0,5.694,-27140000.0
71,HFC,MRQ,2003-09-30,2003-09-30,2003-09-30,2021-09-07,0.0,614666000.0,,278751000.0,335915000.0,,2.186,-13675000.0,8493000.0,8493000.0,327719000.0,17550000.0,0.972,1.267,40714000.0,23571000.0,17143000.0,40714000.0,0.0,9858000.0,0.0,0.022,0.014,29409000.0,39267000.0,0.095,39267000.0,29409000.0,28654000.0,0.142,0.138,0.142,271148000.0,,271148000.0,371804254.0,5.0,3.2,15247000.0,0.123,1.0,87538000.0,0.211,0.0,755000.0,360206000.0,,90823000.0,44871000.0,0.0,44871000.0,343518000.0,286681000.0,56837000.0,384140254.0,-11363000.0,10092000.0,4000.0,-35000000.0,-1706000.0,-36702000.0,-3583000.0,0.0,28922000.0,0.0,17550000.0,17550000.0,17550000.0,0.0,0.0,0.042,59011000.0,28527000.0,218311000.0,0.099,1.417,7.78,7.763,260372000.0,0.0,3.098,0.311,0.311,163117000.0,267777000.0,415257000.0,415257000.0,160000.0,,,,,0.0,9916000.0,1.0,124016224.0,124048000,128228000.0,3.348,614666000.0,0.0,11104000.0,47216000.0,4.955,-7930000.0
72,HFC,MRQ,2003-06-30,2003-06-30,2003-06-30,2021-09-07,,,,,,,,-75118000.0,,,269491000.0,16058000.0,,,,,,,,7941000.0,,0.02,0.014,26122000.0,34063000.0,0.105,34063000.0,26122000.0,25774000.0,0.13,0.125,0.13,,,,415519973.0,7.0,,-16527000.0,-0.133,1.0,53796000.0,0.166,,348000.0,,,,,,,,,,427855973.0,340000.0,-21331000.0,88000.0,39815000.0,-1705000.0,38198000.0,-96449000.0,0.0,58591000.0,0.0,16058000.0,16058000.0,16058000.0,0.0,0.0,0.05,44023000.0,9773000.0,,0.108,,12.229,12.278,,0.0,3.45,0.394,0.394,,,323287000.0,323287000.0,215000.0,,,,,0.0,6772000.0,1.0,124016224.0,124024000,128384000.0,2.607,,,9716000.0,,,
73,HFC,MRQ,2003-03-31,2003-03-31,2003-03-31,2021-09-07,,,,,,,,-20183000.0,,,266095000.0,13526000.0,,,,,,,,8983000.0,,0.019,0.028,22238000.0,31221000.0,0.099,31221000.0,22238000.0,22049000.0,0.109,0.106,0.109,,,,452430826.0,,,-27674000.0,-0.223,1.0,48817000.0,0.155,,189000.0,,,,,,,,,,444467826.0,4040000.0,23922000.0,-505000.0,10000000.0,-1703000.0,7792000.0,3739000.0,0.0,-7491000.0,0.0,13526000.0,13526000.0,13526000.0,0.0,0.0,0.043,25746000.0,23071000.0,,0.257,,,,,0.0,3.58,,,,,314912000.0,314912000.0,248000.0,,,,,0.0,5553000.0,1.0,124153024.0,124000000,127584000.0,2.54,,,8523000.0,,,
74,HFC,MRQ,2002-12-31,2002-12-31,2002-12-31,2021-09-07,-1049000.0,515793000.0,,254347000.0,261446000.0,,1.841,-19023000.0,24266000.0,24266000.0,153380000.0,2243000.0,1.051,1.257,25714000.0,8571000.0,17143000.0,25714000.0,0.0,7053000.0,0.0,0.024,0.014,4574000.0,11627000.0,0.064,11627000.0,4574000.0,4227000.0,0.018,0.018,0.018,228494000.0,,228494000.0,306267142.0,,,-25996000.0,-0.209,1.0,28790000.0,0.158,0.0,347000.0,275339000.0,,61137000.0,15955000.0,0.0,15955000.0,287299000.0,241902000.0,45397000.0,338977142.0,-38138000.0,524000.0,-671000.0,-8581000.0,-3414000.0,-12666000.0,-18499000.0,0.0,-6973000.0,0.0,2243000.0,2243000.0,2243000.0,0.0,0.0,0.012,23297000.0,5493000.0,207418000.0,0.778,1.484,,,214150000.0,0.0,2.731,,,148158000.0,225759000.0,182170000.0,182170000.0,161000.0,,,,,0.0,2931000.0,1.0,124110624.0,124128000,127216000.0,1.468,515793000.0,647000.0,1984000.0,28254000.0,4.155,12445000.0
75,HFC,MRQ,2002-09-30,2002-09-30,2002-09-30,2021-09-07,,,,,,,,,,,224158000.0,3160000.0,,,,,,,,,,0.031,0.014,4957000.0,,,,4957000.0,4290000.0,0.025,0.025,0.025,,,,241251613.0,,,,,1.0,42309000.0,0.159,,667000.0,,,,,,,,,,264516613.0,,,,,,,,,,,3160000.0,3160000.0,3160000.0,0.0,0.0,0.012,39412000.0,2897000.0,,0.56,,,,,0.0,2.123,,,,,266467000.0,266467000.0,231000.0,,,,,,6094000.0,1.0,124625024.0,124440000,127296000.0,2.141,,,1130000.0,,,
76,HFC,MRQ,2002-06-30,2002-07-31,2002-07-31,2021-09-07,0.0,502306000.0,,278844000.0,223462000.0,,1.832,-14497000.0,71630000.0,71630000.0,206889000.0,6093000.0,1.273,1.198,34285000.0,8571000.0,25714000.0,34285000.0,0.0,7670000.0,0.0,0.03,0.014,9444000.0,17114000.0,0.067,17114000.0,9444000.0,8811000.0,0.049,0.047,0.049,228556000.0,,228556000.0,238914894.0,4.0,2.93,16599000.0,0.133,1.0,46989000.0,0.185,0.0,633000.0,245990000.0,,45308000.0,15732000.0,0.0,15732000.0,273750000.0,218971000.0,54779000.0,262179894.0,14080000.0,150000.0,-955000.0,0.0,-1714000.0,-2669000.0,-14347000.0,0.0,31096000.0,0.0,6093000.0,6093000.0,6093000.0,0.0,0.0,0.024,38923000.0,8066000.0,185058000.0,0.286,1.147,8.186,8.154,199461000.0,0.0,2.104,0.295,0.295,135395000.0,223770000.0,253878000.0,253878000.0,555000.0,,,,,0.0,6138000.0,1.0,124625024.0,124744000,127528000.0,2.035,502306000.0,8699000.0,2718000.0,29065000.0,4.027,59873000.0
77,HFC,MRQ,2002-03-31,2002-04-30,2002-04-30,2021-09-07,-82000.0,494870000.0,,279315000.0,215555000.0,,1.802,-8133000.0,57550000.0,57550000.0,165350000.0,6199000.0,1.312,1.203,34285000.0,8571000.0,25714000.0,34285000.0,0.0,6884000.0,0.0,0.029,0.025,10430000.0,17314000.0,0.082,17314000.0,10430000.0,9808000.0,0.05,0.049,0.05,224596000.0,,224596000.0,257132187.0,3.0,2.427,9544000.0,0.077,1.0,44977000.0,0.214,0.0,622000.0,258764000.0,,62296000.0,14768000.0,0.0,14768000.0,270274000.0,212841000.0,57433000.0,271101187.0,9296000.0,1310000.0,0.0,0.0,-1558000.0,-1558000.0,-6823000.0,0.0,17677000.0,0.0,6199000.0,6199000.0,6199000.0,0.0,0.0,0.029,36335000.0,8642000.0,177438000.0,0.5,1.207,5.953,5.894,190862000.0,0.0,2.175,0.301,0.301,128845000.0,219391000.0,210327000.0,210327000.0,282000.0,,,,,0.0,5452000.0,1.0,124644224.0,124648000,128128000.0,1.687,494870000.0,9582000.0,3609000.0,31719000.0,3.97,66474000.0
78,HFC,MRQ,2001-12-31,2002-01-31,2002-01-31,2021-09-07,-841000.0,454409000.0,,240358000.0,214051000.0,,1.761,-6299000.0,48254000.0,48254000.0,134022000.0,-485000.0,1.338,1.073,34285000.0,8571000.0,25714000.0,34285000.0,0.0,6714000.0,0.0,0.024,0.013,-34000.0,6680000.0,0.04,6680000.0,-34000.0,-792000.0,-0.004,-0.004,-0.004,219196000.0,,219196000.0,271479171.0,3.0,2.072,-37175000.0,-0.299,1.0,32732000.0,0.196,0.0,758000.0,260762000.0,,9571000.0,14434000.0,0.0,14434000.0,235213000.0,179678000.0,55535000.0,317149171.0,-40273000.0,6250000.0,779000.0,-8572000.0,-1555000.0,-9348000.0,-49000.0,0.0,-30876000.0,0.0,-485000.0,-485000.0,-485000.0,0.0,0.0,-0.003,35451000.0,-2719000.0,140235000.0,-3.25,1.447,5.265,5.193,187519000.0,0.0,2.55,0.331,0.331,103630000.0,214750000.0,166754000.0,166754000.0,243000.0,,,,,0.0,5228000.0,1.0,124372224.0,124472000,124472000.0,1.34,454409000.0,11115000.0,-307000.0,29821000.0,3.651,60680000.0
79,HFC,MRQ,2001-09-30,2001-10-31,2001-10-31,2021-09-07,-1070000.0,480722000.0,,271279000.0,209443000.0,,1.775,-6384000.0,88527000.0,88527000.0,191984000.0,20222000.0,1.372,1.183,42857000.0,8571000.0,34286000.0,42857000.0,0.0,6431000.0,0.0,0.026,0.013,34009000.0,40440000.0,0.157,40440000.0,34009000.0,33069000.0,0.163,0.159,0.163,220228000.0,,220228000.0,262908246.0,2.0,1.72,18020000.0,0.145,1.0,65963000.0,0.256,0.0,940000.0,237255000.0,,60004000.0,18063000.0,0.0,18063000.0,260494000.0,197797000.0,62697000.0,285891246.0,22687000.0,1150000.0,567000.0,0.0,-1550000.0,-983000.0,-734000.0,4500000.0,24404000.0,0.0,20222000.0,20222000.0,20222000.0,0.0,0.0,0.078,36906000.0,29057000.0,147026000.0,0.08,1.298,3.902,3.842,185959000.0,0.0,2.301,0.266,0.266,107739000.0,216790000.0,257947000.0,257947000.0,299000.0,,,,,0.0,5430000.0,1.0,124233024.0,124064000,127552000.0,2.079,480722000.0,0.0,12847000.0,39122000.0,3.875,73482000.0
80,HFC,MRQ,2001-06-30,2001-07-31,2001-07-31,2021-09-07,-325000.0,490429000.0,,284130000.0,206299000.0,,1.635,-7587000.0,65840000.0,65840000.0,195086000.0,19607000.0,1.255,1.431,42857000.0,8571000.0,34286000.0,42857000.0,0.0,7736000.0,0.0,0.028,0.013,33765000.0,41501000.0,0.157,41501000.0,33765000.0,32751000.0,0.16,0.154,0.16,201734000.0,,201734000.0,261227418.0,2.0,1.694,30725000.0,0.249,1.0,69751000.0,0.263,0.0,1014000.0,241047000.0,,50136000.0,16303000.0,0.0,16303000.0,288695000.0,226399000.0,62296000.0,251947418.0,27096000.0,518000.0,2568000.0,-5167000.0,-1548000.0,-4147000.0,-7069000.0,0.0,38312000.0,0.0,19607000.0,19607000.0,19607000.0,0.0,0.0,0.074,40201000.0,29550000.0,181182000.0,0.081,1.249,3.43,3.378,184155000.0,0.0,2.044,0.221,0.217,146074000.0,198118000.0,264837000.0,264837000.0,880000.0,,,,,0.0,5640000.0,1.0,123277024.0,123392000,127632000.0,2.146,490429000.0,3514000.0,13144000.0,32671000.0,3.975,57731000.0
81,HFC,MRQ,2001-03-31,2001-04-30,2001-04-30,2021-09-07,-424000.0,466625000.0,,260743000.0,205882000.0,,1.487,-6109000.0,38744000.0,38744000.0,197239000.0,20889000.0,1.15,1.594,48024000.0,13738000.0,34286000.0,48024000.0,0.0,6632000.0,0.0,0.026,0.022,35773000.0,42405000.0,0.158,42405000.0,35773000.0,34585000.0,0.172,0.17,0.172,179879000.0,,179879000.0,282336835.0,3.0,2.178,12233000.0,0.101,1.0,70951000.0,0.265,0.0,1188000.0,249211000.0,,64667000.0,14087000.0,0.0,14087000.0,286746000.0,226694000.0,60052000.0,262843835.0,10213000.0,-1750000.0,1818000.0,-729000.0,-1359000.0,-270000.0,-7859000.0,0.0,18342000.0,0.0,20889000.0,20889000.0,20889000.0,0.0,0.0,0.078,36557000.0,34394000.0,179371000.0,0.128,1.461,4.471,4.495,182562000.0,0.0,2.176,0.225,0.226,143457000.0,180059000.0,268190000.0,268190000.0,329000.0,,,,,0.0,5320000.0,1.0,120813024.0,120992000,122672000.0,2.217,466625000.0,0.0,13696000.0,31707000.0,3.857,34049000.0
82,HFC,MRQ,2000-12-31,2001-01-31,2001-01-31,2021-09-07,-324000.0,456618000.0,,256305000.0,200313000.0,,1.313,-9722000.0,28531000.0,28531000.0,224761000.0,12542000.0,1.075,1.878,48024000.0,13738000.0,34286000.0,48024000.0,0.0,6407000.0,0.0,0.048,0.011,22107000.0,28514000.0,0.101,28514000.0,22107000.0,20765000.0,0.104,0.104,0.104,158631000.0,,158631000.0,158914652.0,2.0,1.462,2816000.0,0.023,1.0,58379000.0,0.206,0.0,1342000.0,237701000.0,,62845000.0,11407000.0,0.0,11407000.0,297987000.0,238410000.0,59577000.0,135914652.0,-5064000.0,2100000.0,0.0,-8621000.0,-1359000.0,-9980000.0,-7622000.0,0.0,12538000.0,0.0,12542000.0,12542000.0,12542000.0,0.0,0.0,0.044,38003000.0,20376000.0,198686000.0,0.106,0.857,2.95,3.008,180996000.0,0.0,1.125,0.118,0.118,149079000.0,160529000.0,283140000.0,283140000.0,599000.0,,,,,0.0,5190000.0,1.0,120813024.0,120816000,121120000.0,2.344,456618000.0,2629000.0,8223000.0,26376000.0,3.779,17895000.0
83,HFC,MRQ,2000-09-30,2000-10-31,2000-10-31,2021-09-07,-254000.0,506734000.0,,308830000.0,197904000.0,,1.221,-5153000.0,33595000.0,33595000.0,254235000.0,20412000.0,1.059,2.435,56595000.0,13738000.0,42857000.0,56595000.0,0.0,6552000.0,0.0,0.069,0.011,35230000.0,41782000.0,0.128,41782000.0,35230000.0,33794000.0,0.169,0.169,0.169,147518000.0,,147518000.0,147352175.0,3.0,1.83,32425000.0,0.268,1.0,71728000.0,0.22,0.0,1436000.0,238221000.0,,56404000.0,13865000.0,0.0,13865000.0,359216000.0,291513000.0,67703000.0,94385175.0,29967000.0,-1049000.0,0.0,-50000.0,-1359000.0,-1409000.0,-6202000.0,0.0,37578000.0,0.0,20412000.0,20412000.0,20412000.0,0.0,0.0,0.063,38141000.0,33587000.0,237326000.0,0.065,0.64,3.297,3.339,176027000.0,0.0,0.781,0.086,0.086,203981000.0,149346000.0,325963000.0,325963000.0,234000.0,,,,,0.0,6973000.0,1.0,120813024.0,120816000,120816000.0,2.698,506734000.0,0.0,13382000.0,38970000.0,4.194,17317000.0
84,HFC,MRQ,2000-06-30,2000-07-31,2000-07-31,2021-09-07,862000.0,464362000.0,,267104000.0,197258000.0,,1.073,-3789000.0,3628000.0,3628000.0,241755000.0,4951000.0,1.001,2.584,56595000.0,13738000.0,42857000.0,56595000.0,0.0,7515000.0,0.0,0.071,0.011,9441000.0,16956000.0,0.058,16956000.0,9441000.0,7948000.0,0.039,0.039,0.039,129581000.0,,129581000.0,157752768.0,6.0,3.031,18362000.0,0.152,1.0,48196000.0,0.166,0.0,1493000.0,250588000.0,,56599000.0,11749000.0,0.0,11749000.0,334781000.0,266741000.0,68040000.0,90609768.0,-991000.0,-2882000.0,0.0,-15187000.0,-1284000.0,-16471000.0,-6671000.0,0.0,22151000.0,0.0,4951000.0,4951000.0,4951000.0,0.0,0.0,0.017,41836000.0,6360000.0,223870000.0,0.282,0.699,7.917,8.427,175309000.0,0.0,0.75,0.094,0.1,189966000.0,130293000.0,289951000.0,289951000.0,835000.0,,,,,0.0,4449000.0,1.0,120813024.0,120768000,120768000.0,2.401,464362000.0,0.0,2997000.0,31360000.0,3.845,363000.0
85,HFC,MRQ,2000-03-31,2000-04-30,2000-04-30,2021-09-07,66000.0,431862000.0,,236161000.0,195701000.0,,0.953,-4590000.0,4619000.0,4619000.0,208386000.0,8171000.0,1.059,2.452,71762000.0,13738000.0,58024000.0,71762000.0,0.0,6608000.0,0.0,0.082,0.021,14847000.0,21455000.0,0.084,21455000.0,14847000.0,13445000.0,0.062,0.062,0.062,125118000.0,,125118000.0,144841475.0,4.0,2.383,148000.0,0.001,1.0,48554000.0,0.189,0.0,1402000.0,275914000.0,,64605000.0,2913000.0,0.0,2913000.0,306744000.0,223091000.0,83653000.0,85671475.0,-2273000.0,1250000.0,-7224000.0,4956000.0,-1403000.0,-3671000.0,-3340000.0,0.0,4738000.0,0.0,8171000.0,8171000.0,8171000.0,0.0,0.0,0.032,34192000.0,14362000.0,189497000.0,0.339,0.685,5.089,5.029,182221000.0,0.0,0.649,0.099,0.098,152445000.0,126626000.0,256940000.0,256940000.0,292000.0,,,,,0.0,6120000.0,1.0,132056224.0,131312000,131312000.0,1.957,431862000.0,0.0,5274000.0,26244000.0,3.289,13070000.0
86,HFC,MRQ,1999-12-31,2000-01-31,2000-01-31,2021-09-07,-325000.0,425641000.0,,230128000.0,195513000.0,,0.948,-4888000.0,6892000.0,6892000.0,190692000.0,-4903000.0,1.013,2.4,66062000.0,18038000.0,48024000.0,66062000.0,0.0,6957000.0,0.0,0.05,0.011,-6610000.0,347000.0,0.002,347000.0,-6610000.0,-8068000.0,-0.037,-0.037,-0.037,125183000.0,,125183000.0,171007439.0,5.0,2.711,1818000.0,0.014,1.0,27732000.0,0.127,0.0,1458000.0,257663000.0,,53495000.0,3843000.0,0.0,3843000.0,300458000.0,227148000.0,73310000.0,111422439.0,-3864000.0,0.0,0.0,-4279000.0,-1403000.0,-5682000.0,-4888000.0,0.0,6706000.0,0.0,-4903000.0,-4903000.0,-4903000.0,0.0,0.0,-0.022,34428000.0,-6696000.0,194441000.0,-0.297,0.89,6.386,6.344,182247000.0,0.0,0.844,0.148,0.148,151757000.0,119858000.0,218424000.0,218424000.0,299000.0,,,,,0.0,5287000.0,1.0,132056224.0,132064000,132064000.0,1.654,425641000.0,5447000.0,-3165000.0,25851000.0,3.223,2980000.0
87,HFC,MRQ,1999-09-30,1999-10-31,1999-10-31,2021-09-07,-803000.0,414055000.0,,217549000.0,196506000.0,,0.992,-5994000.0,10756000.0,10756000.0,159830000.0,3226000.0,1.079,2.16,70341000.0,13746000.0,56595000.0,70341000.0,0.0,6416000.0,0.0,0.046,0.011,6870000.0,13286000.0,0.066,13286000.0,6870000.0,5309000.0,0.024,0.024,0.024,131011000.0,,131011000.0,183759574.0,4.0,2.687,7215000.0,0.055,1.0,40801000.0,0.203,0.0,1561000.0,272078000.0,,49979000.0,3916000.0,0.0,3916000.0,283044000.0,201562000.0,81482000.0,117612574.0,6562000.0,750000.0,0.0,0.0,-1403000.0,-1403000.0,-5244000.0,0.0,13209000.0,0.0,3226000.0,3226000.0,3226000.0,0.0,0.0,0.016,34826000.0,5975000.0,168074000.0,0.458,0.898,5.725,5.709,182366000.0,0.0,0.891,0.179,0.179,144325000.0,126164000.0,200631000.0,200631000.0,303000.0,,,,,0.0,4868000.0,1.0,132056224.0,132064000,132064000.0,1.519,414055000.0,0.0,2083000.0,28196000.0,3.135,15987000.0
88,HFC,MRQ,1999-06-30,1999-07-31,1999-07-31,2021-09-07,-1111000.0,390982000.0,,194778000.0,196204000.0,,0.976,-8990000.0,4194000.0,4194000.0,139697000.0,10339000.0,1.077,2.034,70341000.0,13746000.0,56595000.0,70341000.0,0.0,6688000.0,0.0,0.044,0.01,19004000.0,25692000.0,0.135,25692000.0,19004000.0,17162000.0,0.079,0.079,0.079,128880000.0,,128880000.0,212657499.0,5.0,3.16,23774000.0,0.18,1.0,51235000.0,0.268,0.0,1842000.0,276202000.0,,54924000.0,4035000.0,0.0,4035000.0,262102000.0,180927000.0,81175000.0,123307499.0,736000.0,749000.0,0.0,-22467000.0,-1320000.0,-23787000.0,-8241000.0,0.0,32764000.0,0.0,10339000.0,10339000.0,10339000.0,0.0,0.0,0.054,32735000.0,18500000.0,144287000.0,0.127,0.957,6.185,6.184,180894000.0,0.0,0.934,0.206,0.206,123502000.0,124341000.0,190932000.0,190932000.0,225000.0,,,,,0.0,5428000.0,1.0,132056224.0,132032000,132032000.0,1.446,390982000.0,0.0,6823000.0,32786000.0,2.961,13851000.0
89,HFC,MRQ,1999-03-31,1999-04-30,1999-04-30,2021-09-07,-1212000.0,380735000.0,,186272000.0,194463000.0,,0.907,-7972000.0,3458000.0,3458000.0,97927000.0,8787000.0,1.184,2.179,92808000.0,13746000.0,79062000.0,92808000.0,0.0,7045000.0,0.0,0.046,0.011,16703000.0,23748000.0,0.166,23748000.0,16703000.0,14668000.0,0.066,0.066,0.066,119760000.0,,119760000.0,206214407.0,6.0,3.29,1365000.0,0.01,1.0,45448000.0,0.317,0.0,2035000.0,312745000.0,,58720000.0,4788000.0,0.0,4788000.0,260975000.0,157340000.0,103635000.0,116044407.0,620000.0,775000.0,0.0,-200000.0,-1320000.0,-1520000.0,-7197000.0,0.0,9337000.0,0.0,8787000.0,8787000.0,8787000.0,0.0,0.0,0.061,28988000.0,16460000.0,126468000.0,0.167,0.969,6.607,6.607,177051000.0,0.0,0.879,0.208,0.208,110152000.0,115322000.0,143375000.0,143375000.0,425000.0,,,,,0.0,6491000.0,1.0,132056224.0,132064000,132064000.0,1.086,380735000.0,0.0,5881000.0,27393000.0,2.883,28932000.0
90,HFC,MRQ,1998-12-31,1999-01-31,1999-01-31,2021-09-07,-1437000.0,339187000.0,,145668000.0,193519000.0,,0.849,-5147000.0,2838000.0,2838000.0,85191000.0,-1807000.0,1.182,2.027,93008000.0,13746000.0,79262000.0,93008000.0,0.0,6638000.0,0.0,0.04,0.01,-980000.0,5658000.0,0.047,5658000.0,-980000.0,-2962000.0,-0.014,-0.014,-0.014,112068000.0,,112068000.0,216712467.0,8.0,4.094,-916000.0,-0.007,1.0,35493000.0,0.294,0.0,1982000.0,306103000.0,,43467000.0,5325000.0,0.0,5325000.0,227119000.0,123254000.0,103865000.0,127929467.0,5000.0,850000.0,0.0,1392000.0,-1321000.0,71000.0,-4297000.0,0.0,4231000.0,0.0,-1807000.0,-1807000.0,-1807000.0,0.0,0.0,-0.015,37258000.0,-1765000.0,98158000.0,-0.714,1.142,10.887,10.885,174026000.0,0.0,0.969,0.233,0.233,83802000.0,107855000.0,120684000.0,120684000.0,415000.0,,,,,0.0,5912000.0,1.0,132056224.0,132064000,132064000.0,0.914,339187000.0,1302000.0,-1155000.0,24670000.0,2.568,22414000.0
91,HFC,MRQ,1998-09-30,1998-10-31,1998-10-31,2021-09-07,-1152000.0,354619000.0,,159249000.0,195370000.0,,0.874,-4794000.0,2833000.0,2833000.0,105657000.0,2618000.0,1.11,2.071,91616000.0,21275000.0,70341000.0,91616000.0,0.0,5987000.0,0.0,0.041,0.01,6222000.0,12209000.0,0.085,12209000.0,6222000.0,4291000.0,0.02,0.02,0.02,115481000.0,,115481000.0,211453045.0,7.0,3.928,-3498000.0,-0.026,1.0,37338000.0,0.261,0.0,1931000.0,299891000.0,,51265000.0,5394000.0,0.0,5394000.0,239138000.0,143511000.0,95627000.0,126939045.0,231000.0,550000.0,0.0,4500000.0,-1321000.0,3179000.0,-4244000.0,0.0,1296000.0,0.0,2618000.0,2618000.0,2618000.0,0.0,0.0,0.018,31560000.0,5778000.0,106174000.0,0.5,1.099,10.092,10.013,173789000.0,0.0,0.961,0.225,0.225,91634000.0,110983000.0,142995000.0,142995000.0,305000.0,,,,,0.0,4328000.0,1.0,132056224.0,132064000,132064000.0,1.083,354619000.0,0.0,1673000.0,26674000.0,2.685,15738000.0
92,HFC,MRQ,1998-06-30,1998-07-31,1998-07-31,2021-09-07,-987000.0,349857000.0,,154387000.0,195470000.0,,0.866,-20299000.0,2602000.0,2602000.0,48187000.0,7967000.0,1.106,2.06,87116000.0,16775000.0,70341000.0,87116000.0,0.0,6479000.0,0.0,0.025,0.009,14588000.0,21067000.0,0.14,21067000.0,14588000.0,12571000.0,0.061,0.061,0.061,114349000.0,,114349000.0,286561758.0,9.0,4.974,2477000.0,0.019,1.0,102199000.0,0.68,0.0,2017000.0,294777000.0,,55842000.0,5510000.0,0.0,5510000.0,235508000.0,139594000.0,95914000.0,199074758.0,-994000.0,1734000.0,0.0,-3967000.0,-1238000.0,-5205000.0,-18565000.0,0.0,22776000.0,0.0,7967000.0,7967000.0,7967000.0,0.0,0.0,0.053,86936000.0,15263000.0,109139000.0,0.148,1.741,13.126,13.109,173297000.0,0.0,1.508,0.337,0.337,82379000.0,109686000.0,150386000.0,150386000.0,755000.0,,,,,0.0,3282000.0,1.0,132056224.0,132064000,132064000.0,1.139,349857000.0,653000.0,4604000.0,25861000.0,2.649,14793000.0
93,HFC,MRQ,1998-03-31,1998-04-30,1998-04-30,2021-09-07,471000.0,328673000.0,,142736000.0,185937000.0,,0.826,-6053000.0,3596000.0,3596000.0,115638000.0,2973000.0,1.198,2.013,91083000.0,15575000.0,75508000.0,91083000.0,0.0,6652000.0,0.0,0.019,0.01,7342000.0,13994000.0,0.104,13994000.0,7342000.0,5250000.0,0.022,0.022,0.022,109078000.0,,109078000.0,352886902.0,13.0,7.02,9135000.0,0.069,1.0,18570000.0,0.138,0.0,2092000.0,296996000.0,,51590000.0,6819000.0,0.0,6819000.0,219595000.0,119164000.0,100431000.0,260480902.0,419000.0,0.0,0.0,-4500000.0,-1238000.0,-5738000.0,-9031000.0,-2978000.0,15188000.0,0.0,2973000.0,2973000.0,2973000.0,0.0,0.0,0.022,10946000.0,7624000.0,87410000.0,0.455,2.388,24.258,24.352,158333000.0,0.0,1.972,0.427,0.427,70180000.0,102957000.0,134208000.0,134208000.0,620000.0,,,,,0.0,3674000.0,1.0,132056224.0,132064000,132064000.0,1.016,328673000.0,1557000.0,2277000.0,25208000.0,2.489,23572000.0
94,HFC,MRQ,1997-12-31,1998-01-31,1998-01-31,2021-09-07,0.0,338959000.0,,156625000.0,182334000.0,,0.809,-10533000.0,3177000.0,3177000.0,126484000.0,-980000.0,1.173,2.172,95583000.0,20075000.0,75508000.0,95583000.0,0.0,6074000.0,0.0,0.022,0.009,484000.0,6558000.0,0.048,6558000.0,484000.0,-1634000.0,-0.007,-0.007,-0.007,106872000.0,,106872000.0,280896786.0,8.0,4.986,-25806000.0,-0.195,1.0,10299000.0,0.075,0.0,2118000.0,297798000.0,,53461000.0,6371000.0,0.0,6371000.0,232087000.0,133567000.0,98520000.0,215581786.0,-17799000.0,0.0,0.0,9245000.0,-1238000.0,8007000.0,-10533000.0,0.0,-15273000.0,0.0,-980000.0,-980000.0,-980000.0,0.0,0.0,-0.007,10495000.0,-196000.0,99366000.0,-1.286,2.017,13.802,13.835,157322000.0,0.0,1.633,0.329,0.329,84716000.0,101222000.0,136783000.0,136783000.0,814000.0,,,,,0.0,3607000.0,1.0,132056224.0,132064000,132064000.0,1.036,338959000.0,1819000.0,-654000.0,23297000.0,2.567,23058000.0
95,HFC,MRQ,1997-09-30,1997-10-31,1997-10-31,2021-09-07,0.0,379312000.0,,205884000.0,173428000.0,,0.826,-12830000.0,20976000.0,20976000.0,149733000.0,5207000.0,1.186,2.477,86291000.0,10775000.0,75516000.0,86291000.0,0.0,5174000.0,0.0,0.021,0.009,10823000.0,15997000.0,0.095,15997000.0,10823000.0,8679000.0,0.039,0.039,0.039,109090000.0,,109090000.0,284967121.0,8.0,5.231,2672000.0,0.02,1.0,19189000.0,0.114,0.0,2144000.0,270985000.0,,49440000.0,5813000.0,0.0,5813000.0,270222000.0,173642000.0,96580000.0,218718121.0,934000.0,0.0,0.0,-500000.0,-1238000.0,-1738000.0,-12830000.0,0.0,15502000.0,0.0,5207000.0,5207000.0,5207000.0,0.0,0.0,0.031,9115000.0,10074000.0,145524000.0,0.231,2.005,14.498,14.529,151470000.0,0.0,1.656,0.311,0.311,121857000.0,103440000.0,168922000.0,168922000.0,790000.0,,,,,0.0,3151000.0,1.0,132056224.0,132064000,132064000.0,1.279,379312000.0,1116000.0,3472000.0,22744000.0,2.872,32242000.0
96,HFC,MRQ,1997-06-30,1997-07-31,1997-07-31,2021-09-07,0.0,349803000.0,,194728000.0,155075000.0,,0.796,-9053000.0,20042000.0,20042000.0,82642000.0,3538000.0,1.303,2.328,86291000.0,10775000.0,75516000.0,86291000.0,0.0,5618000.0,0.0,0.02,0.009,8105000.0,13723000.0,0.081,13723000.0,8105000.0,5869000.0,0.027,0.027,0.027,105121000.0,,105121000.0,261946153.0,8.0,5.105,-17161000.0,-0.13,1.0,87776000.0,0.515,0.0,2236000.0,266565000.0,,58273000.0,5235000.0,0.0,5235000.0,244682000.0,149487000.0,95195000.0,214096153.0,-29165000.0,0.0,0.0,-10766000.0,-1238000.0,-12004000.0,-9053000.0,0.0,-8108000.0,0.0,3538000.0,3538000.0,3538000.0,0.0,0.0,0.021,80486000.0,7290000.0,124585000.0,0.333,2.037,16.359,16.376,143540000.0,0.0,1.621,0.297,0.297,105821000.0,99471000.0,170418000.0,170418000.0,1818000.0,,,,,0.0,3041000.0,1.0,132056224.0,132064000,132064000.0,1.29,349803000.0,1319000.0,2331000.0,20076000.0,2.649,45241000.0
97,HFC,MRQ,1997-03-31,1997-04-30,1997-04-30,2021-09-07,0.0,355025000.0,,203179000.0,151846000.0,,0.779,-7117000.0,49207000.0,49207000.0,156877000.0,7855000.0,1.388,2.453,97057000.0,10775000.0,86282000.0,97057000.0,0.0,4595000.0,0.0,0.02,0.008,15469000.0,20064000.0,0.111,20064000.0,15469000.0,13122000.0,0.059,0.059,0.059,102821000.0,,102821000.0,245553093.0,6.0,4.128,-1973000.0,-0.015,1.0,23204000.0,0.129,0.0,2347000.0,256538000.0,,51617000.0,4992000.0,0.0,4992000.0,252204000.0,146337000.0,105867000.0,202211093.0,-4508000.0,-1545000.0,0.0,0.0,-990000.0,-990000.0,-8662000.0,0.0,5144000.0,0.0,7855000.0,7855000.0,7855000.0,0.0,0.0,0.044,8646000.0,14558000.0,118390000.0,0.136,1.967,11.36,11.343,140119000.0,0.0,1.531,0.272,0.272,94091000.0,97171000.0,180081000.0,180081000.0,689000.0,,,,,0.0,3362000.0,1.0,132056224.0,132064000,132064000.0,1.364,355025000.0,0.0,5267000.0,21317000.0,2.688,56842000.0
98,HFC,MRQ,1996-12-31,1997-01-31,1997-01-31,2021-09-07,0.0,368984000.0,,223445000.0,145539000.0,,0.727,-5662000.0,53715000.0,53715000.0,176169000.0,-1514000.0,1.339,2.845,97057000.0,10775000.0,86282000.0,97057000.0,0.0,4840000.0,0.0,0.017,0.007,-146000.0,4694000.0,0.026,4694000.0,-146000.0,-2530000.0,-0.011,-0.011,-0.011,95956000.0,,95956000.0,,,,-17069000.0,-0.129,1.0,7732000.0,0.042,0.0,2384000.0,245483000.0,,48943000.0,3276000.0,0.0,3276000.0,273028000.0,166843000.0,106185000.0,223835300.0,-19286000.0,-1218000.0,0.0,-8000.0,-991000.0,-999000.0,-6880000.0,0.0,-11407000.0,0.0,-1514000.0,-1514000.0,-1514000.0,0.0,0.0,-0.008,8751000.0,-1019000.0,142561000.0,-0.636,2.333,16.643,16.618,137102000.0,0.0,1.695,0.306,0.306,108077000.0,90306000.0,183901000.0,183901000.0,602000.0,,,,,0.0,3309000.0,1.0,132056224.0,132064000,132064000.0,1.393,368984000.0,4269000.0,-1016000.0,20429000.0,2.794,56602000.0
99,HFC,MRQ,1996-09-30,1996-10-31,1996-10-31,2021-09-07,,,,,,,,-8472000.0,,,170916000.0,3208000.0,,,,,,,,5100000.0,,0.018,0.007,7730000.0,12830000.0,0.069,12830000.0,7730000.0,5358000.0,0.024,0.024,0.024,,,,,,,11356000.0,0.086,1.0,16030000.0,0.086,,2372000.0,,,,,,,,,,,9042000.0,-1324000.0,0.0,0.0,-990000.0,-990000.0,-9796000.0,0.0,19828000.0,0.0,3208000.0,3208000.0,3208000.0,0.0,0.0,0.017,9359000.0,6671000.0,,0.292,,,12.54,,0.0,1.555,,0.294,,,186946000.0,186946000.0,623000.0,,,,,0.0,3636000.0,1.0,,132064000,132064000.0,1.416,,,2150000.0,,,
100,HFC,MRQ,1996-06-30,1996-07-31,1996-07-31,2021-09-07,0.0,351271000.0,,217026000.0,134245000.0,,0.729,-7361000.0,63959000.0,63959000.0,165407000.0,8252000.0,1.443,2.65,97065000.0,10775000.0,86290000.0,97065000.0,0.0,5951000.0,0.0,0.017,0.007,15948000.0,21899000.0,0.115,21899000.0,15948000.0,13445000.0,0.062,0.062,0.062,96243000.0,,96243000.0,,,,5926000.0,0.045,1.0,25795000.0,0.135,0.0,2503000.0,234000000.0,,38673000.0,734000.0,0.0,734000.0,255028000.0,150377000.0,104651000.0,,-5831000.0,0.0,0.0,-10767000.0,-990000.0,-11757000.0,-7361000.0,0.0,13287000.0,0.0,8252000.0,8252000.0,8252000.0,0.0,0.0,0.043,10837000.0,14958000.0,122421000.0,0.113,,,11.13,131444000.0,0.0,1.625,,0.317,104386000.0,90593000.0,191202000.0,191202000.0,1357000.0,,,,,0.0,3529000.0,1.0,,132064000,132064000.0,1.448,351271000.0,0.0,5193000.0,23089000.0,2.66,66649000.0
101,HFC,MRQ,1996-03-31,1996-04-30,1996-04-30,2021-09-07,,,,,,,,-2946000.0,,,151309000.0,3503000.0,,,,,,,,4898000.0,,0.015,0.007,8512000.0,13410000.0,0.08,13410000.0,8512000.0,5830000.0,0.026,0.026,0.026,,,,,,,13202000.0,0.1,1.0,17163000.0,0.102,,2682000.0,,,,,,,,,,,12399000.0,0.0,0.0,22000.0,-825000.0,-803000.0,-2946000.0,0.0,16148000.0,0.0,3503000.0,3503000.0,3503000.0,0.0,0.0,0.021,9495000.0,7668000.0,,0.269,,,,,0.0,1.688,,,,,168472000.0,168472000.0,1016000.0,,,,,0.0,3581000.0,1.0,,132064000,132064000.0,1.276,,,2327000.0,,,
102,HFC,MRQ,1995-12-31,1996-01-31,1996-01-31,2021-09-07,,,,,,,,,,,138841000.0,1376000.0,,,,,,,,,,0.013,0.006,4842000.0,,,,4842000.0,2302000.0,0.011,0.011,0.011,,,,,,,,,1.0,12937000.0,0.085,,2540000.0,,,,,,,,,,,,,,,,,,,,,1376000.0,1376000.0,1376000.0,0.0,0.0,0.009,8954000.0,3983000.0,,0.545,,,,,0.0,1.438,,,,,151778000.0,151778000.0,1015000.0,,,,,,3446000.0,1.0,,132064000,132064000.0,1.149,,,926000.0,,,
0,HFC,MRT,2021-06-30,2021-06-30,2021-06-30,2021-09-07,9653000.0,12560033000.0,11895363750.0,4144450000.0,8415583000.0,1.16,33.493,-533265000.0,1398280000.0,1398280000.0,11143194000.0,306411000.0,2.059,1.198,3533575000.0,104768000.0,3428807000.0,3533575000.0,0.0,498280000.0,0.0,0.032,1.05,391548000.0,889828000.0,0.064,889828000.0,391548000.0,253027000.0,1.19,1.19,1.19,5443375000.0,5301766500.0,5443375000.0,7648317272.0,20.0,8.595,105445000.0,0.649,1.0,2658390000.0,0.193,2948228000.0,138521000.0,9734329000.0,9494882000.0,1700605000.0,0.0,0.0,0.0,6519789000.0,2012771000.0,4507018000.0,5344374272.0,495771000.0,0.0,-6890000.0,620477000.0,-172726000.0,370267000.0,-520808000.0,-38000.0,638710000.0,7602000.0,196919000.0,196919000.0,196919000.0,0.0,109492000.0,0.014,2319561000.0,338829000.0,1480820000.0,0.882,0.982,27.14,27.647,5163648000.0,0.0,32.9,0.387,0.387,926437000.0,4172560000.0,13801584000.0,13801584000.0,0.0,0.017,0.037,0.041,0.028,38507000.0,310223000.0,1.0,162442987.0,162523000,162523000.0,84.921,9611805000.0,69862000.0,56108000.0,811880000.0,59.141,2131679000.0
1,HFC,MRT,2021-03-31,2021-03-31,2021-03-31,2021-09-07,4658000.0,11934817000.0,11521310500.0,3700276000.0,8234541000.0,0.98,32.368,-396372000.0,1193428000.0,1193428000.0,8743382000.0,-38763000.0,2.106,1.159,3497371000.0,95898000.0,3401473000.0,3497371000.0,0.0,504416000.0,0.0,0.039,1.4,-104622000.0,399794000.0,0.035,399794000.0,-104622000.0,-246896000.0,-0.93,-0.93,-0.93,5259187000.0,5286568250.0,5259187000.0,7969324904.0,-76.0,19.934,-66213000.0,-0.408,1.0,2544009000.0,0.225,2943282000.0,142274000.0,9538170000.0,9237524750.0,1616848000.0,0.0,0.0,0.0,6096771000.0,1757308000.0,4339463000.0,5811202904.0,284302000.0,2897000.0,-6592000.0,631167000.0,-229908000.0,335122000.0,-391132000.0,-93000.0,330159000.0,10153000.0,-148608000.0,-148608000.0,-148608000.0,0.0,109845000.0,-0.013,2729388000.0,-185379000.0,1266690000.0,-1.505,1.105,-39.104,-38.473,4982533000.0,0.0,35.78,0.515,0.515,778767000.0,4003733000.0,11287391000.0,11287391000.0,0.0,-0.013,-0.028,-0.011,-0.009,35094000.0,307838000.0,1.0,162414838.0,162479000,162479000.0,69.47,8991535000.0,65274000.0,-98288000.0,683665000.0,55.34,1942968000.0
2,HFC,MRT,2020-12-31,2020-12-31,2020-12-31,2021-09-07,13462000.0,11506864000.0,11343054750.0,3310761000.0,8196103000.0,0.986,31.907,-330160000.0,1368318000.0,1368318000.0,9237304000.0,-514899000.0,2.408,1.119,3526440000.0,97937000.0,3428503000.0,3526440000.0,0.0,520912000.0,0.0,0.054,1.4,-707068000.0,-186156000.0,-0.017,-186156000.0,-707068000.0,-833595000.0,-3.72,-3.72,-3.72,5168361000.0,5370311750.0,5168361000.0,6238865145.0,-9.0,-33.514,127771000.0,0.789,1.0,1946339000.0,0.174,2957600000.0,126527000.0,9332230000.0,9083050750.0,1173476000.0,0.0,0.0,0.0,5784661000.0,1375156000.0,4409505000.0,4188146145.0,483156000.0,0.0,-7642000.0,671430000.0,-229493000.0,353226000.0,-330162000.0,-2438000.0,457931000.0,2161000.0,-601448000.0,-601448000.0,-601448000.0,0.0,86549000.0,-0.054,2680082000.0,-733743000.0,1000959000.0,-0.376,0.81,-6.963,-6.949,4923687000.0,0.0,25.85,0.374,0.374,630036000.0,3913179000.0,11183643000.0,11183643000.0,0.0,-0.053,-0.112,-0.078,-0.063,31654000.0,313600000.0,1.0,162017259.0,161983000,161983000.0,69.042,8549264000.0,91348000.0,-232147000.0,715504000.0,52.779,1935605000.0
3,HFC,MRT,2020-09-30,2020-09-30,2020-09-30,2021-09-07,10102000.0,11579741000.0,11507549000.0,3318828000.0,8260913000.0,1.101,32.936,-311714000.0,1524888000.0,1524888000.0,10516907000.0,-339279000.0,2.683,1.069,3575607000.0,98790000.0,3476817000.0,3575607000.0,0.0,530613000.0,0.0,0.071,1.4,-470004000.0,60609000.0,0.005,60609000.0,-470004000.0,-592310000.0,-2.57,-2.57,-2.57,5336143000.0,5572769750.0,5336143000.0,5192851849.0,-11.0,85.678,216543000.0,1.337,1.0,2147856000.0,0.17,3018811000.0,122306000.0,9374799000.0,9117661500.0,1137664000.0,0.0,0.0,0.0,5703172000.0,1236850000.0,4466322000.0,3193323849.0,543032000.0,0.0,-64457000.0,736383000.0,-228765000.0,344289000.0,-329801000.0,-20324000.0,528257000.0,287000.0,-423096000.0,-423096000.0,-423096000.0,0.0,83817000.0,-0.033,2646169000.0,-498313000.0,825021000.0,-0.545,0.598,-7.548,-7.669,4892917000.0,0.0,19.71,0.252,0.252,551914000.0,4088816000.0,12664763000.0,12664763000.0,0.0,-0.037,-0.076,-0.052,-0.037,33855000.0,330818000.0,1.0,162015416.0,162015000,162015000.0,78.17,8560930000.0,70008000.0,-169214000.0,735597000.0,52.84,2081978000.0
4,HFC,MRT,2020-06-30,2020-06-30,2020-06-30,2021-09-07,2225000.0,11063820000.0,11660445750.0,2803534000.0,8260286000.0,1.224,33.249,-303030000.0,902509000.0,902509000.0,11640347000.0,-64644000.0,2.103,0.957,2902037000.0,102336000.0,2799701000.0,2902037000.0,0.0,532349000.0,0.0,0.047,1.38,-101904000.0,430445000.0,0.03,430445000.0,-101904000.0,-229648000.0,-0.96,-0.98,-0.96,5382582000.0,5743786000.0,5382582000.0,6751142032.0,-66.0,15.684,585333000.0,3.616,1.0,2629844000.0,0.184,3025406000.0,127744000.0,8704900000.0,9119371250.0,1173701000.0,0.0,0.0,0.0,5149309000.0,1333042000.0,3816267000.0,4727074032.0,-12135000.0,0.0,-267330000.0,29389000.0,-226092000.0,-573910000.0,-322271000.0,-20286000.0,888363000.0,-4317000.0,-158882000.0,-158882000.0,-158882000.0,0.0,94238000.0,-0.011,2674160000.0,-44316000.0,870695000.0,-1.438,0.878,-29.752,-30.417,4875677000.0,0.0,29.2,0.331,0.331,593385000.0,4148390000.0,14270191000.0,14270191000.0,0.0,-0.014,-0.028,-0.011,-0.007,34996000.0,343991000.0,1.0,161886097.0,161889000,161889000.0,88.148,8038414000.0,77729000.0,-70766000.0,784331000.0,49.654,1470492000.0
5,HFC,MRT,2020-03-31,2020-03-31,2020-03-31,2021-09-07,-12149000.0,11221794000.0,11920613500.0,2509138000.0,8712656000.0,1.425,34.559,-313777000.0,909126000.0,909126000.0,14085940000.0,302580000.0,1.917,0.914,2933194000.0,102600000.0,2830594000.0,2933194000.0,0.0,529079000.0,0.0,0.055,1.36,393504000.0,922583000.0,0.054,922583000.0,393504000.0,264191000.0,1.29,1.26,1.29,5594161000.0,5901427250.0,5594161000.0,6006734249.0,15.0,6.511,1208116000.0,7.463,1.0,2903936000.0,0.171,3016708000.0,129313000.0,8920274000.0,9291920500.0,943635000.0,0.0,0.0,0.0,5111316000.0,1308880000.0,3802436000.0,3967421249.0,412987000.0,720000.0,-456320000.0,44447000.0,-225569000.0,-769584000.0,-332283000.0,-20231000.0,1521893000.0,-7039000.0,214710000.0,214710000.0,214710000.0,0.0,87870000.0,0.013,2426535000.0,477401000.0,841383000.0,1.054,0.709,18.478,19.0,5204802000.0,0.0,24.51,0.234,0.234,569182000.0,4382249000.0,16989876000.0,16989876000.0,0.0,0.018,0.036,0.042,0.023,39225000.0,353939000.0,1.0,161869492.0,161873000,161873000.0,104.958,8205086000.0,6213000.0,49481000.0,740635000.0,50.688,1200258000.0
6,HFC,MRT,2019-12-31,2019-12-31,2019-12-31,2021-09-07,14774000.0,12164841000.0,12146022500.0,3306189000.0,8858652000.0,1.44,35.951,-293763000.0,885162000.0,885162000.0,13798609000.0,872352000.0,1.961,0.946,2924475000.0,104415000.0,2820060000.0,2924475000.0,0.0,509925000.0,0.0,0.026,1.34,1214861000.0,1724786000.0,0.099,1724786000.0,1214861000.0,1071540000.0,4.64,4.61,4.64,5978193000.0,6018897000.0,5978193000.0,10082482752.0,8.0,5.846,1254848000.0,7.546,1.0,3687969000.0,0.211,3047553000.0,143321000.0,9470673000.0,9474243750.0,1474202000.0,0.0,0.0,0.0,5655415000.0,1685928000.0,3969487000.0,8184072752.0,-269590000.0,-662665000.0,-533083000.0,40949000.0,-225170000.0,-848255000.0,-972914000.0,-17886000.0,1548611000.0,2968000.0,772388000.0,772388000.0,772388000.0,0.0,99964000.0,0.044,2410925000.0,1277044000.0,1215555000.0,0.289,1.369,10.596,10.929,5289821000.0,0.0,50.71,0.468,0.482,879685000.0,4744120000.0,17486578000.0,17486578000.0,0.0,0.064,0.128,0.128,0.069,42269000.0,354236000.0,1.0,161389721.0,166287000,167385000.0,105.159,9117288000.0,5478000.0,299152000.0,917235000.0,54.829,1620261000.0
7,HFC,MRT,2019-09-30,2019-09-30,2019-09-30,2021-09-07,17217000.0,12191328000.0,11853462500.0,3532766000.0,8658562000.0,1.472,36.781,-297008000.0,981856000.0,981856000.0,13732112000.0,954600000.0,2.072,0.938,2880266000.0,99622000.0,2780644000.0,2880266000.0,0.0,489064000.0,0.0,0.025,1.32,1302897000.0,1791961000.0,0.103,1791961000.0,1302897000.0,1162042000.0,5.07,5.02,5.07,6020208000.0,6003991500.0,6020208000.0,10795786878.0,8.0,6.025,1538915000.0,9.402,1.0,3716782000.0,0.213,3002754000.0,140855000.0,9381638000.0,9208427250.0,1637059000.0,0.0,0.0,0.0,5649965000.0,1705346000.0,3944619000.0,8827972878.0,-93821000.0,-662756000.0,-657703000.0,45889000.0,-225631000.0,-970249000.0,-958117000.0,0.0,1835923000.0,-1378000.0,853679000.0,853679000.0,853679000.0,0.0,100921000.0,0.049,2351269000.0,1365513000.0,1229767000.0,0.26,1.466,10.341,10.58,5250765000.0,0.0,53.64,0.506,0.503,839831000.0,4740677000.0,17448894000.0,17448894000.0,0.0,0.072,0.142,0.141,0.075,46711000.0,346932000.0,1.0,164578167.0,163676000,165011000.0,106.606,9188574000.0,23591000.0,308363000.0,935302000.0,56.139,1827420000.0
8,HFC,MRT,2019-06-30,2019-06-30,2019-06-30,2021-09-07,30202000.0,12104491000.0,11679412000.0,3466397000.0,8638094000.0,1.524,35.506,-282021000.0,914644000.0,914644000.0,14064354000.0,1018752000.0,2.083,0.927,2882458000.0,93991000.0,2788467000.0,2882458000.0,0.0,470933000.0,0.0,0.029,1.32,1393159000.0,1864092000.0,0.105,1864092000.0,1393159000.0,1255932000.0,5.42,5.37,5.42,6013147000.0,6002011000.0,6013147000.0,10267656972.0,7.0,5.508,1513800000.0,8.939,1.0,3730511000.0,0.21,3013181000.0,137227000.0,9395097000.0,9012169000.0,1636581000.0,0.0,0.0,0.0,5573492000.0,1664027000.0,3909465000.0,7903021972.0,-65228000.0,-716844000.0,-576690000.0,73264000.0,-229552000.0,-864477000.0,-996751000.0,0.0,1795821000.0,179000.0,934332000.0,934332000.0,934332000.0,0.0,84420000.0,0.053,2288260000.0,1442251000.0,1199311000.0,0.244,1.314,8.458,8.539,5252715000.0,0.0,46.28,0.444,0.44,799368000.0,4533364000.0,17794865000.0,17794865000.0,0.0,0.08,0.156,0.155,0.078,46428000.0,330436000.0,1.0,170765384.0,169356000,170547000.0,105.074,9091310000.0,64574000.0,321600000.0,903276000.0,53.682,1802370000.0
9,HFC,MRT,2019-03-31,2019-03-31,2019-03-31,2021-09-07,27398000.0,12123430000.0,11473627250.0,3321338000.0,8802092000.0,1.524,35.493,-305225000.0,496139000.0,496139000.0,13800659000.0,1164848000.0,1.99,0.912,2860774000.0,87669000.0,2773105000.0,2860774000.0,0.0,454404000.0,0.0,0.027,1.32,1567922000.0,2022326000.0,0.116,2022326000.0,1567922000.0,1432635000.0,6.22,6.16,6.22,6064040000.0,5958814500.0,6064040000.0,9670405466.0,6.0,4.782,1132223000.0,6.627,1.0,3682827000.0,0.211,3169213000.0,135287000.0,9649567000.0,8780803000.0,1667929000.0,0.0,0.0,0.0,5528856000.0,1669285000.0,3859571000.0,8413617466.0,-285328000.0,-717564000.0,-415615000.0,78639000.0,-231537000.0,-698745000.0,-1021164000.0,0.0,1437448000.0,-2867000.0,1082924000.0,1082924000.0,1082924000.0,0.0,81924000.0,0.062,2065340000.0,1617487000.0,1158759000.0,0.212,1.387,7.769,7.921,5244327000.0,0.0,49.27,0.481,0.481,1041454000.0,4393108000.0,17483486000.0,17483486000.0,0.0,0.094,0.182,0.179,0.09,42749000.0,313794000.0,1.0,170765526.0,170851000,172239000.0,102.332,8954217000.0,38288000.0,349711000.0,918158000.0,52.41,1652053000.0
10,HFC,MRT,2018-12-31,2018-12-31,2018-12-31,2021-09-07,13623000.0,10994601000.0,11170788250.0,3296379000.0,7698222000.0,1.586,33.819,-311029000.0,1154752000.0,1154752000.0,14077087000.0,1177224000.0,2.822,0.766,2411540000.0,0.0,2411540000.0,2411540000.0,0.0,437324000.0,0.0,0.026,1.32,1576566000.0,2013890000.0,0.114,2013890000.0,1576566000.0,1445203000.0,6.25,6.19,6.25,5918571000.0,5838169000.0,5918571000.0,10191169021.0,6.0,5.06,1243387000.0,7.105,1.0,3637579000.0,0.205,2675827000.0,131363000.0,8407407000.0,8461575750.0,1354379000.0,0.0,0.0,0.0,4535542000.0,1168155000.0,3367387000.0,8857698021.0,523995000.0,-54179000.0,-363437000.0,-56453000.0,-233544000.0,-664328000.0,-360520000.0,0.0,1554416000.0,-5573000.0,1097960000.0,1097960000.0,1097960000.0,0.0,79264000.0,0.062,2013586000.0,1623993000.0,872627000.0,0.211,1.497,8.067,8.179,4682534000.0,0.0,51.12,0.5,0.505,671701000.0,4196902000.0,17714666000.0,17714666000.0,0.0,0.098,0.188,0.186,0.089,42172000.0,290424000.0,1.0,173272653.0,175009000,176661000.0,101.221,8318774000.0,34040000.0,347243000.0,740212000.0,47.533,2128224000.0
11,HFC,MRT,2018-09-30,2018-09-30,2018-09-30,2021-09-07,25906000.0,11495126000.0,11095176500.0,3857725000.0,7637401000.0,1.565,34.337,-288220000.0,1075677000.0,1075677000.0,13593676000.0,1571141000.0,2.504,0.82,2409148000.0,0.0,2409148000.0,2409148000.0,0.0,429336000.0,0.0,0.019,1.32,1739425000.0,2168761000.0,0.125,2168761000.0,1739425000.0,1609916000.0,8.36,8.29,8.36,6012286000.0,5701233500.0,6012286000.0,13722551724.0,8.0,6.327,1007654000.0,5.755,1.0,3769491000.0,0.217,2691357000.0,129509000.0,8596605000.0,8472960750.0,1862500000.0,0.0,0.0,0.0,4931614000.0,1540635000.0,3390979000.0,12314664724.0,444935000.0,-299534000.0,-193636000.0,171000000.0,-234910000.0,-265594000.0,-581541000.0,0.0,1295874000.0,-3804000.0,1477146000.0,1477146000.0,1477146000.0,0.0,93995000.0,0.085,1998327000.0,1771164000.0,1176417000.0,0.158,2.048,8.337,8.361,4673443000.0,0.0,69.9,0.709,0.705,847596000.0,4112629000.0,17363167000.0,17363167000.0,0.0,0.133,0.259,0.205,0.1,42003000.0,284887000.0,1.0,176175461.0,175097000,176927000.0,99.163,8803769000.0,14886000.0,132770000.0,833877000.0,50.279,2317090000.0
12,HFC,MRT,2018-06-30,2018-06-30,2018-06-30,2021-09-07,11913000.0,11281352000.0,10758483750.0,3702472000.0,7578880000.0,1.516,33.203,-284686000.0,979872000.0,979872000.0,12601026000.0,1496726000.0,2.38,0.835,2387759000.0,0.0,2387759000.0,2387759000.0,0.0,423335000.0,0.0,0.019,1.32,1707433000.0,2130768000.0,0.131,2130768000.0,1707433000.0,1581592000.0,7.94,7.89,7.94,5840361000.0,5410378000.0,5840361000.0,13682194810.0,8.0,6.421,921451000.0,5.239,1.0,3710589000.0,0.227,2663759000.0,125841000.0,8469633000.0,8243191000.0,1816872000.0,0.0,0.0,0.0,4877709000.0,1555847000.0,3321862000.0,12080787810.0,519546000.0,-245446000.0,-69669000.0,158750000.0,-235254000.0,-158879000.0,-525239000.0,0.0,1206137000.0,-2473000.0,1406694000.0,1406694000.0,1406694000.0,0.0,90032000.0,0.086,1994529000.0,1716060000.0,1243289000.0,0.166,2.069,8.588,8.618,4660637000.0,0.0,68.43,0.741,0.738,825251000.0,3831696000.0,16311615000.0,16311615000.0,0.0,0.131,0.26,0.207,0.105,43086000.0,282009000.0,1.0,176542274.0,175899000,177586000.0,92.733,8617593000.0,17873000.0,174898000.0,779921000.0,48.992,2146625000.0
13,HFC,MRT,2018-03-31,2018-03-31,2018-03-31,2021-09-07,19861000.0,10912074000.0,10348904500.0,3292913000.0,7619161000.0,1.478,31.602,-282041000.0,781467000.0,781467000.0,11949477000.0,1207886000.0,2.248,0.852,2382874000.0,0.0,2382874000.0,2382874000.0,0.0,418238000.0,0.0,0.027,1.32,1331563000.0,1749801000.0,0.114,1749801000.0,1331563000.0,1208401000.0,6.31,6.28,6.31,5581458000.0,5103763500.0,5581458000.0,10534203320.0,8.0,6.02,1042517000.0,5.903,1.0,3349766000.0,0.219,2675817000.0,123162000.0,8372658000.0,8009741500.0,1592281000.0,0.0,0.0,0.0,4754162000.0,1465006000.0,3289156000.0,8665967320.0,651955000.0,-275641000.0,-41573000.0,150250000.0,-235372000.0,-119978000.0,-552735000.0,0.0,1324558000.0,110000.0,1118954000.0,1118954000.0,1118954000.0,0.0,88932000.0,0.073,2019853000.0,1329913000.0,1194082000.0,0.209,1.553,7.745,7.743,4673279000.0,0.0,48.86,0.566,0.564,842798000.0,3544830000.0,15299243000.0,15299243000.0,0.0,0.108,0.219,0.166,0.087,43724000.0,273137000.0,1.0,177363228.0,176617000,177954000.0,86.624,8236257000.0,21610000.0,89447000.0,715616000.0,46.633,1827907000.0
14,HFC,MRT,2017-12-31,2017-12-31,2017-12-31,2021-09-07,29869000.0,10692154000.0,10006474000.0,3062828000.0,7629326000.0,1.424,30.486,-272259000.0,630757000.0,630757000.0,11359188000.0,881242000.0,2.153,0.893,2498993000.0,0.0,2498993000.0,2498993000.0,0.0,409937000.0,0.0,0.026,1.32,910613000.0,1320550000.0,0.093,1320550000.0,910613000.0,793016000.0,4.54,4.52,4.54,5370829000.0,4856766750.0,5370829000.0,10685698184.0,12.0,8.092,679131000.0,3.855,1.0,2892111000.0,0.203,2684733000.0,117597000.0,8452947000.0,7878788750.0,1630092000.0,0.0,0.0,0.0,4795214000.0,1422710000.0,3372504000.0,9079926184.0,-79822000.0,-1116073000.0,-15926000.0,251000000.0,-235508000.0,-72630000.0,-959670000.0,424151000.0,951390000.0,1088000.0,805395000.0,805395000.0,805395000.0,0.0,75847000.0,0.057,1991574000.0,900537000.0,1220795000.0,0.291,1.691,11.274,11.282,4713274000.0,0.0,51.22,0.637,0.633,720733000.0,3346615000.0,14251299000.0,14251299000.0,0.0,0.08,0.166,0.116,0.064,42337000.0,265721000.0,1.0,177273061.0,176174000,177196000.0,80.893,8007421000.0,44337000.0,-12379000.0,650944000.0,45.452,1640118000.0
15,HFC,MRT,2017-09-30,2017-09-30,2017-09-30,2021-09-07,31440000.0,10148355000.0,9692350750.0,2797061000.0,7351294000.0,1.363,27.527,-285430000.0,630742000.0,630742000.0,10721077000.0,394472000.0,1.996,0.966,2236514000.0,0.0,2236514000.0,2236514000.0,0.0,397800000.0,0.0,0.037,1.32,635861000.0,1033661000.0,0.078,1033661000.0,635861000.0,524023000.0,1.9,1.9,1.9,4848864000.0,4684408000.0,4848864000.0,8144355450.0,13.0,7.879,662657000.0,3.762,1.0,2492585000.0,0.189,2675586000.0,111838000.0,7677526000.0,7645083500.0,1419842000.0,0.0,0.0,0.0,4682578000.0,1401015000.0,3281563000.0,6376730450.0,264421000.0,-913254000.0,-4677000.0,557860000.0,-235329000.0,355575000.0,-1041739000.0,154405000.0,948087000.0,2498000.0,337478000.0,337478000.0,337478000.0,0.0,56994000.0,0.026,1847281000.0,645304000.0,1101668000.0,0.695,1.315,18.895,18.932,4436831000.0,0.0,35.97,0.483,0.48,714348000.0,2884524000.0,13213662000.0,13213662000.0,0.0,0.035,0.072,0.083,0.048,35137000.0,222970000.0,1.0,177279134.0,176149000,176530000.0,75.014,7472769000.0,0.0,186545000.0,906377000.0,42.423,1396046000.0
16,HFC,MRT,2017-06-30,2017-06-30,2017-06-30,2021-09-07,18785000.0,9643035000.0,9304374000.0,2293763000.0,7349272000.0,1.326,26.193,-326795000.0,460326000.0,460326000.0,10285805000.0,194426000.0,1.879,0.954,2227951000.0,0.0,2227951000.0,2227951000.0,0.0,386046000.0,0.0,0.048,1.32,292973000.0,679019000.0,0.055,679019000.0,292973000.0,190316000.0,0.79,0.79,0.79,4613903000.0,4637745500.0,4613903000.0,6973953747.0,24.0,10.271,443225000.0,2.516,1.0,2055880000.0,0.167,2654377000.0,102657000.0,7535835000.0,7368172750.0,1191973000.0,0.0,0.0,0.0,4400951000.0,1220448000.0,3180503000.0,4871923747.0,8336000.0,-913254000.0,-4677000.0,537110000.0,-234963000.0,350762000.0,-1112770000.0,123821000.0,770020000.0,324000.0,139961000.0,139961000.0,139961000.0,0.0,54465000.0,0.011,1734224000.0,321656000.0,1009135000.0,1.671,1.056,34.809,34.772,4443558000.0,0.0,27.47,0.395,0.392,602350000.0,2671276000.0,12341685000.0,12341685000.0,0.0,0.015,0.03,0.04,0.024,32333000.0,187712000.0,1.0,177354341.0,176147000,176302000.0,70.065,6988658000.0,1428000.0,50355000.0,769477000.0,39.675,1073315000.0
17,HFC,MRT,2017-03-31,2017-03-31,2017-03-31,2021-09-07,8124000.0,9542352000.0,9058544500.0,2168839000.0,7373513000.0,1.28,26.068,-389974000.0,129512000.0,129512000.0,9558046000.0,-272117000.0,1.9,0.94,2231542000.0,0.0,2231542000.0,2231542000.0,0.0,371187000.0,0.0,0.047,1.32,-259597000.0,111590000.0,0.01,111590000.0,-259597000.0,-346860000.0,-1.87,-1.87,-1.87,4593471000.0,4643363250.0,4593471000.0,6550944991.0,-25.0,58.705,170954000.0,0.97,1.0,2039413000.0,0.176,2653879000.0,87263000.0,7848847000.0,7103732750.0,1317497000.0,0.0,0.0,0.0,4319158000.0,1141656000.0,3177502000.0,5026386991.0,18491000.0,-883059000.0,-4677000.0,912110000.0,-234394000.0,727287000.0,-1269420000.0,0.0,560928000.0,-304000.0,-327174000.0,-327174000.0,-327174000.0,0.0,55057000.0,-0.028,2259129000.0,-219716000.0,953928000.0,-0.706,1.094,-15.363,-15.155,4453675000.0,0.0,28.34,0.433,0.431,601117000.0,2672269000.0,11597459000.0,11597459000.0,0.0,-0.036,-0.07,-0.037,-0.022,25536000.0,157564000.0,1.0,177360162.0,176210000,176210000.0,65.816,6888473000.0,87384000.0,-19686000.0,737461000.0,39.092,1027183000.0
18,HFC,MRT,2016-12-31,2016-12-31,2016-12-31,2021-09-07,10612000.0,9435661000.0,8821528250.0,2851009000.0,6584652000.0,1.194,26.584,-479790000.0,710579000.0,710579000.0,8474089000.0,-190945000.0,2.632,0.883,2235137000.0,0.0,2235137000.0,2235137000.0,0.0,363027000.0,0.0,0.04,1.32,-168850000.0,194177000.0,0.018,194177000.0,-168850000.0,-241042000.0,-1.48,-1.48,-1.48,4681394000.0,4766701500.0,4681394000.0,7082064570.0,-42.0,36.472,127158000.0,0.722,1.0,2061611000.0,0.196,2358864000.0,72192000.0,7518126000.0,6709230750.0,1135676000.0,424148000.0,424148000.0,0.0,4133676000.0,1083229000.0,3050447000.0,5782783570.0,644046000.0,-42627000.0,-138107000.0,1188050000.0,-234004000.0,838695000.0,-801597000.0,-280029000.0,606948000.0,0.0,-260453000.0,-260453000.0,-260453000.0,0.0,69508000.0,-0.025,2164193000.0,-102582000.0,935387000.0,-0.892,1.235,-22.203,-22.135,4008448000.0,0.0,32.76,0.549,0.548,479199000.0,2776728000.0,10535700000.0,10535700000.0,0.0,-0.03,-0.055,-0.025,-0.016,21352000.0,125930000.0,1.0,176519645.0,176101000,176101000.0,59.828,7076797000.0,68371000.0,19411000.0,620414000.0,40.186,1767780000.0
19,HFC,MRT,2016-09-30,2016-09-30,2016-09-30,2021-09-07,7627000.0,8596448000.0,8559687750.0,2031466000.0,6564982000.0,1.23,26.509,-589735000.0,366321000.0,366321000.0,8610938000.0,-285356000.0,2.101,0.724,1665602000.0,0.0,1665602000.0,1665602000.0,0.0,360005000.0,0.0,0.054,1.32,-334259000.0,25746000.0,0.002,25746000.0,-334259000.0,-391804000.0,-1.97,-1.98,-1.97,4662214000.0,4909706750.0,4662214000.0,5550865699.0,-17.0,215.601,-62934000.0,-0.358,1.0,1913253000.0,0.182,2359028000.0,57545000.0,6569883000.0,6306822250.0,1090794000.0,111842000.0,111842000.0,0.0,3376047000.0,966818000.0,2409229000.0,4324732699.0,126590000.0,-55032000.0,-394487000.0,677190000.0,-234730000.0,-46749000.0,-353462000.0,287266000.0,526801000.0,0.0,-357539000.0,-357539000.0,-357539000.0,0.0,72183000.0,-0.034,2182138000.0,-268885000.0,803031000.0,-0.67,0.928,-12.096,-12.437,3984341000.0,0.0,24.5,0.411,0.409,395937000.0,2782373000.0,10524191000.0,10524191000.0,0.0,-0.042,-0.073,-0.053,-0.032,21084000.0,122684000.0,1.0,176519702.0,175871000,175993000.0,59.84,6237420000.0,42683000.0,-34265000.0,546909000.0,35.466,1064648000.0
20,HFC,MRT,2016-06-30,2016-06-30,2016-06-30,2021-09-07,5853000.0,8659717000.0,8678485000.0,2118098000.0,6541619000.0,1.298,26.363,-649287000.0,451990000.0,451990000.0,9148099000.0,-162420000.0,2.02,0.747,1678123000.0,0.0,1678123000.0,1678123000.0,0.0,356639000.0,0.0,0.056,1.32,-133012000.0,223627000.0,0.02,223627000.0,-133012000.0,-182109000.0,-1.34,-1.36,-1.34,4636374000.0,5149445250.0,4636374000.0,5393010785.0,-41.0,24.116,76967000.0,0.438,1.0,2114645000.0,0.188,2359221000.0,49097000.0,6478075000.0,6206330750.0,1021023000.0,81328000.0,81328000.0,0.0,3461807000.0,1048554000.0,2413253000.0,4195863785.0,218631000.0,-55032000.0,-496121000.0,739190000.0,-238511000.0,-89918000.0,-417705000.0,269174000.0,726254000.0,0.0,-235714000.0,-235714000.0,-235714000.0,0.0,73294000.0,-0.021,2185690000.0,-71045000.0,913456000.0,-0.985,0.905,-17.801,-17.739,3954044000.0,0.0,23.77,0.373,0.371,481508000.0,2766278000.0,11262744000.0,11262744000.0,0.0,-0.027,-0.046,-0.021,-0.012,21834000.0,120436000.0,1.0,176519301.0,175865000,175865000.0,64.042,6300496000.0,49999000.0,53605000.0,532661000.0,35.826,1069544000.0
21,HFC,MRT,2016-03-31,2016-03-31,2016-03-31,2021-09-07,-4566000.0,8594287000.0,8799877250.0,1499270000.0,7095017000.0,1.392,28.782,-653109000.0,111021000.0,111021000.0,9790412000.0,603237000.0,1.693,0.58,1308168000.0,0.0,1308168000.0,1308168000.0,0.0,354019000.0,0.0,0.037,1.32,878523000.0,1232542000.0,0.101,1232542000.0,878523000.0,833118000.0,2.87,2.85,2.87,5086824000.0,5391116500.0,5086824000.0,7208144129.0,8.0,5.848,92503000.0,0.523,1.0,2459606000.0,0.201,2634987000.0,45405000.0,6270839000.0,6111598750.0,891938000.0,0.0,0.0,0.0,2951089000.0,885608000.0,2065481000.0,6234637129.0,-483071000.0,-55032000.0,-821188000.0,223034000.0,-243175000.0,-953839000.0,-274844000.0,414589000.0,745612000.0,0.0,534478000.0,534478000.0,534478000.0,0.0,68759000.0,0.044,1520277000.0,939329000.0,731271000.0,0.46,1.226,11.665,12.307,4196257000.0,0.0,35.32,0.509,0.51,430914000.0,3234040000.0,12250018000.0,12250018000.0,0.0,0.061,0.099,0.144,0.072,26368000.0,116898000.0,1.0,176518605.0,176737000,176784000.0,69.312,5959300000.0,32813000.0,298640000.0,544308000.0,33.718,613662000.0
22,HFC,MRT,2015-12-31,2015-12-31,2015-12-31,2021-09-07,-4155000.0,8388299000.0,8966837250.0,1448065000.0,6940234000.0,1.476,27.835,-676155000.0,66533000.0,66533000.0,10466197000.0,802508000.0,1.683,0.491,1040040000.0,0.0,1040040000.0,1040040000.0,0.0,346151000.0,0.0,0.033,1.31,1189631000.0,1535782000.0,0.116,1535782000.0,1189631000.0,1146161000.0,3.91,3.9,3.91,5253415000.0,5526122000.0,5253415000.0,8039210887.0,7.0,5.235,309713000.0,1.641,1.0,2771723000.0,0.209,2592699000.0,43470000.0,5908492000.0,6059501750.0,841869000.0,144019000.0,144019000.0,0.0,2578526000.0,860615000.0,1717911000.0,7296095887.0,-501452000.0,-55032000.0,-742823000.0,-14156000.0,-246908000.0,-1105572000.0,-381748000.0,330175000.0,985868000.0,0.0,740101000.0,740101000.0,740101000.0,0.0,62407000.0,0.056,1527370000.0,1244353000.0,716490000.0,0.335,1.389,9.858,10.202,4115662000.0,0.0,39.89,0.551,0.569,351978000.0,3271189000.0,13237920000.0,13237920000.0,0.0,0.083,0.134,0.196,0.09,30367000.0,120846000.0,1.0,182905387.0,188731000,188940000.0,70.142,5795600000.0,0.0,406060000.0,506048000.0,30.708,587450000.0
23,HFC,MRT,2015-09-30,2015-09-30,2015-09-30,2021-09-07,7167000.0,9071637000.0,9177274250.0,2307673000.0,6763964000.0,1.588,30.026,-669585000.0,239731000.0,239731000.0,12062636000.0,616110000.0,2.112,0.514,982846000.0,0.0,982846000.0,982846000.0,0.0,356077000.0,0.0,0.037,1.8,899552000.0,1255629000.0,0.086,1255629000.0,899552000.0,857612000.0,2.97,2.97,2.97,5621168000.0,5593664250.0,5621168000.0,9909239944.0,11.0,7.892,186419000.0,0.996,1.0,2514844000.0,0.173,2554382000.0,41940000.0,6167917000.0,6073130750.0,1037024000.0,387053000.0,387053000.0,0.0,2889953000.0,1092453000.0,1797500000.0,9209436944.0,-616295000.0,0.0,-507463000.0,-56156000.0,-348803000.0,-1002393000.0,-469906000.0,181926000.0,856004000.0,0.0,561818000.0,561818000.0,561818000.0,0.0,54292000.0,0.039,1568203000.0,946641000.0,926625000.0,0.606,1.638,16.392,16.444,3977258000.0,0.0,48.84,0.632,0.627,522349000.0,3375226000.0,14577480000.0,14577480000.0,0.0,0.061,0.1,0.148,0.062,30798000.0,118604000.0,1.0,188563410.0,187208000,187344000.0,77.868,6517255000.0,48419000.0,295794000.0,675973000.0,34.813,1215220000.0
24,HFC,MRT,2015-06-30,2015-06-30,2015-06-30,2021-09-07,12690000.0,9145286000.0,9454807500.0,2519539000.0,6625747000.0,1.725,29.281,-636965000.0,233359000.0,233359000.0,13809219000.0,593061000.0,2.031,0.531,933162000.0,0.0,933162000.0,933162000.0,0.0,349258000.0,0.0,0.054,2.29,871322000.0,1220580000.0,0.075,1220580000.0,871322000.0,829446000.0,2.8,2.81,2.8,5603059000.0,5681911500.0,5603059000.0,8795127750.0,10.0,7.206,-29908000.0,-0.156,1.0,2499993000.0,0.153,2505451000.0,41876000.0,6099147000.0,6048255250.0,1189918000.0,392859000.0,392859000.0,0.0,2977331000.0,1240491000.0,1736840000.0,8311850750.0,-884943000.0,0.0,-518844000.0,-94156000.0,-449301000.0,-1160523000.0,-331477000.0,286623000.0,607057000.0,0.0,540502000.0,540502000.0,540502000.0,0.0,52559000.0,0.033,1573346000.0,926647000.0,1050392000.0,0.818,1.483,15.378,15.246,3868395000.0,0.0,42.69,0.51,0.501,626107000.0,3241085000.0,16309212000.0,16309212000.0,0.0,0.057,0.095,0.144,0.053,29861000.0,115007000.0,1.0,194702524.0,191355000,191454000.0,85.23,6639835000.0,8351000.0,288944000.0,704390000.0,34.699,1279048000.0
25,HFC,MRT,2015-03-31,2015-03-31,2015-03-31,2021-09-07,16372000.0,9262127000.0,9783081750.0,2715778000.0,6546349000.0,1.838,28.845,-613159000.0,594092000.0,594092000.0,15732070000.0,405027000.0,2.316,0.544,1077369000.0,0.0,1077369000.0,1077369000.0,0.0,362845000.0,0.0,0.069,2.78,580846000.0,943691000.0,0.052,943691000.0,580846000.0,539393000.0,1.81,1.82,1.81,5626846000.0,5799529750.0,5626846000.0,8366085681.0,14.0,8.865,-2600000.0,-0.013,1.0,2247830000.0,0.125,2510550000.0,41453000.0,6062451000.0,5996891250.0,1115678000.0,414507000.0,414507000.0,0.0,3062624000.0,1172403000.0,1890221000.0,7879180681.0,-480543000.0,0.0,-199924000.0,56300000.0,-550918000.0,-799732000.0,-291370000.0,300907000.0,610559000.0,0.0,356107000.0,356107000.0,356107000.0,0.0,48920000.0,0.02,1614670000.0,633160000.0,930909000.0,1.536,1.4,22.126,22.249,3781160000.0,0.0,40.27,0.438,0.437,526853000.0,2942707000.0,17979900000.0,17979900000.0,0.0,0.036,0.061,0.097,0.032,30637000.0,117255000.0,1.0,195658820.0,195069000,195121000.0,92.172,6751577000.0,0.0,183286000.0,759549000.0,34.611,1543375000.0
26,HFC,MRT,2014-12-31,2014-12-31,2014-12-31,2021-09-07,27894000.0,9230047000.0,10062689500.0,2782998000.0,6447049000.0,1.964,28.004,-564821000.0,567985000.0,567985000.0,17625863000.0,326328000.0,2.255,0.567,1054297000.0,0.0,1054297000.0,1054297000.0,0.0,363381000.0,0.0,0.087,3.26,466110000.0,829491000.0,0.042,829491000.0,466110000.0,422464000.0,1.42,1.42,1.42,5523584000.0,5904089750.0,5523584000.0,7519554943.0,16.0,9.065,193775000.0,0.982,1.0,2138464000.0,0.108,2519357000.0,43646000.0,5963008000.0,5957576750.0,1035131000.0,474110000.0,474110000.0,0.0,3129328000.0,1233994000.0,1895334000.0,7336184943.0,-372118000.0,0.0,-158847000.0,51812000.0,-647197000.0,-838392000.0,-292322000.0,250845000.0,758596000.0,0.0,281292000.0,281292000.0,281292000.0,0.0,45036000.0,0.014,1622930000.0,515534000.0,1108138000.0,2.296,1.328,26.08,26.394,3670539000.0,0.0,37.48,0.371,0.374,589905000.0,2778577000.0,19764327000.0,19764327000.0,0.0,0.028,0.048,0.078,0.024,29598000.0,114609000.0,1.0,195735991.0,197243000,197428000.0,100.203,6710690000.0,11719000.0,141172000.0,683921000.0,34.022,1549004000.0
27,HFC,MRT,2014-09-30,2014-09-30,2014-09-30,2021-09-07,70011000.0,10181770000.0,10269362500.0,3893733000.0,6288037000.0,1.978,30.286,-508071000.0,856026000.0,856026000.0,17772253000.0,606467000.0,2.179,0.606,1039396000.0,0.0,1039396000.0,1039396000.0,0.0,341948000.0,0.0,0.074,3.24,909974000.0,1251922000.0,0.062,1251922000.0,909974000.0,863471000.0,2.86,2.84,2.86,5974157000.0,6023098750.0,5974157000.0,8582363101.0,9.0,6.855,364873000.0,1.85,1.0,2535756000.0,0.125,2509976000.0,46503000.0,6068415000.0,5949925250.0,1579465000.0,623480000.0,623480000.0,0.0,3620922000.0,1786749000.0,1834173000.0,8672780101.0,-438458000.0,14040000.0,-173226000.0,33812000.0,-646275000.0,-868939000.0,-442463000.0,38576000.0,872944000.0,0.0,566398000.0,566398000.0,566398000.0,0.0,40069000.0,0.028,1578681000.0,957075000.0,1441115000.0,1.133,1.452,15.312,15.273,3560265000.0,0.0,43.68,0.427,0.424,690251000.0,3162173000.0,20308009000.0,20308009000.0,0.0,0.055,0.094,0.153,0.045,31264000.0,118265000.0,1.0,198552658.0,197261000,197535000.0,102.95,7671794000.0,32888000.0,297073000.0,882367000.0,38.892,2106984000.0
28,HFC,MRT,2014-06-30,2014-06-30,2014-06-30,2021-09-07,75440000.0,10458383000.0,10348581000.0,4236131000.0,6222252000.0,1.963,30.653,-504895000.0,1118302000.0,1118302000.0,17956350000.0,507818000.0,2.153,0.624,1027885000.0,0.0,1027885000.0,1027885000.0,0.0,343130000.0,0.0,0.074,3.22,765486000.0,1108616000.0,0.055,1108616000.0,765486000.0,716067000.0,2.39,2.37,2.39,6073532000.0,6073099250.0,6073532000.0,8628794977.0,11.0,7.783,634243000.0,3.201,1.0,2361226000.0,0.116,2506580000.0,49419000.0,5893691000.0,5881907250.0,1504832000.0,679668000.0,679668000.0,0.0,3791764000.0,1967695000.0,1824069000.0,8680372977.0,-231118000.0,4399000.0,-85726000.0,31812000.0,-704141000.0,-830390000.0,-539866000.0,-43453000.0,1139138000.0,0.0,473682000.0,473682000.0,473682000.0,0.0,34136000.0,0.023,1557012000.0,804214000.0,1624953000.0,1.347,1.429,18.325,18.28,3492743000.0,0.0,43.69,0.427,0.426,780180000.0,3149849000.0,20317576000.0,20317576000.0,0.0,0.046,0.078,0.13,0.038,32429000.0,120053000.0,1.0,198681002.0,198139000,198380000.0,102.542,7951803000.0,18875000.0,242385000.0,874446000.0,40.132,2268436000.0
29,HFC,MRT,2014-03-31,2014-03-31,2014-03-31,2021-09-07,54064000.0,10380558000.0,10357468750.0,4185509000.0,6195049000.0,1.955,30.485,-479734000.0,1074635000.0,1074635000.0,17738312000.0,588414000.0,2.184,0.617,1023057000.0,0.0,1023057000.0,1023057000.0,0.0,312232000.0,0.0,0.067,3.2,906407000.0,1218639000.0,0.06,1218639000.0,906407000.0,847330000.0,2.77,2.75,2.77,6045086000.0,6121074500.0,6045086000.0,9524457607.0,11.0,7.816,535806000.0,2.702,1.0,2505512000.0,0.124,2507277000.0,59077000.0,5905193000.0,5843164750.0,1590292000.0,715518000.0,709468000.0,6050000.0,3732057000.0,1916510000.0,1815547000.0,9467041607.0,-797807000.0,-11301000.0,-232401000.0,-287461000.0,-702371000.0,-1278208000.0,-535139000.0,-44752000.0,1015540000.0,0.0,554234000.0,554234000.0,554234000.0,0.0,34180000.0,0.027,1537637000.0,967875000.0,1570973000.0,1.155,1.566,17.081,17.177,3442299000.0,0.0,47.58,0.468,0.466,688338000.0,3136871000.0,20243824000.0,20243824000.0,0.0,0.054,0.091,0.155,0.045,33381000.0,125688000.0,1.0,198971030.0,198297000,198924000.0,102.088,7873281000.0,12431000.0,293096000.0,868867000.0,39.704,2268999000.0
30,HFC,MRT,2013-12-31,2013-12-31,2013-12-31,2021-09-07,822000.0,10056739000.0,10436372250.0,3896444000.0,6160295000.0,1.932,29.935,-425127000.0,940103000.0,940103000.0,17392227000.0,767823000.0,2.327,0.575,997519000.0,0.0,997519000.0,997519000.0,0.0,303446000.0,0.0,0.064,3.2,1195468000.0,1498914000.0,0.074,1498914000.0,1195468000.0,1127418000.0,3.66,3.64,3.66,5999620000.0,6181251250.0,5999620000.0,9594805267.0,8.0,6.401,444047000.0,2.216,1.0,2768333000.0,0.137,2507263000.0,68050000.0,5932402000.0,5822794750.0,1354247000.0,725160000.0,725160000.0,0.0,3447341000.0,1674490000.0,1772851000.0,9889405267.0,-817596000.0,-11301000.0,-78135000.0,-358973000.0,-645920000.0,-1160035000.0,-526735000.0,-89369000.0,869174000.0,0.0,735842000.0,735842000.0,735842000.0,0.0,31981000.0,0.036,1522259000.0,1246074000.0,1325376000.0,0.874,1.648,13.44,13.577,3394596000.0,0.0,49.69,0.491,0.494,708802000.0,3144480000.0,20160560000.0,20160560000.0,0.0,0.071,0.119,0.205,0.059,35775000.0,127963000.0,1.0,199022042.0,200419000,201234000.0,100.592,7549476000.0,109376000.0,391576000.0,840841000.0,37.668,2221954000.0
31,HFC,MRT,2013-09-30,2013-09-30,2013-09-30,2021-09-07,36174000.0,10498644000.0,10504436750.0,4410135000.0,6088509000.0,1.95,31.011,-413915000.0,1294484000.0,1294484000.0,17132559000.0,1098022000.0,2.329,0.6,999884000.0,0.0,999884000.0,999884000.0,0.0,289087000.0,0.0,0.074,3.1,1781319000.0,2070406000.0,0.101,2070406000.0,1781319000.0,1703425000.0,5.27,5.25,5.27,6174159000.0,6194584750.0,6174159000.0,8056795702.0,5.0,3.891,879147000.0,4.416,1.0,3348707000.0,0.164,2513753000.0,77894000.0,5796343000.0,5776179250.0,1548173000.0,662164000.0,656749000.0,5415000.0,3702494000.0,1893948000.0,1808546000.0,8415979702.0,-762924000.0,-23341000.0,-65972000.0,-366973000.0,-760886000.0,-1246390000.0,-809596000.0,-376142000.0,1293062000.0,0.0,1064544000.0,1064544000.0,1064544000.0,0.0,33478000.0,0.052,1516615000.0,1832092000.0,1615970000.0,0.588,1.363,7.906,7.991,3312255000.0,0.0,42.11,0.411,0.409,755672000.0,3241694000.0,20481266000.0,20481266000.0,0.0,0.101,0.172,0.308,0.087,39043000.0,131815000.0,1.0,199857034.0,199098000,199509000.0,102.87,7984891000.0,74287000.0,638881000.0,792083000.0,40.105,2516187000.0
32,HFC,MRT,2013-06-30,2013-06-30,2013-06-30,2021-09-07,33206000.0,10493934000.0,10466259750.0,4448152000.0,6045782000.0,1.945,31.087,-372244000.0,1349420000.0,1349420000.0,16221305000.0,1619763000.0,2.366,0.574,990236000.0,0.0,990236000.0,990236000.0,0.0,272072000.0,0.0,0.081,3.45,2607645000.0,2879717000.0,0.141,2879717000.0,2607645000.0,2522602000.0,7.81,7.78,7.81,6265433000.0,6092114000.0,6265433000.0,8099668653.0,3.0,2.813,1312455000.0,6.512,1.0,4137637000.0,0.203,2516338000.0,85043000.0,5738721000.0,5590247500.0,1550443000.0,636108000.0,632715000.0,3393000.0,3594556000.0,1879691000.0,1714865000.0,8688865653.0,-22778000.0,-13700000.0,67627000.0,-315973000.0,-672994000.0,-959733000.0,-747744000.0,-359800000.0,1684699000.0,0.0,1582627000.0,1582627000.0,1582627000.0,0.0,37136000.0,0.078,1476991000.0,2660646000.0,1593370000.0,0.442,1.387,5.49,5.478,3257831000.0,0.0,42.78,0.427,0.423,770805000.0,3319550000.0,20358942000.0,20358942000.0,0.0,0.151,0.26,0.466,0.128,38904000.0,131665000.0,1.0,203105789.0,201543000,201905000.0,101.015,7977596000.0,62431000.0,939975000.0,731155000.0,39.583,2568461000.0
33,HFC,MRT,2013-03-31,2013-03-31,2013-03-31,2021-09-07,3334000.0,10696172000.0,10188409250.0,4763310000.0,5932862000.0,1.95,31.006,-343550000.0,1872442000.0,1872442000.0,15446261000.0,1856384000.0,2.696,0.599,1283245000.0,0.0,1283245000.0,1283245000.0,0.0,258528000.0,0.0,0.064,3.3,2984986000.0,3243514000.0,0.163,3243514000.0,2984986000.0,2892795000.0,8.94,8.9,8.94,6285793000.0,5858121000.0,6285793000.0,10051113647.0,3.0,3.099,1313795000.0,6.481,1.0,4420514000.0,0.223,2516308000.0,92191000.0,5823713000.0,5464943000.0,1470800000.0,670694000.0,665694000.0,5000000.0,3767125000.0,1766954000.0,2000171000.0,10472574647.0,212892000.0,1200000.0,-6790000.0,-19239000.0,-634229000.0,-697384000.0,-747069000.0,-402719000.0,1657345000.0,0.0,1819145000.0,1819145000.0,1819145000.0,0.0,37239000.0,0.092,1406737000.0,3013777000.0,1339419000.0,0.369,1.666,5.757,5.755,3214198000.0,0.0,51.45,0.527,0.525,656524000.0,3225050000.0,19866775000.0,19866775000.0,0.0,0.179,0.311,0.546,0.15,38298000.0,129771000.0,1.0,203548584.0,202726000,203428000.0,97.998,8179864000.0,37904000.0,1073650000.0,854632000.0,40.349,2996356000.0
34,HFC,MRT,2012-12-31,2012-12-31,2012-12-31,2021-09-07,-8425000.0,10328997000.0,9960803750.0,4470265000.0,5858732000.0,2.017,29.616,-335263000.0,1757699000.0,1757699000.0,15840643000.0,1760033000.0,2.702,0.609,1336238000.0,0.0,1336238000.0,1336238000.0,0.0,242868000.0,0.0,0.067,3.1,2859320000.0,3102188000.0,0.154,3102188000.0,2859320000.0,2755134000.0,8.41,8.38,8.41,6052954000.0,5577751000.0,6052954000.0,8745229596.0,3.0,2.819,1327424000.0,6.495,1.0,4250081000.0,0.212,2507152000.0,104186000.0,5745940000.0,5214804000.0,1319632000.0,635702000.0,630586000.0,5116000.0,3686339000.0,1654444000.0,2031895000.0,9456410596.0,178795000.0,0.0,-209600000.0,125750000.0,-658085000.0,-772788000.0,-711104000.0,-373841000.0,1662687000.0,0.0,1727172000.0,1727172000.0,1727172000.0,0.0,32861000.0,0.086,1365935000.0,2884146000.0,1314151000.0,0.369,1.562,5.475,5.535,3194700000.0,0.0,46.55,0.471,0.474,634230000.0,3054769000.0,20090724000.0,20090724000.0,0.0,0.173,0.31,0.548,0.142,39203000.0,128101000.0,1.0,203145233.0,204379000,205274000.0,98.301,7821845000.0,74957000.0,1027962000.0,681886000.0,38.271,2815821000.0
35,HFC,MRT,2012-09-30,2012-09-30,2012-09-30,2021-09-07,-62521000.0,10345936000.0,9772615250.0,4631921000.0,5714015000.0,2.038,28.444,-307555000.0,2057408000.0,2057408000.0,16025856000.0,1595889000.0,2.23,0.692,1346227000.0,0.0,1346227000.0,1346227000.0,0.0,231489000.0,0.0,0.073,3.0,2554167000.0,2785656000.0,0.14,2785656000.0,2554167000.0,2450955000.0,7.31,7.28,7.31,5764276000.0,5365515000.0,5764276000.0,8323629501.0,3.0,2.988,1113421000.0,5.494,1.0,3889773000.0,0.195,2504979000.0,103212000.0,5052616000.0,4984802250.0,1485450000.0,285928000.0,280409000.0,5519000.0,3986440000.0,2077160000.0,1909280000.0,8400664501.0,474549000.0,-1419000.0,-109712000.0,125562000.0,-505366000.0,-528131000.0,-418296000.0,-109322000.0,1420976000.0,0.0,1558948000.0,1558948000.0,1558948000.0,0.0,36941000.0,0.078,1305705000.0,2584068000.0,1530714000.0,0.41,1.457,5.389,5.646,3119932000.0,0.0,41.27,0.422,0.42,736874000.0,2806117000.0,19915629000.0,19915629000.0,0.0,0.16,0.291,0.512,0.128,36689000.0,129894000.0,1.0,203553780.0,202655000,203532000.0,98.274,7840957000.0,40548000.0,892007000.0,725671000.0,38.691,2554761000.0
36,HFC,MRT,2012-06-30,2012-06-30,2012-06-30,2021-09-07,5575000.0,9382532000.0,9665247000.0,3705692000.0,5676840000.0,2.057,25.906,-345956000.0,1372198000.0,1372198000.0,16117047000.0,1516250000.0,2.373,0.645,1295163000.0,0.0,1295163000.0,1295163000.0,0.0,209617000.0,0.0,0.069,2.44,2435989000.0,2645606000.0,0.133,2645606000.0,2435989000.0,2328806000.0,6.86,6.82,6.86,5329461000.0,5188178500.0,5329461000.0,6979409481.0,3.0,2.638,963942000.0,4.686,1.0,3767182000.0,0.189,2506309000.0,107183000.0,5237503000.0,4907147250.0,1309819000.0,276248000.0,266483000.0,9765000.0,3434907000.0,1561685000.0,1873222000.0,7326917481.0,945509000.0,870739000.0,-253755000.0,80547000.0,-486107000.0,-703492000.0,339103000.0,-185680000.0,1309898000.0,0.0,1481663000.0,1481663000.0,1481663000.0,0.0,34587000.0,0.075,1292211000.0,2474971000.0,1096216000.0,0.356,1.375,4.945,5.165,3088306000.0,0.0,35.43,0.368,0.367,603726000.0,2440448000.0,19884229000.0,19884229000.0,0.0,0.153,0.286,0.496,0.123,38754000.0,144248000.0,1.0,206799816.0,205727000,206481000.0,96.653,6876223000.0,93648000.0,847143000.0,747679000.0,33.424,2144007000.0
37,HFC,MRT,2012-03-31,2012-03-31,2012-03-31,2021-09-07,-17421000.0,9785750000.0,8360939750.0,4127601000.0,5658149000.0,2.158,24.765,-361590000.0,1659550000.0,1659550000.0,14882378000.0,1215713000.0,1.948,0.774,1312042000.0,26281000.0,1285761000.0,1312042000.0,0.0,184501000.0,0.0,0.058,1.865,1949219000.0,2133720000.0,0.118,2133720000.0,1949219000.0,1853785000.0,6.26,6.22,6.26,5164313000.0,4095929000.0,5164313000.0,6330640768.0,3.0,2.967,1100164000.0,5.276,1.0,3162303000.0,0.175,2496704000.0,95434000.0,4823157000.0,4307647000.0,1345155000.0,267986000.0,241929000.0,26057000.0,3996171000.0,2118381000.0,1877790000.0,6694802768.0,1435436000.0,862414000.0,-27461000.0,101786000.0,-370168000.0,-327182000.0,300864000.0,-199960000.0,1461754000.0,0.0,1180399000.0,1180399000.0,1180399000.0,0.0,35314000.0,0.065,1170290000.0,1992013000.0,1641107000.0,0.298,1.296,5.672,5.136,3071213000.0,0.0,32.15,0.371,0.372,733147000.0,2080848000.0,18044681000.0,18044681000.0,0.0,0.141,0.288,0.453,0.108,34556000.0,130824000.0,1.0,208236478.0,208531000,209138000.0,86.532,7289046000.0,93648000.0,673386000.0,725606000.0,34.954,2009220000.0
38,HFC,MRT,2011-12-31,2011-12-31,2011-12-31,2021-09-07,77873000.0,9576243000.0,6911942250.0,3920746000.0,5655497000.0,2.234,32.948,-374241000.0,1578904000.0,1578904000.0,12680078000.0,1059704000.0,2.074,0.719,1214742000.0,0.0,1214742000.0,1214742000.0,0.0,159707000.0,0.0,0.057,1.34,1683711000.0,1843418000.0,0.119,1843418000.0,1683711000.0,1605388000.0,6.46,6.42,6.46,5204010000.0,2998297250.0,5204010000.0,4538223794.0,3.0,2.462,964150000.0,6.104,1.0,2759450000.0,0.179,2495465000.0,78323000.0,4825933000.0,3812138250.0,1114619000.0,261706000.0,211639000.0,50067000.0,3740343000.0,1890683000.0,1849660000.0,4896095794.0,1349803000.0,863614000.0,33020000.0,32797000.0,-252133000.0,-217082000.0,228494000.0,-260879000.0,1338391000.0,0.0,1023397000.0,1023397000.0,1023397000.0,0.0,36307000.0,0.066,1027902000.0,1731548000.0,1504694000.0,0.207,0.941,4.784,3.622,3052905000.0,0.0,23.4,0.317,0.239,708857000.0,1964656000.0,15439528000.0,15439528000.0,0.0,0.148,0.341,0.442,0.109,26825000.0,120114000.0,1.0,209234863.0,157948000,158756000.0,97.751,7080778000.0,87277000.0,581991000.0,679770000.0,44.83,2030063000.0
39,HFC,MRT,2011-09-30,2011-09-30,2011-09-30,2021-09-07,-12700000.0,9916463000.0,5443250250.0,4379088000.0,5537375000.0,2.329,24.119,-359516000.0,1582859000.0,1582859000.0,10409668000.0,848104000.0,1.839,0.842,1224987000.0,0.0,1224987000.0,1224987000.0,0.0,138190000.0,0.0,0.031,0.815,1359856000.0,1498046000.0,0.118,1498046000.0,1359856000.0,1285302000.0,5.23,5.2,5.23,5054930000.0,1871649500.0,5054930000.0,5919976944.0,4.0,3.952,776974000.0,3.707,1.0,2269239000.0,0.179,2435755000.0,74554000.0,4741996000.0,3285971000.0,1265519000.0,176494000.0,133445000.0,43049000.0,4255673000.0,2380840000.0,1874833000.0,5507799944.0,1310939000.0,863033000.0,-39076000.0,45745000.0,-137356000.0,-153412000.0,327861000.0,-175656000.0,1136490000.0,0.0,814736000.0,814736000.0,814736000.0,0.0,33368000.0,0.064,864794000.0,1404445000.0,2102915000.0,0.156,1.09,6.76,5.013,2996528000.0,0.0,26.22,0.434,0.433,1341683000.0,1866873000.0,12678907000.0,12678907000.0,0.0,0.15,0.435,0.414,0.107,19219000.0,98857000.0,1.0,210061020.0,209583000,210579000.0,60.496,7480708000.0,0.0,470566000.0,651169000.0,35.693,1998248000.0
40,HFC,MRT,2011-06-30,2011-06-30,2011-06-30,2021-09-07,-26091000.0,4165303000.0,3813479250.0,2024974000.0,2140329000.0,2.516,8.999,-293007000.0,426689000.0,426689000.0,8226785000.0,376483000.0,1.3,2.713,838866000.0,0.0,838866000.0,838866000.0,0.0,124088000.0,0.0,0.009,0.3,606975000.0,731063000.0,0.076,731063000.0,606975000.0,540127000.0,3.21,3.2,3.21,960463000.0,779698750.0,960463000.0,4309970746.0,7.0,5.895,409898000.0,3.841,1.0,1369712000.0,0.143,180385000.0,66848000.0,2839502000.0,2722740750.0,495300000.0,90658000.0,65854000.0,24804000.0,2606115000.0,1557593000.0,1048522000.0,3699871746.0,286477000.0,-9125000.0,-3117000.0,31415000.0,-31951000.0,-24664000.0,-391764000.0,-89632000.0,702905000.0,0.0,342825000.0,342825000.0,342825000.0,0.0,33658000.0,0.036,726856000.0,642856000.0,1450640000.0,0.093,3.852,10.792,10.81,1859763000.0,0.0,34.7,0.386,0.386,1003527000.0,1467233000.0,9596497000.0,9596497000.0,0.0,0.09,0.44,0.223,0.063,11620000.0,72641000.0,1.0,106624546.0,106730000,107340000.0,89.914,3984918000.0,0.0,197302000.0,151467000.0,37.336,467381000.0
41,HFC,MRT,2011-03-31,2011-03-31,2011-03-31,2021-09-07,-25866000.0,3989760000.0,3593048250.0,1915754000.0,2074006000.0,2.442,7.258,-256172000.0,224114000.0,224114000.0,7627902000.0,247316000.0,1.216,3.388,834213000.0,0.0,834213000.0,834213000.0,0.0,121080000.0,0.0,0.01,0.3,414425000.0,535505000.0,0.061,535505000.0,414425000.0,341747000.0,2.03,2.03,2.03,773786000.0,700303750.0,773786000.0,3820176103.0,9.0,7.134,247649000.0,2.323,1.0,1147322000.0,0.131,183495000.0,72678000.0,2841122000.0,2689670750.0,473456000.0,68497000.0,48947000.0,19550000.0,2621810000.0,1575242000.0,1046568000.0,3238716103.0,130825000.0,0.0,-2425000.0,11246000.0,-31926000.0,-49812000.0,-323184000.0,-67012000.0,503821000.0,0.0,216752000.0,216752000.0,216752000.0,0.0,30564000.0,0.025,702481000.0,444841000.0,1498508000.0,0.148,4.186,14.942,14.966,1801552000.0,0.0,30.38,0.369,0.369,1152254000.0,1283021000.0,8775224000.0,8775224000.0,0.0,0.06,0.31,0.154,0.047,10345000.0,69788000.0,1.0,106606850.0,106614000,107266000.0,82.308,3806265000.0,2042000.0,124995000.0,131698000.0,35.701,340512000.0
42,HFC,MRT,2010-12-31,2010-12-31,2010-12-31,2021-09-07,-26246000.0,3701475000.0,3441190000.0,1703435000.0,1998040000.0,2.419,6.552,-213232000.0,229101000.0,229101000.0,7367149000.0,133051000.0,1.226,3.46,810561000.0,0.0,810561000.0,810561000.0,0.0,117529000.0,0.0,0.015,0.3,237472000.0,355001000.0,0.043,355001000.0,237472000.0,163276000.0,0.98,0.97,0.98,697419000.0,652696500.0,697419000.0,2705358352.0,11.0,7.621,70023000.0,0.658,1.0,955780000.0,0.115,171816000.0,74196000.0,2721264000.0,2659491500.0,400367000.0,1343000.0,1343000.0,0.0,2413336000.0,1389855000.0,1023481000.0,2169372352.0,104505000.0,0.0,-1368000.0,100540000.0,-31868000.0,34482000.0,-213232000.0,0.0,283255000.0,0.0,103964000.0,103964000.0,103964000.0,0.0,29087000.0,0.012,692782000.0,262998000.0,1317446000.0,0.306,3.111,20.867,20.801,1756691000.0,0.0,20.385,0.261,0.261,993116000.0,1206328000.0,8322929000.0,8322929000.0,0.0,0.03,0.159,0.089,0.029,11498000.0,70839000.0,1.0,106420032.0,106436000,107218000.0,78.197,3529659000.0,51034000.0,59312000.0,131935000.0,33.162,313580000.0
43,HFC,MRT,2010-09-30,2010-09-30,2010-09-30,2021-09-07,-26360000.0,3397379000.0,3302306000.0,1475107000.0,1922272000.0,2.354,6.457,-451610000.0,271920000.0,271920000.0,6930110000.0,86444000.0,1.161,3.103,807906000.0,157000000.0,650906000.0,807906000.0,0.0,115264000.0,0.0,0.021,0.3,146622000.0,261886000.0,0.034,261886000.0,146622000.0,76012000.0,0.435,0.44,0.435,687127000.0,633101500.0,687127000.0,2194911960.0,15.0,8.381,-183749000.0,-1.727,1.0,842997000.0,0.108,173941000.0,70610000.0,2489075000.0,2610224000.0,414015000.0,1171000.0,1171000.0,0.0,2131902000.0,1270349000.0,861553000.0,1529787960.0,173393000.0,164014000.0,-1173000.0,198780000.0,-31443000.0,193128000.0,-287596000.0,0.0,267861000.0,0.0,48744000.0,48744000.0,48744000.0,-13488000.0,37700000.0,0.006,676472000.0,166525000.0,1044277000.0,0.69,2.226,31.384,33.046,1697383000.0,0.0,14.375,0.197,0.197,718471000.0,1199605000.0,7773107000.0,7773107000.0,0.0,0.015,0.077,0.056,0.019,8784000.0,67394000.0,1.0,106420032.0,106420000,107134000.0,73.042,3223438000.0,26269000.0,27268000.0,129677000.0,30.29,204758000.0
44,HFC,MRT,2010-06-30,2010-06-30,2010-06-30,2021-09-07,-25483000.0,3283579000.0,3127485750.0,1385128000.0,1898451000.0,2.293,6.041,-462829000.0,140212000.0,140212000.0,6418504000.0,58132000.0,1.3,3.209,805336000.0,0.0,805336000.0,805336000.0,0.0,110393000.0,0.0,0.023,0.3,95971000.0,206364000.0,0.029,206364000.0,95971000.0,30322000.0,0.19,0.195,0.19,642883000.0,608151750.0,642883000.0,2141242948.0,22.0,10.376,-354488000.0,-3.331,1.0,752106000.0,0.105,175986000.0,65649000.0,2707222000.0,2540880750.0,421146000.0,1216000.0,1216000.0,0.0,2062823000.0,1065495000.0,997328000.0,1413936948.0,31524000.0,164014000.0,-1113000.0,224125000.0,-31002000.0,221998000.0,-298815000.0,0.0,108341000.0,0.0,21051000.0,21051000.0,21051000.0,-14389000.0,37081000.0,0.003,637617000.0,114489000.0,1010097000.0,1.579,2.199,67.167,69.947,1669645000.0,0.0,13.29,0.197,0.197,762769000.0,1156427000.0,7170610000.0,7170610000.0,0.0,0.007,0.035,0.038,0.013,8652000.0,67197000.0,1.0,106391042.0,106412000,106816000.0,67.385,3107593000.0,0.0,9271000.0,107783000.0,29.203,319633000.0
45,HFC,MRT,2010-03-31,2010-03-31,2010-03-31,2021-09-07,-25200000.0,3382327000.0,2961951250.0,1510943000.0,1871384000.0,2.046,5.494,-501562000.0,93289000.0,93289000.0,5450218000.0,6610000.0,1.246,3.804,820595000.0,0.0,820595000.0,820595000.0,0.0,107069000.0,0.0,0.021,0.3,262000.0,107331000.0,0.018,107331000.0,262000.0,-51567000.0,-0.285,-0.28,-0.285,583357000.0,589825750.0,583357000.0,2064976108.0,7882.0,19.239,-377726000.0,-3.557,1.0,610310000.0,0.101,176164000.0,51829000.0,2720405000.0,2392528250.0,421022000.0,1467000.0,1467000.0,0.0,2218816000.0,1213064000.0,1005752000.0,1482114108.0,39411000.0,6200000.0,-905000.0,351219000.0,-30547000.0,410937000.0,-495362000.0,0.0,123836000.0,0.0,-30506000.0,-30506000.0,-30506000.0,-15595000.0,37116000.0,-0.005,590534000.0,19776000.0,1155517000.0,-1.053,2.541,-48.584,-48.965,1638993000.0,0.0,13.955,0.245,0.245,883540000.0,1098257000.0,6060528000.0,6060528000.0,0.0,-0.01,-0.052,0.0,0.0,9009000.0,66456000.0,1.0,106206672.0,106188000,106188000.0,57.074,3206163000.0,30248000.0,-21061000.0,102870000.0,30.193,297879000.0
46,HFC,MRT,2009-12-31,2009-12-31,2009-12-31,2021-09-07,-25700000.0,3145939000.0,2619836250.0,1283011000.0,1862928000.0,1.845,6.139,-569692000.0,124596000.0,124596000.0,4238008000.0,53269000.0,1.252,3.131,707458000.0,0.0,707458000.0,707458000.0,0.0,99633000.0,0.0,0.023,0.3,67339000.0,166972000.0,0.035,166972000.0,67339000.0,26993000.0,0.2,0.2,0.2,619039000.0,583676750.0,619039000.0,1795071407.0,27.0,10.751,-358147000.0,-3.552,1.0,596260000.0,0.123,179495000.0,40346000.0,2524194000.0,2160114000.0,303513000.0,1223000.0,1223000.0,0.0,1938158000.0,1025112000.0,913046000.0,1287766407.0,83791000.0,-19300000.0,-1080000.0,333925000.0,-30123000.0,406849000.0,-534603000.0,54389000.0,211545000.0,0.0,19533000.0,19533000.0,19533000.0,-16926000.0,33736000.0,0.004,515949000.0,80311000.0,975155000.0,1.5,2.08,65.928,64.075,1629970000.0,0.0,12.815,0.266,0.267,762455000.0,1134341000.0,4834268000.0,4834268000.0,0.0,0.007,0.033,0.031,0.014,7549000.0,60343000.0,1.0,100488990.0,100836000,101206000.0,47.942,2966444000.0,38072000.0,7460000.0,124585000.0,29.419,257899000.0
47,HFC,MRT,2009-09-30,2009-09-30,2009-09-30,2021-09-07,-34200000.0,2698098000.0,2301907750.0,1045813000.0,1652285000.0,1.776,5.845,-372647000.0,98527000.0,98527000.0,3428954000.0,129121000.0,1.205,2.811,605832000.0,0.0,605832000.0,605832000.0,0.0,87899000.0,0.0,0.023,0.3,207172000.0,295071000.0,0.072,295071000.0,207172000.0,172987000.0,1.105,1.1,1.105,587328000.0,564302000.0,587328000.0,1756595962.0,8.0,5.953,-198199000.0,-1.972,1.0,659976000.0,0.161,125735000.0,34185000.0,2211702000.0,1940509250.0,298282000.0,1026000.0,1026000.0,0.0,1650742000.0,867966000.0,782776000.0,1287263962.0,-37481000.0,-177356000.0,-944000.0,237925000.0,-30048000.0,246202000.0,-458131000.0,91872000.0,174448000.0,0.0,110592000.0,110592000.0,110592000.0,-2107000.0,18529000.0,0.027,446267000.0,213709000.0,820635000.0,0.271,2.192,11.64,11.593,1469024000.0,0.0,12.81,0.315,0.315,615832000.0,1182831000.0,4088930000.0,4088930000.0,0.0,0.048,0.196,0.107,0.051,8746000.0,58673000.0,1.0,100488990.0,100488000,100654000.0,40.691,2572363000.0,5384000.0,62395000.0,95644000.0,25.599,177847000.0
48,HFC,MRT,2009-06-30,2009-06-30,2009-06-30,2021-09-07,-33929000.0,2621441000.0,2187489000.0,1010457000.0,1610984000.0,1.975,5.676,-402668000.0,108688000.0,108688000.0,3668292000.0,149789000.0,1.187,2.8,578020000.0,0.0,578020000.0,578020000.0,0.0,80372000.0,0.0,0.033,0.3,240809000.0,321181000.0,0.074,321181000.0,240809000.0,211655000.0,1.37,1.365,1.37,569579000.0,544949250.0,569579000.0,1313436789.0,5.0,4.089,-220241000.0,-2.195,1.0,652067000.0,0.151,125871000.0,29154000.0,2113812000.0,1759937250.0,264048000.0,791000.0,791000.0,0.0,1594872000.0,851090000.0,743782000.0,900829789.0,-46083000.0,-177356000.0,-15234000.0,214925000.0,-30031000.0,213069000.0,-441579000.0,138445000.0,182427000.0,0.0,137007000.0,137007000.0,137007000.0,-1206000.0,12782000.0,0.032,410964000.0,241103000.0,804619000.0,0.219,1.582,6.575,6.562,1425200000.0,0.0,8.99,0.209,0.209,604700000.0,1166883000.0,4320359000.0,4320359000.0,0.0,0.063,0.251,0.137,0.056,9109000.0,56243000.0,1.0,100203536.0,100340000,100452000.0,43.057,2495570000.0,5841000.0,74648000.0,88404000.0,24.871,159367000.0
49,HFC,MRT,2009-03-31,2009-03-31,2009-03-31,2021-09-07,-35289000.0,2013867000.0,2142846500.0,545198000.0,1468669000.0,2.347,5.583,-444526000.0,53878000.0,53878000.0,4408916000.0,140590000.0,1.064,1.902,466485000.0,55000000.0,411485000.0,466485000.0,0.0,70801000.0,0.0,0.028,0.3,233238000.0,304039000.0,0.06,304039000.0,233238000.0,205036000.0,1.34,1.335,1.34,558761000.0,522647750.0,558761000.0,1391592958.0,6.0,4.577,-390201000.0,-3.899,1.0,619487000.0,0.123,123147000.0,28202000.0,1790748000.0,1592602750.0,162924000.0,587000.0,587000.0,0.0,1062783000.0,512579000.0,550204000.0,1061483958.0,-126673000.0,-19542000.0,-49469000.0,114000000.0,-30156000.0,30577000.0,-211575000.0,252493000.0,54325000.0,0.0,133854000.0,133854000.0,133854000.0,0.0,6736000.0,0.027,395609000.0,223878000.0,415592000.0,0.224,1.9,7.93,7.91,1285245000.0,0.0,10.6,0.211,0.211,303687000.0,1159881000.0,5028403000.0,5028403000.0,0.0,0.062,0.256,0.146,0.046,8736000.0,54097000.0,1.0,100139996.0,100084000,100342000.0,50.242,1890720000.0,5841000.0,71182000.0,71328000.0,18.891,32619000.0
50,HFC,MRT,2008-12-31,2008-12-31,2008-12-31,2021-09-07,-35081000.0,1874225000.0,2208560250.0,530623000.0,1343602000.0,2.653,5.394,-247059000.0,39244000.0,39244000.0,5280699000.0,126636000.0,1.148,1.732,370914000.0,29000000.0,341914000.0,370914000.0,0.0,63789000.0,0.0,0.033,0.3,208541000.0,272330000.0,0.046,272330000.0,208541000.0,184586000.0,1.2,1.19,1.2,541540000.0,507965750.0,541540000.0,1134633710.0,5.0,4.166,-91569000.0,-0.912,1.0,579658000.0,0.099,97962000.0,23955000.0,1645775000.0,1499997500.0,125735000.0,55203000.0,49194000.0,6009000.0,937893000.0,462158000.0,475735000.0,905790710.0,-53564000.0,12963000.0,-150896000.0,29000000.0,-29064000.0,-151277000.0,-57777000.0,176319000.0,155490000.0,0.0,120558000.0,120558000.0,120558000.0,0.0,6078000.0,0.021,383978000.0,195680000.0,390438000.0,0.25,1.673,7.513,7.596,1172924000.0,0.0,9.115,0.155,0.156,288619000.0,1145388000.0,5860357000.0,5860357000.0,0.0,0.055,0.237,0.139,0.036,7467000.0,55278000.0,1.0,99373638.0,100404000,101098000.0,58.368,1776263000.0,6350000.0,64028000.0,69491000.0,17.691,68465000.0
51,HFC,MRT,2008-09-30,2008-09-30,2008-09-30,2021-09-07,-20051000.0,2240423000.0,2155990250.0,999974000.0,1240449000.0,2.961,5.128,-168476000.0,136008000.0,136008000.0,5833829000.0,122975000.0,1.094,3.394,364851000.0,24000000.0,340851000.0,364851000.0,0.0,56811000.0,0.0,0.02,0.285,197352000.0,254163000.0,0.04,254163000.0,197352000.0,181487000.0,1.16,1.15,1.16,509917000.0,521029250.0,509917000.0,1639772700.0,8.0,6.452,158255000.0,1.592,1.0,550104000.0,0.086,65798000.0,15865000.0,1489414000.0,1273281000.0,140832000.0,94584000.0,78373000.0,16211000.0,1730506000.0,914054000.0,816452000.0,1434634700.0,96974000.0,7005000.0,-272521000.0,24000000.0,-28142000.0,-242687000.0,12930000.0,174401000.0,326731000.0,0.0,119833000.0,119833000.0,119833000.0,0.0,3142000.0,0.019,371733000.0,178371000.0,848216000.0,0.246,2.813,11.972,12.466,1124596000.0,0.0,14.46,0.225,0.225,629196000.0,1102337000.0,6383933000.0,6383933000.0,-311000.0,0.056,0.23,0.155,0.031,6965000.0,53369000.0,1.0,99214018.0,99434000,100064000.0,64.203,2174625000.0,1809000.0,61654000.0,40068000.0,21.87,85920000.0
52,HFC,MRT,2008-06-30,2008-06-30,2008-06-30,2021-09-07,-18356000.0,2442871000.0,1998812750.0,1291856000.0,1151015000.0,2.938,4.789,-116511000.0,154771000.0,154771000.0,5358524000.0,129355000.0,1.138,4.085,359909000.0,20000000.0,339909000.0,359909000.0,0.0,50602000.0,0.0,0.015,0.27,191891000.0,242493000.0,0.041,242493000.0,191891000.0,183105000.0,1.19,1.17,1.19,480373000.0,559818750.0,480373000.0,2020805472.0,11.0,8.333,140255000.0,1.398,1.0,514160000.0,0.088,68284000.0,8786000.0,1444474000.0,1107539500.0,159390000.0,143141000.0,116310000.0,26831000.0,1962498000.0,1135251000.0,827247000.0,1849940472.0,47634000.0,7005000.0,-291234000.0,20000000.0,-27213000.0,-261980000.0,52848000.0,162354000.0,256766000.0,0.0,128060000.0,128060000.0,128060000.0,0.0,1295000.0,0.022,351133000.0,163027000.0,1079193000.0,0.227,3.851,14.446,15.513,1046733000.0,0.0,18.46,0.315,0.315,841527000.0,1059905000.0,5872684000.0,5872684000.0,-257000.0,0.064,0.229,0.173,0.033,11242000.0,57869000.0,1.0,100213460.0,100316000,101030000.0,58.542,2374587000.0,10033000.0,55045000.0,44432000.0,23.671,156605000.0
53,HFC,MRT,2008-03-31,2008-03-31,2008-03-31,2021-09-07,-20662000.0,2276722000.0,1752464250.0,1213757000.0,1062965000.0,3.05,4.886,-36269000.0,180551000.0,180551000.0,4635211000.0,276037000.0,1.266,3.553,351416000.0,10000000.0,341416000.0,351416000.0,0.0,45314000.0,0.0,0.012,0.255,413386000.0,458700000.0,0.086,458700000.0,413386000.0,410560000.0,2.52,2.475,2.52,500033000.0,599725500.0,500033000.0,2118824388.0,5.0,4.619,399017000.0,3.899,1.0,710648000.0,0.133,68762000.0,2826000.0,1420327000.0,930853500.0,135115000.0,257220000.0,205974000.0,51246000.0,1776689000.0,958498000.0,818191000.0,2213193388.0,29372000.0,7005000.0,-271930000.0,10000000.0,-25141000.0,-250091000.0,-155823000.0,-126559000.0,435286000.0,0.0,275235000.0,275235000.0,275235000.0,0.0,802000.0,0.051,331297000.0,379351000.0,914322000.0,0.101,4.426,8.041,8.613,934222000.0,0.0,21.705,0.414,0.415,669959000.0,1055989000.0,5345859000.0,5345859000.0,-152000.0,0.157,0.459,0.444,0.077,8940000.0,66275000.0,1.0,101966984.0,102330000,103030000.0,52.241,2207960000.0,13451000.0,135325000.0,36425000.0,21.577,255259000.0
54,HFC,MRT,2007-12-31,2007-12-31,2007-12-31,2021-09-07,-19076000.0,1663945000.0,1495044250.0,1034621000.0,629324000.0,3.205,5.413,-161258000.0,94369000.0,94369000.0,4003488000.0,334128000.0,1.265,1.802,0.0,0.0,0.0,0.0,0.0,43456000.0,0.0,0.009,0.23,500530000.0,543986000.0,0.114,543986000.0,500530000.0,499444000.0,3.045,2.99,3.045,593794000.0,599524500.0,593794000.0,2775800041.0,6.0,5.103,261479000.0,2.383,1.0,788254000.0,0.165,12587000.0,1086000.0,738909000.0,713088500.0,140630000.0,235415000.0,158233000.0,77182000.0,1070151000.0,818080000.0,252071000.0,2814834041.0,-59748000.0,0.0,-204908000.0,0.0,-23208000.0,-189428000.0,-293057000.0,-131799000.0,422737000.0,0.0,334128000.0,334128000.0,334128000.0,0.0,0.0,0.07,321922000.0,466332000.0,782976000.0,0.076,4.74,8.424,8.356,530850000.0,0.0,25.445,0.587,0.583,614769000.0,1054974000.0,4791742000.0,4791742000.0,0.0,0.223,0.557,0.702,0.104,9993000.0,69185000.0,1.0,110624250.0,109704000,111700000.0,43.679,1651358000.0,16356000.0,165316000.0,38933000.0,15.053,216541000.0
55,HFC,MRT,2007-09-30,2007-09-30,2007-09-30,2021-09-07,-11715000.0,1611713000.0,1388525250.0,1012298000.0,599415000.0,3.089,6.066,-193334000.0,39034000.0,39034000.0,3495023000.0,331954000.0,1.381,1.423,0.0,0.0,0.0,0.0,0.0,44156000.0,0.0,0.007,0.21,500022000.0,544178000.0,0.127,544178000.0,500022000.0,498921000.0,3.02,2.965,3.02,665075000.0,567599500.0,665075000.0,3182611482.0,6.0,5.848,100278000.0,0.915,1.0,794602000.0,0.185,13131000.0,1101000.0,826448000.0,655677000.0,179804000.0,270696000.0,184782000.0,85914000.0,946638000.0,733100000.0,213538000.0,3289748482.0,-155594000.0,48872000.0,-120297000.0,0.0,-21178000.0,-131090000.0,-318116000.0,-173654000.0,293612000.0,0.0,331954000.0,331954000.0,331954000.0,1149000.0,0.0,0.077,325245000.0,469357000.0,681648000.0,0.07,4.946,9.91,9.906,491903000.0,0.0,29.915,0.767,0.765,583418000.0,1011551000.0,4289625000.0,4289625000.0,468000.0,0.239,0.585,0.763,0.117,9952000.0,74435000.0,1.0,109969864.0,109638000,111706000.0,39.125,1598582000.0,12306000.0,166967000.0,31275000.0,14.581,279198000.0
56,HFC,MRT,2007-06-30,2007-06-30,2007-06-30,2021-09-07,-12806000.0,1457477000.0,1292795000.0,920097000.0,537380000.0,3.29,5.823,-174338000.0,107137000.0,107137000.0,3414861000.0,352830000.0,1.536,1.277,0.0,0.0,0.0,0.0,0.0,43105000.0,0.0,0.005,0.19,545692000.0,588797000.0,0.138,588797000.0,545692000.0,544620000.0,3.19,3.13,3.19,640000000.0,517015250.0,640000000.0,3932842655.0,7.0,6.679,271634000.0,2.471,1.0,838786000.0,0.197,13772000.0,1072000.0,737730000.0,562227500.0,143697000.0,304149000.0,249540000.0,54609000.0,817477000.0,598838000.0,218639000.0,4084021655.0,-10719000.0,48872000.0,-133147000.0,0.0,-19186000.0,-141947000.0,-314744000.0,-189278000.0,445972000.0,0.0,352830000.0,352830000.0,352830000.0,1348000.0,0.0,0.083,319971000.0,518815000.0,516071000.0,0.06,6.381,11.575,11.629,459849000.0,0.0,37.095,0.96,0.959,404336000.0,959990000.0,4253647000.0,4253647000.0,516000.0,0.273,0.682,0.971,0.128,4511000.0,68203000.0,1.0,110096284.0,109918000,111906000.0,38.698,1443705000.0,0.0,191790000.0,55497000.0,13.134,321259000.0
57,HFC,MRT,2007-03-31,2007-03-31,2007-03-31,2021-09-07,-12844000.0,1247042000.0,1242761250.0,789652000.0,457390000.0,3.345,4.523,-163816000.0,151179000.0,151179000.0,3425633000.0,287304000.0,1.483,1.498,0.0,0.0,0.0,0.0,0.0,43147000.0,0.0,0.006,0.17,444159000.0,487306000.0,0.117,487306000.0,444159000.0,443106000.0,2.555,2.51,2.555,499229000.0,465601500.0,499229000.0,3128469131.0,7.0,6.42,186008000.0,1.685,1.0,731857000.0,0.176,14227000.0,1053000.0,549267000.0,501642250.0,145433000.0,129218000.0,119497000.0,9721000.0,747813000.0,532369000.0,215444000.0,3282586131.0,56568000.0,48872000.0,-150453000.0,0.0,-16522000.0,-155398000.0,-137858000.0,-22914000.0,349824000.0,0.0,287304000.0,287304000.0,287304000.0,-4024000.0,0.0,0.069,315367000.0,416490000.0,481023000.0,0.067,6.575,11.425,11.605,423135000.0,0.0,29.65,0.79,0.787,362792000.0,807969000.0,4157490000.0,4157490000.0,511000.0,0.231,0.617,0.885,0.107,5958000.0,65586000.0,1.0,110711168.0,110378000,112636000.0,37.666,1232815000.0,0.0,155802000.0,35864000.0,11.169,257283000.0
58,HFC,MRT,2006-12-31,2006-12-31,2006-12-31,2021-09-07,-11358000.0,1237869000.0,1208378000.0,799574000.0,438295000.0,3.329,4.09,-120429000.0,154117000.0,154117000.0,3349404000.0,266566000.0,1.429,1.656,0.0,0.0,0.0,0.0,0.0,40270000.0,0.0,0.007,0.17,404245000.0,444515000.0,0.11,444515000.0,404245000.0,403169000.0,2.34,2.29,2.34,466094000.0,432379500.0,466094000.0,2691198221.0,7.0,6.054,124754000.0,1.095,1.0,673813000.0,0.167,15096000.0,1076000.0,509263000.0,475642250.0,129675000.0,101836000.0,96168000.0,5668000.0,771775000.0,559393000.0,212382000.0,2885826221.0,105053000.0,48872000.0,-172749000.0,0.0,-15002000.0,-175935000.0,35805000.0,107362000.0,245183000.0,0.0,266566000.0,266566000.0,266566000.0,-19668000.0,0.0,0.066,311922000.0,361891000.0,507566000.0,0.073,6.192,10.826,10.983,405470000.0,0.0,25.7,0.717,0.728,398123000.0,745994000.0,4023217000.0,4023217000.0,486000.0,0.221,0.617,0.85,0.1,5507000.0,63255000.0,1.0,112288958.0,113952000,116420000.0,35.306,1222773000.0,9055000.0,136603000.0,20776000.0,10.731,240181000.0
59,HFC,MRT,2006-09-30,2006-09-30,2006-09-30,2021-09-07,-5183000.0,1228792000.0,1184635750.0,820514000.0,408278000.0,3.29,4.091,-88510000.0,194628000.0,194628000.0,3232981000.0,258788000.0,1.448,1.655,0.0,0.0,0.0,0.0,0.0,38218000.0,0.0,0.007,0.155,393621000.0,431839000.0,0.111,431839000.0,393621000.0,392411000.0,2.25,2.2,2.25,462738000.0,410193750.0,462738000.0,2389101979.0,6.0,5.532,208119000.0,1.84,1.0,664564000.0,0.171,14961000.0,1210000.0,452650000.0,473401250.0,104297000.0,95829000.0,91755000.0,4074000.0,766054000.0,566553000.0,199501000.0,2506957979.0,118319000.0,146000.0,-183806000.0,-8572000.0,-13486000.0,-194983000.0,16673000.0,105037000.0,296629000.0,0.0,258788000.0,258788000.0,258788000.0,-22208000.0,0.0,0.066,314032000.0,350532000.0,516810000.0,0.069,5.418,9.687,9.629,382892000.0,0.0,21.665,0.643,0.629,399770000.0,702760000.0,3897545000.0,3897545000.0,500000.0,0.218,0.631,0.831,0.101,4438000.0,60969000.0,1.0,115714654.0,113110000,115566000.0,34.458,1213831000.0,725000.0,133623000.0,22122000.0,10.731,253961000.0
60,HFC,MRT,2006-06-30,2006-06-30,2006-06-30,2021-09-07,-4930000.0,1257342000.0,1176752000.0,861799000.0,395543000.0,3.064,3.798,-96239000.0,117856000.0,117856000.0,2978958000.0,241505000.0,1.376,1.895,0.0,0.0,0.0,0.0,0.0,38128000.0,0.0,0.006,0.14,368297000.0,406425000.0,0.113,406425000.0,368297000.0,366854000.0,2.055,2.005,2.055,434345000.0,391764500.0,434345000.0,2674568941.0,7.0,6.581,162310000.0,1.419,1.0,626414000.0,0.174,17724000.0,1443000.0,495389000.0,484710500.0,145829000.0,115147000.0,110737000.0,4410000.0,822997000.0,626373000.0,196624000.0,2769179941.0,6255000.0,-20301000.0,-148046000.0,-8572000.0,-12052000.0,-158710000.0,-93584000.0,22956000.0,258549000.0,0.0,241505000.0,241505000.0,241505000.0,-23440000.0,0.0,0.067,301262000.0,325152000.0,556569000.0,0.068,6.376,11.466,11.727,368444000.0,0.0,24.1,0.768,0.765,463668000.0,628274000.0,3605372000.0,3605372000.0,467000.0,0.205,0.616,0.76,0.102,3554000.0,61022000.0,1.0,114903732.0,114372000,116726000.0,31.523,1239618000.0,0.0,125349000.0,28909000.0,10.838,235426000.0
61,HFC,MRT,2006-03-31,2006-03-31,2006-03-31,2021-09-07,-4674000.0,1109509000.0,1192585750.0,733312000.0,376197000.0,2.694,3.133,-76177000.0,94611000.0,94611000.0,2640882000.0,200828000.0,1.329,2.029,0.0,0.0,0.0,0.0,0.0,40572000.0,0.0,0.007,0.125,310733000.0,351305000.0,0.109,351305000.0,310733000.0,306901000.0,1.66,1.61,1.66,366341000.0,379053250.0,366341000.0,2128394151.0,7.0,6.059,149910000.0,1.282,1.0,572305000.0,0.178,17821000.0,3832000.0,445267000.0,573403500.0,146357000.0,107064000.0,96199000.0,10865000.0,743168000.0,551810000.0,191358000.0,2177458151.0,31172000.0,-20874000.0,-141621000.0,25550000.0,-11680000.0,-126421000.0,-68494000.0,28557000.0,226087000.0,0.0,200828000.0,200828000.0,200828000.0,-19389000.0,0.0,0.063,295708000.0,276597000.0,485012000.0,0.075,5.944,10.842,11.163,341735000.0,0.0,18.53,0.678,0.674,373905000.0,539738000.0,3213187000.0,3213187000.0,506000.0,0.168,0.53,0.542,0.097,2452000.0,54619000.0,1.0,117509884.0,116916000,120056000.0,27.483,1091688000.0,0.0,106073000.0,28919000.0,9.337,181502000.0
62,HFC,MRT,2005-12-31,2005-12-31,2005-12-31,2021-09-07,-4802000.0,1142900000.0,1231958500.0,789536000.0,353364000.0,2.473,3.057,-106262000.0,49064000.0,49064000.0,2498810000.0,167658000.0,1.363,2.029,0.0,0.0,0.0,0.0,0.0,43817000.0,0.0,0.008,0.115,272385000.0,316202000.0,0.104,316202000.0,272385000.0,267284000.0,1.36,1.325,1.36,377351000.0,377065500.0,377351000.0,1687096047.0,6.0,5.336,144972000.0,1.174,1.0,547503000.0,0.18,14104000.0,5101000.0,500299000.0,661116500.0,103339000.0,205778000.0,189978000.0,15800000.0,765549000.0,579433000.0,186116000.0,1754833047.0,-18396000.0,-159828000.0,-82236000.0,147435000.0,-11243000.0,50505000.0,-320135000.0,-54045000.0,251234000.0,0.0,167658000.0,167658000.0,167658000.0,-2963000.0,0.0,0.055,284762000.0,262741000.0,518584000.0,0.085,4.65,10.467,10.822,316139000.0,0.0,14.717,0.576,0.596,401904000.0,495819000.0,3046313000.0,3046313000.0,481000.0,0.136,0.445,0.412,0.089,2163000.0,51683000.0,1.0,119234452.0,123456000,126488000.0,24.675,1128796000.0,0.0,99626000.0,15527000.0,9.143,210103000.0
63,HFC,MRT,2005-09-30,2005-09-30,2005-09-30,2021-09-07,-1654000.0,1197257000.0,1191911750.0,872239000.0,325018000.0,2.283,3.176,-67927000.0,76309000.0,76309000.0,2248999000.0,135162000.0,1.414,2.078,8572000.0,8572000.0,0.0,8572000.0,0.0,44977000.0,0.0,0.007,0.11,222326000.0,267303000.0,0.098,267303000.0,222326000.0,216724000.0,1.09,1.058,1.09,389021000.0,367706750.0,389021000.0,2050191332.0,9.0,7.67,99172000.0,0.81,1.0,471900000.0,0.173,14674000.0,5602000.0,497887000.0,667182000.0,114409000.0,197342000.0,184361000.0,12981000.0,808236000.0,616959000.0,191277000.0,1970263332.0,-81192000.0,-306591000.0,108746000.0,146852000.0,-10705000.0,239915000.0,-488206000.0,-113688000.0,167099000.0,0.0,135162000.0,135162000.0,135162000.0,-2507000.0,0.0,0.05,249654000.0,222246000.0,553097000.0,0.101,5.065,14.577,14.674,288342000.0,0.0,15.995,0.724,0.72,481277000.0,458872000.0,2720899000.0,2720899000.0,449000.0,0.113,0.368,0.333,0.082,3706000.0,50273000.0,1.0,123179952.0,122472000,125544000.0,22.216,1182583000.0,0.0,81562000.0,45605000.0,9.656,255280000.0
64,HFC,MRT,2005-06-30,2005-06-30,2005-06-30,2021-09-07,-1734000.0,1320677000.0,1143876000.0,760768000.0,559909000.0,2.131,3.03,-47306000.0,111601000.0,111601000.0,2031343000.0,84968000.0,1.409,2.444,191529000.0,8572000.0,182957000.0,191529000.0,0.0,45572000.0,0.0,0.009,0.105,143941000.0,189513000.0,0.078,189513000.0,143941000.0,137918000.0,0.677,0.657,0.677,383500000.0,353133250.0,383500000.0,1575093181.0,11.0,8.311,65989000.0,0.521,1.0,406484000.0,0.167,10522000.0,6023000.0,850161000.0,652029750.0,127999000.0,134031000.0,97581000.0,36450000.0,937177000.0,539922000.0,397255000.0,1482905181.0,47203000.0,-145940000.0,104360000.0,170289000.0,-9571000.0,262091000.0,-328183000.0,-134937000.0,113295000.0,0.0,84968000.0,84968000.0,84968000.0,-1474000.0,0.0,0.035,255000000.0,151484000.0,477883000.0,0.155,3.867,17.453,17.234,430655000.0,0.0,11.668,0.608,0.606,406005000.0,399163000.0,2437827000.0,2437827000.0,502000.0,0.074,0.241,0.221,0.059,3748000.0,49655000.0,1.0,127097080.0,126548000,129436000.0,19.264,1310155000.0,0.0,52950000.0,40861000.0,10.353,220846000.0
65,HFC,MRT,2005-03-31,2005-03-31,2005-03-31,2021-09-07,-1858000.0,1267000000.0,1017966000.0,694800000.0,572200000.0,2.238,2.843,-37456000.0,63439000.0,63439000.0,1887064000.0,83551000.0,1.274,2.535,155627000.0,8572000.0,147055000.0,155627000.0,0.0,42376000.0,0.0,0.01,0.096,141807000.0,184183000.0,0.081,184183000.0,141807000.0,137694000.0,0.665,0.642,0.665,358390000.0,340792250.0,358390000.0,1143522807.0,8.0,6.209,96624000.0,0.767,1.0,390843000.0,0.172,17727000.0,4113000.0,796119000.0,530215750.0,145117000.0,130723000.0,74959000.0,55764000.0,908610000.0,545342000.0,363268000.0,1177410807.0,41177000.0,-145367000.0,130957000.0,99712000.0,-9094000.0,221957000.0,-314860000.0,-132037000.0,134080000.0,0.0,83551000.0,83551000.0,83551000.0,-153000.0,0.0,0.037,243813000.0,147030000.0,507693000.0,0.144,3.285,14.092,14.011,424111000.0,0.0,9.318,0.517,0.516,392783000.0,350325000.0,2277907000.0,2277907000.0,668000.0,0.082,0.245,0.267,0.062,3910000.0,49021000.0,1.0,126365528.0,126056000,128780000.0,18.071,1249273000.0,3060000.0,54143000.0,20798000.0,9.91,149458000.0
66,HFC,MRT,2004-12-31,2004-12-31,2004-12-31,2021-09-07,-1719000.0,982713000.0,877198750.0,572906000.0,409807000.0,2.413,2.707,-37780000.0,67460000.0,67460000.0,1728545000.0,83879000.0,1.35,1.891,33572000.0,8572000.0,25000000.0,33572000.0,0.0,40481000.0,0.0,0.013,0.089,141388000.0,181869000.0,0.086,181869000.0,141388000.0,137864000.0,0.67,0.65,0.67,339916000.0,322008750.0,339916000.0,756430374.0,5.0,4.159,126824000.0,1.01,1.0,387700000.0,0.183,0.0,3524000.0,524561000.0,428359750.0,104968000.0,164228000.0,96215000.0,68013000.0,642797000.0,424264000.0,218533000.0,871789374.0,55770000.0,-3537000.0,131336000.0,-37173000.0,-8281000.0,85169000.0,-194003000.0,-152686000.0,164604000.0,0.0,83879000.0,83879000.0,83879000.0,-935000.0,0.0,0.04,243723000.0,143977000.0,377717000.0,0.133,2.565,10.393,10.399,312273000.0,0.0,6.968,0.412,0.413,281730000.0,339798000.0,2116245000.0,2116245000.0,689000.0,0.096,0.26,0.33,0.067,3419000.0,50693000.0,1.0,125122264.0,125560000,128680000.0,16.854,982713000.0,6394000.0,53985000.0,20462000.0,7.827,148642000.0
67,HFC,MRT,2004-09-30,2004-09-30,2004-09-30,2021-09-07,-326000.0,1005114000.0,808160000.0,604259000.0,400855000.0,2.449,2.624,-49418000.0,157501000.0,157501000.0,1600732000.0,75413000.0,1.335,2.039,42142000.0,8571000.0,33571000.0,42142000.0,0.0,39333000.0,0.0,0.013,0.083,125873000.0,165206000.0,0.083,165206000.0,125873000.0,122401000.0,0.6,0.58,0.6,330727000.0,304182000.0,330727000.0,763400883.0,6.0,4.621,106381000.0,0.844,1.0,378296000.0,0.191,0.0,3472000.0,437278000.0,398701750.0,95381000.0,97336000.0,27780000.0,69556000.0,674387000.0,452477000.0,221910000.0,810656883.0,140218000.0,138162000.0,-11897000.0,-1590000.0,-5808000.0,-19897000.0,4316000.0,-84428000.0,155799000.0,0.0,75413000.0,75413000.0,75413000.0,0.0,0.0,0.038,252370000.0,125926000.0,380585000.0,0.138,2.451,10.75,10.625,310008000.0,0.0,6.375,0.41,0.406,299855000.0,334908000.0,1979028000.0,1979028000.0,958000.0,0.093,0.248,0.316,0.064,1321000.0,47395000.0,1.0,127161864.0,126052000,129680000.0,15.7,1005114000.0,0.0,46988000.0,51437000.0,7.974,151782000.0
68,HFC,MRT,2004-06-30,2004-06-30,2004-06-30,2021-09-07,-239000.0,817037000.0,710548000.0,475470000.0,341567000.0,2.529,2.643,-54297000.0,64398000.0,64398000.0,1420821000.0,81438000.0,1.169,1.445,17142000.0,8571000.0,8571000.0,17142000.0,0.0,39206000.0,0.0,0.016,0.076,135757000.0,174963000.0,0.097,174963000.0,135757000.0,132452000.0,0.65,0.627,0.65,334136000.0,289287250.0,334136000.0,619030157.0,5.0,3.538,93832000.0,0.742,1.0,376016000.0,0.209,0.0,3305000.0,362905000.0,379433750.0,99896000.0,10920000.0,0.0,10920000.0,482901000.0,406876000.0,76025000.0,589150157.0,35752000.0,8050000.0,2526000.0,-60027000.0,-5473000.0,-66130000.0,-46247000.0,0.0,148129000.0,0.0,81438000.0,81438000.0,81438000.0,0.0,0.0,0.045,242511000.0,133505000.0,338672000.0,0.117,1.763,7.234,7.192,308785000.0,0.0,4.675,0.328,0.329,257363000.0,325856000.0,1796837000.0,1796837000.0,996000.0,0.115,0.282,0.358,0.076,722000.0,45310000.0,1.0,126021424.0,126424000,130416000.0,14.213,817037000.0,0.0,51014000.0,76568000.0,6.463,68594000.0
69,HFC,MRT,2004-03-31,2004-03-31,2004-03-31,2021-09-07,-239000.0,703931000.0,,334364000.0,369567000.0,,2.269,-124068000.0,22262000.0,22262000.0,1264658000.0,46489000.0,0.969,1.485,52142000.0,43571000.0,8571000.0,52142000.0,0.0,37216000.0,0.0,0.019,0.074,78056000.0,115272000.0,0.074,115272000.0,78056000.0,75154000.0,0.378,0.362,0.378,283256000.0,,283256000.0,553098127.0,7.0,4.798,-3806000.0,-0.03,1.0,286731000.0,0.185,0.0,2902000.0,388695000.0,,85981000.0,10329000.0,0.0,10329000.0,420675000.0,345116000.0,75559000.0,497646127.0,-6044000.0,-13281000.0,1874000.0,16243000.0,-5118000.0,11043000.0,-137349000.0,0.0,120262000.0,0.0,46489000.0,46489000.0,46489000.0,0.0,0.0,0.03,224669000.0,62062000.0,273852000.0,0.196,1.757,10.705,10.536,310929000.0,0.0,3.982,0.321,0.32,205703000.0,276909000.0,1551389000.0,1551389000.0,906000.0,,,,0.05,0.0,40388000.0,1.0,124958224.0,124848000,128720000.0,12.426,703931000.0,916000.0,28665000.0,50225000.0,5.638,-10752000.0
70,HFC,MRT,2003-12-31,2003-12-31,2003-12-31,2021-09-07,130000.0,706558000.0,611175500.0,328941000.0,377617000.0,2.296,2.166,-130479000.0,11690000.0,11690000.0,1155858000.0,46053000.0,0.924,1.63,67142000.0,58571000.0,8571000.0,67142000.0,0.0,36275000.0,0.0,0.02,0.069,76495000.0,112770000.0,0.08,112770000.0,76495000.0,74359000.0,0.372,0.36,0.372,268609000.0,248551500.0,268609000.0,458746770.0,6.0,4.068,-55039000.0,-0.444,1.0,247386000.0,0.176,0.0,2136000.0,405929000.0,340634000.0,112347000.0,13850000.0,0.0,13850000.0,437949000.0,356081000.0,81868000.0,426525770.0,-12576000.0,7765000.0,-525000.0,41243000.0,-5114000.0,34698000.0,-122714000.0,0.0,75440000.0,0.0,46053000.0,46053000.0,46053000.0,0.0,0.0,0.033,187319000.0,60067000.0,277897000.0,0.185,1.588,9.262,9.241,304244000.0,0.0,3.438,0.304,0.304,184333000.0,264991000.0,1403244000.0,1403244000.0,1031000.0,0.075,0.185,0.225,0.055,0.0,31564000.0,1.0,124080224.0,124040000,128128000.0,11.313,706558000.0,7806000.0,28306000.0,47492000.0,5.696,-27140000.0
71,HFC,MRT,2003-09-30,2003-09-30,2003-09-30,2021-09-07,0.0,614666000.0,,278751000.0,335915000.0,,2.186,-127999000.0,8493000.0,8493000.0,1016685000.0,49377000.0,0.972,1.267,40714000.0,23571000.0,17143000.0,40714000.0,0.0,33835000.0,0.0,0.022,0.069,82343000.0,116178000.0,0.094,116178000.0,82343000.0,80704000.0,0.399,0.386,0.399,271148000.0,,271148000.0,371804254.0,5.0,3.2,-54950000.0,-0.443,1.0,218941000.0,0.177,0.0,1639000.0,360206000.0,,90823000.0,44871000.0,0.0,44871000.0,343518000.0,286681000.0,56837000.0,384140254.0,-45121000.0,13207000.0,-1084000.0,6234000.0,-8528000.0,-3378000.0,-114792000.0,0.0,73049000.0,0.0,49377000.0,49377000.0,49377000.0,0.0,0.0,0.04,152077000.0,66864000.0,218311000.0,0.173,1.417,7.78,7.763,260372000.0,0.0,3.098,0.311,0.311,163117000.0,267777000.0,1235626000.0,1235626000.0,784000.0,,,,0.067,0.0,25172000.0,1.0,124016224.0,124048000,128228000.0,9.961,614666000.0,0.0,31327000.0,47216000.0,4.955,-7930000.0
72,HFC,MRT,2003-06-30,2003-06-30,2003-06-30,2021-09-07,,,,,,,,,,,913124000.0,34987000.0,,,,,,,,,,0.02,0.069,57891000.0,,,,57891000.0,56340000.0,0.281,0.274,0.281,,,,415519973.0,7.0,,,,1.0,173712000.0,0.16,,1551000.0,,,,,,,,,,427855973.0,,,,,,,,,,,34987000.0,34987000.0,34987000.0,0.0,0.0,0.032,132478000.0,41234000.0,,0.246,,12.229,12.278,,0.0,3.45,0.394,0.394,,,1086836000.0,1086836000.0,855000.0,,,,0.053,,21350000.0,1.0,124016224.0,124024000,128384000.0,8.763,,,21353000.0,,,
73,HFC,MRT,2003-03-31,2003-03-31,2003-03-31,2021-09-07,,,,,,,,,,,,,,,,,,,,,,0.019,0.069,,,,,,,,,,,,,452430826.0,,,,,1.0,,,,,,,,,,,,,,444467826.0,,,,,,,,,,,,,,,,,,,,,,,,,,3.58,,,,,,,,,,,,,,1.0,124153024.0,124000000,,,,,,,,
74,HFC,MRT,2002-12-31,2002-12-31,2002-12-31,2021-09-07,-1049000.0,515793000.0,,254347000.0,261446000.0,,1.841,,24266000.0,24266000.0,,,1.051,1.257,25714000.0,8571000.0,17143000.0,25714000.0,0.0,,0.0,0.024,0.066,,,,,,,,,,228494000.0,,228494000.0,306267142.0,,,,,1.0,,,0.0,,275339000.0,,61137000.0,15955000.0,0.0,15955000.0,287299000.0,241902000.0,45397000.0,338977142.0,,,,,,,,,,,,,,,,,,,207418000.0,,1.484,,,214150000.0,,2.731,,,148158000.0,225759000.0,,,,,,,,,,1.0,124110624.0,124128000,,,515793000.0,647000.0,,28254000.0,4.155,12445000.0
75,HFC,MRT,2002-09-30,2002-09-30,2002-09-30,2021-09-07,,,,,,,,,,,,,,,,,,,,,,0.031,0.065,,,,,,,,,,,,,241251613.0,,,,,1.0,,,,,,,,,,,,,,264516613.0,,,,,,,,,,,,,,,,,,,,,,,,,,2.123,,,,,,,,,,,,,,1.0,124625024.0,124440000,,,,,,,,
76,HFC,MRT,2002-06-30,2002-07-31,2002-07-31,2021-09-07,0.0,502306000.0,483076750.0,278844000.0,223462000.0,1.84,1.836,-35313000.0,71630000.0,71630000.0,698245000.0,32029000.0,1.273,1.198,34285000.0,8571000.0,25714000.0,34285000.0,0.0,27699000.0,0.0,0.03,0.064,53849000.0,81548000.0,0.092,81548000.0,53849000.0,50896000.0,0.258,0.25,0.258,228556000.0,223144000.0,228556000.0,238914894.0,4.0,2.93,6988000.0,0.056,1.0,190661000.0,0.214,0.0,2953000.0,245990000.0,250692750.0,45308000.0,15732000.0,0.0,15732000.0,273750000.0,218971000.0,54779000.0,262179894.0,5790000.0,8860000.0,391000.0,-8572000.0,-6377000.0,-14558000.0,-21953000.0,4500000.0,42301000.0,0.0,32029000.0,32029000.0,32029000.0,0.0,0.0,0.036,147615000.0,43046000.0,185058000.0,0.248,1.147,8.186,8.154,199461000.0,0.0,2.104,0.295,0.295,135395000.0,223770000.0,888906000.0,888906000.0,1379000.0,0.066,0.144,0.215,0.061,0.0,22248000.0,1.0,124625024.0,124480000,127768000.0,7.141,502306000.0,8699000.0,18867000.0,29065000.0,4.035,59873000.0
77,HFC,MRT,2002-03-31,2002-04-30,2002-04-30,2021-09-07,-82000.0,494870000.0,480107500.0,279315000.0,215555000.0,1.874,1.802,-28403000.0,57550000.0,57550000.0,686442000.0,45543000.0,1.312,1.203,34285000.0,8571000.0,25714000.0,34285000.0,0.0,27765000.0,0.0,0.029,0.062,78170000.0,105935000.0,0.118,105935000.0,78170000.0,74836000.0,0.369,0.357,0.369,224596000.0,216438500.0,224596000.0,257132187.0,3.0,2.427,21114000.0,0.169,1.0,213423000.0,0.237,0.0,3334000.0,258764000.0,249457000.0,62296000.0,14768000.0,0.0,14768000.0,270274000.0,212841000.0,57433000.0,271101187.0,18806000.0,9228000.0,3914000.0,-13739000.0,-6211000.0,-16036000.0,-14675000.0,4500000.0,49517000.0,0.0,45543000.0,45543000.0,45543000.0,0.0,0.0,0.051,148893000.0,64530000.0,177438000.0,0.168,1.207,5.953,5.894,190862000.0,0.0,2.175,0.301,0.301,128845000.0,219391000.0,899865000.0,899865000.0,1704000.0,0.095,0.21,0.313,0.087,0.0,21750000.0,1.0,124644224.0,124648000,128128000.0,7.219,494870000.0,9582000.0,29293000.0,31719000.0,3.97,66474000.0
78,HFC,MRT,2001-12-31,2002-01-31,2002-01-31,2021-09-07,-841000.0,454409000.0,473046250.0,240358000.0,214051000.0,2.025,1.761,-26379000.0,48254000.0,48254000.0,718331000.0,60233000.0,1.338,1.073,34285000.0,8571000.0,25714000.0,34285000.0,0.0,27513000.0,0.0,0.024,0.06,103513000.0,131026000.0,0.137,131026000.0,103513000.0,99613000.0,0.491,0.479,0.491,219196000.0,205259250.0,219196000.0,271479171.0,3.0,2.072,23803000.0,0.191,1.0,239397000.0,0.25,0.0,3900000.0,260762000.0,247068750.0,9571000.0,14434000.0,0.0,14434000.0,235213000.0,179678000.0,55535000.0,317149171.0,19723000.0,6168000.0,5732000.0,-14468000.0,-6012000.0,-14748000.0,-15711000.0,4500000.0,50182000.0,0.0,60233000.0,60233000.0,60233000.0,0.0,0.0,0.063,149115000.0,90282000.0,140235000.0,0.122,1.447,5.265,5.193,187519000.0,0.0,2.55,0.331,0.331,103630000.0,214750000.0,957728000.0,957728000.0,1751000.0,0.127,0.293,0.419,0.108,0.0,21618000.0,1.0,124372224.0,124472000,124472000.0,7.694,454409000.0,11115000.0,39380000.0,29821000.0,3.651,60680000.0
79,HFC,MRT,2001-09-30,2001-10-31,2001-10-31,2021-09-07,-1070000.0,480722000.0,473598500.0,271279000.0,209443000.0,2.268,1.775,-29802000.0,88527000.0,88527000.0,809070000.0,73260000.0,1.372,1.183,42857000.0,8571000.0,34286000.0,42857000.0,0.0,27206000.0,0.0,0.026,0.059,125654000.0,152860000.0,0.142,152860000.0,125654000.0,121170000.0,0.599,0.586,0.599,220228000.0,190118000.0,220228000.0,262908246.0,2.0,1.72,63794000.0,0.514,1.0,265044000.0,0.247,0.0,4484000.0,237255000.0,241303500.0,60004000.0,18063000.0,0.0,18063000.0,260494000.0,197797000.0,62697000.0,285891246.0,54932000.0,2018000.0,4953000.0,-14517000.0,-5816000.0,-15380000.0,-23284000.0,4500000.0,93596000.0,0.0,73260000.0,73260000.0,73260000.0,0.0,0.0,0.068,151667000.0,113377000.0,147026000.0,0.098,1.298,3.902,3.842,185959000.0,0.0,2.301,0.266,0.266,107739000.0,216790000.0,1074114000.0,1074114000.0,2107000.0,0.155,0.385,0.521,0.117,0.0,21580000.0,1.0,124233024.0,124064000,127552000.0,8.658,480722000.0,0.0,47910000.0,39122000.0,3.875,73482000.0
80,HFC,MRT,2001-06-30,2001-07-31,2001-07-31,2021-09-07,-325000.0,490429000.0,480101500.0,284130000.0,206299000.0,2.379,1.66,-28571000.0,65840000.0,65840000.0,871321000.0,73450000.0,1.255,1.431,42857000.0,8571000.0,34286000.0,42857000.0,0.0,27327000.0,0.0,0.028,0.057,126875000.0,154202000.0,0.135,154202000.0,126875000.0,121895000.0,0.605,0.596,0.605,201734000.0,171940500.0,201734000.0,261227418.0,2.0,1.694,78199000.0,0.644,1.0,270809000.0,0.237,0.0,4980000.0,241047000.0,241545000.0,50136000.0,16303000.0,0.0,16303000.0,288695000.0,226399000.0,62296000.0,251947418.0,62212000.0,-181000.0,4386000.0,-14567000.0,-5625000.0,-15806000.0,-28752000.0,0.0,106770000.0,0.0,73450000.0,73450000.0,73450000.0,0.0,0.0,0.064,152902000.0,117907000.0,181182000.0,0.094,1.249,3.43,3.378,184155000.0,0.0,2.044,0.221,0.217,146074000.0,198118000.0,1142130000.0,1142130000.0,2042000.0,0.153,0.427,0.525,0.111,0.0,23123000.0,1.0,123277024.0,121496000,123096000.0,9.401,490429000.0,3514000.0,48445000.0,32671000.0,4.037,57731000.0
81,HFC,MRT,2001-03-31,2001-04-30,2001-04-30,2021-09-07,-424000.0,466625000.0,473584750.0,260743000.0,205882000.0,2.465,1.487,-24773000.0,38744000.0,38744000.0,917990000.0,58794000.0,1.15,1.594,48024000.0,13738000.0,34286000.0,48024000.0,0.0,27106000.0,0.0,0.026,0.056,102551000.0,129657000.0,0.111,129657000.0,102551000.0,97092000.0,0.484,0.482,0.484,179879000.0,153902250.0,179879000.0,282336835.0,3.0,2.178,65836000.0,0.544,1.0,249254000.0,0.214,0.0,5459000.0,249211000.0,243930250.0,64667000.0,14087000.0,0.0,14087000.0,286746000.0,226694000.0,60052000.0,262843835.0,34125000.0,-3581000.0,1818000.0,-24587000.0,-5361000.0,-28130000.0,-28354000.0,0.0,90609000.0,0.0,58794000.0,58794000.0,58794000.0,0.0,0.0,0.05,154537000.0,94717000.0,179371000.0,0.116,1.461,4.471,4.495,182562000.0,0.0,2.176,0.225,0.226,143457000.0,180059000.0,1167244000.0,1167244000.0,1997000.0,0.124,0.382,0.42,0.088,0.0,21932000.0,1.0,120813024.0,120992000,122672000.0,9.647,466625000.0,0.0,38298000.0,31707000.0,3.857,34049000.0
82,HFC,MRT,2000-12-31,2001-01-31,2001-01-31,2021-09-07,-324000.0,456618000.0,464894000.0,256305000.0,200313000.0,2.487,1.313,-23254000.0,28531000.0,28531000.0,929137000.0,46076000.0,1.075,1.878,48024000.0,13738000.0,34286000.0,48024000.0,0.0,27082000.0,0.0,0.048,0.054,81625000.0,108707000.0,0.094,108707000.0,81625000.0,75952000.0,0.374,0.374,0.374,158631000.0,140212000.0,158631000.0,158914652.0,2.0,1.462,53751000.0,0.445,1.0,226857000.0,0.196,0.0,5673000.0,237701000.0,250606000.0,62845000.0,11407000.0,0.0,11407000.0,297987000.0,238410000.0,59577000.0,135914652.0,21639000.0,-581000.0,-7224000.0,-18902000.0,-5405000.0,-31531000.0,-23835000.0,0.0,77005000.0,0.0,46076000.0,46076000.0,46076000.0,0.0,0.0,0.04,152172000.0,74685000.0,198686000.0,0.144,0.857,2.95,3.008,180996000.0,0.0,1.125,0.118,0.118,149079000.0,160529000.0,1155994000.0,1155994000.0,1960000.0,0.099,0.329,0.326,0.071,0.0,22732000.0,1.0,120813024.0,120816000,121120000.0,9.568,456618000.0,2629000.0,29876000.0,26376000.0,3.779,17895000.0
83,HFC,MRT,2000-09-30,2000-10-31,2000-10-31,2021-09-07,-254000.0,506734000.0,457149750.0,308830000.0,197904000.0,2.387,1.221,-18420000.0,33595000.0,33595000.0,895068000.0,28631000.0,1.059,2.435,56595000.0,13738000.0,42857000.0,56595000.0,0.0,27632000.0,0.0,0.069,0.054,52908000.0,80540000.0,0.074,80540000.0,52908000.0,47119000.0,0.234,0.234,0.234,147518000.0,131850000.0,147518000.0,147352175.0,3.0,1.83,52753000.0,0.437,1.0,196210000.0,0.18,0.0,5789000.0,238221000.0,255596500.0,56404000.0,13865000.0,0.0,13865000.0,359216000.0,291513000.0,67703000.0,94385175.0,22839000.0,-2681000.0,-7224000.0,-14560000.0,-5449000.0,-27233000.0,-21101000.0,0.0,71173000.0,0.0,28631000.0,28631000.0,28631000.0,0.0,0.0,0.026,148597000.0,47613000.0,237326000.0,0.231,0.64,3.297,3.339,176027000.0,0.0,0.781,0.086,0.086,203981000.0,149346000.0,1091278000.0,1091278000.0,1660000.0,0.063,0.217,0.207,0.048,0.0,22829000.0,1.0,120813024.0,120816000,120816000.0,9.033,506734000.0,0.0,18488000.0,38970000.0,4.194,17317000.0
84,HFC,MRT,2000-06-30,2000-07-31,2000-07-31,2021-09-07,862000.0,464362000.0,433980000.0,267104000.0,197258000.0,2.226,1.004,-19261000.0,3628000.0,3628000.0,800663000.0,11445000.0,1.001,2.584,56595000.0,13738000.0,42857000.0,56595000.0,0.0,27496000.0,0.0,0.071,0.053,24548000.0,52044000.0,0.054,52044000.0,24548000.0,18634000.0,0.089,0.089,0.089,129581000.0,127723250.0,129581000.0,157752768.0,6.0,3.031,27543000.0,0.213,1.0,165283000.0,0.171,0.0,5914000.0,250588000.0,264060750.0,56599000.0,11749000.0,0.0,11749000.0,334781000.0,266741000.0,68040000.0,90609768.0,-566000.0,-882000.0,-7224000.0,-14510000.0,-5493000.0,-27227000.0,-20143000.0,0.0,46804000.0,0.0,11445000.0,11445000.0,11445000.0,0.0,0.0,0.012,145282000.0,20001000.0,223870000.0,0.596,0.699,7.917,8.427,175309000.0,0.0,0.75,0.094,0.1,189966000.0,130293000.0,965946000.0,965946000.0,1729000.0,0.026,0.09,0.093,0.025,0.0,20724000.0,1.0,120813024.0,129048000,129048000.0,7.485,464362000.0,0.0,7189000.0,31360000.0,3.598,363000.0
85,HFC,MRT,2000-03-31,2000-04-30,2000-04-30,2021-09-07,66000.0,431862000.0,415635000.0,236161000.0,195701000.0,2.086,0.953,-24462000.0,4619000.0,4619000.0,698605000.0,16833000.0,1.059,2.452,71762000.0,13738000.0,58024000.0,71762000.0,0.0,26669000.0,0.0,0.082,0.053,34111000.0,60780000.0,0.07,60780000.0,34111000.0,27848000.0,0.129,0.129,0.129,125118000.0,127548000.0,125118000.0,144841475.0,4.0,2.383,32955000.0,0.251,1.0,168322000.0,0.194,0.0,6263000.0,275914000.0,270464250.0,64605000.0,2913000.0,0.0,2913000.0,306744000.0,223091000.0,83653000.0,85671475.0,1161000.0,2749000.0,-7224000.0,-21790000.0,-5529000.0,-34543000.0,-21713000.0,0.0,57417000.0,0.0,16833000.0,16833000.0,16833000.0,0.0,0.0,0.019,136181000.0,32141000.0,189497000.0,0.411,0.685,5.089,5.029,182221000.0,0.0,0.649,0.099,0.098,152445000.0,126626000.0,866927000.0,866927000.0,1119000.0,0.04,0.132,0.126,0.039,0.0,21703000.0,1.0,132056224.0,131312000,131312000.0,6.602,431862000.0,0.0,11015000.0,26244000.0,3.289,13070000.0
86,HFC,MRT,1999-12-31,2000-01-31,2000-01-31,2021-09-07,-325000.0,425641000.0,402853250.0,230128000.0,195513000.0,1.87,0.948,-27844000.0,6892000.0,6892000.0,588146000.0,17449000.0,1.013,2.4,66062000.0,18038000.0,48024000.0,66062000.0,0.0,27106000.0,0.0,0.05,0.042,35967000.0,63073000.0,0.084,63073000.0,35967000.0,29071000.0,0.133,0.133,0.133,125183000.0,126208500.0,125183000.0,171007439.0,5.0,2.711,34172000.0,0.259,1.0,165216000.0,0.219,0.0,6896000.0,257663000.0,279672000.0,53495000.0,3843000.0,0.0,3843000.0,300458000.0,227148000.0,73310000.0,111422439.0,4054000.0,2274000.0,0.0,-26946000.0,-5446000.0,-32392000.0,-25570000.0,0.0,62016000.0,0.0,17449000.0,17449000.0,17449000.0,0.0,0.0,0.023,130977000.0,34239000.0,194441000.0,0.316,0.89,6.386,6.344,182247000.0,0.0,0.844,0.148,0.148,151757000.0,119858000.0,753362000.0,753362000.0,1252000.0,0.043,0.138,0.129,0.048,0.0,22074000.0,1.0,132056224.0,132064000,132064000.0,5.705,425641000.0,5447000.0,11622000.0,25851000.0,3.223,2980000.0
87,HFC,MRT,1999-09-30,1999-10-31,1999-10-31,2021-09-07,-803000.0,414055000.0,381239750.0,217549000.0,196506000.0,1.72,0.992,-28103000.0,10756000.0,10756000.0,482645000.0,20545000.0,1.079,2.16,70341000.0,13746000.0,56595000.0,70341000.0,0.0,26787000.0,0.0,0.046,0.041,41597000.0,68384000.0,0.104,68384000.0,41597000.0,34177000.0,0.156,0.156,0.156,131011000.0,122929750.0,131011000.0,183759574.0,4.0,2.687,31438000.0,0.238,1.0,172977000.0,0.264,0.0,7420000.0,272078000.0,291782000.0,49979000.0,3916000.0,0.0,3916000.0,283044000.0,201562000.0,81482000.0,117612574.0,7923000.0,3124000.0,0.0,-21275000.0,-5364000.0,-26639000.0,-24979000.0,0.0,59541000.0,0.0,20545000.0,20545000.0,20545000.0,0.0,0.0,0.031,133807000.0,39170000.0,168074000.0,0.263,0.898,5.725,5.709,182366000.0,0.0,0.891,0.179,0.179,144325000.0,126164000.0,655622000.0,655622000.0,1368000.0,0.054,0.167,0.143,0.063,0.0,22699000.0,1.0,132056224.0,132064000,132064000.0,4.964,414055000.0,0.0,13632000.0,28196000.0,3.135,15987000.0
88,HFC,MRT,1999-06-30,1999-07-31,1999-07-31,2021-09-07,-1111000.0,390982000.0,366380750.0,194778000.0,196204000.0,1.632,0.976,-26903000.0,4194000.0,4194000.0,428472000.0,19937000.0,1.077,2.034,70341000.0,13746000.0,56595000.0,70341000.0,0.0,26358000.0,0.0,0.044,0.041,40949000.0,67307000.0,0.113,67307000.0,40949000.0,33159000.0,0.151,0.151,0.151,128880000.0,119047250.0,128880000.0,212657499.0,5.0,3.16,20725000.0,0.157,1.0,169514000.0,0.283,0.0,7790000.0,276202000.0,298735250.0,54924000.0,4035000.0,0.0,4035000.0,262102000.0,180927000.0,81175000.0,123307499.0,1592000.0,2924000.0,0.0,-16775000.0,-5282000.0,-22057000.0,-23979000.0,0.0,47628000.0,0.0,19937000.0,19937000.0,19937000.0,0.0,0.0,0.033,130541000.0,38973000.0,144287000.0,0.272,0.957,6.185,6.184,180894000.0,0.0,0.934,0.206,0.206,123502000.0,124341000.0,597986000.0,597986000.0,1370000.0,0.054,0.167,0.137,0.068,0.0,22159000.0,1.0,132056224.0,132056000,132056000.0,4.528,390982000.0,0.0,13222000.0,32786000.0,2.961,13851000.0
89,HFC,MRT,1999-03-31,1999-04-30,1999-04-30,2021-09-07,-1212000.0,380735000.0,356099500.0,186272000.0,194463000.0,1.565,0.907,-38212000.0,3458000.0,3458000.0,336962000.0,17565000.0,1.184,2.179,92808000.0,13746000.0,79062000.0,92808000.0,0.0,26149000.0,0.0,0.046,0.04,36533000.0,62682000.0,0.112,62682000.0,36533000.0,28568000.0,0.133,0.133,0.133,119760000.0,115414500.0,119760000.0,206214407.0,6.0,3.29,-572000.0,-0.004,1.0,220478000.0,0.396,0.0,7965000.0,312745000.0,303379000.0,58720000.0,4788000.0,0.0,4788000.0,260975000.0,157340000.0,103635000.0,116044407.0,-138000.0,3909000.0,0.0,1725000.0,-5200000.0,-3475000.0,-34303000.0,0.0,37640000.0,0.0,17565000.0,17565000.0,17565000.0,0.0,0.0,0.032,184742000.0,35736000.0,126468000.0,0.301,0.969,6.607,6.607,177051000.0,0.0,0.879,0.208,0.208,110152000.0,115322000.0,557440000.0,557440000.0,1900000.0,0.049,0.152,0.12,0.066,0.0,20013000.0,1.0,132056224.0,132064000,132064000.0,4.221,380735000.0,0.0,11003000.0,27393000.0,2.883,28932000.0
90,HFC,MRT,1998-12-31,1999-01-31,1999-01-31,2021-09-07,-1437000.0,339187000.0,343084000.0,145668000.0,193519000.0,1.598,0.849,-36293000.0,2838000.0,2838000.0,354673000.0,11751000.0,1.182,2.027,93008000.0,13746000.0,79262000.0,93008000.0,0.0,25756000.0,0.0,0.04,0.039,27172000.0,52928000.0,0.097,52928000.0,27172000.0,19150000.0,0.089,0.089,0.089,112068000.0,112744000.0,112068000.0,216712467.0,8.0,4.094,7198000.0,0.055,1.0,193600000.0,0.353,0.0,8022000.0,306103000.0,299441750.0,43467000.0,5325000.0,0.0,5325000.0,227119000.0,123254000.0,103865000.0,127929467.0,-339000.0,3134000.0,0.0,-2575000.0,-5118000.0,-7693000.0,-36137000.0,-2978000.0,43491000.0,0.0,11751000.0,11751000.0,11751000.0,0.0,0.0,0.021,166700000.0,26900000.0,98158000.0,0.438,1.142,10.887,10.885,174026000.0,0.0,0.969,0.233,0.233,83802000.0,107855000.0,548273000.0,548273000.0,2095000.0,0.034,0.104,0.091,0.05,0.0,17196000.0,1.0,132056224.0,132064000,132064000.0,4.152,339187000.0,1302000.0,7399000.0,24670000.0,2.568,22414000.0
91,HFC,MRT,1998-09-30,1998-10-31,1998-10-31,2021-09-07,-1152000.0,354619000.0,343027000.0,159249000.0,195370000.0,1.645,0.874,-41679000.0,2833000.0,2833000.0,395966000.0,12578000.0,1.11,2.071,91616000.0,21275000.0,70341000.0,91616000.0,0.0,25192000.0,0.0,0.041,0.039,28636000.0,53828000.0,0.095,53828000.0,28636000.0,20478000.0,0.096,0.096,0.096,115481000.0,111445000.0,115481000.0,211453045.0,7.0,3.928,-17692000.0,-0.134,1.0,168406000.0,0.298,0.0,8158000.0,299891000.0,297365500.0,51265000.0,5394000.0,0.0,5394000.0,239138000.0,143511000.0,95627000.0,126939045.0,-18143000.0,2284000.0,0.0,5278000.0,-5035000.0,243000.0,-42373000.0,-2978000.0,23987000.0,0.0,12578000.0,12578000.0,12578000.0,0.0,0.0,0.022,139937000.0,28469000.0,106174000.0,0.406,1.099,10.092,10.013,173789000.0,0.0,0.961,0.225,0.225,91634000.0,110983000.0,564372000.0,564372000.0,2494000.0,0.037,0.113,0.096,0.051,0.0,14891000.0,1.0,132056224.0,132064000,132064000.0,4.273,354619000.0,0.0,7900000.0,26674000.0,2.685,15738000.0
92,HFC,MRT,1998-06-30,1998-07-31,1998-07-31,2021-09-07,-987000.0,349857000.0,349200250.0,154387000.0,195470000.0,1.69,0.866,-49715000.0,2602000.0,2602000.0,440042000.0,15167000.0,1.106,2.06,87116000.0,16775000.0,70341000.0,87116000.0,0.0,24379000.0,0.0,0.025,0.038,33237000.0,57616000.0,0.098,57616000.0,33237000.0,24866000.0,0.115,0.115,0.115,114349000.0,109847250.0,114349000.0,286561758.0,9.0,4.974,-11522000.0,-0.087,1.0,150257000.0,0.255,0.0,8371000.0,294777000.0,290139000.0,55842000.0,5510000.0,0.0,5510000.0,235508000.0,139594000.0,95914000.0,199074758.0,-17440000.0,1734000.0,0.0,278000.0,-4952000.0,-4674000.0,-50959000.0,-2978000.0,38193000.0,0.0,15167000.0,15167000.0,15167000.0,0.0,0.0,0.026,117492000.0,32765000.0,109139000.0,0.33,1.741,13.126,13.109,173297000.0,0.0,1.508,0.337,0.337,82379000.0,109686000.0,590299000.0,590299000.0,2979000.0,0.043,0.138,0.115,0.056,0.0,13714000.0,1.0,132056224.0,132064000,132064000.0,4.47,349857000.0,653000.0,9699000.0,25861000.0,2.649,14793000.0
93,HFC,MRT,1998-03-31,1998-04-30,1998-04-30,2021-09-07,471000.0,328673000.0,349186750.0,142736000.0,185937000.0,1.748,0.826,-38469000.0,3596000.0,3596000.0,474497000.0,10738000.0,1.198,2.013,91083000.0,15575000.0,75508000.0,91083000.0,0.0,23518000.0,0.0,0.019,0.038,26754000.0,50272000.0,0.082,50272000.0,26754000.0,18164000.0,0.081,0.081,0.081,109078000.0,107540250.0,109078000.0,352886902.0,13.0,7.02,-31160000.0,-0.236,1.0,135834000.0,0.223,0.0,8590000.0,296996000.0,283086000.0,51590000.0,6819000.0,0.0,6819000.0,219595000.0,119164000.0,100431000.0,260480902.0,-45611000.0,0.0,0.0,-6521000.0,-4952000.0,-11473000.0,-41447000.0,-2978000.0,7309000.0,0.0,10738000.0,10738000.0,10738000.0,0.0,0.0,0.018,111042000.0,24792000.0,87410000.0,0.469,2.388,24.258,24.352,158333000.0,0.0,1.972,0.427,0.427,70180000.0,102957000.0,610331000.0,610331000.0,4042000.0,0.031,0.1,0.095,0.044,0.0,13473000.0,1.0,132056224.0,132064000,132064000.0,4.621,328673000.0,1557000.0,7426000.0,25208000.0,2.489,23572000.0
94,HFC,MRT,1997-12-31,1998-01-31,1998-01-31,2021-09-07,0.0,338959000.0,355774750.0,156625000.0,182334000.0,1.844,0.809,-39533000.0,3177000.0,3177000.0,515736000.0,15620000.0,1.173,2.172,95583000.0,20075000.0,75508000.0,95583000.0,0.0,21461000.0,0.0,0.022,0.036,34881000.0,56342000.0,0.086,56342000.0,34881000.0,26036000.0,0.118,0.118,0.118,106872000.0,105976000.0,106872000.0,280896786.0,8.0,4.986,-42268000.0,-0.32,1.0,140468000.0,0.214,0.0,8845000.0,297798000.0,272971500.0,53461000.0,6371000.0,0.0,6371000.0,232087000.0,133567000.0,98520000.0,215581786.0,-50538000.0,-1545000.0,0.0,-2021000.0,-4704000.0,-6725000.0,-41078000.0,0.0,-2735000.0,0.0,15620000.0,15620000.0,15620000.0,0.0,0.0,0.024,108742000.0,31726000.0,99366000.0,0.305,2.017,13.802,13.835,157322000.0,0.0,1.633,0.329,0.329,84716000.0,101222000.0,656204000.0,656204000.0,4111000.0,0.044,0.147,0.128,0.053,0.0,13161000.0,1.0,132056224.0,132064000,132064000.0,4.969,338959000.0,1819000.0,10416000.0,23297000.0,2.567,23058000.0
95,HFC,MRT,1997-09-30,1997-10-31,1997-10-31,2021-09-07,0.0,379312000.0,363281000.0,205884000.0,173428000.0,1.936,0.826,-34662000.0,20976000.0,20976000.0,565421000.0,15086000.0,1.186,2.477,86291000.0,10775000.0,75516000.0,86291000.0,0.0,20227000.0,0.0,0.021,0.034,34251000.0,54478000.0,0.077,54478000.0,34251000.0,25140000.0,0.114,0.114,0.114,109090000.0,103247000.0,109090000.0,284967121.0,8.0,5.231,-33531000.0,-0.254,1.0,137901000.0,0.196,0.0,9111000.0,270985000.0,259892750.0,49440000.0,5813000.0,0.0,5813000.0,270222000.0,173642000.0,96580000.0,218718121.0,-52025000.0,-2763000.0,0.0,-11274000.0,-4457000.0,-15731000.0,-37425000.0,0.0,1131000.0,0.0,15086000.0,15086000.0,15086000.0,0.0,0.0,0.021,106998000.0,30903000.0,145524000.0,0.298,2.005,14.498,14.529,151470000.0,0.0,1.656,0.311,0.311,121857000.0,103440000.0,703322000.0,703322000.0,3899000.0,0.042,0.146,0.132,0.049,0.0,12863000.0,1.0,132056224.0,132064000,132064000.0,5.326,379312000.0,1116000.0,10054000.0,22744000.0,2.872,32242000.0
96,HFC,MRT,1997-06-30,1997-07-31,1997-07-31,2021-09-07,0.0,349803000.0,350537000.0,194728000.0,155075000.0,2.058,0.796,-30304000.0,20042000.0,20042000.0,586604000.0,13087000.0,1.303,2.328,86291000.0,10775000.0,75516000.0,86291000.0,0.0,20153000.0,0.0,0.02,0.032,31158000.0,51311000.0,0.071,51311000.0,31158000.0,21819000.0,0.099,0.099,0.099,105121000.0,100682000.0,105121000.0,261946153.0,8.0,5.105,-24847000.0,-0.188,1.0,134742000.0,0.187,0.0,9339000.0,266565000.0,250282500.0,58273000.0,5235000.0,0.0,5235000.0,244682000.0,149487000.0,95195000.0,214096153.0,-43917000.0,-4087000.0,0.0,-10774000.0,-4209000.0,-14983000.0,-34391000.0,0.0,5457000.0,0.0,13087000.0,13087000.0,13087000.0,0.0,0.0,0.018,107242000.0,27500000.0,124585000.0,0.323,2.037,16.359,16.376,143540000.0,0.0,1.621,0.297,0.297,105821000.0,99471000.0,721346000.0,721346000.0,3732000.0,0.037,0.13,0.124,0.043,0.0,13348000.0,1.0,132056224.0,132064000,132064000.0,5.462,349803000.0,1319000.0,8732000.0,20076000.0,2.649,45241000.0
97,HFC,MRT,1997-03-31,1997-04-30,1997-04-30,2021-09-07,0.0,355025000.0,,203179000.0,151846000.0,,0.779,-28612000.0,49207000.0,49207000.0,669369000.0,17801000.0,1.388,2.453,97057000.0,10775000.0,86282000.0,97057000.0,0.0,20486000.0,0.0,0.02,0.03,39001000.0,59487000.0,0.08,59487000.0,39001000.0,29395000.0,0.135,0.135,0.135,102821000.0,,102821000.0,245553093.0,6.0,4.128,-1760000.0,-0.013,1.0,72761000.0,0.098,0.0,9606000.0,256538000.0,,51617000.0,4992000.0,0.0,4992000.0,252204000.0,146337000.0,105867000.0,202211093.0,-20583000.0,-4087000.0,0.0,-10775000.0,-3961000.0,-14736000.0,-32699000.0,0.0,26852000.0,0.0,17801000.0,17801000.0,17801000.0,0.0,0.0,0.024,37593000.0,35168000.0,118390000.0,0.222,1.967,11.36,11.343,140119000.0,0.0,1.531,0.272,0.272,94091000.0,97171000.0,742130000.0,742130000.0,3271000.0,,,,0.053,0.0,13836000.0,1.0,132056224.0,132064000,132064000.0,5.619,355025000.0,0.0,11594000.0,21317000.0,2.688,56842000.0
98,HFC,MRT,1996-12-31,1997-01-31,1997-01-31,2021-09-07,0.0,368984000.0,,223445000.0,145539000.0,,0.727,-24441000.0,53715000.0,53715000.0,663801000.0,13449000.0,1.339,2.845,97057000.0,10775000.0,86282000.0,97057000.0,0.0,20789000.0,0.0,0.017,0.029,32044000.0,52833000.0,0.072,52833000.0,32044000.0,22103000.0,0.102,0.102,0.102,95956000.0,,95956000.0,,,,13415000.0,0.102,1.0,66720000.0,0.091,0.0,9941000.0,245483000.0,,48943000.0,3276000.0,0.0,3276000.0,273028000.0,166843000.0,106185000.0,223835300.0,-3676000.0,-2542000.0,0.0,-10753000.0,-3796000.0,-14549000.0,-26983000.0,0.0,37856000.0,0.0,13449000.0,13449000.0,13449000.0,0.0,0.0,0.018,38442000.0,28278000.0,142561000.0,0.284,2.333,16.643,16.618,137102000.0,0.0,1.695,0.306,0.306,108077000.0,90306000.0,730521000.0,730521000.0,3598000.0,,,,0.044,0.0,14055000.0,1.0,132056224.0,132064000,132064000.0,5.532,368984000.0,4269000.0,8654000.0,20429000.0,2.794,56602000.0
99,HFC,MRT,1996-09-30,1996-10-31,1996-10-31,2021-09-07,,,,,,,,,,,626473000.0,16339000.0,,,,,,,,,,0.018,0.028,37032000.0,,,,37032000.0,26935000.0,0.124,0.124,0.124,,,,,,,,,1.0,71925000.0,0.103,,10097000.0,,,,,,,,,,,,,,,,,,,,,16339000.0,16339000.0,16339000.0,0.0,0.0,0.023,38645000.0,33280000.0,,0.226,,,12.54,,0.0,1.555,,0.294,,,698398000.0,698398000.0,4011000.0,,,,0.053,,14192000.0,1.0,,132064000,132064000.0,5.288,,,10596000.0,,,
100,HFC,MRT,1996-06-30,1996-07-31,1996-07-31,2021-09-07,0.0,351271000.0,,217026000.0,134245000.0,,0.729,-18281000.0,63959000.0,63959000.0,600478000.0,19234000.0,1.443,2.65,97065000.0,10775000.0,86290000.0,97065000.0,0.0,19315000.0,0.0,0.017,0.027,41422000.0,60737000.0,0.09,60737000.0,41422000.0,31788000.0,0.146,0.146,0.146,96243000.0,,96243000.0,,,,26171000.0,0.198,1.0,75812000.0,0.112,0.0,9634000.0,234000000.0,,38673000.0,734000.0,0.0,734000.0,255028000.0,150377000.0,104651000.0,,50527000.0,0.0,0.0,27822000.0,-3466000.0,24356000.0,-18281000.0,0.0,44452000.0,0.0,19234000.0,19234000.0,19234000.0,0.0,0.0,0.028,37414000.0,38398000.0,122421000.0,0.185,,,11.13,131444000.0,0.0,1.625,,0.317,104386000.0,90593000.0,676290000.0,676290000.0,4018000.0,,,,0.061,0.0,14081000.0,1.0,,132064000,132064000.0,5.121,351271000.0,0.0,12554000.0,23089000.0,2.66,66649000.0
101,HFC,MRT,1996-03-31,1996-04-30,1996-04-30,2021-09-07,,,,,,,,,,,,,,,,,,,,,,0.015,0.025,,,,,,,,,,,,,,,,,,1.0,,,,,,,,,,,,,,,,,,,,,,,,,,,,,,,,,,,,,,,,1.688,,,,,,,,,,,,,,1.0,,132064000,,,,,,,,
102,HFC,MRT,1995-12-31,1996-01-31,1996-01-31,2021-09-07,,,,,,,,,,,,,,,,,,,,,,0.013,0.019,,,,,,,,,,,,,,,,,,1.0,,,,,,,,,,,,,,,,,,,,,,,,,,,,,,,,,,,,,,,,1.438,,,,,,,,,,,,,,1.0,,132064000,,,,,,,,
103,HFC,MRT,1995-06-30,1995-07-31,1995-07-31,2021-09-07,,,,,,,,-15197000.0,,,553768000.0,18120000.0,,,,,,,,15796000.0,,0.013,0.019,34202000.0,49998000.0,0.081,49998000.0,34202000.0,25850000.0,0.138,0.138,0.138,,,,,,,19044000.0,0.144,1.0,61062000.0,0.099,,8352000.0,,,,,,,,,,,10135000.0,0.0,0.0,-5608000.0,-3301000.0,-8909000.0,-15197000.0,0.0,34241000.0,0.0,18120000.0,18120000.0,18120000.0,0.0,0.0,0.029,33583000.0,27479000.0,,0.138,,,10.245,,0.0,1.414,,0.304,,,614830000.0,614830000.0,3923000.0,,,,0.056,0.0,13864000.0,1.0,,132064000,132064000.0,4.656,,,7730000.0,,,
