None,ticker,dimension,calendardate,datekey,reportperiod,lastupdated,accoci,assets,assetsavg,assetsc,assetsnc,assetturnover,bvps,capex,cashneq,cashnequsd,cor,consolinc,currentratio,de,debt,debtc,debtnc,debtusd,deferredrev,depamor,deposits,divyield,dps,ebit,ebitda,ebitdamargin,ebitdausd,ebitusd,ebt,eps,epsdil,epsusd,equity,equityavg,equityusd,ev,evebit,evebitda,fcf,fcfps,fxusd,gp,grossmargin,intangibles,intexp,invcap,invcapavg,inventory,investments,investmentsc,investmentsnc,liabilities,liabilitiesc,liabilitiesnc,marketcap,ncf,ncfbus,ncfcommon,ncfdebt,ncfdiv,ncff,ncfi,ncfinv,ncfo,ncfx,netinc,netinccmn,netinccmnusd,netincdis,netincnci,netmargin,opex,opinc,payables,payoutratio,pb,pe,pe1,ppnenet,prefdivis,price,ps,ps1,receivables,retearn,revenue,revenueusd,rnd,roa,roe,roic,ros,sbcomp,sgna,sharefactor,sharesbas,shareswa,shareswadil,sps,tangibles,taxassets,taxexp,taxliabilities,tbvps,workingcapital
0,LIN,MRY,2020-12-31,2020-12-31,2020-12-31,2021-08-02,-4690000000.0,88229000000.0,86415750000.0,10924000000.0,77305000000.0,0.315,89.831,-3400000000.0,3754000000.0,3754000000.0,15383000000.0,2626000000.0,0.795,0.817,16154000000.0,4002000000.0,12152000000.0,16154000000.0,1769000000.0,4626000000.0,0.0,0.015,3.852,3463000000.0,8089000000.0,0.297,8089000000.0,3463000000.0,3348000000.0,4.75,4.71,4.75,47317000000.0,45951250000.0,47317000000.0,150908986645.0,44.0,18.656,4029000000.0,7.649,1.0,11860000000.0,0.435,44385000000.0,115000000.0,42504000000.0,41524750000.0,1729000000.0,0.0,0.0,0.0,38647000000.0,13740000000.0,24907000000.0,138304986645.0,1054000000.0,414000000.0,-2410000000.0,1313000000.0,-2028000000.0,-3345000000.0,-2986000000.0,0.0,7429000000.0,-44000000.0,2501000000.0,2501000000.0,2501000000.0,0.0,125000000.0,0.092,8477000000.0,3383000000.0,3095000000.0,0.811,2.923,55.3,55.476,28711000000.0,0.0,263.51,5.077,5.095,4167000000.0,17178000000.0,27243000000.0,27243000000.0,152000000.0,0.029,0.054,0.083,0.127,133000000.0,3193000000.0,1.0,524856691.0,526736000.0,531157000.0,51.72,43844000000.0,0.0,847000000.0,0.0,83.237,-2816000000.0
1,LIN,MRY,2019-12-31,2019-12-31,2019-12-31,2021-08-02,-4814000000.0,86612000000.0,87459000000.0,10352000000.0,76260000000.0,0.323,90.694,-3682000000.0,2700000000.0,2700000000.0,16644000000.0,2381000000.0,0.851,0.713,13956000000.0,3263000000.0,10693000000.0,13956000000.0,8994000000.0,4675000000.0,0.0,0.016,3.5,3092000000.0,7767000000.0,0.275,7767000000.0,3092000000.0,3054000000.0,4.22,4.19,4.22,49074000000.0,49941500000.0,49074000000.0,125445765503.0,41.0,16.151,2437000000.0,4.504,1.0,11584000000.0,0.41,43156000000.0,38000000.0,42552000000.0,44081750000.0,1697000000.0,2027000000.0,0.0,2027000000.0,34977000000.0,12160000000.0,22817000000.0,114364765503.0,-1752000000.0,4871000000.0,-2586000000.0,-1260000000.0,-1891000000.0,-8997000000.0,1189000000.0,0.0,6119000000.0,-77000000.0,2285000000.0,2285000000.0,2285000000.0,0.0,96000000.0,0.081,8883000000.0,2701000000.0,3266000000.0,0.829,2.33,50.05,50.45,29064000000.0,0.0,212.9,4.051,4.081,4322000000.0,16842000000.0,28228000000.0,28228000000.0,184000000.0,0.026,0.046,0.07,0.11,95000000.0,3457000000.0,1.0,537175977.0,541094000.0,545170000.0,52.168,43456000000.0,0.0,769000000.0,370000000.0,80.311,-1808000000.0
2,LIN,MRY,2018-12-31,2018-12-31,2018-12-31,2021-08-02,-4456000000.0,93386000000.0,56911000000.0,17272000000.0,76114000000.0,0.261,156.162,-1883000000.0,4466000000.0,4466000000.0,9020000000.0,4405000000.0,1.333,0.703,15296000000.0,3008000000.0,12288000000.0,15296000000.0,9157000000.0,1830000000.0,0.0,0.005,0.825,5400000000.0,7230000000.0,0.487,7230000000.0,5400000000.0,5198000000.0,13.26,13.11,13.26,51596000000.0,28807000000.0,51596000000.0,86000366217.0,16.0,11.895,1771000000.0,5.36,1.0,5816000000.0,0.392,43097000000.0,202000000.0,48163000000.0,34828500000.0,1651000000.0,1838000000.0,0.0,1838000000.0,36290000000.0,12956000000.0,23334000000.0,85986554947.0,3986000000.0,7246000000.0,-522000000.0,-2908000000.0,-1166000000.0,-4998000000.0,5363000000.0,0.0,3654000000.0,-60000000.0,4381000000.0,4381000000.0,4381000000.0,0.0,24000000.0,0.295,3881000000.0,1935000000.0,3219000000.0,0.062,1.667,19.627,11.768,29717000000.0,0.0,156.04,5.796,3.475,4297000000.0,16529000000.0,14836000000.0,14836000000.0,113000000.0,0.077,0.152,0.155,0.364,62000000.0,1629000000.0,1.0,551054569.0,330401000.0,334127000.0,44.903,50289000000.0,0.0,817000000.0,657000000.0,152.206,4316000000.0
3,LIN,MRY,2017-12-31,2017-12-31,2017-12-31,2021-08-02,-4098000000.0,20436000000.0,,3285000000.0,17151000000.0,,21.023,-1311000000.0,617000000.0,617000000.0,6382000000.0,1308000000.0,0.993,2.312,9000000000.0,1217000000.0,7783000000.0,9000000000.0,1236000000.0,1184000000.0,0.0,,0.0,2434000000.0,3618000000.0,0.319,3618000000.0,2434000000.0,2273000000.0,4.36,4.32,4.36,6018000000.0,,6018000000.0,,,,1730000000.0,6.043,1.0,4976000000.0,0.438,4018000000.0,161000000.0,21494000000.0,,614000000.0,727000000.0,0.0,727000000.0,13914000000.0,3307000000.0,10607000000.0,,93000000.0,-3000000.0,108000000.0,-771000000.0,-901000000.0,-1656000000.0,-1314000000.0,0.0,3041000000.0,22000000.0,1247000000.0,1247000000.0,1247000000.0,0.0,61000000.0,0.11,2536000000.0,2440000000.0,922000000.0,0.0,,,,11825000000.0,0.0,,,,1710000000.0,13224000000.0,11358000000.0,11358000000.0,93000000.0,,,,0.214,59000000.0,1207000000.0,1.0,,286261000.0,289114000.0,39.677,16418000000.0,0.0,1026000000.0,242000000.0,57.353,-22000000.0
4,LIN,MRY,2016-12-31,2016-12-31,2016-12-31,2021-08-02,,,,,,,,-1465000000.0,,,5855000000.0,1538000000.0,,,,,,,,1122000000.0,,,0.0,2241000000.0,3363000000.0,0.319,3363000000.0,2241000000.0,2051000000.0,5.25,5.21,5.25,,,,,,,1324000000.0,4.635,1.0,4679000000.0,0.444,,190000000.0,,,,,,,,,,,377000000.0,-305000000.0,-89000000.0,357000000.0,-856000000.0,-659000000.0,-1770000000.0,0.0,2789000000.0,17000000.0,1500000000.0,1500000000.0,1500000000.0,0.0,38000000.0,0.142,2455000000.0,2224000000.0,,0.0,,,,,0.0,,,,,,10534000000.0,10534000000.0,92000000.0,,,,0.213,39000000.0,1145000000.0,1.0,,285677000.0,287757000.0,36.874,,,551000000.0,,,
0,LIN,MRQ,2021-06-30,2021-06-30,2021-06-30,2021-08-02,-4908000000.0,84345000000.0,,10446000000.0,73899000000.0,,88.211,-744000000.0,3137000000.0,3137000000.0,4194000000.0,877000000.0,0.712,0.811,15492000000.0,5508000000.0,9984000000.0,15492000000.0,1787000000.0,1171000000.0,0.0,0.014,1.06,1193000000.0,2364000000.0,0.312,2364000000.0,1193000000.0,1175000000.0,1.62,1.6,1.62,45777000000.0,,45777000000.0,162046275326.0,36.0,17.577,1083000000.0,2.087,1.0,3390000000.0,0.447,42114000000.0,18000000.0,39910000000.0,,1692000000.0,0.0,0.0,0.0,37117000000.0,14676000000.0,22441000000.0,150392275326.0,-959000000.0,35000000.0,-1199000000.0,-367000000.0,-549000000.0,-2145000000.0,-709000000.0,0.0,1827000000.0,68000000.0,841000000.0,841000000.0,841000000.0,0.0,36000000.0,0.111,2231000000.0,1159000000.0,3143000000.0,0.654,3.285,45.698,45.889,26917000000.0,0.0,289.1,5.194,5.182,4342000000.0,17820000000.0,7584000000.0,7584000000.0,34000000.0,,,,,34000000.0,822000000.0,1.0,520208493.0,518950000.0,523723000.0,14.614,42231000000.0,0.0,334000000.0,0.0,81.378,-4230000000.0
1,LIN,MRQ,2021-03-31,2021-03-31,2021-03-31,2021-08-02,-5345000000.0,84993000000.0,,11132000000.0,73861000000.0,,88.447,-762000000.0,4096000000.0,4096000000.0,4054000000.0,1018000000.0,0.741,0.808,15750000000.0,5800000000.0,9950000000.0,15750000000.0,1863000000.0,1166000000.0,0.0,0.014,1.06,1268000000.0,2434000000.0,0.336,2434000000.0,1268000000.0,1248000000.0,1.87,1.86,1.87,46210000000.0,,46210000000.0,158867396100.0,40.0,18.432,1347000000.0,2.578,1.0,3189000000.0,0.44,42031000000.0,20000000.0,39589000000.0,,1695000000.0,0.0,0.0,0.0,37360000000.0,15027000000.0,22333000000.0,146467396100.0,342000000.0,11000000.0,-851000000.0,681000000.0,-553000000.0,-970000000.0,-751000000.0,0.0,2109000000.0,-46000000.0,980000000.0,980000000.0,980000000.0,0.0,38000000.0,0.135,1980000000.0,1209000000.0,2945000000.0,0.567,3.17,50.367,50.476,26934000000.0,0.0,280.14,5.279,5.275,4139000000.0,17563000000.0,7243000000.0,7243000000.0,35000000.0,,,,,29000000.0,787000000.0,1.0,522836425.0,522459000.0,526927000.0,13.863,42962000000.0,0.0,268000000.0,0.0,82.23,-3895000000.0
2,LIN,MRQ,2020-12-31,2020-12-31,2020-12-31,2021-08-02,-4690000000.0,88229000000.0,,10924000000.0,77305000000.0,,89.831,-1027000000.0,3754000000.0,3754000000.0,4086000000.0,804000000.0,0.795,0.817,16154000000.0,4002000000.0,12152000000.0,16154000000.0,1769000000.0,1192000000.0,0.0,0.015,0.963,1058000000.0,2250000000.0,0.309,2250000000.0,1058000000.0,1023000000.0,1.48,1.45,1.48,47317000000.0,,47317000000.0,150908986645.0,44.0,18.656,1407000000.0,2.671,1.0,3186000000.0,0.438,44385000000.0,35000000.0,42504000000.0,,1729000000.0,0.0,0.0,0.0,38647000000.0,13740000000.0,24907000000.0,138304986645.0,-1445000000.0,20000000.0,-421000000.0,-2022000000.0,-505000000.0,-2967000000.0,-1007000000.0,0.0,2434000000.0,95000000.0,770000000.0,770000000.0,770000000.0,0.0,34000000.0,0.106,2110000000.0,1076000000.0,3095000000.0,0.651,2.923,55.3,55.476,28711000000.0,0.0,263.51,5.077,5.095,4167000000.0,17178000000.0,7272000000.0,7272000000.0,38000000.0,,,,,29000000.0,802000000.0,1.0,524856691.0,526736000.0,531157000.0,13.806,43844000000.0,0.0,253000000.0,0.0,83.237,-2816000000.0
3,LIN,MRQ,2020-09-30,2020-09-30,2020-09-30,2021-08-02,-5973000000.0,87209000000.0,,12265000000.0,74944000000.0,,87.836,-787000000.0,5199000000.0,5199000000.0,3835000000.0,731000000.0,0.829,0.836,17803000000.0,5844000000.0,11959000000.0,17803000000.0,1714000000.0,1168000000.0,0.0,0.016,0.963,1003000000.0,2171000000.0,0.317,2171000000.0,1003000000.0,965000000.0,1.33,1.32,1.33,46175000000.0,,46175000000.0,137642984420.0,45.0,17.918,1097000000.0,2.087,1.0,3020000000.0,0.441,42970000000.0,38000000.0,42051000000.0,,1733000000.0,0.0,0.0,0.0,38617000000.0,14792000000.0,23825000000.0,125103984420.0,258000000.0,55000000.0,-186000000.0,-188000000.0,-506000000.0,-933000000.0,-732000000.0,0.0,1884000000.0,39000000.0,700000000.0,700000000.0,700000000.0,0.0,31000000.0,0.102,2022000000.0,998000000.0,2903000000.0,0.724,2.709,55.8,56.429,27945000000.0,0.0,238.13,4.625,4.628,4033000000.0,16927000000.0,6855000000.0,6855000000.0,36000000.0,,,,,29000000.0,770000000.0,1.0,525360032.0,525694000.0,530415000.0,13.04,44239000000.0,0.0,265000000.0,0.0,84.154,-2527000000.0
4,LIN,MRQ,2020-06-30,2020-06-30,2020-06-30,2021-08-02,-6621000000.0,85856000000.0,,12073000000.0,73783000000.0,,86.653,-783000000.0,4941000000.0,4941000000.0,3619000000.0,483000000.0,0.8,0.833,17480000000.0,6402000000.0,11078000000.0,17480000000.0,1693000000.0,1124000000.0,0.0,0.017,0.963,640000000.0,1764000000.0,0.277,1764000000.0,640000000.0,622000000.0,0.87,0.87,0.87,45537000000.0,,45537000000.0,124258058013.0,40.0,16.273,981000000.0,1.867,1.0,2758000000.0,0.432,42084000000.0,18000000.0,41216000000.0,,1715000000.0,0.0,0.0,0.0,37919000000.0,15095000000.0,22824000000.0,111397058013.0,927000000.0,149000000.0,12000000.0,411000000.0,-506000000.0,-204000000.0,-634000000.0,0.0,1764000000.0,1000000.0,458000000.0,458000000.0,458000000.0,0.0,25000000.0,0.072,2167000000.0,591000000.0,2816000000.0,1.107,2.446,48.923,49.908,27693000000.0,0.0,212.11,4.096,4.099,3994000000.0,16782000000.0,6377000000.0,6377000000.0,34000000.0,,,,,32000000.0,760000000.0,1.0,525185319.0,525510000.0,529054000.0,12.135,43772000000.0,0.0,164000000.0,0.0,83.294,-3022000000.0
5,LIN,MRQ,2020-03-31,2020-03-31,2020-03-31,2021-08-02,-7388000000.0,84369000000.0,,11513000000.0,72856000000.0,,84.29,-803000000.0,4014000000.0,4014000000.0,3843000000.0,608000000.0,0.743,0.829,16875000000.0,6854000000.0,10021000000.0,16875000000.0,1854000000.0,1142000000.0,0.0,0.021,0.963,762000000.0,1904000000.0,0.283,1904000000.0,762000000.0,738000000.0,1.07,1.07,1.07,44776000000.0,,44776000000.0,103458034328.0,33.0,13.318,544000000.0,1.024,1.0,2896000000.0,0.43,41412000000.0,24000000.0,40328000000.0,,1689000000.0,0.0,0.0,0.0,37126000000.0,15490000000.0,21636000000.0,92202034328.0,1314000000.0,190000000.0,-1815000000.0,3112000000.0,-511000000.0,759000000.0,-613000000.0,0.0,1347000000.0,-179000000.0,573000000.0,573000000.0,573000000.0,0.0,35000000.0,0.085,2178000000.0,718000000.0,2965000000.0,0.9,2.059,39.386,39.77,27418000000.0,0.0,173.0,3.29,3.279,4084000000.0,16850000000.0,6739000000.0,6739000000.0,44000000.0,,,,,43000000.0,861000000.0,1.0,532959736.0,531215000.0,534956000.0,12.686,42957000000.0,0.0,165000000.0,0.0,80.866,-3977000000.0
6,LIN,MRQ,2019-12-31,2019-12-31,2019-12-31,2021-08-02,-4814000000.0,86612000000.0,,10352000000.0,76260000000.0,,91.452,-1015000000.0,2700000000.0,2700000000.0,4187000000.0,538000000.0,0.851,0.713,13956000000.0,3263000000.0,10693000000.0,13956000000.0,8994000000.0,1162000000.0,0.0,0.016,0.875,681000000.0,1843000000.0,0.26,1843000000.0,681000000.0,673000000.0,0.95,0.94,0.95,49074000000.0,,49074000000.0,125445765503.0,41.0,16.151,1159000000.0,2.16,1.0,2893000000.0,0.409,43156000000.0,8000000.0,42552000000.0,,1697000000.0,2027000000.0,0.0,2027000000.0,34977000000.0,12160000000.0,22817000000.0,114364765503.0,581000000.0,72000000.0,-712000000.0,484000000.0,-469000000.0,-700000000.0,-943000000.0,0.0,2174000000.0,49000000.0,511000000.0,511000000.0,511000000.0,0.0,27000000.0,0.072,2267000000.0,626000000.0,3266000000.0,0.921,2.33,50.05,50.45,29064000000.0,0.0,212.9,4.051,4.081,4322000000.0,16842000000.0,7080000000.0,7080000000.0,49000000.0,,,,,31000000.0,844000000.0,1.0,537175977.0,536609000.0,541159000.0,13.194,43456000000.0,0.0,162000000.0,370000000.0,80.983,-1808000000.0
7,LIN,MRQ,2019-09-30,2019-09-30,2019-09-30,2021-08-02,-5600000000.0,84394000000.0,,9812000000.0,74582000000.0,,90.695,-959000000.0,2120000000.0,2120000000.0,4061000000.0,738000000.0,0.902,0.676,13201000000.0,2634000000.0,10567000000.0,13201000000.0,1597000000.0,1095000000.0,0.0,0.018,0.875,1030000000.0,2125000000.0,0.304,2125000000.0,1030000000.0,1033000000.0,1.36,1.35,1.36,48953000000.0,,48953000000.0,115994383443.0,20.0,11.338,913000000.0,1.692,1.0,2939000000.0,0.42,42097000000.0,-3000000.0,42495000000.0,,1653000000.0,0.0,0.0,0.0,33086000000.0,10883000000.0,22203000000.0,104723383443.0,-569000000.0,250000000.0,-679000000.0,-467000000.0,-471000000.0,-1652000000.0,-709000000.0,0.0,1872000000.0,-77000000.0,735000000.0,735000000.0,735000000.0,0.0,3000000.0,0.105,2114000000.0,825000000.0,3071000000.0,0.643,2.139,22.038,16.6,28460000000.0,0.0,193.72,3.886,3.88,4238000000.0,16810000000.0,7000000000.0,7000000000.0,44000000.0,,,,,26000000.0,850000000.0,1.0,540591490.0,539753000.0,543616000.0,12.969,42297000000.0,0.0,298000000.0,0.0,78.364,-1071000000.0
8,LIN,MRQ,2019-06-30,2019-06-30,2019-06-30,2021-08-02,-4377000000.0,87189000000.0,,10681000000.0,76508000000.0,,93.195,-865000000.0,2686000000.0,2686000000.0,4280000000.0,551000000.0,1.015,0.678,13957000000.0,1702000000.0,12255000000.0,13957000000.0,1682000000.0,1195000000.0,0.0,0.013,0.875,701000000.0,1896000000.0,0.263,1896000000.0,701000000.0,691000000.0,0.97,0.96,0.97,50564000000.0,,50564000000.0,117342455771.0,22.0,12.939,140000000.0,0.258,1.0,2924000000.0,0.406,42751000000.0,10000000.0,45188000000.0,,1708000000.0,0.0,0.0,0.0,34295000000.0,10521000000.0,23774000000.0,108987455771.0,-3099000000.0,1246000000.0,-498000000.0,-250000000.0,-474000000.0,-4434000000.0,381000000.0,0.0,1005000000.0,-57000000.0,522000000.0,522000000.0,522000000.0,0.0,29000000.0,0.072,2265000000.0,659000000.0,3358000000.0,0.902,2.155,24.338,16.86,29540000000.0,0.0,200.8,4.747,4.746,4483000000.0,16555000000.0,7204000000.0,7204000000.0,45000000.0,,,,,22000000.0,884000000.0,1.0,542766214.0,542561000.0,546488000.0,13.278,44438000000.0,0.0,169000000.0,0.0,81.904,160000000.0
9,LIN,MRQ,2019-03-31,2019-03-31,2019-03-31,2021-08-02,-4235000000.0,91641000000.0,,15088000000.0,76553000000.0,,93.804,-843000000.0,5791000000.0,5791000000.0,4116000000.0,554000000.0,1.354,0.684,14146000000.0,1956000000.0,12190000000.0,14146000000.0,1719000000.0,1223000000.0,0.0,0.01,0.875,680000000.0,1903000000.0,0.274,1903000000.0,680000000.0,657000000.0,0.95,0.94,0.95,51175000000.0,,51175000000.0,106696038291.0,20.0,13.066,225000000.0,0.412,1.0,2828000000.0,0.407,42764000000.0,23000000.0,46092000000.0,,1667000000.0,0.0,0.0,0.0,34994000000.0,11140000000.0,23854000000.0,95866038291.0,1335000000.0,3303000000.0,-697000000.0,-1027000000.0,-477000000.0,-2211000000.0,2460000000.0,0.0,1068000000.0,8000000.0,517000000.0,517000000.0,517000000.0,0.0,37000000.0,0.074,2237000000.0,591000000.0,3166000000.0,0.921,1.873,21.611,13.963,29418000000.0,0.0,175.93,5.1,5.106,4390000000.0,16569000000.0,6944000000.0,6944000000.0,46000000.0,,,,,16000000.0,879000000.0,1.0,544910125.0,545554000.0,549147000.0,12.728,48877000000.0,0.0,140000000.0,0.0,89.591,3948000000.0
10,LIN,MRQ,2018-12-31,2018-12-31,2018-12-31,2021-08-02,-4456000000.0,93386000000.0,,17272000000.0,76114000000.0,,156.162,-827000000.0,4466000000.0,4466000000.0,3955000000.0,2954000000.0,1.333,0.703,15296000000.0,3008000000.0,12288000000.0,15296000000.0,9157000000.0,902000000.0,0.0,0.005,0.825,3405000000.0,4307000000.0,0.742,4307000000.0,3405000000.0,3333000000.0,8.39,8.29,8.39,51596000000.0,,51596000000.0,86000366217.0,16.0,11.895,478000000.0,1.447,1.0,1846000000.0,0.318,43097000000.0,72000000.0,48163000000.0,,1651000000.0,1838000000.0,0.0,1838000000.0,36290000000.0,12956000000.0,23334000000.0,85986554947.0,4003000000.0,7175000000.0,-590000000.0,-2283000000.0,-454000000.0,-3696000000.0,6348000000.0,0.0,1305000000.0,19000000.0,2978000000.0,2978000000.0,2978000000.0,0.0,-24000000.0,0.513,1897000000.0,-51000000.0,3219000000.0,0.098,1.667,19.627,11.768,29717000000.0,0.0,156.04,5.796,3.475,4297000000.0,16529000000.0,5801000000.0,5801000000.0,42000000.0,,,,,22000000.0,718000000.0,1.0,551054569.0,330401000.0,334127000.0,17.557,50289000000.0,0.0,355000000.0,657000000.0,152.206,4316000000.0
11,LIN,MRQ,2018-09-30,2018-09-30,2018-09-30,2021-08-02,132535.0,8929551.0,,8929551.0,0.0,,-0.039,-380000000.0,104942.0,104942.0,1698000000.0,480000000.0,,-1.801,13916212.0,13916212.0,,13916212.0,0.0,306000000.0,0.0,,0.0,657000000.0,963000000.0,0.32,963000000.0,657000000.0,617000000.0,1.6,1.58,1.6,-11151516.0,,-11151516.0,,,,491000000.0,1.704,1.0,1310000000.0,0.436,0.0,40000000.0,22740821.0,,0.0,0.0,0.0,0.0,20081067.0,,,,121000000.0,2000000.0,25000000.0,-133000000.0,-238000000.0,-357000000.0,-378000000.0,0.0,871000000.0,-15000000.0,461000000.0,461000000.0,461000000.0,0.0,19000000.0,0.153,654000000.0,656000000.0,0.0,0.0,,,,0.0,0.0,,,,0.0,-11279685.0,3008000000.0,3008000000.0,23000000.0,,,,,19000000.0,294000000.0,1.0,551054569.0,288092000.0,291973000.0,10.441,8929551.0,0.0,156000000.0,0.0,0.031,
12,LIN,MRQ,2018-06-30,2018-06-30,2018-06-30,2021-08-02,,,,,,,,-351000000.0,,,1706000000.0,499000000.0,,,,,,,,311000000.0,,,0.0,682000000.0,993000000.0,0.326,993000000.0,682000000.0,638000000.0,1.66,1.65,1.66,,,,,,,439000000.0,1.525,1.0,1338000000.0,0.44,,44000000.0,,,,,,,,,,,-66000000.0,62000000.0,14000000.0,-277000000.0,-237000000.0,-516000000.0,-289000000.0,0.0,790000000.0,-51000000.0,480000000.0,480000000.0,480000000.0,0.0,19000000.0,0.158,666000000.0,672000000.0,,0.0,,,,,0.0,,,,,,3044000000.0,3044000000.0,24000000.0,,,,,17000000.0,307000000.0,1.0,,287804000.0,291043000.0,10.577,,,158000000.0,,,
13,LIN,MRQ,2018-03-31,2018-03-31,2018-03-31,2021-08-02,,,,,,,,-325000000.0,,,1661000000.0,472000000.0,,,,,,,,311000000.0,,,0.0,656000000.0,967000000.0,0.324,967000000.0,656000000.0,610000000.0,1.61,1.59,1.61,,,,,,,363000000.0,1.263,1.0,1322000000.0,0.443,,46000000.0,,,,,,,,,,,-72000000.0,7000000.0,29000000.0,-215000000.0,-237000000.0,-429000000.0,-318000000.0,0.0,688000000.0,-13000000.0,462000000.0,462000000.0,462000000.0,0.0,10000000.0,0.155,664000000.0,658000000.0,,0.0,,,,,0.0,,,,,,2983000000.0,2983000000.0,24000000.0,,,,,4000000.0,310000000.0,1.0,,287504000.0,290809000.0,10.376,,,148000000.0,,,
14,LIN,MRQ,2017-12-31,2017-12-31,2017-12-31,2021-08-02,-4098000000.0,20436000000.0,,3285000000.0,17151000000.0,,21.023,,617000000.0,617000000.0,,,0.993,2.312,9000000000.0,1217000000.0,7783000000.0,9000000000.0,1236000000.0,,0.0,,0.0,,,,,,,,,,6018000000.0,,6018000000.0,,,,,,1.0,,,4018000000.0,,21494000000.0,,614000000.0,727000000.0,0.0,727000000.0,13914000000.0,3307000000.0,10607000000.0,,,,,,,,,,,,,,,,,,,,922000000.0,,,,,11825000000.0,,,,,1710000000.0,13224000000.0,,,,,,,,,,1.0,,286261000.0,,,16418000000.0,0.0,,242000000.0,57.353,-22000000.0
15,LIN,MRQ,2017-09-30,2017-09-30,2017-09-30,2021-08-02,,,,,,,,,,,0.0,-290825.0,,,,,,,,,,,0.0,-290825.0,,,,-290825.0,-290825.0,-11.63,-11.63,-11.63,,,,,,,,,1.0,0.0,,,0.0,,,,,,,,,,,,,,,,,,,,,-290825.0,-290825.0,-290825.0,0.0,0.0,,0.0,0.0,,0.0,,,,,0.0,,,,,,0.0,0.0,0.0,,,,,,0.0,1.0,,,,,,,0.0,,,
0,LIN,MRT,2021-06-30,2021-06-30,2021-06-30,2021-08-02,-4908000000.0,84345000000.0,86194000000.0,10446000000.0,73899000000.0,0.336,88.211,-3320000000.0,3137000000.0,3137000000.0,16169000000.0,3430000000.0,0.712,0.811,15492000000.0,5508000000.0,9984000000.0,15492000000.0,1787000000.0,4697000000.0,0.0,0.014,4.046,4522000000.0,9219000000.0,0.318,9219000000.0,4522000000.0,4411000000.0,6.3,6.23,6.3,45777000000.0,46369750000.0,45777000000.0,162046275326.0,36.0,17.577,4934000000.0,9.508,1.0,12785000000.0,0.442,42114000000.0,111000000.0,39910000000.0,41013500000.0,1692000000.0,0.0,0.0,0.0,37117000000.0,14676000000.0,22441000000.0,150392275326.0,-1804000000.0,121000000.0,-2657000000.0,-1896000000.0,-2113000000.0,-7015000000.0,-3199000000.0,0.0,8254000000.0,156000000.0,3291000000.0,3291000000.0,3291000000.0,0.0,139000000.0,0.114,8343000000.0,4442000000.0,3143000000.0,0.642,3.285,45.698,45.889,26917000000.0,0.0,289.1,5.194,5.182,4342000000.0,17820000000.0,28954000000.0,28954000000.0,143000000.0,0.038,0.071,0.11,0.156,121000000.0,3181000000.0,1.0,520208493.0,518950000.0,523723000.0,55.793,42231000000.0,0.0,1120000000.0,0.0,81.378,-4230000000.0
1,LIN,MRT,2021-03-31,2021-03-31,2021-03-31,2021-08-02,-5345000000.0,84993000000.0,86571750000.0,11132000000.0,73861000000.0,0.321,88.447,-3359000000.0,4096000000.0,4096000000.0,15594000000.0,3036000000.0,0.741,0.808,15750000000.0,5800000000.0,9950000000.0,15750000000.0,1863000000.0,4650000000.0,0.0,0.014,3.949,3969000000.0,8619000000.0,0.311,8619000000.0,3969000000.0,3858000000.0,5.55,5.5,5.55,46210000000.0,46309750000.0,46210000000.0,158867396100.0,40.0,18.432,4832000000.0,9.249,1.0,12153000000.0,0.438,42031000000.0,111000000.0,39589000000.0,41340000000.0,1695000000.0,0.0,0.0,0.0,37360000000.0,15027000000.0,22333000000.0,146467396100.0,82000000.0,235000000.0,-1446000000.0,-1118000000.0,-2070000000.0,-5074000000.0,-3124000000.0,0.0,8191000000.0,89000000.0,2908000000.0,2908000000.0,2908000000.0,0.0,128000000.0,0.105,8279000000.0,3874000000.0,2945000000.0,0.712,3.17,50.367,50.476,26934000000.0,0.0,280.14,5.279,5.275,4139000000.0,17563000000.0,27747000000.0,27747000000.0,143000000.0,0.034,0.063,0.096,0.143,119000000.0,3119000000.0,1.0,522836425.0,522459000.0,526927000.0,53.108,42962000000.0,0.0,950000000.0,0.0,82.23,-3895000000.0
2,LIN,MRT,2020-12-31,2020-12-31,2020-12-31,2021-08-02,-4690000000.0,88229000000.0,86415750000.0,10924000000.0,77305000000.0,0.315,89.831,-3400000000.0,3754000000.0,3754000000.0,15383000000.0,2626000000.0,0.795,0.817,16154000000.0,4002000000.0,12152000000.0,16154000000.0,1769000000.0,4626000000.0,0.0,0.015,3.852,3463000000.0,8089000000.0,0.297,8089000000.0,3463000000.0,3348000000.0,4.75,4.71,4.75,47317000000.0,45951250000.0,47317000000.0,150908986645.0,44.0,18.656,4029000000.0,7.649,1.0,11860000000.0,0.435,44385000000.0,115000000.0,42504000000.0,41524750000.0,1729000000.0,0.0,0.0,0.0,38647000000.0,13740000000.0,24907000000.0,138304986645.0,1054000000.0,414000000.0,-2410000000.0,1313000000.0,-2028000000.0,-3345000000.0,-2986000000.0,0.0,7429000000.0,-44000000.0,2501000000.0,2501000000.0,2501000000.0,0.0,125000000.0,0.092,8477000000.0,3383000000.0,3095000000.0,0.811,2.923,55.3,55.476,28711000000.0,0.0,263.51,5.077,5.095,4167000000.0,17178000000.0,27243000000.0,27243000000.0,152000000.0,0.029,0.054,0.083,0.127,133000000.0,3193000000.0,1.0,524856691.0,526736000.0,531157000.0,51.72,43844000000.0,0.0,847000000.0,0.0,83.237,-2816000000.0
3,LIN,MRT,2020-09-30,2020-09-30,2020-09-30,2021-08-02,-5973000000.0,87209000000.0,86011500000.0,12265000000.0,74944000000.0,0.315,87.836,-3388000000.0,5199000000.0,5199000000.0,15484000000.0,2360000000.0,0.829,0.836,17803000000.0,5844000000.0,11959000000.0,17803000000.0,1714000000.0,4596000000.0,0.0,0.016,3.764,3086000000.0,7682000000.0,0.284,7682000000.0,3086000000.0,2998000000.0,4.22,4.2,4.22,46175000000.0,46390500000.0,46175000000.0,137642984420.0,45.0,17.918,3781000000.0,7.192,1.0,11567000000.0,0.428,42970000000.0,88000000.0,42051000000.0,41536750000.0,1733000000.0,0.0,0.0,0.0,38617000000.0,14792000000.0,23825000000.0,125103984420.0,3080000000.0,466000000.0,-2701000000.0,3819000000.0,-1992000000.0,-1078000000.0,-2922000000.0,0.0,7169000000.0,-90000000.0,2242000000.0,2242000000.0,2242000000.0,0.0,118000000.0,0.083,8634000000.0,2933000000.0,2903000000.0,0.892,2.709,55.8,56.429,27945000000.0,0.0,238.13,4.625,4.628,4033000000.0,16927000000.0,27051000000.0,27051000000.0,163000000.0,0.026,0.048,0.074,0.114,135000000.0,3235000000.0,1.0,525360032.0,525694000.0,530415000.0,51.458,44239000000.0,0.0,756000000.0,0.0,84.154,-2527000000.0
4,LIN,MRT,2020-06-30,2020-06-30,2020-06-30,2021-08-02,-6621000000.0,85856000000.0,85307750000.0,12073000000.0,73783000000.0,0.319,86.653,-3560000000.0,4941000000.0,4941000000.0,15710000000.0,2367000000.0,0.8,0.833,17480000000.0,6402000000.0,11078000000.0,17480000000.0,1693000000.0,4523000000.0,0.0,0.017,3.676,3113000000.0,7636000000.0,0.281,7636000000.0,3113000000.0,3066000000.0,4.25,4.23,4.25,45537000000.0,47085000000.0,45537000000.0,124258058013.0,40.0,16.273,3597000000.0,6.845,1.0,11486000000.0,0.422,42084000000.0,47000000.0,41216000000.0,41647750000.0,1715000000.0,0.0,0.0,0.0,37919000000.0,15095000000.0,22824000000.0,111397058013.0,2253000000.0,661000000.0,-3194000000.0,3540000000.0,-1957000000.0,-1797000000.0,-2899000000.0,0.0,7157000000.0,-206000000.0,2277000000.0,2277000000.0,2277000000.0,0.0,90000000.0,0.084,8726000000.0,2760000000.0,2816000000.0,0.865,2.446,48.923,49.908,27693000000.0,0.0,212.11,4.096,4.099,3994000000.0,16782000000.0,27196000000.0,27196000000.0,171000000.0,0.027,0.048,0.075,0.114,132000000.0,3315000000.0,1.0,525185319.0,525510000.0,529054000.0,51.752,43772000000.0,0.0,789000000.0,0.0,83.294,-3022000000.0
5,LIN,MRT,2020-03-31,2020-03-31,2020-03-31,2021-08-02,-7388000000.0,84369000000.0,85641000000.0,11513000000.0,72856000000.0,0.327,84.29,-3642000000.0,4014000000.0,4014000000.0,16371000000.0,2435000000.0,0.743,0.829,16875000000.0,6854000000.0,10021000000.0,16875000000.0,1854000000.0,4594000000.0,0.0,0.021,3.588,3174000000.0,7768000000.0,0.277,7768000000.0,3174000000.0,3135000000.0,4.35,4.32,4.35,44776000000.0,48341750000.0,44776000000.0,103458034328.0,33.0,13.318,2756000000.0,5.188,1.0,11652000000.0,0.416,41412000000.0,39000000.0,40328000000.0,42640750000.0,1689000000.0,0.0,0.0,0.0,37126000000.0,15490000000.0,21636000000.0,92202034328.0,-1773000000.0,1758000000.0,-3704000000.0,2879000000.0,-1925000000.0,-6027000000.0,-1884000000.0,0.0,6398000000.0,-264000000.0,2341000000.0,2341000000.0,2341000000.0,0.0,94000000.0,0.084,8824000000.0,2828000000.0,2965000000.0,0.825,2.059,39.386,39.77,27418000000.0,0.0,173.0,3.29,3.279,4084000000.0,16850000000.0,28023000000.0,28023000000.0,182000000.0,0.027,0.048,0.074,0.113,122000000.0,3439000000.0,1.0,532959736.0,531215000.0,534956000.0,52.753,42957000000.0,0.0,794000000.0,0.0,80.866,-3977000000.0
6,LIN,MRT,2019-12-31,2019-12-31,2019-12-31,2021-08-02,-4814000000.0,86612000000.0,87459000000.0,10352000000.0,76260000000.0,0.323,90.694,-3682000000.0,2700000000.0,2700000000.0,16644000000.0,2381000000.0,0.851,0.713,13956000000.0,3263000000.0,10693000000.0,13956000000.0,8994000000.0,4675000000.0,0.0,0.016,3.5,3092000000.0,7767000000.0,0.275,7767000000.0,3092000000.0,3054000000.0,4.22,4.19,4.22,49074000000.0,49941500000.0,49074000000.0,125445765503.0,41.0,16.151,2437000000.0,4.504,1.0,11584000000.0,0.41,43156000000.0,38000000.0,42552000000.0,44081750000.0,1697000000.0,2027000000.0,0.0,2027000000.0,34977000000.0,12160000000.0,22817000000.0,114364765503.0,-1752000000.0,4871000000.0,-2586000000.0,-1260000000.0,-1891000000.0,-8997000000.0,1189000000.0,0.0,6119000000.0,-77000000.0,2285000000.0,2285000000.0,2285000000.0,0.0,96000000.0,0.081,8883000000.0,2701000000.0,3266000000.0,0.829,2.33,50.05,50.45,29064000000.0,0.0,212.9,4.051,4.081,4322000000.0,16842000000.0,28228000000.0,28228000000.0,184000000.0,0.026,0.046,0.07,0.11,95000000.0,3457000000.0,1.0,537175977.0,541094000.0,545170000.0,52.168,43456000000.0,0.0,769000000.0,370000000.0,80.311,-1808000000.0
7,LIN,MRT,2019-09-30,2019-09-30,2019-09-30,2021-08-02,-5600000000.0,84394000000.0,89152500000.0,9812000000.0,74582000000.0,0.302,90.695,-3494000000.0,2120000000.0,2120000000.0,16412000000.0,4797000000.0,0.902,0.676,13201000000.0,2634000000.0,10567000000.0,13201000000.0,1597000000.0,4415000000.0,0.0,0.018,3.45,5816000000.0,10231000000.0,0.38,10231000000.0,5816000000.0,5714000000.0,11.67,11.54,11.67,48953000000.0,50572000000.0,48953000000.0,115994383443.0,20.0,11.338,1756000000.0,3.253,1.0,10537000000.0,0.391,42097000000.0,102000000.0,42495000000.0,45484500000.0,1653000000.0,0.0,0.0,0.0,33086000000.0,10883000000.0,22203000000.0,104723383443.0,1670000000.0,11974000000.0,-2464000000.0,-4027000000.0,-1876000000.0,-11993000000.0,8480000000.0,0.0,5250000000.0,-107000000.0,4752000000.0,4752000000.0,4752000000.0,0.0,45000000.0,0.176,8513000000.0,2024000000.0,3071000000.0,0.296,2.139,22.038,16.6,28460000000.0,0.0,193.72,3.886,3.88,4238000000.0,16810000000.0,26949000000.0,26949000000.0,177000000.0,0.053,0.094,0.128,0.216,86000000.0,3331000000.0,1.0,540591490.0,539753000.0,543616000.0,49.928,42297000000.0,0.0,962000000.0,0.0,78.364,-1071000000.0
8,LIN,MRT,2019-06-30,2019-06-30,2019-06-30,2021-08-02,-4377000000.0,87189000000.0,68056232388.0,10681000000.0,76508000000.0,0.337,93.195,-2915000000.0,2686000000.0,2686000000.0,14049000000.0,4539000000.0,1.015,0.678,13957000000.0,1702000000.0,12255000000.0,13957000000.0,1682000000.0,3626000000.0,0.0,0.013,2.575,5443000000.0,9069000000.0,0.395,9069000000.0,5443000000.0,5298000000.0,11.91,11.77,11.91,50564000000.0,38330962121.0,50564000000.0,117342455771.0,22.0,12.939,1334000000.0,2.459,1.0,8908000000.0,0.388,42751000000.0,145000000.0,45188000000.0,34866435205.0,1708000000.0,0.0,0.0,0.0,34295000000.0,10521000000.0,23774000000.0,108987455771.0,2360000000.0,11726000000.0,-1760000000.0,-3693000000.0,-1643000000.0,-10698000000.0,8811000000.0,0.0,4249000000.0,-45000000.0,4478000000.0,4478000000.0,4478000000.0,0.0,61000000.0,0.195,7053000000.0,1855000000.0,3358000000.0,0.216,2.155,24.338,16.86,29540000000.0,0.0,200.8,4.747,4.746,4483000000.0,16555000000.0,22957000000.0,22957000000.0,156000000.0,0.066,0.117,0.156,0.237,79000000.0,2775000000.0,1.0,542766214.0,542561000.0,546488000.0,42.312,44438000000.0,0.0,820000000.0,0.0,81.904,160000000.0
9,LIN,MRT,2019-03-31,2019-03-31,2019-03-31,2021-08-02,-4235000000.0,91641000000.0,,15088000000.0,76553000000.0,,93.804,-2401000000.0,5791000000.0,5791000000.0,11475000000.0,4487000000.0,1.354,0.684,14146000000.0,1956000000.0,12190000000.0,14146000000.0,1719000000.0,2742000000.0,0.0,0.01,1.7,5424000000.0,8166000000.0,0.434,8166000000.0,5424000000.0,5245000000.0,12.6,12.46,12.6,51175000000.0,,51175000000.0,106696038291.0,20.0,13.066,1633000000.0,2.993,1.0,7322000000.0,0.39,42764000000.0,179000000.0,46092000000.0,,1667000000.0,0.0,0.0,0.0,34994000000.0,11140000000.0,23854000000.0,95866038291.0,5393000000.0,10542000000.0,-1248000000.0,-3720000000.0,-1406000000.0,-6780000000.0,8141000000.0,0.0,4034000000.0,-39000000.0,4436000000.0,4436000000.0,4436000000.0,0.0,51000000.0,0.236,5454000000.0,1868000000.0,3166000000.0,0.135,1.873,21.611,13.963,29418000000.0,0.0,175.93,5.1,5.106,4390000000.0,16569000000.0,18797000000.0,18797000000.0,135000000.0,,,,0.289,74000000.0,2198000000.0,1.0,544910125.0,545554000.0,549147000.0,34.455,48877000000.0,0.0,809000000.0,0.0,89.591,3948000000.0
10,LIN,MRT,2018-12-31,2018-12-31,2018-12-31,2021-08-02,-4456000000.0,93386000000.0,56911000000.0,17272000000.0,76114000000.0,0.261,156.162,-1883000000.0,4466000000.0,4466000000.0,9020000000.0,4405000000.0,1.333,0.703,15296000000.0,3008000000.0,12288000000.0,15296000000.0,9157000000.0,1830000000.0,0.0,0.005,0.825,5400000000.0,7230000000.0,0.487,7230000000.0,5400000000.0,5198000000.0,13.26,13.11,13.26,51596000000.0,28807000000.0,51596000000.0,86000366217.0,16.0,11.895,1771000000.0,5.36,1.0,5816000000.0,0.392,43097000000.0,202000000.0,48163000000.0,34828500000.0,1651000000.0,1838000000.0,0.0,1838000000.0,36290000000.0,12956000000.0,23334000000.0,85986554947.0,3986000000.0,7246000000.0,-522000000.0,-2908000000.0,-1166000000.0,-4998000000.0,5363000000.0,0.0,3654000000.0,-60000000.0,4381000000.0,4381000000.0,4381000000.0,0.0,24000000.0,0.295,3881000000.0,1935000000.0,3219000000.0,0.062,1.667,19.627,11.768,29717000000.0,0.0,156.04,5.796,3.475,4297000000.0,16529000000.0,14836000000.0,14836000000.0,113000000.0,0.077,0.152,0.155,0.364,62000000.0,1629000000.0,1.0,551054569.0,330401000.0,334127000.0,44.903,50289000000.0,0.0,817000000.0,657000000.0,152.206,4316000000.0
11,LIN,MRT,2018-09-30,2018-09-30,2018-09-30,2021-08-02,132535.0,8929551.0,,8929551.0,0.0,,-0.039,,104942.0,104942.0,,,,-1.801,13916212.0,13916212.0,,13916212.0,0.0,,0.0,,0.0,,,,,,,,,,-11151516.0,,-11151516.0,,,,,,1.0,,,0.0,,22740821.0,,0.0,0.0,0.0,0.0,20081067.0,,,,,,,,,,,,,,,,,,,,,,0.0,,,,,0.0,,,,,0.0,-11279685.0,,,,,,,,,,1.0,551054569.0,288092000.0,,,8929551.0,0.0,,0.0,0.031,
12,LIN,MRT,2018-06-30,2018-06-30,2018-06-30,2021-08-02,,,,,,,,,,,,,,,,,,,,,,,0.0,,,,,,,,,,,,,,,,,,1.0,,,,,,,,,,,,,,,,,,,,,,,,,,,,,,,,,,,,,,,,,,,,,,,,,,,,,,1.0,,287804000.0,,,,,,,,
13,LIN,MRT,2018-03-31,2018-03-31,2018-03-31,2021-08-02,,,,,,,,,,,,,,,,,,,,,,,0.0,,,,,,,,,,,,,,,,,,1.0,,,,,,,,,,,,,,,,,,,,,,,,,,,,,,,,,,,,,,,,,,,,,,,,,,,,,,1.0,,287504000.0,,,,,,,,
14,LIN,MRT,2017-12-31,2017-12-31,2017-12-31,2021-08-02,-4098000000.0,20436000000.0,,3285000000.0,17151000000.0,,21.023,-1311000000.0,617000000.0,617000000.0,6382000000.0,1308000000.0,0.993,2.312,9000000000.0,1217000000.0,7783000000.0,9000000000.0,1236000000.0,1184000000.0,0.0,,0.0,2434000000.0,3618000000.0,0.319,3618000000.0,2434000000.0,2273000000.0,4.36,4.32,4.36,6018000000.0,,6018000000.0,,,,1730000000.0,6.043,1.0,4976000000.0,0.438,4018000000.0,161000000.0,21494000000.0,,614000000.0,727000000.0,0.0,727000000.0,13914000000.0,3307000000.0,10607000000.0,,93000000.0,-3000000.0,108000000.0,-771000000.0,-901000000.0,-1656000000.0,-1314000000.0,0.0,3041000000.0,22000000.0,1247000000.0,1247000000.0,1247000000.0,0.0,61000000.0,0.11,2536000000.0,2440000000.0,922000000.0,0.0,,,,11825000000.0,0.0,,,,1710000000.0,13224000000.0,11358000000.0,11358000000.0,93000000.0,,,,0.214,59000000.0,1207000000.0,1.0,,286261000.0,289114000.0,39.677,16418000000.0,0.0,1026000000.0,242000000.0,57.353,-22000000.0
15,LIN,MRT,2017-09-30,2017-09-30,2017-09-30,2021-08-02,,,,,,,,,,,,,,,,,,,,,,,0.0,,,,,,,,,,,,,,,,,,1.0,,,,,,,,,,,,,,,,,,,,,,,,,,,,,,,,,,,,,,,,,,,,,,,,,,,,,,1.0,,,,,,,,,,
16,LIN,MRT,2016-12-31,2016-12-31,2016-12-31,2021-08-02,,,,,,,,-1465000000.0,,,5855000000.0,1538000000.0,,,,,,,,1122000000.0,,,0.0,2241000000.0,3363000000.0,0.319,3363000000.0,2241000000.0,2051000000.0,5.25,5.21,5.25,,,,,,,1324000000.0,4.635,1.0,4679000000.0,0.444,,190000000.0,,,,,,,,,,,377000000.0,-305000000.0,-89000000.0,357000000.0,-856000000.0,-659000000.0,-1770000000.0,0.0,2789000000.0,17000000.0,1500000000.0,1500000000.0,1500000000.0,0.0,38000000.0,0.142,2455000000.0,2224000000.0,,0.0,,,,,0.0,,,,,,10534000000.0,10534000000.0,92000000.0,,,,0.213,39000000.0,1145000000.0,1.0,,285677000.0,287757000.0,36.874,,,551000000.0,,,
