None,ticker,dimension,calendardate,datekey,reportperiod,lastupdated,accoci,assets,assetsavg,assetsc,assetsnc,assetturnover,bvps,capex,cashneq,cashnequsd,cor,consolinc,currentratio,de,debt,debtc,debtnc,debtusd,deferredrev,depamor,deposits,divyield,dps,ebit,ebitda,ebitdamargin,ebitdausd,ebitusd,ebt,eps,epsdil,epsusd,equity,equityavg,equityusd,ev,evebit,evebitda,fcf,fcfps,fxusd,gp,grossmargin,intangibles,intexp,invcap,invcapavg,inventory,investments,investmentsc,investmentsnc,liabilities,liabilitiesc,liabilitiesnc,marketcap,ncf,ncfbus,ncfcommon,ncfdebt,ncfdiv,ncff,ncfi,ncfinv,ncfo,ncfx,netinc,netinccmn,netinccmnusd,netincdis,netincnci,netmargin,opex,opinc,payables,payoutratio,pb,pe,pe1,ppnenet,prefdivis,price,ps,ps1,receivables,retearn,revenue,revenueusd,rnd,roa,roe,roic,ros,sbcomp,sgna,sharefactor,sharesbas,shareswa,shareswadil,sps,tangibles,taxassets,taxexp,taxliabilities,tbvps,workingcapital
0,ADCT1,MRY,2010-12-31,2010-09-30,2010-09-30,2020-05-18,-20000000.0,1474500000.0,1392675000.0,1107700000.0,366800000.0,0.83,4.433,-28100000.0,525800000.0,525800000.0,738700000.0,63300000.0,3.837,2.421,651100000.0,300000.0,650800000.0,651100000.0,0.0,61500000.0,0.0,0.0,0.0,69100000.0,130600000.0,0.113,130600000.0,69100000.0,69100000.0,0.64,0.63,0.64,429600000.0,389725000.0,429600000.0,1423280274.0,21.0,10.898,108500000.0,1.12,1.0,417900000.0,0.361,81900000.0,0.0,1229200000.0,1193900000.0,106400000.0,228600000.0,178800000.0,49800000.0,1040100000.0,288700000.0,751400000.0,1229380274.0,-17400000.0,6300000.0,0.0,-2300000.0,0.0,-2300000.0,-152500000.0,-147700000.0,136600000.0,800000.0,62000000.0,62000000.0,62000000.0,15200000.0,1300000.0,0.054,372000000.0,45900000.0,97200000.0,0.0,2.862,19.829,19.797,146500000.0,0.0,12.67,1.063,1.061,252500000.0,-898400000.0,1156600000.0,1156600000.0,69700000.0,0.045,0.159,0.058,0.06,14700000.0,288300000.0,1.0,97030803.0,96900000.0,98500000.0,11.936,1392600000.0,0.0,7100000.0,4700000.0,14.372,819000000.0
1,ADCT1,MRY,2009-12-31,2009-09-30,2009-09-30,2020-05-18,-13400000.0,1343600000.0,,900800000.0,442800000.0,,3.657,-26700000.0,560500000.0,560500000.0,663000000.0,-475600000.0,3.815,2.759,651600000.0,600000.0,651000000.0,651600000.0,0.0,66000000.0,0.0,0.0,0.0,-477400000.0,-411400000.0,-0.415,-411400000.0,-477400000.0,-477400000.0,-4.87,-4.87,-4.87,356200000.0,,356200000.0,924060431.0,-2.0,-2.246,53200000.0,0.546,1.0,327200000.0,0.33,93500000.0,0.0,1105100000.0,,124600000.0,75400000.0,0.0,75400000.0,982700000.0,236100000.0,746600000.0,805860431.0,-95900000.0,-1500000.0,-94100000.0,-2700000.0,0.0,-96800000.0,-90200000.0,-51200000.0,79900000.0,11200000.0,-474300000.0,-474300000.0,-474300000.0,22700000.0,-1300000.0,-0.479,743900000.0,-416700000.0,83000000.0,0.0,2.262,-1.699,-1.713,162800000.0,0.0,8.34,0.814,0.82,197600000.0,-965900000.0,990200000.0,990200000.0,60100000.0,,,,-0.482,10600000.0,240700000.0,1.0,96625951.0,97400000.0,97400000.0,10.166,1250100000.0,0.0,-3100000.0,5900000.0,12.835,664700000.0
2,ADCT1,MRY,2008-12-31,2008-10-31,2008-10-31,2020-05-18,-14100000.0,1921000000.0,2103100000.0,1077400000.0,843600000.0,0.686,7.807,-42100000.0,646700000.0,646700000.0,961300000.0,-42600000.0,3.876,1.101,653300000.0,2600000.0,650700000.0,653300000.0,0.0,80800000.0,0.0,0.0,0.0,-35700000.0,45100000.0,0.031,45100000.0,-35700000.0,-35700000.0,-0.36,-0.36,-0.36,914200000.0,987000000.0,914200000.0,729871746.0,-20.0,16.183,133500000.0,1.14,1.0,481300000.0,0.334,520400000.0,0.0,1129200000.0,1225325000.0,162700000.0,40400000.0,0.0,40400000.0,1006800000.0,278000000.0,728800000.0,746471746.0,111200000.0,-203500000.0,-56000000.0,219800000.0,0.0,163800000.0,-213900000.0,35100000.0,175600000.0,-14300000.0,-41900000.0,-41900000.0,-41900000.0,2500000.0,-700000.0,-0.029,414600000.0,66700000.0,99100000.0,0.0,0.817,-17.816,-17.611,177100000.0,0.0,6.34,0.517,0.515,240600000.0,-491500000.0,1442600000.0,1442600000.0,76200000.0,-0.02,-0.042,-0.029,-0.025,17200000.0,323200000.0,1.0,117740023.0,117100000.0,117100000.0,12.319,1400600000.0,0.0,6200000.0,2400000.0,11.961,799400000.0
3,ADCT1,MRY,2007-12-31,2007-10-31,2007-10-31,2020-05-18,2700000.0,1764800000.0,1704225000.0,1008200000.0,756600000.0,0.749,8.583,-29200000.0,533000000.0,533000000.0,834100000.0,106300000.0,2.127,0.751,401200000.0,200600000.0,200600000.0,401200000.0,0.0,68000000.0,0.0,0.0,0.0,109600000.0,177600000.0,0.139,177600000.0,109600000.0,109600000.0,0.91,0.91,0.91,1007600000.0,967150000.0,1007600000.0,2436713543.0,22.0,13.72,112600000.0,0.959,1.0,442600000.0,0.347,360300000.0,0.0,798600000.0,1138775000.0,169600000.0,175400000.0,61600000.0,113800000.0,757200000.0,474100000.0,283100000.0,2197313543.0,378000000.0,-9100000.0,4800000.0,0.0,0.0,4800000.0,221900000.0,259300000.0,141800000.0,9500000.0,106300000.0,106300000.0,106300000.0,17200000.0,0.0,0.083,364600000.0,78000000.0,89000000.0,0.0,2.181,20.671,20.549,198100000.0,0.0,18.7,1.721,1.72,204100000.0,-450900000.0,1276700000.0,1276700000.0,69600000.0,0.062,0.11,0.096,0.086,10500000.0,287200000.0,1.0,117503398.0,117400000.0,131900000.0,10.875,1404500000.0,0.0,3300000.0,15500000.0,11.963,534100000.0
4,ADCT1,MRY,2006-12-31,2006-10-31,2006-10-31,2020-05-18,-10200000.0,1611400000.0,1567200000.0,942700000.0,668700000.0,0.786,7.459,-31800000.0,156200000.0,156200000.0,825600000.0,65700000.0,3.572,0.845,400000000.0,0.0,400000000.0,400000000.0,0.0,67300000.0,0.0,0.0,0.0,28000000.0,95300000.0,0.077,95300000.0,28000000.0,28000000.0,0.56,0.56,0.56,873500000.0,823900000.0,873500000.0,1933980933.0,69.0,20.294,55100000.0,0.471,1.0,406300000.0,0.33,380500000.0,0.0,1210800000.0,1170325000.0,165400000.0,406100000.0,395400000.0,10700000.0,737900000.0,263900000.0,474000000.0,1677580933.0,34000000.0,0.0,9600000.0,0.0,0.0,9600000.0,-67000000.0,-43900000.0,86900000.0,4500000.0,65700000.0,65700000.0,65700000.0,28200000.0,0.0,0.053,361100000.0,45200000.0,88200000.0,0.0,1.921,25.534,25.554,206400000.0,0.0,14.31,1.362,1.36,193100000.0,-557200000.0,1231900000.0,1231900000.0,70900000.0,0.042,0.08,0.024,0.023,10000000.0,269600000.0,1.0,117231372.0,117100000.0,117400000.0,10.52,1230900000.0,0.0,-37700000.0,17700000.0,10.512,678800000.0
5,ADCT1,MRY,2005-12-31,2005-10-31,2005-10-31,2020-05-18,-25600000.0,1537200000.0,1496375000.0,854800000.0,682400000.0,0.754,6.672,-18700000.0,130200000.0,130200000.0,703700000.0,110700000.0,2.96,0.986,400000000.0,0.0,400000000.0,400000000.0,0.0,66900000.0,0.0,0.0,0.0,117900000.0,184800000.0,0.164,184800000.0,117900000.0,117900000.0,0.95,0.91,0.95,773900000.0,753300000.0,773900000.0,2315249430.0,20.0,12.528,45000000.0,0.388,1.0,425200000.0,0.377,405500000.0,0.0,1112700000.0,1202400000.0,140400000.0,347400000.0,335300000.0,12100000.0,763300000.0,288800000.0,474500000.0,2032949430.0,44700000.0,-140400000.0,13600000.0,0.0,0.0,13600000.0,-28100000.0,132000000.0,63700000.0,-4500000.0,110700000.0,110700000.0,110700000.0,-11900000.0,0.0,0.098,340000000.0,85200000.0,69600000.0,0.0,2.627,18.364,18.368,220400000.0,0.0,17.45,1.801,1.793,207600000.0,-622900000.0,1128900000.0,1128900000.0,70300000.0,0.074,0.147,0.098,0.104,3000000.0,259600000.0,1.0,116501400.0,116000000.0,131100000.0,9.732,1131700000.0,0.0,7200000.0,15900000.0,9.756,566000000.0
6,ADCT1,MRY,2004-12-31,2004-10-31,2004-10-31,2020-05-18,-13500000.0,1428100000.0,1330850000.0,836100000.0,592000000.0,0.551,5.708,-3200000.0,88100000.0,88100000.0,433400000.0,16400000.0,2.769,1.166,400300000.0,300000.0,400000000.0,400300000.0,0.0,40900000.0,0.0,0.0,0.0,18400000.0,59300000.0,0.081,59300000.0,18400000.0,18400000.0,0.14,0.14,0.14,659300000.0,624075000.0,659300000.0,1754943014.0,95.0,29.594,4700000.0,0.041,1.0,300500000.0,0.409,273100000.0,0.0,1165200000.0,827225000.0,97600000.0,461400000.0,434600000.0,26800000.0,768800000.0,302000000.0,466800000.0,1787643014.0,-191700000.0,-227300000.0,3700000.0,-10700000.0,0.0,-7000000.0,-192400000.0,42700000.0,7900000.0,-200000.0,16400000.0,16400000.0,16400000.0,15200000.0,0.0,0.022,276500000.0,24000000.0,72500000.0,0.0,2.711,109.003,110.5,232500000.0,0.0,15.47,2.436,2.435,191000000.0,-733600000.0,733900000.0,733900000.0,59100000.0,0.012,0.026,0.022,0.025,2900000.0,204100000.0,1.0,115555463.0,115500000.0,116000000.0,6.354,1155000000.0,0.0,2000000.0,27600000.0,10.0,534100000.0
7,ADCT1,MRY,2003-12-31,2003-10-31,2003-10-31,2020-05-18,-21200000.0,1296900000.0,1151350000.0,1032200000.0,264700000.0,0.504,5.468,-67600000.0,734300000.0,734300000.0,371800000.0,-76700000.0,3.869,1.066,408000000.0,8000000.0,400000000.0,408000000.0,0.0,53400000.0,0.0,0.0,0.0,-81800000.0,-28400000.0,-0.049,-28400000.0,-81800000.0,-81800000.0,-0.67,-0.67,-0.67,627700000.0,650975000.0,627700000.0,1712329090.0,-21.0,-60.293,-35600000.0,-0.31,1.0,208000000.0,0.359,12800000.0,0.0,691000000.0,455700000.0,57100000.0,46200000.0,26700000.0,19500000.0,669200000.0,266800000.0,402400000.0,2068529090.0,-18800000.0,1900000.0,8200000.0,371700000.0,0.0,345400000.0,-397000000.0,-492700000.0,32000000.0,800000.0,-76700000.0,-76700000.0,-76700000.0,36900000.0,0.0,-0.132,262000000.0,-54000000.0,43900000.0,0.0,3.295,-26.969,-26.851,175300000.0,0.0,17.99,3.568,3.562,112900000.0,-750000000.0,579800000.0,579800000.0,59900000.0,-0.067,-0.118,-0.18,-0.141,4400000.0,158900000.0,1.0,114982162.0,114800000.0,114800000.0,5.051,1284100000.0,0.0,-5100000.0,19300000.0,11.186,765400000.0
8,ADCT1,MRY,2002-12-31,2002-10-31,2002-10-31,2020-05-18,-14700000.0,1144200000.0,1837375000.0,686300000.0,457900000.0,0.446,6.442,-25600000.0,455900000.0,455900000.0,656300000.0,-1145000000.0,1.725,0.563,26500000.0,15700000.0,10800000.0,26500000.0,0.0,100800000.0,0.0,0.0,0.0,-896700000.0,-795900000.0,-0.971,-795900000.0,-896700000.0,-896700000.0,-10.08,-10.08,-10.08,732200000.0,1349925000.0,732200000.0,727780870.0,-1.0,-0.914,34100000.0,0.3,1.0,163200000.0,0.199,0.0,0.0,317000000.0,773650000.0,94900000.0,500000.0,500000.0,0.0,412000000.0,397800000.0,14200000.0,1258580870.0,-69800000.0,-1900000.0,9100000.0,-5200000.0,0.0,3900000.0,-133600000.0,70900000.0,59700000.0,200000.0,-1145000000.0,-1145000000.0,-1145000000.0,164800000.0,0.0,-1.397,901500000.0,-738300000.0,73000000.0,0.0,1.719,-1.099,-1.097,206800000.0,0.0,11.06,1.536,1.534,140900000.0,-673300000.0,819500000.0,819500000.0,106800000.0,-0.623,-0.848,-1.159,-1.094,14300000.0,251600000.0,1.0,113795739.0,113659000.0,113659000.0,7.21,1144200000.0,126600000.0,248300000.0,0.0,10.067,288500000.0
9,ADCT1,MRY,2001-12-31,2001-10-31,2001-10-31,2020-05-18,23900000.0,2499700000.0,2972750000.0,1305200000.0,1194500000.0,0.808,16.841,-230800000.0,348600000.0,348600000.0,1677800000.0,-1287700000.0,2.178,0.32,4700000.0,1700000.0,3000000.0,4700000.0,0.0,197800000.0,0.0,0.0,0.0,-1918500000.0,-1720700000.0,-0.716,-1720700000.0,-1918500000.0,-1920700000.0,-11.48,-11.48,-11.48,1893400000.0,2161675000.0,1893400000.0,3452652245.0,-2.0,-2.007,-135800000.0,-1.208,1.0,725000000.0,0.302,140100000.0,2200000.0,1416300000.0,2032575000.0,253600000.0,73200000.0,73200000.0,0.0,606300000.0,599400000.0,6900000.0,3592252245.0,131300000.0,68800000.0,40400000.0,-35800000.0,0.0,4600000.0,31000000.0,193000000.0,95000000.0,700000.0,-1287700000.0,-1287700000.0,-1287700000.0,0.0,0.0,-0.536,1756300000.0,-1031300000.0,162000000.0,0.0,1.897,-2.79,-2.774,614000000.0,0.0,31.85,1.495,1.49,317100000.0,471700000.0,2402800000.0,2402800000.0,287300000.0,-0.433,-0.596,-0.944,-0.798,18700000.0,715300000.0,1.0,112786570.0,112431000.0,112431000.0,21.371,2359600000.0,616100000.0,-633000000.0,0.0,20.987,705800000.0
10,ADCT1,MRY,2000-12-31,2000-10-31,2000-10-31,2020-05-18,84400000.0,3970500000.0,3052997500.0,2650900000.0,1319600000.0,1.077,28.255,-375300000.0,217300000.0,217300000.0,1679000000.0,868100000.0,2.546,0.363,24700000.0,8200000.0,16500000.0,24700000.0,0.0,146200000.0,0.0,0.0,0.0,1440900000.0,1587100000.0,0.483,1587100000.0,1440900000.0,1460400000.0,8.4,7.91,8.4,2912700000.0,2234043000.0,2912700000.0,15101247932.0,10.0,9.515,-124400000.0,-1.207,1.0,1608900000.0,0.489,0.0,-19500000.0,2736600000.0,2098015750.0,486100000.0,1136900000.0,1136900000.0,0.0,1057800000.0,1041300000.0,16500000.0,15181569932.0,-61700000.0,-345300000.0,277200000.0,-32500000.0,0.0,244700000.0,-524100000.0,196500000.0,250900000.0,-3700000.0,868100000.0,868100000.0,868100000.0,0.0,0.0,0.264,1243000000.0,365900000.0,231600000.0,0.0,5.212,17.488,17.813,608600000.0,0.0,149.625,4.617,4.691,702700000.0,1759400000.0,3287900000.0,3287900000.0,338000000.0,0.284,0.389,0.687,0.438,47100000.0,665600000.0,1.0,101464127.0,103088000.0,110045000.0,31.894,3970500000.0,52400000.0,592300000.0,365800000.0,38.516,1609600000.0
11,ADCT1,MRY,1999-12-31,1999-10-31,1999-10-31,2020-05-18,41900000.0,2057800000.0,1521407750.0,1376600000.0,681200000.0,1.414,16.792,-125100000.0,279000000.0,279000000.0,1148400000.0,77900000.0,3.069,0.29,49900000.0,35900000.0,14000000.0,49900000.0,0.0,114800000.0,0.0,0.0,0.0,121000000.0,235800000.0,0.11,235800000.0,121000000.0,134900000.0,0.84,0.77,0.84,1595300000.0,1141937750.0,1595300000.0,6466641489.0,53.0,27.424,165400000.0,1.741,1.0,1003400000.0,0.466,237000000.0,-13900000.0,1143200000.0,1024606500.0,284900000.0,255500000.0,255500000.0,0.0,462500000.0,448500000.0,14000000.0,6483575489.0,-181800000.0,-237400000.0,106800000.0,-167200000.0,0.0,-60400000.0,-398400000.0,-35900000.0,290500000.0,-2500000.0,77900000.0,77900000.0,77900000.0,0.0,0.0,0.036,868400000.0,135000000.0,131900000.0,0.0,4.064,83.229,99.349,341200000.0,0.0,83.453,3.013,3.684,468000000.0,899200000.0,2151800000.0,2151800000.0,250700000.0,0.051,0.068,0.118,0.056,1200000.0,445300000.0,1.0,77691220.0,95002000.0,97616000.0,22.65,1820800000.0,0.0,57000000.0,44500000.0,19.166,928100000.0
12,ADCT1,MRY,1998-12-31,1998-10-31,1998-10-31,2020-05-18,-10046000.0,1462232000.0,1108756750.0,998892000.0,463340000.0,1.651,11.18,-112600000.0,328030000.0,328030000.0,946000000.0,209900000.0,2.426,0.397,205798000.0,201851000.0,3947000.0,205798000.0,0.0,80400000.0,0.0,0.0,0.0,322300000.0,402700000.0,0.22,402700000.0,322300000.0,322300000.0,2.24,2.17,2.24,1046464000.0,877139250.0,1046464000.0,3017312329.0,9.0,7.493,57700000.0,0.616,1.0,884500000.0,0.483,0.0,0.0,928179000.0,780541000.0,175763000.0,47492000.0,47492000.0,0.0,415768000.0,411821000.0,3947000.0,3101212329.0,183600000.0,-47100000.0,52700000.0,199600000.0,0.0,252300000.0,-237200000.0,-76100000.0,170300000.0,-1800000.0,209900000.0,209900000.0,209900000.0,0.0,0.0,0.115,573400000.0,311100000.0,72527000.0,0.0,2.964,14.775,17.969,269238000.0,0.0,40.25,1.694,2.058,409718000.0,702212000.0,1830500000.0,1830500000.0,199800000.0,0.189,0.239,0.413,0.176,0.0,351900000.0,1.0,77048754.0,93602000.0,95716000.0,19.556,1462232000.0,0.0,112400000.0,33620000.0,15.622,587071000.0
13,ADCT1,MRY,1997-12-31,1997-10-31,1997-10-31,2020-05-18,-4612000.0,936303000.0,851382500.0,549467000.0,386836000.0,1.493,9.072,-126431000.0,109794000.0,109794000.0,661993000.0,132774000.0,3.012,0.247,3759000.0,650000.0,3109000.0,3759000.0,0.0,51330000.0,0.0,0.0,0.0,201983000.0,253313000.0,0.199,253313000.0,201983000.0,201983000.0,1.61,1.575,1.61,750795000.0,684132500.0,750795000.0,,,,-15930000.0,-0.192,1.0,609502000.0,0.479,0.0,0.0,647869000.0,549095500.0,168379000.0,0.0,0.0,0.0,185508000.0,182399000.0,3109000.0,4436458299.0,-52037000.0,-33917000.0,19203000.0,-4852000.0,0.0,14351000.0,-175886000.0,-12015000.0,110501000.0,-1003000.0,132774000.0,132774000.0,132774000.0,0.0,0.0,0.104,413831000.0,195671000.0,62879000.0,0.0,5.909,33.414,36.005,215677000.0,0.0,57.969,3.489,3.773,246241000.0,485683000.0,1271495000.0,1271495000.0,132784000.0,0.156,0.194,0.368,0.159,0.0,248334000.0,1.0,76531895.0,82760512.0,84293686.0,15.364,936303000.0,25053000.0,69209000.0,0.0,11.313,367068000.0
14,ADCT1,MRY,1996-12-31,1996-10-31,1996-10-31,2020-05-18,232000.0,766462000.0,,499501000.0,266961000.0,,8.421,-69057000.0,183221000.0,183221000.0,438847000.0,87463000.0,3.516,0.241,9160000.0,2247000.0,6913000.0,9160000.0,0.0,33794000.0,0.0,0.0,0.0,136663000.0,170457000.0,0.206,170457000.0,136663000.0,136663000.0,1.19,1.172,1.19,617470000.0,,617470000.0,,,,-5600000.0,-0.076,1.0,389162000.0,0.47,0.0,0.0,450322000.0,,130582000.0,0.0,0.0,0.0,148992000.0,142079000.0,6913000.0,,-55270000.0,-49291000.0,11696000.0,-4897000.0,0.0,6799000.0,-125616000.0,-7268000.0,63457000.0,90000.0,87463000.0,87463000.0,87463000.0,0.0,0.0,0.106,255978000.0,133184000.0,49459000.0,0.0,,,50.276,131080000.0,0.0,59.828,,5.298,163219000.0,373540000.0,828009000.0,828009000.0,90038000.0,,,,0.165,0.0,160705000.0,1.0,,73323752.0,74803210.0,11.293,766462000.0,22479000.0,49200000.0,0.0,10.453,357422000.0
15,ADCT1,MRY,1995-12-31,1995-10-31,1995-10-31,2020-05-18,,,,,,,,-32456000.0,,,302094000.0,55186000.0,,,,,,,,26341000.0,,0.0,0.0,86229000.0,112570000.0,0.192,112570000.0,86229000.0,86229000.0,0.822,,0.822,,,,,,,11803000.0,0.176,1.0,284128000.0,0.485,,0.0,,,,,,,,,,,188979000.0,-4676000.0,190671000.0,-400000.0,0.0,190271000.0,-45271000.0,-8139000.0,44259000.0,-280000.0,55186000.0,55186000.0,55186000.0,0.0,0.0,0.094,203804000.0,80324000.0,,0.0,,,42.579,,0.0,35.0,,3.995,,,586222000.0,586222000.0,66460000.0,,,,0.147,0.0,130297000.0,1.0,,66912195.0,,8.761,,,31043000.0,,,
0,ADCT1,MRQ,2010-09-30,2010-09-30,2010-09-30,2020-05-18,-20000000.0,1474500000.0,,1107700000.0,366800000.0,,4.433,-6600000.0,525800000.0,525800000.0,199700000.0,11300000.0,3.837,2.421,651100000.0,300000.0,650800000.0,651100000.0,0.0,15100000.0,0.0,0.0,0.0,13600000.0,28700000.0,0.092,28700000.0,13600000.0,13600000.0,0.11,0.1,0.11,429600000.0,,429600000.0,1423280274.0,21.0,10.898,27800000.0,0.287,1.0,112900000.0,0.361,81900000.0,0.0,1229200000.0,,106400000.0,228600000.0,178800000.0,49800000.0,1040100000.0,288700000.0,751400000.0,1229380274.0,68900000.0,-4000000.0,0.0,-200000.0,0.0,-200000.0,29600000.0,39500000.0,34400000.0,5100000.0,10600000.0,10600000.0,10600000.0,300000.0,700000.0,0.034,97300000.0,15600000.0,97200000.0,0.0,2.862,19.829,19.797,146500000.0,0.0,12.67,1.063,1.061,252500000.0,-898400000.0,312600000.0,312600000.0,20300000.0,,,,,2800000.0,76100000.0,1.0,97030803.0,96900000.0,100000000.0,3.226,1392600000.0,0.0,3000000.0,4700000.0,14.372,819000000.0
1,ADCT1,MRQ,2010-06-30,2010-07-02,2010-07-02,2020-05-18,0.0,1415000000.0,,1007000000.0,408000000.0,,4.377,-8000000.0,457300000.0,457300000.0,191400000.0,75700000.0,3.935,2.321,651200000.0,300000.0,650900000.0,651200000.0,0.0,15200000.0,0.0,0.0,0.0,77700000.0,92900000.0,0.305,92900000.0,77700000.0,77700000.0,0.78,0.68,0.78,424600000.0,,424600000.0,938107034.0,13.0,7.139,77300000.0,0.797,1.0,113000000.0,0.371,85400000.0,0.0,1267600000.0,,116300000.0,266300000.0,181000000.0,85300000.0,985600000.0,255900000.0,729700000.0,743907034.0,3000000.0,-900000.0,0.0,-100000.0,0.0,-100000.0,-77700000.0,-70900000.0,85300000.0,-4500000.0,75800000.0,75800000.0,75800000.0,100000.0,-100000.0,0.249,86800000.0,26200000.0,82200000.0,0.0,1.752,11.771,11.984,147900000.0,0.0,7.67,0.753,0.753,223900000.0,,304400000.0,304400000.0,16200000.0,,,,,3000000.0,71800000.0,1.0,96989183.0,97000000.0,121600000.0,3.138,1329600000.0,0.0,1900000.0,3100000.0,13.707,751100000.0
2,ADCT1,MRQ,2010-03-31,2010-04-02,2010-04-02,2020-05-18,0.0,1345100000.0,,929600000.0,415500000.0,,3.612,-6800000.0,457000000.0,457000000.0,174100000.0,-12700000.0,3.69,2.825,651200000.0,300000.0,650900000.0,651200000.0,0.0,15600000.0,0.0,0.0,0.0,-12300000.0,3300000.0,0.012,3300000.0,-12300000.0,-12300000.0,-0.14,-0.14,-0.14,350400000.0,,350400000.0,782163536.0,1955.0,12.718,-4200000.0,-0.043,1.0,99900000.0,0.365,89800000.0,0.0,1197600000.0,,122800000.0,190500000.0,111300000.0,79200000.0,989800000.0,251900000.0,737900000.0,711763536.0,-112300000.0,-1300000.0,0.0,-300000.0,0.0,-300000.0,-114500000.0,-118300000.0,2600000.0,-100000.0,-13100000.0,-13100000.0,-13100000.0,200000.0,400000.0,-0.048,91700000.0,8200000.0,77300000.0,0.0,2.031,-122.718,-104.857,153800000.0,0.0,7.34,0.731,0.731,210500000.0,,274000000.0,274000000.0,16900000.0,,,,,2500000.0,69800000.0,1.0,96970509.0,97000000.0,97000000.0,2.825,1255300000.0,0.0,800000.0,2200000.0,12.941,677700000.0
3,ADCT1,MRQ,2009-12-31,2010-01-01,2010-01-01,2020-05-18,0.0,1336100000.0,,950000000.0,386100000.0,,3.668,-6700000.0,581100000.0,581100000.0,173500000.0,-11000000.0,4.118,2.758,651500000.0,600000.0,650900000.0,651500000.0,0.0,15600000.0,0.0,0.0,0.0,-9800000.0,5800000.0,0.022,5800000.0,-9800000.0,-9800000.0,-0.12,-0.11,-0.12,354300000.0,,354300000.0,691150137.0,-2.0,-1.864,7600000.0,0.079,1.0,92100000.0,0.347,94600000.0,0.0,1081200000.0,,123900000.0,74200000.0,51000000.0,23200000.0,977000000.0,230700000.0,746300000.0,600050137.0,23000000.0,12500000.0,0.0,-1700000.0,0.0,-1700000.0,10100000.0,2000000.0,14300000.0,300000.0,-11200000.0,-11200000.0,-11200000.0,14600000.0,200000.0,-0.042,96200000.0,-4100000.0,73600000.0,0.0,1.694,-1.377,-1.374,158300000.0,0.0,6.21,0.628,0.627,186500000.0,,265600000.0,265600000.0,16300000.0,,,,,6400000.0,70600000.0,1.0,96626431.0,96600000.0,97900000.0,2.749,1241500000.0,0.0,1400000.0,3300000.0,12.852,719300000.0
4,ADCT1,MRQ,2009-09-30,2009-09-30,2009-09-30,2020-05-18,-13400000.0,1343600000.0,,900800000.0,442800000.0,,3.657,-3300000.0,560500000.0,560500000.0,75700000.0,11600000.0,3.815,2.759,651600000.0,600000.0,651000000.0,651600000.0,0.0,14600000.0,0.0,0.0,0.0,14800000.0,29400000.0,0.205,29400000.0,14800000.0,14800000.0,0.12,0.12,0.12,356200000.0,,356200000.0,924060431.0,-2.0,-2.246,7700000.0,0.079,1.0,67900000.0,0.473,93500000.0,0.0,1105100000.0,,124600000.0,75400000.0,0.0,75400000.0,982700000.0,236100000.0,746600000.0,805860431.0,17700000.0,2400000.0,7100000.0,-700000.0,0.0,6400000.0,-15900000.0,-11100000.0,11000000.0,16200000.0,11700000.0,11700000.0,11700000.0,2700000.0,-100000.0,0.081,68000000.0,-100000.0,83000000.0,0.0,2.262,-1.699,-1.713,162800000.0,0.0,8.34,0.814,0.82,197600000.0,-965900000.0,143600000.0,143600000.0,9800000.0,,,,,400000.0,44100000.0,1.0,96625951.0,97400000.0,97400000.0,1.474,1250100000.0,0.0,3100000.0,5900000.0,12.835,664700000.0
5,ADCT1,MRQ,2009-06-30,2009-06-26,2009-06-26,2020-05-18,,,,,,,,-10200000.0,,,188100000.0,6900000.0,,,,,,,,15300000.0,,0.0,0.0,7700000.0,23000000.0,0.079,23000000.0,7700000.0,7700000.0,0.07,0.07,0.07,,,,946684631.0,,,33700000.0,0.349,1.0,102200000.0,0.352,,0.0,,,,,,,,,,784584631.0,43800000.0,-1200000.0,0.0,-100000.0,0.0,-100000.0,-4400000.0,0.0,43900000.0,4400000.0,6800000.0,6800000.0,6800000.0,8300000.0,100000.0,0.023,80300000.0,21900000.0,,0.0,,,,,0.0,8.12,,,,,290300000.0,290300000.0,16000000.0,,,,,2900000.0,59700000.0,1.0,96623723.0,96600000.0,97400000.0,3.005,,,900000.0,,,
6,ADCT1,MRQ,2009-03-31,2009-03-27,2009-03-27,2020-05-18,,,,,,,,-8400000.0,,,173800000.0,-443700000.0,,,,,,,,17100000.0,,0.0,0.0,-446100000.0,-429000000.0,-1.672,-429000000.0,-446100000.0,-446100000.0,-4.59,-4.59,-4.59,,,,545722141.0,,,-5400000.0,-0.056,1.0,82800000.0,0.323,,0.0,,,,,,,,,,424122141.0,-76400000.0,-5400000.0,0.0,-1000000.0,0.0,-1000000.0,-77800000.0,-51900000.0,3000000.0,-600000.0,-443100000.0,-443100000.0,-443100000.0,9700000.0,-600000.0,-1.727,496800000.0,-414000000.0,,0.0,,,,,0.0,4.39,,,,,256600000.0,256600000.0,17300000.0,,,,,3200000.0,67700000.0,1.0,96610966.0,96600000.0,96600000.0,2.656,,,-3000000.0,,,
7,ADCT1,MRQ,2008-12-31,2008-12-26,2008-12-26,2020-05-18,,,,,,,,-4800000.0,,,225400000.0,-50400000.0,,,,,,,,19000000.0,,0.0,0.0,-53800000.0,-34800000.0,-0.116,-34800000.0,-53800000.0,-53800000.0,-0.47,-0.47,-0.47,,,,476296871.0,,,17200000.0,0.163,1.0,74300000.0,0.248,,0.0,,,,,,,,,,469696871.0,-81000000.0,2700000.0,-101200000.0,-900000.0,0.0,-102100000.0,7900000.0,11800000.0,22000000.0,-8800000.0,-49700000.0,-49700000.0,-49700000.0,2000000.0,-700000.0,-0.166,98800000.0,-24500000.0,,0.0,,,,,0.0,4.87,,,,,299700000.0,299700000.0,17000000.0,,,,,4100000.0,69200000.0,1.0,96446996.0,105500000.0,105500000.0,2.841,,,-4100000.0,,,
8,ADCT1,MRQ,2008-09-30,2008-10-31,2008-10-31,2020-05-18,-14100000.0,1921000000.0,,1077400000.0,843600000.0,,7.929,-11600000.0,646700000.0,646700000.0,249700000.0,-46700000.0,3.876,1.101,653300000.0,2600000.0,650700000.0,653300000.0,0.0,19400000.0,0.0,0.0,0.0,-46100000.0,-26700000.0,-0.079,-26700000.0,-46100000.0,-46100000.0,-0.39,-0.39,-0.39,914200000.0,,914200000.0,729871746.0,-20.0,16.183,53500000.0,0.464,1.0,88800000.0,0.262,520400000.0,0.0,1129200000.0,,162700000.0,40400000.0,0.0,40400000.0,1006800000.0,278000000.0,728800000.0,746471746.0,-25100000.0,1100000.0,-56400000.0,-600000.0,0.0,-57000000.0,-12600000.0,100000.0,65100000.0,-20600000.0,-46000000.0,-46000000.0,-46000000.0,5600000.0,-700000.0,-0.136,99700000.0,-10900000.0,99100000.0,0.0,0.817,-17.816,-17.611,177100000.0,0.0,6.34,0.517,0.515,240600000.0,-491500000.0,338500000.0,338500000.0,13200000.0,,,,,4500000.0,73600000.0,1.0,117740023.0,115300000.0,113500000.0,2.936,1400600000.0,0.0,-100000.0,2400000.0,12.147,799400000.0
9,ADCT1,MRQ,2008-06-30,2008-08-01,2008-08-01,2020-05-18,0.0,2051800000.0,,1152200000.0,899600000.0,,8.801,-10700000.0,670900000.0,670900000.0,251200000.0,15100000.0,4.361,0.981,654300000.0,3500000.0,650800000.0,654300000.0,0.0,20900000.0,0.0,0.0,0.0,18000000.0,38900000.0,0.102,38900000.0,18000000.0,18000000.0,0.13,0.13,0.13,1035900000.0,,1035900000.0,1148154957.0,604.0,14.37,45400000.0,0.386,1.0,130600000.0,0.342,525500000.0,0.0,1245500000.0,,190500000.0,66800000.0,200000.0,66600000.0,1015900000.0,264200000.0,751700000.0,1119454957.0,-156800000.0,0.0,100000.0,-200900000.0,0.0,-200800000.0,-12800000.0,0.0,56100000.0,700000.0,15100000.0,15100000.0,15100000.0,-1700000.0,0.0,0.04,104800000.0,25800000.0,95900000.0,0.0,1.081,-589.187,-951.0,200800000.0,0.0,9.51,0.806,0.806,271300000.0,,381800000.0,381800000.0,21700000.0,,,,,3500000.0,83000000.0,1.0,117713455.0,117700000.0,118300000.0,3.244,1526300000.0,0.0,2900000.0,5000000.0,12.968,888000000.0
10,ADCT1,MRQ,2008-03-31,2008-05-02,2008-05-02,2020-05-18,0.0,2234500000.0,,1330600000.0,903900000.0,,8.59,-12500000.0,826400000.0,826400000.0,251700000.0,16300000.0,2.821,1.21,855100000.0,204100000.0,651000000.0,855100000.0,0.0,20400000.0,0.0,0.0,0.0,18200000.0,38600000.0,0.098,38600000.0,18200000.0,18200000.0,0.14,0.14,0.14,1011100000.0,,1011100000.0,1756206831.0,702.0,22.867,36800000.0,0.313,1.0,141500000.0,0.36,528200000.0,0.0,1263300000.0,,197900000.0,72400000.0,200000.0,72200000.0,1223400000.0,471700000.0,751700000.0,1690006831.0,20700000.0,-7500000.0,0.0,-18000000.0,0.0,-18000000.0,-16100000.0,3000000.0,49300000.0,5500000.0,16300000.0,16300000.0,16300000.0,-300000.0,0.0,0.041,107700000.0,33800000.0,103500000.0,0.0,1.671,-4225.017,,202700000.0,0.0,14.36,1.25,1.25,285800000.0,,393200000.0,393200000.0,21800000.0,,,,,3800000.0,84900000.0,1.0,117688498.0,117700000.0,118200000.0,3.341,1706300000.0,0.0,1900000.0,4400000.0,14.497,858900000.0
11,ADCT1,MRQ,2007-12-31,2008-02-01,2008-02-01,2020-05-18,0.0,2205100000.0,,1279800000.0,925300000.0,,8.391,-7300000.0,805700000.0,805700000.0,208700000.0,-27300000.0,2.722,1.235,871900000.0,220600000.0,651300000.0,871900000.0,0.0,20100000.0,0.0,0.0,0.0,-25800000.0,-5700000.0,-0.017,-5700000.0,-25800000.0,-25800000.0,-0.23,-0.23,-0.23,986800000.0,,986800000.0,1609593152.0,20.0,10.723,-2200000.0,-0.019,1.0,120400000.0,0.366,537800000.0,0.0,1263300000.0,,197500000.0,93600000.0,3300000.0,90300000.0,1218300000.0,470200000.0,748100000.0,1741393152.0,272400000.0,-197100000.0,300000.0,439300000.0,0.0,439600000.0,-172400000.0,32000000.0,5100000.0,100000.0,-27300000.0,-27300000.0,-27300000.0,-1100000.0,0.0,-0.083,102400000.0,18000000.0,106200000.0,0.0,1.765,23.095,22.785,201000000.0,0.0,14.81,1.331,1.331,249000000.0,,329100000.0,329100000.0,19500000.0,,,,,5400000.0,81700000.0,1.0,117582252.0,117600000.0,117600000.0,2.798,1667300000.0,0.0,1500000.0,3500000.0,14.178,809600000.0
12,ADCT1,MRQ,2007-09-30,2007-10-31,2007-10-31,2020-05-18,2700000.0,1764800000.0,,1008200000.0,756600000.0,,8.561,-5100000.0,533000000.0,533000000.0,170400000.0,-6000000.0,2.127,0.751,401200000.0,200600000.0,200600000.0,401200000.0,0.0,16600000.0,0.0,0.0,0.0,-8500000.0,8100000.0,0.029,8100000.0,-8500000.0,-8500000.0,-0.05,-0.02,-0.05,1007600000.0,,1007600000.0,2436713543.0,22.0,13.72,41000000.0,0.348,1.0,113700000.0,0.4,360300000.0,0.0,798600000.0,,169600000.0,175400000.0,61600000.0,113800000.0,757200000.0,474100000.0,283100000.0,2197313543.0,371300000.0,100000.0,1200000.0,0.0,0.0,1200000.0,321200000.0,328000000.0,46100000.0,2800000.0,-6000000.0,-6000000.0,-6000000.0,9000000.0,0.0,-0.021,91700000.0,22000000.0,89000000.0,0.0,2.181,20.671,20.549,198100000.0,0.0,18.7,1.721,1.72,204100000.0,-450900000.0,284100000.0,284100000.0,17500000.0,,,,,3300000.0,78100000.0,1.0,117503398.0,117700000.0,132200000.0,2.414,1404500000.0,0.0,-2500000.0,15500000.0,11.933,534100000.0
13,ADCT1,MRQ,2007-06-30,2007-08-03,2007-08-03,2020-05-18,0.0,1737400000.0,,1092600000.0,644800000.0,,8.532,-6300000.0,161900000.0,161900000.0,232500000.0,16600000.0,2.44,0.735,401300000.0,200700000.0,200600000.0,401300000.0,0.0,17200000.0,0.0,0.0,0.0,18600000.0,35800000.0,0.103,35800000.0,18600000.0,18600000.0,0.14,0.14,0.14,1001600000.0,,1001600000.0,2445892931.0,22.0,13.446,22500000.0,0.192,1.0,113600000.0,0.328,365200000.0,0.0,1163800000.0,,175100000.0,532700000.0,528700000.0,4000000.0,735800000.0,447800000.0,288000000.0,2177892931.0,30100000.0,-7500000.0,1600000.0,0.0,0.0,1600000.0,-1800000.0,11600000.0,28800000.0,1500000.0,16600000.0,16600000.0,16600000.0,800000.0,0.0,0.048,99200000.0,14400000.0,92000000.0,0.0,2.174,14.291,14.269,201900000.0,0.0,18.55,1.742,1.742,209300000.0,,346100000.0,346100000.0,17600000.0,,,,,2600000.0,69600000.0,1.0,117406627.0,117400000.0,117800000.0,2.948,1372200000.0,0.0,2000000.0,13400000.0,11.688,644800000.0
14,ADCT1,MRQ,2007-03-31,2007-05-04,2007-05-04,2020-05-18,0.0,1716500000.0,,1066700000.0,649800000.0,,8.355,-9300000.0,132000000.0,132000000.0,228900000.0,92100000.0,4.216,0.752,400000000.0,0.0,400000000.0,400000000.0,0.0,17100000.0,0.0,0.0,0.0,94800000.0,111900000.0,0.32,111900000.0,94800000.0,94800000.0,0.79,0.72,0.79,980000000.0,,980000000.0,2423595358.0,24.0,14.215,31800000.0,0.271,1.0,120400000.0,0.345,370200000.0,0.0,1361300000.0,,172800000.0,544400000.0,537200000.0,7200000.0,736500000.0,253000000.0,483500000.0,2177695358.0,-22300000.0,-1800000.0,1900000.0,0.0,0.0,1900000.0,-69000000.0,-58300000.0,41100000.0,3700000.0,92100000.0,92100000.0,92100000.0,1300000.0,0.0,0.264,86000000.0,34400000.0,96600000.0,0.0,2.222,15.511,15.475,204300000.0,0.0,18.57,1.746,1.746,205500000.0,,349300000.0,349300000.0,17700000.0,,,,,2700000.0,69200000.0,1.0,117269540.0,117300000.0,131800000.0,2.978,1346300000.0,0.0,2700000.0,18100000.0,11.477,813700000.0
15,ADCT1,MRQ,2006-12-31,2007-02-02,2007-02-02,2020-05-18,0.0,1598200000.0,,943100000.0,655100000.0,,7.503,-8500000.0,154100000.0,154100000.0,202300000.0,3600000.0,3.964,0.817,400000000.0,0.0,400000000.0,400000000.0,0.0,17100000.0,0.0,0.0,0.0,4700000.0,21800000.0,0.073,21800000.0,4700000.0,4700000.0,0.03,0.03,0.03,879400000.0,,879400000.0,2196146749.0,66.0,21.723,17300000.0,0.148,1.0,94900000.0,0.319,374800000.0,0.0,1231400000.0,,167800000.0,428000000.0,420800000.0,7200000.0,718800000.0,237900000.0,480900000.0,1952446749.0,-1100000.0,100000.0,100000.0,0.0,0.0,100000.0,-28500000.0,-22000000.0,25800000.0,1500000.0,3600000.0,3600000.0,3600000.0,6100000.0,0.0,0.012,87700000.0,7200000.0,82900000.0,0.0,2.22,27.461,27.75,204500000.0,0.0,16.65,1.554,1.553,176000000.0,,297200000.0,297200000.0,16800000.0,,,,,1900000.0,70300000.0,1.0,117264069.0,117200000.0,117300000.0,2.536,1223400000.0,0.0,1100000.0,18100000.0,10.439,705200000.0
16,ADCT1,MRQ,2006-09-30,2006-10-31,2006-10-31,2020-05-18,-10200000.0,1611400000.0,,942700000.0,668700000.0,,7.44,-9500000.0,156200000.0,156200000.0,171200000.0,40100000.0,3.572,0.845,400000000.0,0.0,400000000.0,400000000.0,0.0,17000000.0,0.0,0.0,0.0,-4600000.0,12400000.0,0.048,12400000.0,-4600000.0,-4600000.0,0.34,0.34,0.34,873500000.0,,873500000.0,1933980933.0,69.0,20.294,25800000.0,0.22,1.0,86200000.0,0.335,380500000.0,0.0,1210800000.0,,165400000.0,406100000.0,395400000.0,10700000.0,737900000.0,263900000.0,474000000.0,1677580933.0,15000000.0,3200000.0,-100000.0,0.0,0.0,-100000.0,-21200000.0,-15600000.0,35300000.0,1000000.0,40100000.0,40100000.0,40100000.0,6200000.0,0.0,0.156,87800000.0,-1600000.0,88200000.0,0.0,1.921,25.534,25.554,206400000.0,0.0,14.31,1.362,1.36,193100000.0,-557200000.0,257400000.0,257400000.0,15600000.0,,,,,800000.0,58300000.0,1.0,117231372.0,117400000.0,117100000.0,2.193,1230900000.0,0.0,-44700000.0,17700000.0,10.485,678800000.0
17,ADCT1,MRQ,2006-06-30,2006-07-28,2006-07-28,2020-05-18,0.0,1574200000.0,,940200000.0,634000000.0,,7.063,-9100000.0,143600000.0,143600000.0,231400000.0,4600000.0,3.568,0.902,400000000.0,0.0,400000000.0,400000000.0,0.0,16700000.0,0.0,0.0,0.0,7700000.0,24400000.0,0.071,24400000.0,7700000.0,7700000.0,0.04,0.04,0.04,827800000.0,,827800000.0,1701011666.0,47.0,15.228,14100000.0,0.12,1.0,112200000.0,0.327,386600000.0,0.0,1180500000.0,,166800000.0,382900000.0,378000000.0,4900000.0,746400000.0,263500000.0,482900000.0,1454911666.0,-1200000.0,-3200000.0,100000.0,0.0,0.0,100000.0,-26200000.0,-19800000.0,23200000.0,1700000.0,4600000.0,4600000.0,4600000.0,18600000.0,0.0,0.013,88200000.0,24000000.0,104200000.0,0.0,1.758,54.902,59.095,210300000.0,0.0,12.41,1.149,1.148,214800000.0,,343600000.0,343600000.0,17300000.0,,,,,2700000.0,67400000.0,1.0,117237040.0,117200000.0,117400000.0,2.932,1187600000.0,0.0,3100000.0,17700000.0,10.133,676700000.0
18,ADCT1,MRQ,2006-03-31,2006-04-28,2006-04-28,2020-05-18,0.0,1568500000.0,,920200000.0,648300000.0,,6.928,-7000000.0,154000000.0,154000000.0,236400000.0,22800000.0,3.343,0.933,400100000.0,100000.0,400000000.0,400100000.0,0.0,17100000.0,0.0,0.0,0.0,25400000.0,42500000.0,0.119,42500000.0,25400000.0,25400000.0,0.19,0.19,0.19,811300000.0,,811300000.0,2900706167.0,54.0,22.876,32500000.0,0.278,1.0,121700000.0,0.34,393100000.0,0.0,1146200000.0,,145900000.0,358900000.0,356900000.0,2000000.0,757200000.0,275300000.0,481900000.0,2621906167.0,30900000.0,0.0,3700000.0,0.0,0.0,3700000.0,-13100000.0,-6400000.0,39500000.0,800000.0,22800000.0,22800000.0,22800000.0,2300000.0,0.0,0.064,96500000.0,25200000.0,103900000.0,0.0,3.232,57.247,60.514,211800000.0,0.0,22.39,2.132,2.132,238300000.0,,358100000.0,358100000.0,19000000.0,,,,,3100000.0,75700000.0,1.0,117101660.0,117100000.0,117900000.0,3.058,1175400000.0,0.0,2600000.0,17500000.0,10.038,644900000.0
19,ADCT1,MRQ,2005-12-31,2006-01-27,2006-01-27,2020-05-18,0.0,1514700000.0,,842700000.0,672000000.0,,6.71,-6200000.0,121300000.0,121300000.0,186600000.0,-1800000.0,3.36,0.934,400100000.0,100000.0,400000000.0,400100000.0,0.0,16500000.0,0.0,0.0,0.0,-500000.0,16000000.0,0.059,16000000.0,-500000.0,-500000.0,-0.02,-0.02,-0.02,783000000.0,,783000000.0,3184294226.0,50.0,23.87,-17300000.0,-0.148,1.0,86200000.0,0.316,398900000.0,0.0,1143800000.0,,142800000.0,349800000.0,338800000.0,11000000.0,731700000.0,250800000.0,480900000.0,2917694226.0,-10700000.0,0.0,5900000.0,0.0,0.0,5900000.0,-6500000.0,-2100000.0,-11100000.0,1000000.0,-1800000.0,-1800000.0,-1800000.0,1100000.0,0.0,-0.007,88600000.0,-2400000.0,81400000.0,0.0,3.726,51.732,53.149,218100000.0,0.0,24.98,2.462,2.46,217900000.0,,272800000.0,272800000.0,19000000.0,,,,,3400000.0,68200000.0,1.0,116801210.0,116700000.0,116700000.0,2.338,1115800000.0,0.0,1300000.0,16200000.0,9.561,591900000.0
20,ADCT1,MRQ,2005-09-30,2005-10-31,2005-10-31,2020-05-18,-25600000.0,1537200000.0,,854800000.0,682400000.0,,6.637,-16000000.0,130200000.0,130200000.0,184700000.0,900000.0,2.96,0.986,400000000.0,0.0,400000000.0,400000000.0,0.0,25500000.0,0.0,0.0,0.0,3300000.0,28800000.0,0.099,28800000.0,3300000.0,3300000.0,0.0,0.02,0.0,773900000.0,,773900000.0,2315249430.0,20.0,12.528,39800000.0,0.341,1.0,107400000.0,0.368,405500000.0,0.0,1112700000.0,,140400000.0,347400000.0,335300000.0,12100000.0,763300000.0,288800000.0,474500000.0,2032949430.0,9200000.0,-167000000.0,2200000.0,0.0,0.0,2200000.0,-45600000.0,144100000.0,55800000.0,-3200000.0,900000.0,900000.0,900000.0,9100000.0,0.0,0.003,95300000.0,12100000.0,69600000.0,,2.627,18.364,18.368,220400000.0,0.0,17.45,1.801,1.793,207600000.0,-622900000.0,292100000.0,292100000.0,18500000.0,,,,,800000.0,72800000.0,1.0,116501400.0,116600000.0,132000000.0,2.505,1131700000.0,0.0,2400000.0,15900000.0,9.706,566000000.0
21,ADCT1,MRQ,2005-06-30,2005-07-29,2005-07-29,2020-05-18,0.0,1516200000.0,,983800000.0,532400000.0,,6.702,-8900000.0,117700000.0,117700000.0,189500000.0,23900000.0,3.594,0.95,400000000.0,0.0,400000000.0,400000000.0,0.0,14100000.0,0.0,0.0,0.0,25400000.0,39500000.0,0.129,39500000.0,25400000.0,25400000.0,0.2,0.2,0.2,777400000.0,,777400000.0,3313021647.0,19.0,14.474,15900000.0,0.137,1.0,117500000.0,0.383,262400000.0,0.0,1262400000.0,,130000000.0,490900000.0,474300000.0,16600000.0,738800000.0,273700000.0,465100000.0,3032421647.0,2100000.0,-7100000.0,9000000.0,0.0,0.0,9000000.0,-28500000.0,-15400000.0,24800000.0,-3200000.0,23900000.0,23900000.0,23900000.0,13600000.0,0.0,0.078,81600000.0,35900000.0,80400000.0,0.0,3.901,17.89,17.904,217300000.0,0.0,26.14,2.795,2.795,243400000.0,,307000000.0,307000000.0,18400000.0,,,,,700000.0,63000000.0,1.0,116006949.0,116000000.0,131400000.0,2.647,1253800000.0,0.0,1500000.0,19700000.0,10.809,710100000.0
22,ADCT1,MRQ,2005-03-31,2005-04-29,2005-04-29,2020-05-18,0.0,1499200000.0,,954500000.0,544700000.0,,6.474,7700000.0,119400000.0,119400000.0,196200000.0,33400000.0,3.405,1.002,400000000.0,0.0,400000000.0,400000000.0,0.0,13400000.0,0.0,0.0,0.0,35700000.0,49100000.0,0.157,49100000.0,35700000.0,35700000.0,0.29,0.27,0.29,749000000.0,,749000000.0,2127187186.0,16.0,11.474,7100000.0,0.061,1.0,116900000.0,0.373,263700000.0,0.0,1235800000.0,,123900000.0,466700000.0,448400000.0,18300000.0,750200000.0,280300000.0,469900000.0,1840487186.0,11700000.0,100000.0,1500000.0,0.0,0.0,1500000.0,9100000.0,-4500000.0,-600000.0,1700000.0,33400000.0,33400000.0,33400000.0,1400000.0,0.0,0.107,85100000.0,31800000.0,86500000.0,0.0,2.457,14.017,13.939,219000000.0,0.0,15.89,1.835,1.833,247700000.0,,313100000.0,313100000.0,18200000.0,,,,,800000.0,63600000.0,1.0,115826758.0,115700000.0,130500000.0,2.706,1235500000.0,0.0,2300000.0,25900000.0,10.678,674200000.0
23,ADCT1,MRQ,2004-12-31,2005-01-28,2005-01-28,2020-05-18,0.0,1432900000.0,,843300000.0,589600000.0,,6.167,-1500000.0,113300000.0,113300000.0,158500000.0,52500000.0,3.365,1.01,400000000.0,0.0,400000000.0,400000000.0,0.0,13900000.0,0.0,0.0,0.0,53500000.0,67400000.0,0.28,67400000.0,53500000.0,53500000.0,0.45,0.45,0.45,712900000.0,,712900000.0,2049741392.0,28.0,17.196,-17800000.0,-0.154,1.0,82100000.0,0.341,270300000.0,0.0,1198700000.0,,109200000.0,454100000.0,425000000.0,29100000.0,720000000.0,250600000.0,469400000.0,2165641392.0,21700000.0,33600000.0,900000.0,0.0,0.0,900000.0,36900000.0,7800000.0,-16300000.0,200000.0,52500000.0,52500000.0,52500000.0,-38400000.0,0.0,0.218,79200000.0,2900000.0,72700000.0,0.0,3.038,30.374,28.903,229000000.0,0.0,17.92,2.568,2.456,185100000.0,,240600000.0,240600000.0,15200000.0,,,,,700000.0,60900000.0,1.0,120850524.0,115600000.0,115900000.0,2.081,1162600000.0,0.0,1000000.0,24900000.0,10.057,592700000.0
24,ADCT1,MRQ,2004-09-30,2004-10-31,2004-10-31,2020-05-18,-13500000.0,1428100000.0,,836100000.0,592000000.0,,5.693,-3600000.0,88100000.0,88100000.0,125800000.0,59700000.0,2.769,1.166,400300000.0,300000.0,400000000.0,400300000.0,0.0,12000000.0,0.0,0.0,0.0,60900000.0,72900000.0,0.325,72900000.0,60900000.0,60900000.0,0.52,0.51,0.52,659300000.0,,659300000.0,1754943014.0,95.0,29.594,23200000.0,0.2,1.0,98400000.0,0.439,273100000.0,0.0,1165200000.0,,97600000.0,461400000.0,434600000.0,26800000.0,768800000.0,302000000.0,466800000.0,1787643014.0,33700000.0,61400000.0,400000.0,-500000.0,0.0,-100000.0,6300000.0,-51100000.0,26800000.0,700000.0,59700000.0,59700000.0,59700000.0,-36900000.0,0.0,0.266,84200000.0,14200000.0,72500000.0,0.0,2.711,109.003,110.5,232500000.0,0.0,15.47,2.436,2.435,191000000.0,-733600000.0,224200000.0,224200000.0,15900000.0,,,,,800000.0,68900000.0,1.0,115555463.0,115800000.0,115400000.0,1.936,1155000000.0,0.0,1200000.0,27600000.0,9.974,534100000.0
25,ADCT1,MRQ,2004-06-30,2004-07-31,2004-07-31,2020-05-18,0.0,1354600000.0,,778800000.0,575800000.0,,5.151,1400000.0,433700000.0,433700000.0,139100000.0,-14300000.0,2.652,1.275,401000000.0,600000.0,400400000.0,401000000.0,0.0,10000000.0,0.0,0.0,0.0,-14000000.0,-4000000.0,-0.018,-4000000.0,-14000000.0,-14000000.0,-0.12,-0.12,-0.12,595500000.0,,595500000.0,1593201794.0,-41.0,1991.502,-14200000.0,-0.123,1.0,85800000.0,0.382,249600000.0,0.0,778600000.0,,112200000.0,30600000.0,7400000.0,23200000.0,759100000.0,293700000.0,465400000.0,1941401794.0,-5300000.0,-292400000.0,-1300000.0,-1900000.0,0.0,-3200000.0,14300000.0,307100000.0,-15600000.0,-800000.0,-14300000.0,-14300000.0,-14300000.0,11200000.0,0.0,-0.064,81900000.0,3900000.0,68800000.0,0.0,3.26,-57.1,-67.2,240500000.0,0.0,16.8,3.044,3.045,183800000.0,,224900000.0,224900000.0,16500000.0,,,,,1400000.0,64800000.0,1.0,115559631.0,115600000.0,116000000.0,1.946,1105000000.0,0.0,300000.0,23800000.0,9.559,485100000.0
26,ADCT1,MRQ,2004-03-31,2004-04-30,2004-04-30,2020-05-18,0.0,1250600000.0,,996100000.0,254500000.0,,5.271,-3700000.0,748200000.0,748200000.0,91000000.0,-26600000.0,4.152,1.056,400000000.0,0.0,400000000.0,400000000.0,0.0,9000000.0,0.0,0.0,0.0,-26100000.0,-17100000.0,-0.111,-17100000.0,-26100000.0,-26100000.0,-0.23,-0.23,-0.23,608300000.0,,608300000.0,1685132941.0,-43.0,-2407.333,-800000.0,-0.007,1.0,62600000.0,0.408,0.0,0.0,662500000.0,,76700000.0,27800000.0,11200000.0,16600000.0,642300000.0,239900000.0,402400000.0,2018232941.0,-4500000.0,-1300000.0,2800000.0,-7500000.0,0.0,-4700000.0,-2700000.0,4500000.0,2900000.0,0.0,-26600000.0,-26600000.0,-26600000.0,24800000.0,0.0,-0.173,65800000.0,-3200000.0,51800000.0,0.0,3.318,-57.995,-64.815,169600000.0,0.0,17.5,3.572,3.574,136000000.0,,153600000.0,153600000.0,14300000.0,,,,,100000.0,39900000.0,1.0,115327597.0,115400000.0,115400000.0,1.331,1250600000.0,0.0,500000.0,0.0,10.837,756200000.0
27,ADCT1,MRQ,2003-12-31,2004-01-31,2004-01-31,2020-05-18,0.0,1290100000.0,,1019400000.0,270700000.0,,5.494,2700000.0,740600000.0,740600000.0,82800000.0,-2400000.0,4.007,1.037,407500000.0,7500000.0,400000000.0,407500000.0,0.0,9900000.0,0.0,0.0,0.0,-2500000.0,7400000.0,0.054,7400000.0,-2500000.0,-2500000.0,0.0,0.0,0.0,633200000.0,,633200000.0,2505948770.0,-59.0,481.913,-3500000.0,-0.03,1.0,53900000.0,0.394,0.0,0.0,702600000.0,,68600000.0,42100000.0,25000000.0,17100000.0,656900000.0,254400000.0,402500000.0,2837648770.0,-215600000.0,5000000.0,1800000.0,-800000.0,0.0,1000000.0,-210300000.0,-217800000.0,-6200000.0,-100000.0,-2400000.0,-2400000.0,-2400000.0,18700000.0,0.0,-0.018,45500000.0,8400000.0,49200000.0,,4.481,-75.469,-77.0,182700000.0,0.0,24.64,4.75,4.754,124400000.0,,136700000.0,136700000.0,12400000.0,,,,,600000.0,31300000.0,1.0,115164317.0,115259000.0,130274000.0,1.186,1290100000.0,0.0,-100000.0,0.0,11.193,765000000.0
28,ADCT1,MRQ,2003-09-30,2003-10-31,2003-10-31,2020-05-18,-21200000.0,1296900000.0,,1032200000.0,264700000.0,,5.45,-2100000.0,734300000.0,734300000.0,77200000.0,9300000.0,3.869,1.066,408000000.0,8000000.0,400000000.0,408000000.0,0.0,10300000.0,0.0,0.0,0.0,4200000.0,14500000.0,0.118,14500000.0,4200000.0,4200000.0,0.1,0.1,0.1,627700000.0,,627700000.0,1712329090.0,-21.0,-60.293,-2200000.0,-0.019,1.0,45300000.0,0.37,12800000.0,0.0,691000000.0,,57100000.0,46200000.0,26700000.0,19500000.0,669200000.0,266800000.0,402400000.0,2068529090.0,-483600000.0,1400000.0,5400000.0,200000.0,0.0,5600000.0,-490200000.0,-496400000.0,-100000.0,1100000.0,9300000.0,9300000.0,9300000.0,11800000.0,0.0,0.076,39900000.0,5400000.0,43900000.0,0.0,3.295,-26.969,-26.851,175300000.0,0.0,17.99,3.568,3.562,112900000.0,-750000000.0,122500000.0,122500000.0,8500000.0,,,,,-1100000.0,25800000.0,1.0,114982162.0,115178000.0,115178000.0,1.064,1284100000.0,0.0,-5100000.0,19300000.0,11.149,765400000.0
29,ADCT1,MRQ,2003-06-30,2003-07-31,2003-07-31,2020-05-18,0.0,1293300000.0,,1002100000.0,291200000.0,,5.375,-49400000.0,764700000.0,764700000.0,95200000.0,-15100000.0,3.677,1.094,408500000.0,8500000.0,400000000.0,408500000.0,0.0,9600000.0,0.0,0.0,0.0,-15100000.0,-5500000.0,-0.036,-5500000.0,-15100000.0,-15100000.0,-0.14,-0.14,-0.14,617500000.0,,617500000.0,1327381796.0,-3.0,-3.149,-25600000.0,-0.223,1.0,57000000.0,0.375,0.0,0.0,664600000.0,,76500000.0,3500000.0,3500000.0,0.0,675800000.0,272500000.0,403300000.0,1761081796.0,369200000.0,0.0,0.0,389900000.0,0.0,355400000.0,-10000000.0,-300000.0,23800000.0,0.0,-15100000.0,-15100000.0,-15100000.0,12500000.0,0.0,-0.099,57900000.0,-900000.0,46100000.0,0.0,2.852,-3.764,-3.712,206900000.0,0.0,15.33,3.352,3.352,133700000.0,,152200000.0,152200000.0,15500000.0,,,,,3400000.0,36600000.0,1.0,114878134.0,114874000.0,114874000.0,1.325,1293300000.0,15300000.0,0.0,0.0,11.258,729600000.0
30,ADCT1,MRQ,2003-03-31,2003-04-30,2003-04-30,2020-05-18,0.0,951800000.0,,654700000.0,297100000.0,,5.811,-10400000.0,442300000.0,442300000.0,113600000.0,-29400000.0,2.322,0.428,8600000.0,8600000.0,0.0,8600000.0,0.0,18200000.0,0.0,0.0,0.0,-29400000.0,-11200000.0,-0.06,-11200000.0,-29400000.0,-29400000.0,-0.28,-0.28,-0.28,666400000.0,,666400000.0,1429929437.0,-2.0,-2.077,-52300000.0,-0.456,1.0,72400000.0,0.389,0.0,0.0,236100000.0,,83700000.0,3100000.0,3100000.0,0.0,285400000.0,282000000.0,3400000.0,1908629437.0,8200000.0,0.0,2500000.0,-21500000.0,0.0,-19000000.0,69900000.0,0.0,-41900000.0,-800000.0,-29400000.0,-29400000.0,-29400000.0,-1200000.0,0.0,-0.158,102500000.0,-30100000.0,49200000.0,0.0,2.864,-1.764,-1.75,170900000.0,0.0,16.66,3.138,3.141,139200000.0,,186000000.0,186000000.0,27800000.0,,,,,0.0,58300000.0,1.0,114563592.0,114674000.0,114931000.0,1.622,951800000.0,23300000.0,0.0,0.0,8.3,372700000.0
31,ADCT1,MRQ,2002-12-31,2003-01-31,2003-01-31,2020-05-18,0.0,1063400000.0,,664200000.0,399200000.0,,6.049,-5700000.0,508800000.0,508800000.0,125500000.0,-41500000.0,1.878,0.536,30100000.0,15800000.0,14300000.0,30100000.0,0.0,15300000.0,0.0,0.0,0.0,-41500000.0,-26200000.0,-0.135,-26200000.0,-41500000.0,-41500000.0,-0.35,-0.35,-0.35,692300000.0,,692300000.0,1414593266.0,-2.0,-1.814,44500000.0,0.389,1.0,69100000.0,0.355,0.0,0.0,231100000.0,,91800000.0,2700000.0,2700000.0,0.0,371100000.0,353600000.0,17500000.0,1843993266.0,87400000.0,500000.0,300000.0,3100000.0,0.0,3400000.0,33300000.0,4000000.0,50200000.0,500000.0,-41500000.0,-41500000.0,-41500000.0,-100000.0,0.0,-0.213,110200000.0,-41100000.0,62300000.0,0.0,2.664,-1.615,-1.608,190700000.0,0.0,16.1,2.559,2.557,127700000.0,,194600000.0,194600000.0,30300000.0,,,,,2100000.0,61400000.0,1.0,114533743.0,114445000.0,114445000.0,1.7,1063400000.0,43900000.0,0.0,0.0,9.292,310600000.0
32,ADCT1,MRQ,2002-09-30,2002-10-31,2002-10-31,2020-05-18,-14700000.0,1144200000.0,,686300000.0,457900000.0,,6.425,4500000.0,455900000.0,455900000.0,30900000.0,-381900000.0,1.725,0.563,26500000.0,15700000.0,10800000.0,26500000.0,0.0,17700000.0,0.0,0.0,0.0,-396300000.0,-378600000.0,51.162,-378600000.0,-396300000.0,-396300000.0,-3.36,-3.36,-3.36,732200000.0,,732200000.0,727780870.0,-1.0,-0.914,-100800000.0,-0.885,1.0,-38300000.0,5.176,0.0,0.0,317000000.0,,94900000.0,500000.0,500000.0,0.0,412000000.0,397800000.0,14200000.0,1258580870.0,7000000.0,1300000.0,2600000.0,-1100000.0,0.0,1500000.0,110500000.0,5200000.0,-105300000.0,300000.0,-381900000.0,-381900000.0,-381900000.0,164800000.0,0.0,51.608,180600000.0,-218900000.0,73000000.0,0.0,1.719,-1.099,-1.097,206800000.0,0.0,11.06,1.536,1.534,140900000.0,-673300000.0,-7400000.0,-7400000.0,-41100000.0,,,,,3500000.0,-62600000.0,1.0,113795739.0,113959000.0,113959000.0,-0.065,1144200000.0,126600000.0,-14400000.0,0.0,10.04,288500000.0
33,ADCT1,MRQ,2002-06-30,2002-07-31,2002-07-31,2020-05-18,0.0,1574400000.0,,786000000.0,788400000.0,,9.658,-8300000.0,548300000.0,548300000.0,202100000.0,-629100000.0,1.668,0.433,17500000.0,16700000.0,800000.0,17500000.0,0.0,25100000.0,0.0,0.0,0.0,-297500000.0,-272400000.0,-1.159,-272400000.0,-297500000.0,-297500000.0,-5.53,-5.53,-5.53,1098800000.0,,1098800000.0,881693812.0,-1.0,-1.212,-57800000.0,-0.508,1.0,33000000.0,0.14,107300000.0,0.0,465100000.0,,163400000.0,1200000.0,1200000.0,0.0,475600000.0,471200000.0,4400000.0,1433593812.0,-37700000.0,1100000.0,200000.0,-200000.0,0.0,0.0,11700000.0,35300000.0,-49500000.0,100000.0,-629100000.0,-629100000.0,-629100000.0,0.0,0.0,-2.676,326500000.0,-293500000.0,80900000.0,0.0,1.305,-1.525,-1.513,318900000.0,0.0,12.6,1.177,1.176,181700000.0,,235100000.0,235100000.0,52100000.0,,,,,5400000.0,95100000.0,1.0,113777287.0,113774000.0,113774000.0,2.066,1467100000.0,116100000.0,331600000.0,0.0,12.895,314800000.0
34,ADCT1,MRQ,2002-03-31,2002-04-30,2002-04-30,2020-05-18,0.0,2290000000.0,,906700000.0,1383300000.0,,15.331,-5200000.0,569600000.0,569600000.0,224600000.0,-89200000.0,1.666,0.315,17700000.0,16700000.0,1000000.0,17700000.0,0.0,30300000.0,0.0,0.0,0.0,-133000000.0,-102700000.0,-0.344,-102700000.0,-133000000.0,-133000000.0,-0.77,-0.77,-0.77,1741000000.0,,1741000000.0,2643244742.0,-4.0,-5.288,77200000.0,0.68,1.0,73700000.0,0.247,144000000.0,0.0,1049800000.0,,192200000.0,37300000.0,37300000.0,0.0,549000000.0,544300000.0,4700000.0,3089544742.0,-156200000.0,-400000.0,5700000.0,-1900000.0,0.0,3800000.0,-241900000.0,23800000.0,82400000.0,-500000.0,-89200000.0,-89200000.0,-89200000.0,0.0,0.0,-0.299,234200000.0,-160500000.0,105400000.0,0.0,1.775,-8.373,-8.277,540800000.0,0.0,27.23,2.018,2.02,170300000.0,,298300000.0,298300000.0,51400000.0,,,,,2600000.0,108100000.0,1.0,113461063.0,113559000.0,113559000.0,2.627,2146000000.0,519900000.0,-43800000.0,0.0,18.898,362400000.0
35,ADCT1,MRQ,2001-12-31,2002-01-31,2002-01-31,2020-05-18,0.0,2340900000.0,,1187700000.0,1153200000.0,,16.125,-16600000.0,465700000.0,465700000.0,198700000.0,-44800000.0,2.415,0.281,19400000.0,1700000.0,17700000.0,19400000.0,0.0,27700000.0,0.0,0.0,0.0,-69900000.0,-42200000.0,-0.144,-42200000.0,-69900000.0,-69900000.0,-0.42,-0.42,-0.42,1827700000.0,,1827700000.0,3530058108.0,-2.0,-1.961,115500000.0,1.019,1.0,94800000.0,0.323,140100000.0,0.0,1262700000.0,,233800000.0,64500000.0,64500000.0,0.0,513200000.0,491800000.0,21400000.0,3873958108.0,117100000.0,-3900000.0,600000.0,-2000000.0,0.0,-1400000.0,-13900000.0,6600000.0,132100000.0,300000.0,-44800000.0,-44800000.0,-44800000.0,0.0,0.0,-0.153,160200000.0,-65400000.0,107100000.0,0.0,2.12,-2.924,-2.888,580600000.0,0.0,34.16,2.055,2.054,198900000.0,,293500000.0,293500000.0,44200000.0,,,,,2800000.0,111100000.0,1.0,113406268.0,113345000.0,113345000.0,2.589,2200800000.0,555600000.0,-25100000.0,0.0,19.417,695900000.0
36,ADCT1,MRQ,2001-09-30,2001-10-31,2001-10-31,2020-05-18,23900000.0,2499700000.0,,1305200000.0,1194500000.0,,16.745,-10600000.0,348600000.0,348600000.0,277400000.0,-176900000.0,2.178,0.32,4700000.0,1700000.0,3000000.0,4700000.0,0.0,55900000.0,0.0,0.0,0.0,-365900000.0,-310000000.0,-0.792,-310000000.0,-365900000.0,-364100000.0,-1.61,-1.61,-1.61,1893400000.0,,1893400000.0,3452652245.0,-2.0,-2.007,72300000.0,0.639,1.0,114200000.0,0.292,140100000.0,-1800000.0,1416300000.0,,253600000.0,73200000.0,73200000.0,0.0,606300000.0,599400000.0,6900000.0,3592252245.0,203600000.0,93900000.0,6500000.0,-1200000.0,0.0,5300000.0,113200000.0,29900000.0,82900000.0,2200000.0,-176900000.0,-176900000.0,-176900000.0,0.0,0.0,-0.452,339800000.0,-225600000.0,162000000.0,0.0,1.897,-2.79,-2.774,614000000.0,0.0,31.85,1.495,1.49,317100000.0,471700000.0,391600000.0,391600000.0,58300000.0,,,,,4300000.0,147800000.0,1.0,112786570.0,113073000.0,113073000.0,3.463,2359600000.0,616100000.0,-187200000.0,0.0,20.868,705800000.0
37,ADCT1,MRQ,2001-06-30,2001-07-31,2001-07-31,2020-05-18,0.0,2697000000.0,,1377900000.0,1319100000.0,,18.064,-45000000.0,145000000.0,145000000.0,369800000.0,-58100000.0,2.106,0.327,5400000.0,1700000.0,3700000.0,5400000.0,0.0,37900000.0,0.0,0.0,0.0,-82900000.0,-45000000.0,-0.082,-45000000.0,-82900000.0,-86800000.0,-0.49,-0.49,-0.49,2033000000.0,,2033000000.0,3893453513.0,-3.0,-3.236,26600000.0,0.236,1.0,177700000.0,0.325,0.0,3900000.0,1903200000.0,,401000000.0,128100000.0,128100000.0,0.0,664000000.0,654200000.0,9800000.0,3875853513.0,27900000.0,23600000.0,1200000.0,-126000000.0,0.0,-124800000.0,81800000.0,103200000.0,71600000.0,-700000.0,-58100000.0,-58100000.0,-58100000.0,0.0,0.0,-0.106,276200000.0,-98500000.0,179200000.0,0.0,1.906,-3.786,-3.748,734100000.0,0.0,34.37,1.274,1.271,422800000.0,,547500000.0,547500000.0,66100000.0,,,,,4600000.0,152300000.0,1.0,112768505.0,112545000.0,112545000.0,4.865,2697000000.0,284200000.0,-28700000.0,0.0,23.964,723700000.0
38,ADCT1,MRQ,2001-03-31,2001-04-30,2001-04-30,2020-05-18,0.0,2972300000.0,,1683400000.0,1288900000.0,,19.089,-78600000.0,117100000.0,117100000.0,530100000.0,-1045200000.0,2.057,0.387,134700000.0,124400000.0,10300000.0,134700000.0,0.0,55700000.0,0.0,0.0,0.0,-1458500000.0,-1402800000.0,-2.15,-1402800000.0,-1458500000.0,-1459200000.0,-9.31,-9.31,-9.31,2143500000.0,,2143500000.0,5917521102.0,-5.0,-5.595,-44500000.0,-0.396,1.0,122300000.0,0.187,0.0,700000.0,2171400000.0,,477400000.0,315200000.0,315200000.0,0.0,828800000.0,818500000.0,10300000.0,5869921102.0,-41200000.0,0.0,13700000.0,-77200000.0,0.0,-63500000.0,-10900000.0,67700000.0,34100000.0,-900000.0,-1045200000.0,-1045200000.0,-1045200000.0,0.0,0.0,-1.602,816500000.0,-694200000.0,211700000.0,0.0,2.738,-6.14,-6.106,724900000.0,0.0,52.57,1.733,1.743,494200000.0,,652400000.0,652400000.0,82600000.0,,,,,4900000.0,235100000.0,1.0,111659142.0,112288000.0,112288000.0,5.81,2972300000.0,280800000.0,-414000000.0,0.0,26.47,864900000.0
39,ADCT1,MRQ,2000-12-31,2001-01-31,2001-01-31,2020-05-18,0.0,3722000000.0,,2278400000.0,1443600000.0,,23.042,-96600000.0,153900000.0,153900000.0,500500000.0,-7600000.0,2.016,0.444,201500000.0,186500000.0,15000000.0,201500000.0,0.0,48300000.0,0.0,0.0,0.0,-11200000.0,37100000.0,0.046,37100000.0,-11200000.0,-10600000.0,-0.07,-0.07,-0.07,2576800000.0,,2576800000.0,11147499495.0,8.0,7.282,-190200000.0,-1.701,1.0,310800000.0,0.383,0.0,-600000.0,2639400000.0,,536900000.0,557800000.0,557800000.0,0.0,1145200000.0,1130200000.0,15000000.0,11319799495.0,-59000000.0,-48700000.0,19000000.0,168600000.0,0.0,187600000.0,-153100000.0,-7800000.0,-93600000.0,100000.0,-7600000.0,-7600000.0,-7600000.0,0.0,0.0,-0.009,323800000.0,-13000000.0,232100000.0,0.0,4.393,14.018,13.119,682600000.0,0.0,101.938,3.229,3.252,622900000.0,,811300000.0,811300000.0,80300000.0,,,,,4900000.0,180100000.0,1.0,111046470.0,111831000.0,111831000.0,7.255,3722000000.0,406900000.0,-3000000.0,353700000.0,33.282,1148200000.0
40,ADCT1,MRQ,2000-09-30,2000-10-31,2000-10-31,2020-05-18,84400000.0,3970500000.0,,2650900000.0,1319600000.0,,26.997,-144900000.0,217300000.0,217300000.0,513400000.0,87200000.0,2.546,0.363,24700000.0,8200000.0,16500000.0,24700000.0,0.0,48800000.0,0.0,0.0,0.0,158700000.0,207500000.0,0.201,207500000.0,158700000.0,163800000.0,0.7,0.63,0.7,2912700000.0,,2912700000.0,15101247932.0,10.0,9.515,44400000.0,0.412,1.0,518600000.0,0.503,0.0,-5100000.0,2736600000.0,,486100000.0,1136900000.0,1136900000.0,0.0,1057800000.0,1041300000.0,16500000.0,15181569932.0,6200000.0,-31200000.0,76500000.0,-64700000.0,0.0,11800000.0,-164800000.0,11300000.0,189300000.0,-600000.0,87200000.0,87200000.0,87200000.0,0.0,0.0,0.084,389900000.0,128700000.0,231600000.0,0.0,5.212,17.488,17.813,608600000.0,0.0,149.625,4.617,4.691,702700000.0,1759400000.0,1032000000.0,1032000000.0,96000000.0,,,,,42800000.0,202400000.0,1.0,101464127.0,107888000.0,118745000.0,9.565,3970500000.0,52400000.0,76600000.0,365800000.0,36.802,1609600000.0
41,ADCT1,MRQ,2000-06-30,2000-07-31,2000-07-31,2020-05-18,0.0,4001300000.0,,2904131000.0,1097169000.0,,27.965,-114500000.0,176865000.0,176865000.0,442900000.0,9600000.0,2.58,0.401,96543000.0,77758000.0,18785000.0,96543000.0,0.0,39700000.0,0.0,0.0,0.0,60900000.0,100600000.0,0.113,100600000.0,60900000.0,65100000.0,0.07,0.07,0.07,2856872000.0,,2856872000.0,26747034504.0,20.0,18.321,-86500000.0,-0.847,1.0,448500000.0,0.503,0.0,-4200000.0,2795335000.0,,422238000.0,1454635000.0,1454635000.0,0.0,1144428000.0,1125643000.0,18785000.0,26948679504.0,-119000000.0,-257800000.0,83800000.0,55200000.0,0.0,139000000.0,-285100000.0,87200000.0,28000000.0,-900000.0,9600000.0,9600000.0,9600000.0,0.0,0.0,0.011,386700000.0,61800000.0,210531000.0,0.0,9.433,33.215,36.787,496426000.0,0.0,293.563,9.325,10.377,660106000.0,,891400000.0,891400000.0,84100000.0,,,,,2500000.0,177200000.0,1.0,91798781.0,102159000.0,108402000.0,8.726,4001300000.0,190287000.0,55500000.0,459841000.0,39.167,1778488000.0
42,ADCT1,MRQ,2000-03-31,2000-04-30,2000-04-30,2020-05-18,0.0,2425671000.0,,1689943000.0,735728000.0,,17.506,-66900000.0,233016000.0,233016000.0,407300000.0,718300000.0,2.668,0.37,31371000.0,9817000.0,21554000.0,31371000.0,0.0,28100000.0,0.0,0.0,0.0,1157600000.0,1185700000.0,1.539,1185700000.0,1157600000.0,1163200000.0,7.07,6.72,7.07,1770595000.0,,1770595000.0,18435025570.0,14.0,13.148,-66900000.0,-0.661,1.0,363300000.0,0.471,0.0,-5600000.0,1590504000.0,,315459000.0,549267000.0,549267000.0,0.0,655076000.0,633522000.0,21554000.0,18574522570.0,32100000.0,-38300000.0,66200000.0,3300000.0,0.0,69500000.0,-35800000.0,69400000.0,0.0,-1600000.0,718300000.0,718300000.0,718300000.0,0.0,0.0,0.932,255100000.0,108200000.0,139158000.0,0.0,10.491,22.975,26.645,384133000.0,0.0,212.625,7.332,8.489,530149000.0,,770600000.0,770600000.0,82700000.0,,,,,1200000.0,156000000.0,1.0,87358131.0,101145000.0,106588000.0,7.619,2425671000.0,62052000.0,444900000.0,219395000.0,23.982,1056421000.0
43,ADCT1,MRQ,1999-12-31,2000-01-31,2000-01-31,2020-05-18,0.0,1814519000.0,,1137412000.0,677107000.0,,13.966,-49000000.0,164661000.0,164661000.0,315300000.0,53100000.0,2.806,0.3,25164000.0,12048000.0,13116000.0,25164000.0,0.0,29600000.0,0.0,0.0,0.0,63900000.0,93500000.0,0.157,93500000.0,63900000.0,68400000.0,0.56,0.49,0.56,1396005000.0,,1396005000.0,9884585296.0,53.0,32.21,-15400000.0,-0.154,1.0,278600000.0,0.469,0.0,-4500000.0,1269624000.0,,281438000.0,199654000.0,199654000.0,0.0,418514000.0,405398000.0,13116000.0,9981932296.0,19000000.0,-18000000.0,50700000.0,-26300000.0,0.0,24400000.0,-38400000.0,28600000.0,33600000.0,-600000.0,53100000.0,53100000.0,53100000.0,0.0,0.0,0.089,211200000.0,67400000.0,103291000.0,0.0,7.15,73.697,80.412,343277000.0,0.0,115.391,4.498,5.197,439574000.0,,593900000.0,593900000.0,75200000.0,,,,,600000.0,129800000.0,1.0,86505571.0,99959000.0,104302000.0,5.941,1814519000.0,52085000.0,15300000.0,73971000.0,18.153,732014000.0
44,ADCT1,MRQ,1999-09-30,1999-10-31,1999-10-31,2020-05-18,41900000.0,2057800000.0,,1376600000.0,681200000.0,,16.792,-30807000.0,279000000.0,279000000.0,336749000.0,30333000.0,3.069,0.29,49900000.0,35900000.0,14000000.0,49900000.0,0.0,34865000.0,0.0,0.0,0.0,45215000.0,80080000.0,0.126,80080000.0,45215000.0,49598000.0,0.28,0.21,0.28,1595300000.0,,1595300000.0,6466641489.0,53.0,27.424,16955000.0,0.178,1.0,297308000.0,0.469,237000000.0,-4383000.0,1143200000.0,,284900000.0,255500000.0,255500000.0,0.0,462500000.0,448500000.0,14000000.0,6483575489.0,50222000.0,21352000.0,63013000.0,-16931000.0,0.0,46082000.0,-29803000.0,-20348000.0,47762000.0,-2819000.0,30333000.0,30333000.0,30333000.0,0.0,0.0,0.048,246232000.0,51076000.0,131900000.0,0.0,4.064,83.229,99.349,341200000.0,0.0,83.453,3.013,3.684,468000000.0,899200000.0,634057000.0,634057000.0,78465000.0,,,,,1200000.0,130052000.0,1.0,77691220.0,95002000.0,97616000.0,6.674,1820800000.0,0.0,19265000.0,44500000.0,19.166,928100000.0
45,ADCT1,MRQ,1999-06-30,1999-07-31,1999-07-31,2020-05-18,0.0,1375311000.0,,713179000.0,662132000.0,,11.344,-45108000.0,82863000.0,82863000.0,287665000.0,6723000.0,2.429,0.286,65929000.0,53590000.0,12339000.0,65929000.0,0.0,34313000.0,0.0,0.0,0.0,8561000.0,42874000.0,0.08,42874000.0,8561000.0,12311000.0,0.07,0.07,0.07,1069329000.0,,1069329000.0,5985020704.0,25.0,16.829,5918000.0,0.063,1.0,247126000.0,0.462,0.0,-3750000.0,1064734000.0,,233439000.0,0.0,0.0,0.0,305982000.0,293643000.0,12339000.0,6029903704.0,-75518000.0,-66330000.0,13126000.0,-21081000.0,0.0,-7955000.0,-120098000.0,-8660000.0,51026000.0,1509000.0,6723000.0,6723000.0,6723000.0,0.0,0.0,0.013,235538000.0,11588000.0,88811000.0,0.0,5.639,39.703,54.958,294762000.0,0.0,77.875,2.689,3.273,349235000.0,,534791000.0,534791000.0,58518000.0,,,,,0.0,113173000.0,1.0,77430545.0,94260885.0,96624361.0,5.674,1375311000.0,47642000.0,5588000.0,0.0,14.59,419536000.0
46,ADCT1,MRQ,1999-03-31,1999-04-30,1999-04-30,2020-05-18,0.0,1307791000.0,,726127000.0,581664000.0,,11.527,-28991000.0,124708000.0,124708000.0,240466000.0,45290000.0,2.298,0.331,79825000.0,70361000.0,9464000.0,79825000.0,0.0,22560000.0,0.0,0.0,0.0,67863000.0,90423000.0,0.198,90423000.0,67863000.0,68534000.0,0.525,0.525,0.525,982384000.0,,982384000.0,6463587437.0,22.0,16.331,50709000.0,0.595,1.0,216125000.0,0.473,0.0,-671000.0,946965000.0,,215759000.0,0.0,0.0,0.0,325407000.0,315943000.0,9464000.0,6445642437.0,-72674000.0,0.0,17417000.0,-129295000.0,0.0,-111878000.0,-40117000.0,-11126000.0,79700000.0,-379000.0,45290000.0,45290000.0,45290000.0,0.0,0.0,0.099,147262000.0,68863000.0,81415000.0,0.0,6.561,34.699,44.697,279299000.0,0.0,83.672,3.113,3.444,336761000.0,,456591000.0,456591000.0,47350000.0,,,,,0.0,94442000.0,1.0,77034751.0,85227419.0,87629753.0,5.357,1307791000.0,48899000.0,23244000.0,0.0,15.345,410184000.0
47,ADCT1,MRQ,1998-12-31,1999-01-31,1999-01-31,2020-05-18,0.0,1344729000.0,,776790000.0,567939000.0,,10.806,-20194000.0,187412000.0,187412000.0,212310000.0,-9682000.0,1.853,0.46,205357000.0,200513000.0,4844000.0,205357000.0,0.0,23062000.0,0.0,0.0,0.0,-4619000.0,18443000.0,0.046,18443000.0,-4619000.0,-4249000.0,-0.105,-0.105,-0.105,920738000.0,,920738000.0,5295126430.0,19.0,14.378,91818000.0,1.078,1.0,191984000.0,0.475,0.0,-370000.0,943527000.0,,204060000.0,0.0,0.0,0.0,423991000.0,419147000.0,4844000.0,5379322430.0,-83830000.0,-192422000.0,13244000.0,107000.0,0.0,13351000.0,-208382000.0,4234000.0,112012000.0,-811000.0,-9682000.0,-9682000.0,-9682000.0,0.0,0.0,-0.024,195395000.0,-3411000.0,69837000.0,0.0,5.842,30.772,38.664,270847000.0,0.0,69.672,2.761,3.047,338207000.0,,404294000.0,404294000.0,45744000.0,,,,,0.0,84227000.0,1.0,77209377.0,85205133.0,85205133.0,4.745,1344729000.0,47111000.0,5433000.0,0.0,15.782,357643000.0
48,ADCT1,MRQ,1998-09-30,1998-10-31,1998-10-31,2020-05-18,-10046000.0,1462232000.0,,998892000.0,463340000.0,,11.18,-40498000.0,328030000.0,328030000.0,421845000.0,109546000.0,2.426,0.397,205798000.0,201851000.0,3947000.0,205798000.0,0.0,32322000.0,0.0,0.0,0.0,171575000.0,203897000.0,0.241,203897000.0,171575000.0,167907000.0,0.927,0.875,0.927,1046464000.0,,1046464000.0,3017312329.0,9.0,7.493,76262000.0,0.815,1.0,425128000.0,0.502,0.0,3668000.0,928179000.0,,175763000.0,47492000.0,47492000.0,0.0,415768000.0,411821000.0,3947000.0,3101212329.0,206344000.0,-29890000.0,37476000.0,200040000.0,0.0,237516000.0,-147068000.0,-75280000.0,116760000.0,-864000.0,109546000.0,109546000.0,109546000.0,0.0,0.0,0.129,266151000.0,158977000.0,72527000.0,0.0,2.964,14.775,17.969,269238000.0,0.0,40.25,1.694,2.058,409718000.0,702212000.0,846973000.0,846973000.0,95989000.0,,,,,0.0,156922000.0,1.0,77048754.0,93602000.0,95716000.0,9.049,1462232000.0,0.0,58361000.0,33620000.0,15.622,587071000.0
49,ADCT1,MRQ,1998-06-30,1998-07-31,1998-07-31,2020-05-18,0.0,1032274000.0,,604924000.0,427350000.0,,11.241,-25400000.0,87050000.0,87050000.0,193641000.0,40607000.0,3.66,0.195,3150000.0,256000.0,2894000.0,3150000.0,0.0,21648000.0,0.0,0.0,0.0,61365000.0,83013000.0,0.229,83013000.0,61365000.0,62474000.0,0.525,0.525,0.525,864116000.0,,864116000.0,4404333313.0,18.0,14.274,-15610000.0,-0.203,1.0,168855000.0,0.466,0.0,-1109000.0,783110000.0,,178189000.0,0.0,0.0,0.0,168158000.0,165264000.0,2894000.0,4502723313.0,-14721000.0,-1210000.0,4730000.0,-251000.0,0.0,4479000.0,-28318000.0,-1708000.0,9790000.0,-672000.0,40607000.0,40607000.0,40607000.0,0.0,0.0,0.112,107205000.0,61650000.0,59283000.0,0.0,5.211,27.947,29.911,246443000.0,0.0,58.625,3.158,3.161,313354000.0,,362496000.0,362496000.0,35775000.0,,,,,0.0,68476000.0,1.0,76805515.0,76872966.0,78187849.0,4.716,1032274000.0,26331000.0,21867000.0,0.0,13.428,439660000.0
50,ADCT1,MRQ,1998-03-31,1998-04-30,1998-04-30,2020-05-18,0.0,991992000.0,,571366000.0,420626000.0,,10.692,-22363000.0,101771000.0,101771000.0,177668000.0,34339000.0,3.387,0.209,3381000.0,451000.0,2930000.0,3381000.0,0.0,11210000.0,0.0,0.0,0.0,51713000.0,62923000.0,0.188,62923000.0,51713000.0,52828000.0,0.455,0.437,0.455,820381000.0,,820381000.0,3925555145.0,17.0,13.625,-2160000.0,-0.028,1.0,156967000.0,0.469,0.0,-1115000.0,724921000.0,,175903000.0,0.0,0.0,0.0,171611000.0,168681000.0,2930000.0,4019749145.0,4461000.0,0.0,5985000.0,282000.0,0.0,6267000.0,-22102000.0,261000.0,20203000.0,93000.0,34339000.0,34339000.0,34339000.0,0.0,0.0,0.103,104474000.0,52493000.0,51200000.0,0.0,4.9,26.227,27.986,240213000.0,0.0,52.391,2.963,2.963,266135000.0,,334635000.0,334635000.0,37097000.0,,,,,0.0,64409000.0,1.0,76726490.0,76730106.0,77877558.0,4.361,991992000.0,27557000.0,18489000.0,0.0,12.928,402685000.0
51,ADCT1,MRQ,1997-12-31,1998-01-31,1998-01-31,2020-05-18,0.0,948529000.0,,539609000.0,408920000.0,,10.16,-24339000.0,97310000.0,97310000.0,152846000.0,25409000.0,3.205,0.22,3116000.0,564000.0,2552000.0,3116000.0,0.0,15220000.0,0.0,0.0,0.0,37647000.0,52867000.0,0.185,52867000.0,37647000.0,39091000.0,0.332,0.332,0.332,777596000.0,,777596000.0,2447021573.0,11.0,8.739,-792000.0,-0.01,1.0,133550000.0,0.466,0.0,-1444000.0,685954000.0,,181367000.0,0.0,0.0,0.0,170933000.0,168381000.0,2552000.0,2553056573.0,-12484000.0,-16000000.0,4509000.0,-471000.0,0.0,4038000.0,-39712000.0,627000.0,23547000.0,-357000.0,25409000.0,25409000.0,25409000.0,0.0,0.0,0.089,95570000.0,37980000.0,56770000.0,0.0,3.283,17.275,18.512,225707000.0,0.0,33.359,1.962,1.962,231976000.0,,286396000.0,286396000.0,30938000.0,,,,,0.0,62094000.0,1.0,76531895.0,76531895.0,,3.742,948529000.0,28956000.0,13682000.0,0.0,12.394,371228000.0
52,ADCT1,MRQ,1997-09-30,1997-10-31,1997-10-31,2020-05-18,-4612000.0,936303000.0,,549467000.0,386836000.0,,9.072,-37835000.0,109794000.0,109794000.0,216743000.0,60761000.0,3.012,0.247,3759000.0,650000.0,3109000.0,3759000.0,0.0,15146000.0,0.0,0.0,0.0,94614000.0,109760000.0,0.248,109760000.0,94614000.0,89462000.0,0.647,0.63,0.647,750795000.0,,750795000.0,,,,6332000.0,0.077,1.0,225464000.0,0.51,0.0,5152000.0,647869000.0,,168379000.0,0.0,0.0,0.0,185508000.0,182399000.0,3109000.0,4436458299.0,8244000.0,-204000.0,12595000.0,-462000.0,0.0,12133000.0,-50931000.0,-9369000.0,44167000.0,2875000.0,60761000.0,60761000.0,60761000.0,0.0,0.0,0.137,138948000.0,86516000.0,62879000.0,0.0,5.909,33.414,36.005,215677000.0,0.0,57.969,3.489,3.773,246241000.0,485683000.0,442207000.0,442207000.0,44920000.0,,,,,0.0,91431000.0,1.0,76531895.0,82760512.0,84293686.0,5.343,936303000.0,25053000.0,28701000.0,0.0,11.313,367068000.0
53,ADCT1,MRQ,1997-06-30,1997-07-31,1997-07-31,2020-05-18,,,,,,,,-40691000.0,,,156266000.0,32757000.0,,,,,,,,12958000.0,,0.0,0.0,49611000.0,62569000.0,0.213,62569000.0,49611000.0,51182000.0,0.437,0.42,0.437,,,,,,,-12937000.0,-0.172,1.0,137046000.0,0.467,,-1571000.0,,,,,,,,,,,-11434000.0,0.0,2748000.0,561000.0,0.0,3309000.0,-39609000.0,1082000.0,27754000.0,-2888000.0,32757000.0,32757000.0,32757000.0,0.0,0.0,0.112,86501000.0,50545000.0,,0.0,,,,,0.0,70.656,,,,,293312000.0,293312000.0,29339000.0,,,,,0.0,54619000.0,1.0,,75327221.0,77065541.0,3.894,,,18425000.0,,,
54,ADCT1,MRQ,1997-03-31,1997-04-30,1997-04-30,2020-05-18,,,,,,,,-26678000.0,,,149876000.0,28861000.0,,,,,,,,11499000.0,,0.0,0.0,43301000.0,54800000.0,0.196,54800000.0,43301000.0,45096000.0,0.385,0.385,0.385,,,,,,,-12321000.0,-0.165,1.0,129323000.0,0.463,,-1795000.0,,,,,,,,,,,-15019000.0,-3013000.0,1446000.0,-4478000.0,0.0,-3032000.0,-25320000.0,4371000.0,14357000.0,-1024000.0,28861000.0,28861000.0,28861000.0,0.0,0.0,0.103,85597000.0,43726000.0,,0.0,,,,,0.0,45.719,,,,,279199000.0,279199000.0,30406000.0,,,,,0.0,52840000.0,1.0,,74863783.0,76474101.0,3.729,,,16235000.0,,,
55,ADCT1,MRQ,1996-12-31,1997-01-31,1997-01-31,2020-05-18,,,,,,,,-21227000.0,,,139108000.0,10395000.0,,,,,,,,11727000.0,,0.0,0.0,14457000.0,26184000.0,0.102,26184000.0,14457000.0,16243000.0,0.14,0.14,0.14,,,,,,,2996000.0,,1.0,117669000.0,0.458,,-1786000.0,,,,,,,,,,,-33828000.0,-30700000.0,2414000.0,-473000.0,0.0,1941000.0,-60026000.0,-8099000.0,24223000.0,34000.0,10395000.0,10395000.0,10395000.0,0.0,0.0,0.04,102785000.0,14884000.0,,0.0,,,,,0.0,62.781,,,,,256777000.0,256777000.0,28119000.0,,,,,0.0,49444000.0,1.0,,,,,,,5848000.0,,,
56,ADCT1,MRQ,1996-09-30,1996-10-31,1996-10-31,2020-05-18,232000.0,766462000.0,,499501000.0,266961000.0,,8.421,,183221000.0,183221000.0,,,3.516,0.241,9160000.0,2247000.0,6913000.0,9160000.0,0.0,,0.0,0.0,0.0,,,,,,,,,,617470000.0,,617470000.0,,,,,,1.0,,,0.0,,450322000.0,,130582000.0,0.0,0.0,0.0,148992000.0,142079000.0,6913000.0,,,,,,,,,,,,,,,,,,,,49459000.0,,,,50.276,131080000.0,,59.828,,5.298,163219000.0,373540000.0,,,,,,,,,,1.0,,73323752.0,,,766462000.0,22479000.0,,0.0,10.453,357422000.0
0,ADCT1,MRT,2010-09-30,2010-09-30,2010-09-30,2020-05-18,-20000000.0,1474500000.0,1392675000.0,1107700000.0,366800000.0,0.83,4.433,-28100000.0,525800000.0,525800000.0,738700000.0,63300000.0,3.837,2.421,651100000.0,300000.0,650800000.0,651100000.0,0.0,61500000.0,0.0,0.0,0.0,69100000.0,130600000.0,0.113,130600000.0,69100000.0,69100000.0,0.64,0.63,0.64,429600000.0,389725000.0,429600000.0,1423280274.0,21.0,10.898,108500000.0,1.12,1.0,417900000.0,0.361,81900000.0,0.0,1229200000.0,1193900000.0,106400000.0,228600000.0,178800000.0,49800000.0,1040100000.0,288700000.0,751400000.0,1229380274.0,-17400000.0,6300000.0,0.0,-2300000.0,0.0,-2300000.0,-152500000.0,-147700000.0,136600000.0,800000.0,62000000.0,62000000.0,62000000.0,15200000.0,1300000.0,0.054,372000000.0,45900000.0,97200000.0,0.0,2.862,19.829,19.797,146500000.0,0.0,12.67,1.063,1.061,252500000.0,-898400000.0,1156600000.0,1156600000.0,69700000.0,0.045,0.159,0.058,0.06,14700000.0,288300000.0,1.0,97030803.0,96900000.0,98500000.0,11.936,1392600000.0,0.0,7100000.0,4700000.0,14.372,819000000.0
1,ADCT1,MRT,2010-06-30,2010-07-02,2010-07-02,2020-05-18,0.0,1415000000.0,1359950000.0,1007000000.0,408000000.0,0.726,4.377,-24800000.0,457300000.0,457300000.0,614700000.0,63600000.0,3.935,2.321,651200000.0,300000.0,650900000.0,651200000.0,0.0,61000000.0,0.0,0.0,0.0,70400000.0,131400000.0,0.133,131400000.0,70400000.0,70400000.0,0.64,0.55,0.64,424600000.0,371375000.0,424600000.0,938107034.0,13.0,7.139,88400000.0,0.911,1.0,372900000.0,0.378,85400000.0,0.0,1267600000.0,1162875000.0,116300000.0,266300000.0,181000000.0,85300000.0,985600000.0,255900000.0,729700000.0,743907034.0,-68600000.0,12700000.0,7100000.0,-2800000.0,0.0,4300000.0,-198000000.0,-198300000.0,113200000.0,11900000.0,63200000.0,63200000.0,63200000.0,17600000.0,400000.0,0.064,342700000.0,30200000.0,82200000.0,0.0,1.752,11.771,11.984,147900000.0,0.0,7.67,0.753,0.753,223900000.0,,987600000.0,987600000.0,59200000.0,0.046,0.17,0.061,0.071,12300000.0,256300000.0,1.0,96989183.0,97000000.0,121600000.0,10.181,1329600000.0,0.0,7200000.0,3100000.0,13.707,751100000.0
2,ADCT1,MRT,2010-03-31,2010-04-02,2010-04-02,2020-05-18,0.0,1345100000.0,,929600000.0,415500000.0,,3.612,-27000000.0,457000000.0,457000000.0,611400000.0,-5200000.0,3.69,2.825,651200000.0,300000.0,650900000.0,651200000.0,0.0,61100000.0,0.0,0.0,0.0,400000.0,61500000.0,0.063,61500000.0,400000.0,400000.0,-0.07,-0.06,-0.07,350400000.0,,350400000.0,782163536.0,1955.0,12.718,44800000.0,0.462,1.0,362100000.0,0.372,89800000.0,0.0,1197600000.0,,122800000.0,190500000.0,111300000.0,79200000.0,989800000.0,251900000.0,737900000.0,711763536.0,-27800000.0,12400000.0,7100000.0,-2800000.0,0.0,4300000.0,-124700000.0,-127400000.0,71800000.0,20800000.0,-5800000.0,-5800000.0,-5800000.0,25800000.0,600000.0,-0.006,336200000.0,25900000.0,77300000.0,0.0,2.031,-122.718,-104.857,153800000.0,0.0,7.34,0.731,0.731,210500000.0,,973500000.0,973500000.0,59000000.0,,,,0.0,12200000.0,244200000.0,1.0,96970509.0,97000000.0,97000000.0,10.036,1255300000.0,0.0,6200000.0,2200000.0,12.941,677700000.0
3,ADCT1,MRT,2009-12-31,2010-01-01,2010-01-01,2020-05-18,0.0,1336100000.0,,950000000.0,386100000.0,,3.668,-28600000.0,581100000.0,581100000.0,611100000.0,-436200000.0,4.118,2.758,651500000.0,600000.0,650900000.0,651500000.0,0.0,62600000.0,0.0,0.0,0.0,-433400000.0,-370800000.0,-0.388,-370800000.0,-433400000.0,-433400000.0,-4.52,-4.51,-4.52,354300000.0,,354300000.0,691150137.0,-2.0,-1.864,43600000.0,0.451,1.0,345000000.0,0.361,94600000.0,0.0,1081200000.0,,123900000.0,74200000.0,51000000.0,23200000.0,977000000.0,230700000.0,746300000.0,600050137.0,8100000.0,8300000.0,7100000.0,-3500000.0,0.0,3600000.0,-88000000.0,-61000000.0,72200000.0,20300000.0,-435800000.0,-435800000.0,-435800000.0,35300000.0,-400000.0,-0.456,741300000.0,-396300000.0,73600000.0,0.0,1.694,-1.377,-1.374,158300000.0,0.0,6.21,0.628,0.627,186500000.0,,956100000.0,956100000.0,59400000.0,,,,-0.453,12900000.0,242100000.0,1.0,96626431.0,96600000.0,97900000.0,9.898,1241500000.0,0.0,2400000.0,3300000.0,12.852,719300000.0
4,ADCT1,MRT,2009-09-30,2009-09-30,2009-09-30,2020-05-18,-13400000.0,1343600000.0,,900800000.0,442800000.0,,3.657,-26700000.0,560500000.0,560500000.0,663000000.0,-475600000.0,3.815,2.759,651600000.0,600000.0,651000000.0,651600000.0,0.0,66000000.0,0.0,0.0,0.0,-477400000.0,-411400000.0,-0.415,-411400000.0,-477400000.0,-477400000.0,-4.87,-4.87,-4.87,356200000.0,,356200000.0,924060431.0,-2.0,-2.246,53200000.0,0.546,1.0,327200000.0,0.33,93500000.0,0.0,1105100000.0,,124600000.0,75400000.0,0.0,75400000.0,982700000.0,236100000.0,746600000.0,805860431.0,-95900000.0,-1500000.0,-94100000.0,-2700000.0,0.0,-96800000.0,-90200000.0,-51200000.0,79900000.0,11200000.0,-474300000.0,-474300000.0,-474300000.0,22700000.0,-1300000.0,-0.479,743900000.0,-416700000.0,83000000.0,0.0,2.262,-1.699,-1.713,162800000.0,0.0,8.34,0.814,0.82,197600000.0,-965900000.0,990200000.0,990200000.0,60100000.0,,,,-0.482,10600000.0,240700000.0,1.0,96625951.0,97400000.0,97400000.0,10.166,1250100000.0,0.0,-3100000.0,5900000.0,12.835,664700000.0
5,ADCT1,MRT,2009-06-30,2009-06-26,2009-06-26,2020-05-18,,,,,,,,,,,,,,,,,,,,,,0.0,0.0,,,,,,,,,,,,,946684631.0,,,,,1.0,,,,,,,,,,,,,,784584631.0,,,,,,,,,,,,,,,,,,,,,,,,,,8.12,,,,,,,,,,,,,,1.0,96623723.0,96600000.0,,,,,,,,
6,ADCT1,MRT,2009-03-31,2009-03-27,2009-03-27,2020-05-18,,,,,,,,,,,,,,,,,,,,,,0.0,0.0,,,,,,,,,,,,,545722141.0,,,,,1.0,,,,,,,,,,,,,,424122141.0,,,,,,,,,,,,,,,,,,,,,,,,,,4.39,,,,,,,,,,,,,,1.0,96610966.0,96600000.0,,,,,,,,
7,ADCT1,MRT,2008-12-31,2008-12-26,2008-12-26,2020-05-18,,,,,,,,,,,,,,,,,,,,,,0.0,0.0,,,,,,,,,,,,,476296871.0,,,,,1.0,,,,,,,,,,,,,,469696871.0,,,,,,,,,,,,,,,,,,,,,,,,,,4.87,,,,,,,,,,,,,,1.0,96446996.0,105500000.0,,,,,,,,
8,ADCT1,MRT,2008-09-30,2008-10-31,2008-10-31,2020-05-18,-14100000.0,1921000000.0,2103100000.0,1077400000.0,843600000.0,0.686,7.807,-42100000.0,646700000.0,646700000.0,961300000.0,-42600000.0,3.876,1.101,653300000.0,2600000.0,650700000.0,653300000.0,0.0,80800000.0,0.0,0.0,0.0,-35700000.0,45100000.0,0.031,45100000.0,-35700000.0,-35700000.0,-0.36,-0.36,-0.36,914200000.0,987000000.0,914200000.0,729871746.0,-20.0,16.183,133500000.0,1.14,1.0,481300000.0,0.334,520400000.0,0.0,1129200000.0,1225325000.0,162700000.0,40400000.0,0.0,40400000.0,1006800000.0,278000000.0,728800000.0,746471746.0,111200000.0,-203500000.0,-56000000.0,219800000.0,0.0,163800000.0,-213900000.0,35100000.0,175600000.0,-14300000.0,-41900000.0,-41900000.0,-41900000.0,2500000.0,-700000.0,-0.029,414600000.0,66700000.0,99100000.0,0.0,0.817,-17.816,-17.611,177100000.0,0.0,6.34,0.517,0.515,240600000.0,-491500000.0,1442600000.0,1442600000.0,76200000.0,-0.02,-0.042,-0.029,-0.025,17200000.0,323200000.0,1.0,117740023.0,117100000.0,117100000.0,12.319,1400600000.0,0.0,6200000.0,2400000.0,11.961,799400000.0
9,ADCT1,MRT,2008-06-30,2008-08-01,2008-08-01,2020-05-18,0.0,2051800000.0,2064050000.0,1152200000.0,899600000.0,0.673,8.801,-35600000.0,670900000.0,670900000.0,882000000.0,-1900000.0,4.361,0.981,654300000.0,3500000.0,650800000.0,654300000.0,0.0,78000000.0,0.0,0.0,0.0,1900000.0,79900000.0,0.058,79900000.0,1900000.0,1900000.0,-0.01,0.02,-0.01,1035900000.0,1010350000.0,1035900000.0,1148154957.0,604.0,14.37,121000000.0,1.028,1.0,506200000.0,0.365,525500000.0,0.0,1245500000.0,1142675000.0,190500000.0,66800000.0,200000.0,66600000.0,1015900000.0,264200000.0,751700000.0,1119454957.0,507600000.0,-204500000.0,1600000.0,220400000.0,0.0,222000000.0,119900000.0,363000000.0,156600000.0,9100000.0,-1900000.0,-1900000.0,-1900000.0,5900000.0,0.0,-0.001,406600000.0,99600000.0,95900000.0,0.0,1.081,-589.187,-951.0,200800000.0,0.0,9.51,0.806,0.806,271300000.0,,1388200000.0,1388200000.0,80500000.0,-0.001,-0.002,0.002,0.001,16000000.0,327700000.0,1.0,117713455.0,117700000.0,118300000.0,11.794,1526300000.0,0.0,3800000.0,5000000.0,12.968,888000000.0
10,ADCT1,MRT,2008-03-31,2008-05-02,2008-05-02,2020-05-18,0.0,2234500000.0,1985450000.0,1330600000.0,903900000.0,0.681,8.59,-31200000.0,826400000.0,826400000.0,863300000.0,-400000.0,2.821,1.21,855100000.0,204100000.0,651000000.0,855100000.0,0.0,74300000.0,0.0,0.0,0.0,2500000.0,76800000.0,0.057,76800000.0,2500000.0,2500000.0,0.0,0.03,0.0,1011100000.0,1001775000.0,1011100000.0,1756206831.0,702.0,22.867,98100000.0,0.833,1.0,489200000.0,0.362,528200000.0,0.0,1263300000.0,1122250000.0,197900000.0,72400000.0,200000.0,72200000.0,1223400000.0,471700000.0,751700000.0,1690006831.0,694500000.0,-212000000.0,3100000.0,421300000.0,0.0,424400000.0,130900000.0,374600000.0,129300000.0,9900000.0,-400000.0,-400000.0,-400000.0,8400000.0,0.0,0.0,401000000.0,88200000.0,103500000.0,,1.671,-4225.017,,202700000.0,0.0,14.36,1.25,1.25,285800000.0,,1352500000.0,1352500000.0,76400000.0,0.0,0.0,0.002,0.002,15100000.0,314300000.0,1.0,117688498.0,117700000.0,118200000.0,11.491,1706300000.0,0.0,2900000.0,4400000.0,14.497,858900000.0
11,ADCT1,MRT,2007-12-31,2008-02-01,2008-02-01,2020-05-18,0.0,2205100000.0,1855950000.0,1279800000.0,925300000.0,0.705,8.391,-28000000.0,805700000.0,805700000.0,840500000.0,75400000.0,2.722,1.235,871900000.0,220600000.0,651300000.0,871900000.0,0.0,71000000.0,0.0,0.0,0.0,79100000.0,150100000.0,0.115,150100000.0,79100000.0,79100000.0,0.65,0.61,0.65,986800000.0,994000000.0,986800000.0,1609593152.0,20.0,10.723,93100000.0,0.792,1.0,468100000.0,0.358,537800000.0,0.0,1263300000.0,1146750000.0,197500000.0,93600000.0,3300000.0,90300000.0,1218300000.0,470200000.0,748100000.0,1741393152.0,651500000.0,-206300000.0,5000000.0,439300000.0,0.0,444300000.0,78000000.0,313300000.0,121100000.0,8100000.0,75400000.0,75400000.0,75400000.0,10000000.0,0.0,0.058,379300000.0,88800000.0,106200000.0,0.0,1.765,23.095,22.785,201000000.0,0.0,14.81,1.331,1.331,249000000.0,,1308600000.0,1308600000.0,72300000.0,0.041,0.076,0.069,0.06,14000000.0,298600000.0,1.0,117582252.0,117600000.0,117600000.0,11.128,1667300000.0,0.0,3700000.0,3500000.0,14.178,809600000.0
12,ADCT1,MRT,2007-09-30,2007-10-31,2007-10-31,2020-05-18,2700000.0,1764800000.0,1704225000.0,1008200000.0,756600000.0,0.749,8.583,-29200000.0,533000000.0,533000000.0,834100000.0,106300000.0,2.127,0.751,401200000.0,200600000.0,200600000.0,401200000.0,0.0,68000000.0,0.0,0.0,0.0,109600000.0,177600000.0,0.139,177600000.0,109600000.0,109600000.0,0.91,0.91,0.91,1007600000.0,967150000.0,1007600000.0,2436713543.0,22.0,13.72,112600000.0,0.959,1.0,442600000.0,0.347,360300000.0,0.0,798600000.0,1138775000.0,169600000.0,175400000.0,61600000.0,113800000.0,757200000.0,474100000.0,283100000.0,2197313543.0,378000000.0,-9100000.0,4800000.0,0.0,0.0,4800000.0,221900000.0,259300000.0,141800000.0,9500000.0,106300000.0,106300000.0,106300000.0,17200000.0,0.0,0.083,364600000.0,78000000.0,89000000.0,0.0,2.181,20.671,20.549,198100000.0,0.0,18.7,1.721,1.72,204100000.0,-450900000.0,1276700000.0,1276700000.0,69600000.0,0.062,0.11,0.096,0.086,10500000.0,287200000.0,1.0,117503398.0,117400000.0,131900000.0,10.875,1404500000.0,0.0,3300000.0,15500000.0,11.963,534100000.0
13,ADCT1,MRT,2007-06-30,2007-08-03,2007-08-03,2020-05-18,0.0,1737400000.0,1665875000.0,1092600000.0,644800000.0,0.75,8.532,-33600000.0,161900000.0,161900000.0,834900000.0,152400000.0,2.44,0.735,401300000.0,200700000.0,200600000.0,401300000.0,0.0,68400000.0,0.0,0.0,0.0,113500000.0,181900000.0,0.146,181900000.0,113500000.0,113500000.0,1.3,1.23,1.3,1001600000.0,933625000.0,1001600000.0,2445892931.0,22.0,13.446,97400000.0,0.83,1.0,415100000.0,0.332,365200000.0,0.0,1163800000.0,1241825000.0,175100000.0,532700000.0,528700000.0,4000000.0,735800000.0,447800000.0,288000000.0,2177892931.0,21700000.0,-6000000.0,3500000.0,0.0,0.0,3500000.0,-120500000.0,-84300000.0,131000000.0,7700000.0,152400000.0,152400000.0,152400000.0,14400000.0,0.0,0.122,360700000.0,54400000.0,92000000.0,0.0,2.174,14.291,14.269,201900000.0,0.0,18.55,1.742,1.742,209300000.0,,1250000000.0,1250000000.0,67700000.0,0.091,0.163,0.091,0.091,8000000.0,267400000.0,1.0,117406627.0,117400000.0,117800000.0,10.647,1372200000.0,0.0,-38900000.0,13400000.0,11.688,644800000.0
14,ADCT1,MRT,2007-03-31,2007-05-04,2007-05-04,2020-05-18,0.0,1716500000.0,1625075000.0,1066700000.0,649800000.0,0.768,8.355,-36400000.0,132000000.0,132000000.0,833800000.0,140400000.0,4.216,0.752,400000000.0,0.0,400000000.0,400000000.0,0.0,67900000.0,0.0,0.0,0.0,102600000.0,170500000.0,0.137,170500000.0,102600000.0,102600000.0,1.2,1.13,1.2,980000000.0,890175000.0,980000000.0,2423595358.0,24.0,14.215,89000000.0,0.759,1.0,413700000.0,0.332,370200000.0,0.0,1361300000.0,1246000000.0,172800000.0,544400000.0,537200000.0,7200000.0,736500000.0,253000000.0,483500000.0,2177695358.0,-9600000.0,-1700000.0,2000000.0,0.0,0.0,2000000.0,-144900000.0,-115700000.0,125400000.0,7900000.0,140400000.0,140400000.0,140400000.0,32200000.0,0.0,0.113,349700000.0,64000000.0,96600000.0,0.0,2.222,15.511,15.475,204300000.0,0.0,18.57,1.746,1.746,205500000.0,,1247500000.0,1247500000.0,67400000.0,0.086,0.158,0.082,0.082,8100000.0,265200000.0,1.0,117269540.0,117300000.0,131800000.0,10.635,1346300000.0,0.0,-37800000.0,18100000.0,11.477,813700000.0
15,ADCT1,MRT,2006-12-31,2007-02-02,2007-02-02,2020-05-18,0.0,1598200000.0,1588075000.0,943100000.0,655100000.0,0.791,7.503,-34100000.0,154100000.0,154100000.0,841300000.0,71100000.0,3.964,0.817,400000000.0,0.0,400000000.0,400000000.0,0.0,67900000.0,0.0,0.0,0.0,33200000.0,101100000.0,0.08,101100000.0,33200000.0,33200000.0,0.6,0.6,0.6,879400000.0,848000000.0,879400000.0,2196146749.0,66.0,21.723,89700000.0,0.765,1.0,415000000.0,0.33,374800000.0,0.0,1231400000.0,1192225000.0,167800000.0,428000000.0,420800000.0,7200000.0,718800000.0,237900000.0,480900000.0,1952446749.0,43600000.0,100000.0,3800000.0,0.0,0.0,3800000.0,-89000000.0,-63800000.0,123800000.0,5000000.0,71100000.0,71100000.0,71100000.0,33200000.0,0.0,0.057,360200000.0,54800000.0,82900000.0,0.0,2.22,27.461,27.75,204500000.0,0.0,16.65,1.554,1.553,176000000.0,,1256300000.0,1256300000.0,68700000.0,0.045,0.084,0.028,0.026,8500000.0,271700000.0,1.0,117264069.0,117200000.0,117300000.0,10.719,1223400000.0,0.0,-37900000.0,18100000.0,10.439,705200000.0
16,ADCT1,MRT,2006-09-30,2006-10-31,2006-10-31,2020-05-18,-10200000.0,1611400000.0,1567200000.0,942700000.0,668700000.0,0.786,7.459,-31800000.0,156200000.0,156200000.0,825600000.0,65700000.0,3.572,0.845,400000000.0,0.0,400000000.0,400000000.0,0.0,67300000.0,0.0,0.0,0.0,28000000.0,95300000.0,0.077,95300000.0,28000000.0,28000000.0,0.56,0.56,0.56,873500000.0,823900000.0,873500000.0,1933980933.0,69.0,20.294,55100000.0,0.471,1.0,406300000.0,0.33,380500000.0,0.0,1210800000.0,1170325000.0,165400000.0,406100000.0,395400000.0,10700000.0,737900000.0,263900000.0,474000000.0,1677580933.0,34000000.0,0.0,9600000.0,0.0,0.0,9600000.0,-67000000.0,-43900000.0,86900000.0,4500000.0,65700000.0,65700000.0,65700000.0,28200000.0,0.0,0.053,361100000.0,45200000.0,88200000.0,0.0,1.921,25.534,25.554,206400000.0,0.0,14.31,1.362,1.36,193100000.0,-557200000.0,1231900000.0,1231900000.0,70900000.0,0.042,0.08,0.024,0.023,10000000.0,269600000.0,1.0,117231372.0,117100000.0,117400000.0,10.52,1230900000.0,0.0,-37700000.0,17700000.0,10.512,678800000.0
17,ADCT1,MRT,2006-06-30,2006-07-28,2006-07-28,2020-05-18,0.0,1574200000.0,1548650000.0,940200000.0,634000000.0,0.818,7.063,-38300000.0,143600000.0,143600000.0,839100000.0,26500000.0,3.568,0.902,400000000.0,0.0,400000000.0,400000000.0,0.0,75800000.0,0.0,0.0,0.0,35900000.0,111700000.0,0.088,111700000.0,35900000.0,35900000.0,0.21,0.23,0.21,827800000.0,799000000.0,827800000.0,1701011666.0,47.0,15.228,69100000.0,0.59,1.0,427500000.0,0.338,386600000.0,0.0,1180500000.0,1145800000.0,166800000.0,382900000.0,378000000.0,4900000.0,746400000.0,263500000.0,482900000.0,1454911666.0,28200000.0,-170200000.0,11900000.0,0.0,0.0,11900000.0,-91400000.0,115800000.0,107400000.0,300000.0,26500000.0,26500000.0,26500000.0,31100000.0,0.0,0.021,368600000.0,58900000.0,104200000.0,0.0,1.758,54.902,59.095,210300000.0,0.0,12.41,1.149,1.148,214800000.0,,1266600000.0,1266600000.0,73800000.0,0.017,0.033,0.031,0.028,10000000.0,284100000.0,1.0,117237040.0,117200000.0,117400000.0,10.807,1187600000.0,0.0,9400000.0,17700000.0,10.133,676700000.0
18,ADCT1,MRT,2006-03-31,2006-04-28,2006-04-28,2020-05-18,0.0,1568500000.0,1534150000.0,920200000.0,648300000.0,0.802,6.928,-38100000.0,154000000.0,154000000.0,797200000.0,45800000.0,3.343,0.933,400100000.0,100000.0,400000000.0,400100000.0,0.0,73200000.0,0.0,0.0,0.0,53600000.0,126800000.0,0.103,126800000.0,53600000.0,53600000.0,0.37,0.39,0.37,811300000.0,786400000.0,811300000.0,2900706167.0,54.0,22.876,70900000.0,0.605,1.0,432800000.0,0.352,393100000.0,0.0,1146200000.0,1166275000.0,145900000.0,358900000.0,356900000.0,2000000.0,757200000.0,275300000.0,481900000.0,2621906167.0,31500000.0,-174100000.0,20800000.0,0.0,0.0,20800000.0,-93700000.0,120200000.0,109000000.0,-4600000.0,45800000.0,45800000.0,45800000.0,26100000.0,0.0,0.037,362000000.0,70800000.0,103900000.0,0.0,3.232,57.247,60.514,211800000.0,0.0,22.39,2.132,2.132,238300000.0,,1230000000.0,1230000000.0,74900000.0,0.03,0.058,0.046,0.044,8000000.0,279700000.0,1.0,117101660.0,117100000.0,117900000.0,10.504,1175400000.0,0.0,7800000.0,17500000.0,10.038,644900000.0
19,ADCT1,MRT,2005-12-31,2006-01-27,2006-01-27,2020-05-18,0.0,1514700000.0,1516825000.0,842700000.0,672000000.0,0.781,6.71,-23400000.0,121300000.0,121300000.0,757000000.0,56400000.0,3.36,0.934,400100000.0,100000.0,400000000.0,400100000.0,0.0,69500000.0,0.0,0.0,0.0,63900000.0,133400000.0,0.113,133400000.0,63900000.0,63900000.0,0.47,0.47,0.47,783000000.0,770825000.0,783000000.0,3184294226.0,50.0,23.87,45500000.0,0.39,1.0,428000000.0,0.361,398900000.0,0.0,1143800000.0,1188675000.0,142800000.0,349800000.0,338800000.0,11000000.0,731700000.0,250800000.0,480900000.0,2917694226.0,12300000.0,-174000000.0,18600000.0,0.0,0.0,18600000.0,-71500000.0,122100000.0,68900000.0,-3700000.0,56400000.0,56400000.0,56400000.0,25200000.0,0.0,0.048,350600000.0,77400000.0,81400000.0,0.0,3.726,51.732,53.149,218100000.0,0.0,24.98,2.462,2.46,217900000.0,,1185000000.0,1185000000.0,74100000.0,0.037,0.073,0.054,0.054,5700000.0,267600000.0,1.0,116801210.0,116700000.0,116700000.0,10.154,1115800000.0,0.0,7500000.0,16200000.0,9.561,591900000.0
20,ADCT1,MRT,2005-09-30,2005-10-31,2005-10-31,2020-05-18,-25600000.0,1537200000.0,1496375000.0,854800000.0,682400000.0,0.754,6.672,-18700000.0,130200000.0,130200000.0,703700000.0,110700000.0,2.96,0.986,400000000.0,0.0,400000000.0,400000000.0,0.0,66900000.0,0.0,0.0,0.0,117900000.0,184800000.0,0.164,184800000.0,117900000.0,117900000.0,0.95,0.91,0.95,773900000.0,753300000.0,773900000.0,2315249430.0,20.0,12.528,45000000.0,0.388,1.0,425200000.0,0.377,405500000.0,0.0,1112700000.0,1202400000.0,140400000.0,347400000.0,335300000.0,12100000.0,763300000.0,288800000.0,474500000.0,2032949430.0,44700000.0,-140400000.0,13600000.0,0.0,0.0,13600000.0,-28100000.0,132000000.0,63700000.0,-4500000.0,110700000.0,110700000.0,110700000.0,-11900000.0,0.0,0.098,340000000.0,85200000.0,69600000.0,0.0,2.627,18.364,18.368,220400000.0,0.0,17.45,1.801,1.793,207600000.0,-622900000.0,1128900000.0,1128900000.0,70300000.0,0.074,0.147,0.098,0.104,3000000.0,259600000.0,1.0,116501400.0,116000000.0,131100000.0,9.732,1131700000.0,0.0,7200000.0,15900000.0,9.756,566000000.0
21,ADCT1,MRT,2005-06-30,2005-07-29,2005-07-29,2020-05-18,0.0,1516200000.0,1469100000.0,983800000.0,532400000.0,0.738,6.702,-6300000.0,117700000.0,117700000.0,670000000.0,169500000.0,3.594,0.95,400000000.0,0.0,400000000.0,400000000.0,0.0,53400000.0,0.0,0.0,0.0,175500000.0,228900000.0,0.211,228900000.0,175500000.0,175500000.0,1.46,1.43,1.46,777400000.0,724650000.0,777400000.0,3313021647.0,19.0,14.474,28400000.0,0.245,1.0,414900000.0,0.382,262400000.0,0.0,1262400000.0,1215525000.0,130000000.0,490900000.0,474300000.0,16600000.0,738800000.0,273700000.0,465100000.0,3032421647.0,69200000.0,88000000.0,11800000.0,-500000.0,0.0,11300000.0,23800000.0,-63200000.0,34700000.0,-600000.0,169500000.0,169500000.0,169500000.0,-60300000.0,0.0,0.156,330100000.0,84800000.0,80400000.0,0.0,3.901,17.89,17.904,217300000.0,0.0,26.14,2.795,2.795,243400000.0,,1084900000.0,1084900000.0,67700000.0,0.115,0.234,0.144,0.162,3000000.0,256400000.0,1.0,116006949.0,116000000.0,131400000.0,9.353,1253800000.0,0.0,6000000.0,19700000.0,10.809,710100000.0
22,ADCT1,MRT,2005-03-31,2005-04-29,2005-04-29,2020-05-18,0.0,1499200000.0,1428700000.0,954500000.0,544700000.0,0.702,6.474,4000000.0,119400000.0,119400000.0,619600000.0,131300000.0,3.405,1.002,400000000.0,0.0,400000000.0,400000000.0,0.0,49300000.0,0.0,0.0,0.0,136100000.0,185400000.0,0.185,185400000.0,136100000.0,136100000.0,1.14,1.11,1.14,749000000.0,679175000.0,749000000.0,2127187186.0,16.0,11.474,-1700000.0,-0.015,1.0,383200000.0,0.382,263700000.0,0.0,1235800000.0,1094575000.0,123900000.0,466700000.0,448400000.0,18300000.0,750200000.0,280300000.0,469900000.0,1840487186.0,61800000.0,-197300000.0,1500000.0,-2400000.0,0.0,-900000.0,66600000.0,259300000.0,-5700000.0,1800000.0,131300000.0,131300000.0,131300000.0,-62700000.0,0.0,0.131,330400000.0,52800000.0,86500000.0,0.0,2.457,14.017,13.939,219000000.0,0.0,15.89,1.835,1.833,247700000.0,,1002800000.0,1002800000.0,65800000.0,0.092,0.193,0.124,0.136,3700000.0,258200000.0,1.0,115826758.0,115700000.0,130500000.0,8.667,1235500000.0,0.0,4800000.0,25900000.0,10.678,674200000.0
23,ADCT1,MRT,2004-12-31,2005-01-28,2005-01-28,2020-05-18,0.0,1432900000.0,1366550000.0,843300000.0,589600000.0,0.617,6.167,-7400000.0,113300000.0,113300000.0,514400000.0,71300000.0,3.365,1.01,400000000.0,0.0,400000000.0,400000000.0,0.0,44900000.0,0.0,0.0,0.0,74300000.0,119200000.0,0.141,119200000.0,74300000.0,74300000.0,0.62,0.61,0.62,712900000.0,644000000.0,712900000.0,2049741392.0,28.0,17.196,-9600000.0,-0.083,1.0,328900000.0,0.39,270300000.0,0.0,1198700000.0,951250000.0,109200000.0,454100000.0,425000000.0,29100000.0,720000000.0,250600000.0,469400000.0,2165641392.0,45600000.0,-198700000.0,2800000.0,-9900000.0,0.0,-7100000.0,54800000.0,268300000.0,-2200000.0,100000.0,71300000.0,71300000.0,71300000.0,-39300000.0,0.0,0.085,311100000.0,17800000.0,72700000.0,0.0,3.038,30.374,28.903,229000000.0,0.0,17.92,2.568,2.456,185100000.0,,843300000.0,843300000.0,61900000.0,0.052,0.111,0.078,0.088,3000000.0,234500000.0,1.0,120850524.0,115600000.0,115900000.0,7.295,1162600000.0,0.0,3000000.0,24900000.0,10.057,592700000.0
24,ADCT1,MRT,2004-09-30,2004-10-31,2004-10-31,2020-05-18,-13500000.0,1428100000.0,1330850000.0,836100000.0,592000000.0,0.551,5.708,-3200000.0,88100000.0,88100000.0,433400000.0,16400000.0,2.769,1.166,400300000.0,300000.0,400000000.0,400300000.0,0.0,40900000.0,0.0,0.0,0.0,18400000.0,59300000.0,0.081,59300000.0,18400000.0,18400000.0,0.14,0.14,0.14,659300000.0,624075000.0,659300000.0,1754943014.0,95.0,29.594,4700000.0,0.041,1.0,300500000.0,0.409,273100000.0,0.0,1165200000.0,827225000.0,97600000.0,461400000.0,434600000.0,26800000.0,768800000.0,302000000.0,466800000.0,1787643014.0,-191700000.0,-227300000.0,3700000.0,-10700000.0,0.0,-7000000.0,-192400000.0,42700000.0,7900000.0,-200000.0,16400000.0,16400000.0,16400000.0,15200000.0,0.0,0.022,276500000.0,24000000.0,72500000.0,0.0,2.711,109.003,110.5,232500000.0,0.0,15.47,2.436,2.435,191000000.0,-733600000.0,733900000.0,733900000.0,59100000.0,0.012,0.026,0.022,0.025,2900000.0,204100000.0,1.0,115555463.0,115500000.0,116000000.0,6.354,1155000000.0,0.0,2000000.0,27600000.0,10.0,534100000.0
25,ADCT1,MRT,2004-06-30,2004-07-31,2004-07-31,2020-05-18,0.0,1354600000.0,1298050000.0,778800000.0,575800000.0,0.491,5.151,-1700000.0,433700000.0,433700000.0,390100000.0,-34000000.0,2.652,1.275,401000000.0,600000.0,400400000.0,401000000.0,0.0,39200000.0,0.0,0.0,0.0,-38400000.0,800000.0,0.001,800000.0,-38400000.0,-38400000.0,-0.25,-0.25,-0.25,595500000.0,616175000.0,595500000.0,1593201794.0,-41.0,1991.502,-20700000.0,-0.179,1.0,247600000.0,0.388,249600000.0,0.0,778600000.0,708675000.0,112200000.0,30600000.0,7400000.0,23200000.0,759100000.0,293700000.0,465400000.0,1941401794.0,-709000000.0,-287300000.0,8700000.0,-10000000.0,0.0,-1300000.0,-688900000.0,-402600000.0,-19000000.0,200000.0,-34000000.0,-34000000.0,-34000000.0,66500000.0,0.0,-0.053,233100000.0,14500000.0,68800000.0,0.0,3.26,-57.1,-67.2,240500000.0,0.0,16.8,3.044,3.045,183800000.0,,637700000.0,637700000.0,51700000.0,-0.026,-0.055,-0.054,-0.06,1000000.0,161800000.0,1.0,115559631.0,115600000.0,116000000.0,5.516,1105000000.0,0.0,-4400000.0,23800000.0,9.559,485100000.0
26,ADCT1,MRT,2004-03-31,2004-04-30,2004-04-30,2020-05-18,0.0,1250600000.0,1282725000.0,996100000.0,254500000.0,0.44,5.271,-52500000.0,748200000.0,748200000.0,346200000.0,-34800000.0,4.152,1.056,400000000.0,0.0,400000000.0,400000000.0,0.0,38800000.0,0.0,0.0,0.0,-39500000.0,-700000.0,-0.001,-700000.0,-39500000.0,-39500000.0,-0.27,-0.27,-0.27,608300000.0,621675000.0,608300000.0,1685132941.0,-43.0,-2407.333,-32100000.0,-0.278,1.0,218800000.0,0.387,0.0,0.0,662500000.0,680175000.0,76700000.0,27800000.0,11200000.0,16600000.0,642300000.0,239900000.0,402400000.0,2018232941.0,-334500000.0,5100000.0,10000000.0,381800000.0,0.0,357300000.0,-713200000.0,-710000000.0,20400000.0,1000000.0,-34800000.0,-34800000.0,-34800000.0,67800000.0,0.0,-0.062,209100000.0,9700000.0,51800000.0,0.0,3.318,-57.995,-64.815,169600000.0,0.0,17.5,3.572,3.574,136000000.0,,565000000.0,565000000.0,50700000.0,-0.027,-0.056,-0.058,-0.07,3000000.0,133600000.0,1.0,115327597.0,115400000.0,115400000.0,4.896,1250600000.0,0.0,-4700000.0,0.0,10.837,756200000.0
27,ADCT1,MRT,2003-12-31,2004-01-31,2004-01-31,2020-05-18,0.0,1290100000.0,1208025000.0,1019400000.0,270700000.0,0.495,5.494,-59200000.0,740600000.0,740600000.0,368800000.0,-37600000.0,4.007,1.037,407500000.0,7500000.0,400000000.0,407500000.0,0.0,48000000.0,0.0,0.0,0.0,-42800000.0,5200000.0,0.009,5200000.0,-42800000.0,-42800000.0,-0.32,-0.32,-0.32,633200000.0,636200000.0,633200000.0,2505948770.0,-59.0,481.913,-83600000.0,-0.725,1.0,228600000.0,0.383,0.0,0.0,702600000.0,573575000.0,68600000.0,42100000.0,25000000.0,17100000.0,656900000.0,254400000.0,402500000.0,2837648770.0,-321800000.0,6400000.0,9700000.0,367800000.0,0.0,343000000.0,-640600000.0,-714500000.0,-24400000.0,200000.0,-37600000.0,-37600000.0,-37600000.0,41800000.0,0.0,-0.063,245800000.0,-17200000.0,49200000.0,0.0,4.481,-75.469,-77.0,182700000.0,0.0,24.64,4.75,4.754,124400000.0,,597400000.0,597400000.0,64200000.0,-0.031,-0.059,-0.075,-0.072,2900000.0,152000000.0,1.0,115164317.0,115259000.0,130274000.0,5.183,1290100000.0,0.0,-5200000.0,0.0,11.193,765000000.0
28,ADCT1,MRT,2003-09-30,2003-10-31,2003-10-31,2020-05-18,-21200000.0,1296900000.0,1151350000.0,1032200000.0,264700000.0,0.504,5.468,-67600000.0,734300000.0,734300000.0,371800000.0,-76700000.0,3.869,1.066,408000000.0,8000000.0,400000000.0,408000000.0,0.0,53400000.0,0.0,0.0,0.0,-81800000.0,-28400000.0,-0.049,-28400000.0,-81800000.0,-81800000.0,-0.67,-0.67,-0.67,627700000.0,650975000.0,627700000.0,1712329090.0,-21.0,-60.293,-35600000.0,-0.31,1.0,208000000.0,0.359,12800000.0,0.0,691000000.0,455700000.0,57100000.0,46200000.0,26700000.0,19500000.0,669200000.0,266800000.0,402400000.0,2068529090.0,-18800000.0,1900000.0,8200000.0,371700000.0,0.0,345400000.0,-397000000.0,-492700000.0,32000000.0,800000.0,-76700000.0,-76700000.0,-76700000.0,36900000.0,0.0,-0.132,262000000.0,-54000000.0,43900000.0,0.0,3.295,-26.969,-26.851,175300000.0,0.0,17.99,3.568,3.562,112900000.0,-750000000.0,579800000.0,579800000.0,59900000.0,-0.067,-0.118,-0.18,-0.141,4400000.0,158900000.0,1.0,114982162.0,114800000.0,114800000.0,5.051,1284100000.0,0.0,-5100000.0,19300000.0,11.186,765400000.0
29,ADCT1,MRT,2003-06-30,2003-07-31,2003-07-31,2020-05-18,0.0,1293300000.0,1113175000.0,1002100000.0,291200000.0,0.472,5.375,-61000000.0,764700000.0,764700000.0,365200000.0,-467900000.0,3.677,1.094,408500000.0,8500000.0,400000000.0,408500000.0,0.0,60800000.0,0.0,0.0,0.0,-482300000.0,-421500000.0,-0.802,-421500000.0,-482300000.0,-482300000.0,-4.13,-4.13,-4.13,617500000.0,677100000.0,617500000.0,1327381796.0,-3.0,-3.149,-134200000.0,-1.168,1.0,160200000.0,0.305,0.0,0.0,664600000.0,362200000.0,76500000.0,3500000.0,3500000.0,0.0,675800000.0,272500000.0,403300000.0,1761081796.0,471800000.0,1800000.0,5400000.0,370400000.0,0.0,341300000.0,203700000.0,8900000.0,-73200000.0,0.0,-467900000.0,-467900000.0,-467900000.0,176000000.0,0.0,-0.891,451200000.0,-291000000.0,46100000.0,0.0,2.852,-3.764,-3.712,206900000.0,0.0,15.33,3.352,3.352,133700000.0,,525400000.0,525400000.0,32500000.0,-0.42,-0.691,-1.332,-0.918,9000000.0,93700000.0,1.0,114878134.0,114874000.0,114874000.0,4.574,1293300000.0,15300000.0,-14400000.0,0.0,11.258,729600000.0
30,ADCT1,MRT,2003-03-31,2003-04-30,2003-04-30,2020-05-18,0.0,951800000.0,1183450000.0,654700000.0,297100000.0,0.514,5.811,-19900000.0,442300000.0,442300000.0,472100000.0,-1081900000.0,2.322,0.428,8600000.0,8600000.0,0.0,8600000.0,0.0,76300000.0,0.0,0.0,0.0,-764700000.0,-688400000.0,-1.132,-688400000.0,-764700000.0,-764700000.0,-9.52,-9.52,-9.52,666400000.0,797425000.0,666400000.0,1429929437.0,-2.0,-2.077,-166400000.0,-1.451,1.0,136200000.0,0.224,0.0,0.0,236100000.0,312325000.0,83700000.0,3100000.0,3100000.0,0.0,285400000.0,282000000.0,3400000.0,1908629437.0,64900000.0,2900000.0,5600000.0,-19700000.0,0.0,-14100000.0,225400000.0,44500000.0,-146500000.0,100000.0,-1081900000.0,-1081900000.0,-1081900000.0,163500000.0,0.0,-1.779,719800000.0,-583600000.0,49200000.0,0.0,2.864,-1.764,-1.75,170900000.0,0.0,16.66,3.138,3.141,139200000.0,,608300000.0,608300000.0,69100000.0,-0.914,-1.357,-2.448,-1.257,11000000.0,152200000.0,1.0,114563592.0,114674000.0,114931000.0,5.305,951800000.0,23300000.0,317200000.0,0.0,8.3,372700000.0
31,ADCT1,MRT,2002-12-31,2003-01-31,2003-01-31,2020-05-18,0.0,1063400000.0,1518000000.0,664200000.0,399200000.0,0.475,6.049,-14700000.0,508800000.0,508800000.0,583100000.0,-1141700000.0,1.878,0.536,30100000.0,15800000.0,14300000.0,30100000.0,0.0,88400000.0,0.0,0.0,0.0,-868300000.0,-779900000.0,-1.082,-779900000.0,-868300000.0,-868300000.0,-10.01,-10.01,-10.01,692300000.0,1066075000.0,692300000.0,1414593266.0,-2.0,-1.814,-36900000.0,-0.322,1.0,137500000.0,0.191,0.0,0.0,231100000.0,515750000.0,91800000.0,2700000.0,2700000.0,0.0,371100000.0,353600000.0,17500000.0,1843993266.0,-99500000.0,2500000.0,8800000.0,-100000.0,0.0,8700000.0,-86400000.0,68300000.0,-22200000.0,400000.0,-1141700000.0,-1141700000.0,-1141700000.0,164700000.0,0.0,-1.584,851500000.0,-714000000.0,62300000.0,0.0,2.664,-1.615,-1.608,190700000.0,0.0,16.1,2.559,2.557,127700000.0,,720600000.0,720600000.0,92700000.0,-0.752,-1.071,-1.684,-1.205,13600000.0,202000000.0,1.0,114533743.0,114445000.0,114445000.0,6.296,1063400000.0,43900000.0,273400000.0,0.0,9.292,310600000.0
32,ADCT1,MRT,2002-09-30,2002-10-31,2002-10-31,2020-05-18,-14700000.0,1144200000.0,1837375000.0,686300000.0,457900000.0,0.446,6.442,-25600000.0,455900000.0,455900000.0,656300000.0,-1145000000.0,1.725,0.563,26500000.0,15700000.0,10800000.0,26500000.0,0.0,100800000.0,0.0,0.0,0.0,-896700000.0,-795900000.0,-0.971,-795900000.0,-896700000.0,-896700000.0,-10.08,-10.08,-10.08,732200000.0,1349925000.0,732200000.0,727780870.0,-1.0,-0.914,34100000.0,0.3,1.0,163200000.0,0.199,0.0,0.0,317000000.0,773650000.0,94900000.0,500000.0,500000.0,0.0,412000000.0,397800000.0,14200000.0,1258580870.0,-69800000.0,-1900000.0,9100000.0,-5200000.0,0.0,3900000.0,-133600000.0,70900000.0,59700000.0,200000.0,-1145000000.0,-1145000000.0,-1145000000.0,164800000.0,0.0,-1.397,901500000.0,-738300000.0,73000000.0,0.0,1.719,-1.099,-1.097,206800000.0,0.0,11.06,1.536,1.534,140900000.0,-673300000.0,819500000.0,819500000.0,106800000.0,-0.623,-0.848,-1.159,-1.094,14300000.0,251600000.0,1.0,113795739.0,113659000.0,113659000.0,7.21,1144200000.0,126600000.0,248300000.0,0.0,10.067,288500000.0
33,ADCT1,MRT,2002-06-30,2002-07-31,2002-07-31,2020-05-18,0.0,1574400000.0,2176250000.0,786000000.0,788400000.0,0.56,9.658,-40700000.0,548300000.0,548300000.0,902800000.0,-940000000.0,1.668,0.433,17500000.0,16700000.0,800000.0,17500000.0,0.0,139000000.0,0.0,0.0,0.0,-866300000.0,-727300000.0,-0.597,-727300000.0,-866300000.0,-864500000.0,-8.33,-8.33,-8.33,1098800000.0,1640225000.0,1098800000.0,881693812.0,-1.0,-1.212,207200000.0,1.821,1.0,315700000.0,0.259,107300000.0,-1800000.0,465100000.0,1048475000.0,163400000.0,1200000.0,1200000.0,0.0,475600000.0,471200000.0,4400000.0,1433593812.0,126800000.0,90700000.0,13000000.0,-5300000.0,0.0,7700000.0,-130900000.0,95600000.0,247900000.0,2100000.0,-940000000.0,-940000000.0,-940000000.0,0.0,0.0,-0.771,1060700000.0,-745000000.0,80900000.0,0.0,1.305,-1.525,-1.513,318900000.0,0.0,12.6,1.177,1.176,181700000.0,,1218500000.0,1218500000.0,206000000.0,-0.432,-0.573,-0.826,-0.711,15100000.0,462100000.0,1.0,113777287.0,113774000.0,113774000.0,10.71,1467100000.0,116100000.0,75500000.0,0.0,12.895,314800000.0
34,ADCT1,MRT,2002-03-31,2002-04-30,2002-04-30,2020-05-18,0.0,2290000000.0,2456900000.0,906700000.0,1383300000.0,0.623,15.331,-77400000.0,569600000.0,569600000.0,1070500000.0,-369000000.0,1.666,0.315,17700000.0,16700000.0,1000000.0,17700000.0,0.0,151800000.0,0.0,0.0,0.0,-651700000.0,-499900000.0,-0.327,-499900000.0,-651700000.0,-653800000.0,-3.29,-3.29,-3.29,1741000000.0,1873775000.0,1741000000.0,2643244742.0,-4.0,-5.288,291600000.0,2.568,1.0,460400000.0,0.301,144000000.0,2100000.0,1049800000.0,1408000000.0,192200000.0,37300000.0,37300000.0,0.0,549000000.0,544300000.0,4700000.0,3089544742.0,192400000.0,113200000.0,14000000.0,-131100000.0,0.0,-117100000.0,-60800000.0,163500000.0,369000000.0,1300000.0,-369000000.0,-369000000.0,-369000000.0,0.0,0.0,-0.241,1010400000.0,-550000000.0,105400000.0,0.0,1.775,-8.373,-8.277,540800000.0,0.0,27.23,2.018,2.02,170300000.0,,1530900000.0,1530900000.0,220000000.0,-0.15,-0.197,-0.463,-0.426,14300000.0,519300000.0,1.0,113461063.0,113559000.0,113559000.0,13.481,2146000000.0,519900000.0,-284800000.0,0.0,18.898,362400000.0
35,ADCT1,MRT,2001-12-31,2002-01-31,2002-01-31,2020-05-18,0.0,2340900000.0,2627475000.0,1187700000.0,1153200000.0,0.717,16.125,-150800000.0,465700000.0,465700000.0,1376000000.0,-1325000000.0,2.415,0.281,19400000.0,1700000.0,17700000.0,19400000.0,0.0,177200000.0,0.0,0.0,0.0,-1977200000.0,-1800000000.0,-0.955,-1800000000.0,-1977200000.0,-1980000000.0,-11.83,-11.83,-11.83,1827700000.0,1974400000.0,1827700000.0,3530058108.0,-2.0,-1.961,169900000.0,1.499,1.0,509000000.0,0.27,140100000.0,2800000.0,1262700000.0,1688400000.0,233800000.0,64500000.0,64500000.0,0.0,513200000.0,491800000.0,21400000.0,3873958108.0,307400000.0,113600000.0,22000000.0,-206400000.0,0.0,-184400000.0,170200000.0,207400000.0,320700000.0,900000.0,-1325000000.0,-1325000000.0,-1325000000.0,0.0,0.0,-0.703,1592700000.0,-1083700000.0,107100000.0,0.0,2.12,-2.924,-2.888,580600000.0,0.0,34.16,2.055,2.054,198900000.0,,1885000000.0,1885000000.0,251200000.0,-0.504,-0.671,-1.171,-1.049,16600000.0,646300000.0,1.0,113406268.0,113345000.0,113345000.0,16.631,2200800000.0,555600000.0,-655000000.0,0.0,19.417,695900000.0
36,ADCT1,MRT,2001-09-30,2001-10-31,2001-10-31,2020-05-18,23900000.0,2499700000.0,2972750000.0,1305200000.0,1194500000.0,0.808,16.841,-230800000.0,348600000.0,348600000.0,1677800000.0,-1287700000.0,2.178,0.32,4700000.0,1700000.0,3000000.0,4700000.0,0.0,197800000.0,0.0,0.0,0.0,-1918500000.0,-1720700000.0,-0.716,-1720700000.0,-1918500000.0,-1920700000.0,-11.48,-11.48,-11.48,1893400000.0,2161675000.0,1893400000.0,3452652245.0,-2.0,-2.007,-135800000.0,-1.208,1.0,725000000.0,0.302,140100000.0,2200000.0,1416300000.0,2032575000.0,253600000.0,73200000.0,73200000.0,0.0,606300000.0,599400000.0,6900000.0,3592252245.0,131300000.0,68800000.0,40400000.0,-35800000.0,0.0,4600000.0,31000000.0,193000000.0,95000000.0,700000.0,-1287700000.0,-1287700000.0,-1287700000.0,0.0,0.0,-0.536,1756300000.0,-1031300000.0,162000000.0,0.0,1.897,-2.79,-2.774,614000000.0,0.0,31.85,1.495,1.49,317100000.0,471700000.0,2402800000.0,2402800000.0,287300000.0,-0.433,-0.596,-0.944,-0.798,18700000.0,715300000.0,1.0,112786570.0,112431000.0,112431000.0,21.371,2359600000.0,616100000.0,-633000000.0,0.0,20.987,705800000.0
37,ADCT1,MRT,2001-06-30,2001-07-31,2001-07-31,2020-05-18,0.0,2697000000.0,3340450000.0,1377900000.0,1319100000.0,0.911,18.064,-365100000.0,145000000.0,145000000.0,1913800000.0,-1023700000.0,2.106,0.327,5400000.0,1700000.0,3700000.0,5400000.0,0.0,190700000.0,0.0,0.0,0.0,-1393900000.0,-1203200000.0,-0.395,-1203200000.0,-1393900000.0,-1392800000.0,-9.17,-9.24,-9.17,2033000000.0,2416500000.0,2033000000.0,3893453513.0,-3.0,-3.236,-163700000.0,-1.455,1.0,1129400000.0,0.371,0.0,-1100000.0,1903200000.0,2362650000.0,401000000.0,128100000.0,128100000.0,0.0,664000000.0,654200000.0,9800000.0,3875853513.0,-66100000.0,-56300000.0,110400000.0,-99300000.0,0.0,11100000.0,-247000000.0,174400000.0,201400000.0,-2100000.0,-1023700000.0,-1023700000.0,-1023700000.0,0.0,0.0,-0.336,1806400000.0,-677000000.0,179200000.0,0.0,1.906,-3.786,-3.748,734100000.0,0.0,34.37,1.274,1.271,422800000.0,,3043200000.0,3043200000.0,325000000.0,-0.306,-0.424,-0.59,-0.458,57200000.0,769900000.0,1.0,112768505.0,112545000.0,112545000.0,27.04,2697000000.0,284200000.0,-369100000.0,0.0,23.964,723700000.0
38,ADCT1,MRT,2001-03-31,2001-04-30,2001-04-30,2020-05-18,0.0,2972300000.0,3666525000.0,1683400000.0,1288900000.0,0.924,19.089,-434600000.0,117100000.0,117100000.0,1986900000.0,-956000000.0,2.057,0.387,134700000.0,124400000.0,10300000.0,134700000.0,0.0,192500000.0,0.0,0.0,0.0,-1250100000.0,-1057600000.0,-0.312,-1057600000.0,-1250100000.0,-1240900000.0,-8.61,-8.68,-8.61,2143500000.0,2622468000.0,2143500000.0,5917521102.0,-5.0,-5.595,-276800000.0,-2.465,1.0,1400200000.0,0.413,0.0,-9200000.0,2171400000.0,2585683750.0,477400000.0,315200000.0,315200000.0,0.0,828800000.0,818500000.0,10300000.0,5869921102.0,-213000000.0,-337700000.0,193000000.0,81900000.0,0.0,274900000.0,-613900000.0,158400000.0,157800000.0,-2300000.0,-956000000.0,-956000000.0,-956000000.0,0.0,0.0,-0.282,1916900000.0,-516700000.0,211700000.0,0.0,2.738,-6.14,-6.106,724900000.0,0.0,52.57,1.733,1.743,494200000.0,,3387100000.0,3387100000.0,343000000.0,-0.261,-0.365,-0.483,-0.369,55100000.0,794800000.0,1.0,111659142.0,112288000.0,112288000.0,30.164,2972300000.0,280800000.0,-284900000.0,0.0,26.47,864900000.0
39,ADCT1,MRT,2000-12-31,2001-01-31,2001-01-31,2020-05-18,0.0,3722000000.0,3529867750.0,2278400000.0,1443600000.0,0.993,23.042,-422900000.0,153900000.0,153900000.0,1864100000.0,807500000.0,2.016,0.444,201500000.0,186500000.0,15000000.0,201500000.0,0.0,164900000.0,0.0,0.0,0.0,1366000000.0,1530900000.0,0.437,1530900000.0,1366000000.0,1381500000.0,7.77,7.35,7.77,2576800000.0,2529241750.0,2576800000.0,11147499495.0,8.0,7.282,-299200000.0,-2.675,1.0,1641200000.0,0.468,0.0,-15500000.0,2639400000.0,2440459750.0,536900000.0,557800000.0,557800000.0,0.0,1145200000.0,1130200000.0,15000000.0,11319799495.0,-139700000.0,-376000000.0,245500000.0,162400000.0,0.0,407900000.0,-638800000.0,160100000.0,123700000.0,-3000000.0,807500000.0,807500000.0,807500000.0,0.0,0.0,0.23,1355500000.0,285700000.0,232100000.0,0.0,4.393,14.018,13.119,682600000.0,0.0,101.938,3.229,3.252,622900000.0,,3505300000.0,3505300000.0,343100000.0,0.229,0.319,0.56,0.39,51400000.0,715700000.0,1.0,111046470.0,111831000.0,111831000.0,31.345,3722000000.0,406900000.0,574000000.0,353700000.0,33.282,1148200000.0
40,ADCT1,MRT,2000-09-30,2000-10-31,2000-10-31,2020-05-18,84400000.0,3970500000.0,3052997500.0,2650900000.0,1319600000.0,1.077,28.255,-375300000.0,217300000.0,217300000.0,1679000000.0,868100000.0,2.546,0.363,24700000.0,8200000.0,16500000.0,24700000.0,0.0,146200000.0,0.0,0.0,0.0,1440900000.0,1587100000.0,0.483,1587100000.0,1440900000.0,1460400000.0,8.4,7.91,8.4,2912700000.0,2234043000.0,2912700000.0,15101247932.0,10.0,9.515,-124400000.0,-1.207,1.0,1608900000.0,0.489,0.0,-19500000.0,2736600000.0,2098015750.0,486100000.0,1136900000.0,1136900000.0,0.0,1057800000.0,1041300000.0,16500000.0,15181569932.0,-61700000.0,-345300000.0,277200000.0,-32500000.0,0.0,244700000.0,-524100000.0,196500000.0,250900000.0,-3700000.0,868100000.0,868100000.0,868100000.0,0.0,0.0,0.264,1243000000.0,365900000.0,231600000.0,0.0,5.212,17.488,17.813,608600000.0,0.0,149.625,4.617,4.691,702700000.0,1759400000.0,3287900000.0,3287900000.0,338000000.0,0.284,0.389,0.687,0.438,47100000.0,665600000.0,1.0,101464127.0,103088000.0,110045000.0,31.894,3970500000.0,52400000.0,592300000.0,365800000.0,38.516,1609600000.0
41,ADCT1,MRT,2000-06-30,2000-07-31,2000-07-31,2020-05-18,0.0,4001300000.0,2574822500.0,2904131000.0,1097169000.0,1.122,27.965,-261207000.0,176865000.0,176865000.0,1502249000.0,811333000.0,2.58,0.401,96543000.0,77758000.0,18785000.0,96543000.0,0.0,132265000.0,0.0,0.0,0.0,1327615000.0,1459880000.0,0.505,1459880000.0,1327615000.0,1346298000.0,7.98,7.49,7.98,2856872000.0,1904693000.0,2856872000.0,26747034504.0,20.0,18.321,-151845000.0,-1.486,1.0,1387708000.0,0.48,0.0,-18683000.0,2795335000.0,1699665750.0,422238000.0,1454635000.0,1454635000.0,0.0,1144428000.0,1125643000.0,18785000.0,26948679504.0,-17678000.0,-292748000.0,263713000.0,15269000.0,0.0,278982000.0,-389103000.0,164852000.0,109362000.0,-5919000.0,811333000.0,811333000.0,811333000.0,0.0,0.0,0.281,1099232000.0,288476000.0,210531000.0,0.0,9.433,33.215,36.787,496426000.0,0.0,293.563,9.325,10.377,660106000.0,,2889957000.0,2889957000.0,320465000.0,0.315,0.426,0.781,0.459,5500000.0,593052000.0,1.0,91798781.0,102159000.0,108402000.0,28.289,4001300000.0,190287000.0,534965000.0,459841000.0,39.167,1778488000.0
42,ADCT1,MRT,2000-03-31,2000-04-30,2000-04-30,2020-05-18,0.0,2425671000.0,1918325250.0,1689943000.0,735728000.0,1.321,17.506,-191815000.0,233016000.0,233016000.0,1347014000.0,808456000.0,2.668,0.37,31371000.0,9817000.0,21554000.0,31371000.0,0.0,126878000.0,0.0,0.0,0.0,1275276000.0,1402154000.0,0.553,1402154000.0,1275276000.0,1293509000.0,7.98,7.49,7.98,1770595000.0,1457807250.0,1770595000.0,18435025570.0,14.0,13.148,-59427000.0,-0.588,1.0,1186334000.0,0.468,0.0,-18233000.0,1590504000.0,1267015500.0,315459000.0,549267000.0,549267000.0,0.0,655076000.0,633522000.0,21554000.0,18574522570.0,25804000.0,-101278000.0,193039000.0,-61012000.0,0.0,132027000.0,-224101000.0,68992000.0,132388000.0,-3510000.0,808456000.0,808456000.0,808456000.0,0.0,0.0,0.319,948070000.0,238264000.0,139158000.0,0.0,10.491,22.975,26.645,384133000.0,0.0,212.625,7.332,8.489,530149000.0,,2533348000.0,2533348000.0,294883000.0,0.421,0.555,1.007,0.503,3000000.0,529025000.0,1.0,87358131.0,101145000.0,106588000.0,25.047,2425671000.0,62052000.0,485053000.0,219395000.0,23.982,1056421000.0
43,ADCT1,MRT,1999-12-31,2000-01-31,2000-01-31,2020-05-18,0.0,1814519000.0,1638855250.0,1137412000.0,677107000.0,1.354,13.966,-153906000.0,164661000.0,164661000.0,1180180000.0,135446000.0,2.806,0.3,25164000.0,12048000.0,13116000.0,25164000.0,0.0,121338000.0,0.0,0.0,0.0,185539000.0,306877000.0,0.138,306877000.0,185539000.0,198843000.0,1.435,1.295,1.435,1396005000.0,1260754500.0,1396005000.0,9884585296.0,53.0,32.21,58182000.0,0.582,1.0,1039159000.0,0.468,0.0,-13304000.0,1269624000.0,1106130750.0,281438000.0,199654000.0,199654000.0,0.0,418514000.0,405398000.0,13116000.0,9981932296.0,-78970000.0,-62978000.0,144256000.0,-193607000.0,0.0,-49351000.0,-228418000.0,-11534000.0,212088000.0,-2289000.0,135446000.0,135446000.0,135446000.0,0.0,0.0,0.061,840232000.0,198927000.0,103291000.0,0.0,7.15,73.697,80.412,343277000.0,0.0,115.391,4.498,5.197,439574000.0,,2219339000.0,2219339000.0,259533000.0,0.083,0.107,0.168,0.084,1800000.0,467467000.0,1.0,86505571.0,99959000.0,104302000.0,22.202,1814519000.0,52085000.0,63397000.0,73971000.0,18.153,732014000.0
44,ADCT1,MRT,1999-09-30,1999-10-31,1999-10-31,2020-05-18,41900000.0,2057800000.0,1521407750.0,1376600000.0,681200000.0,1.414,16.792,-125100000.0,279000000.0,279000000.0,1148400000.0,77900000.0,3.069,0.29,49900000.0,35900000.0,14000000.0,49900000.0,0.0,114800000.0,0.0,0.0,0.0,121000000.0,235800000.0,0.11,235800000.0,121000000.0,134900000.0,0.84,0.77,0.84,1595300000.0,1141937750.0,1595300000.0,6466641489.0,53.0,27.424,165400000.0,1.741,1.0,1003400000.0,0.466,237000000.0,-13900000.0,1143200000.0,1024606500.0,284900000.0,255500000.0,255500000.0,0.0,462500000.0,448500000.0,14000000.0,6483575489.0,-181800000.0,-237400000.0,106800000.0,-167200000.0,0.0,-60400000.0,-398400000.0,-35900000.0,290500000.0,-2500000.0,77900000.0,77900000.0,77900000.0,0.0,0.0,0.036,868400000.0,135000000.0,131900000.0,0.0,4.064,83.229,99.349,341200000.0,0.0,83.453,3.013,3.684,468000000.0,899200000.0,2151800000.0,2151800000.0,250700000.0,0.051,0.068,0.118,0.056,1200000.0,445300000.0,1.0,77691220.0,95002000.0,97616000.0,22.65,1820800000.0,0.0,57000000.0,44500000.0,19.166,928100000.0
45,ADCT1,MRT,1999-06-30,1999-07-31,1999-07-31,2020-05-18,0.0,1375311000.0,1372515750.0,713179000.0,662132000.0,1.634,11.344,-134791000.0,82863000.0,82863000.0,1162286000.0,151877000.0,2.429,0.286,65929000.0,53590000.0,12339000.0,65929000.0,0.0,112257000.0,0.0,0.0,0.0,243380000.0,355637000.0,0.159,355637000.0,243380000.0,244503000.0,1.417,1.365,1.417,1069329000.0,1004728750.0,1069329000.0,5985020704.0,25.0,16.829,224707000.0,2.384,1.0,1080363000.0,0.482,0.0,-1123000.0,1064734000.0,970851250.0,233439000.0,0.0,0.0,0.0,305982000.0,293643000.0,12339000.0,6029903704.0,-25678000.0,-288642000.0,81263000.0,49771000.0,0.0,131034000.0,-515665000.0,-90832000.0,359498000.0,-545000.0,151877000.0,151877000.0,151877000.0,0.0,0.0,0.068,844346000.0,236017000.0,88811000.0,0.0,5.639,39.703,54.958,294762000.0,0.0,77.875,2.689,3.273,349235000.0,,2242649000.0,2242649000.0,247601000.0,0.111,0.151,0.251,0.109,0.0,448764000.0,1.0,77430545.0,94260885.0,96624361.0,23.792,1375311000.0,47642000.0,92626000.0,0.0,14.59,419536000.0
46,ADCT1,MRT,1999-03-31,1999-04-30,1999-04-30,2020-05-18,0.0,1307791000.0,1286756500.0,726127000.0,581664000.0,1.609,11.527,-115083000.0,124708000.0,124708000.0,1068262000.0,185761000.0,2.298,0.331,79825000.0,70361000.0,9464000.0,79825000.0,0.0,99592000.0,0.0,0.0,0.0,296184000.0,395776000.0,0.191,395776000.0,296184000.0,294666000.0,1.872,1.82,1.872,982384000.0,953425500.0,982384000.0,6463587437.0,22.0,16.331,203179000.0,2.384,1.0,1002092000.0,0.484,0.0,1518000.0,946965000.0,900445250.0,215759000.0,0.0,0.0,0.0,325407000.0,315943000.0,9464000.0,6445642437.0,35119000.0,-223522000.0,72867000.0,70601000.0,0.0,143468000.0,-423885000.0,-83880000.0,318262000.0,-2726000.0,185761000.0,185761000.0,185761000.0,0.0,0.0,0.09,716013000.0,286079000.0,81415000.0,0.0,6.561,34.699,44.697,279299000.0,0.0,83.672,3.113,3.444,336761000.0,,2070354000.0,2070354000.0,224858000.0,0.144,0.195,0.329,0.143,0.0,404067000.0,1.0,77034751.0,85227419.0,87629753.0,24.292,1307791000.0,48899000.0,108905000.0,0.0,15.345,410184000.0
47,ADCT1,MRT,1998-12-31,1999-01-31,1999-01-31,2020-05-18,0.0,1344729000.0,1207806750.0,776790000.0,567939000.0,1.613,10.806,-108455000.0,187412000.0,187412000.0,1005464000.0,174810000.0,1.853,0.46,205357000.0,200513000.0,4844000.0,205357000.0,0.0,88242000.0,0.0,0.0,0.0,280034000.0,368276000.0,0.189,368276000.0,280034000.0,278960000.0,1.802,1.732,1.802,920738000.0,912924750.0,920738000.0,5295126430.0,19.0,14.378,150310000.0,1.764,1.0,942934000.0,0.484,0.0,1074000.0,943527000.0,844934250.0,204060000.0,0.0,0.0,0.0,423991000.0,419147000.0,4844000.0,5379322430.0,112254000.0,-223522000.0,61435000.0,200178000.0,0.0,261613000.0,-405870000.0,-72493000.0,258765000.0,-2254000.0,174810000.0,174810000.0,174810000.0,0.0,0.0,0.09,673225000.0,269709000.0,69837000.0,0.0,5.842,30.772,38.664,270847000.0,0.0,69.672,2.761,3.047,338207000.0,,1948398000.0,1948398000.0,214605000.0,0.145,0.191,0.331,0.144,0.0,374034000.0,1.0,77209377.0,85205133.0,85205133.0,22.867,1344729000.0,47111000.0,104150000.0,0.0,15.782,357643000.0
48,ADCT1,MRT,1998-09-30,1998-10-31,1998-10-31,2020-05-18,-10046000.0,1462232000.0,1108756750.0,998892000.0,463340000.0,1.651,11.18,-112600000.0,328030000.0,328030000.0,946000000.0,209900000.0,2.426,0.397,205798000.0,201851000.0,3947000.0,205798000.0,0.0,80400000.0,0.0,0.0,0.0,322300000.0,402700000.0,0.22,402700000.0,322300000.0,322300000.0,2.24,2.17,2.24,1046464000.0,877139250.0,1046464000.0,3017312329.0,9.0,7.493,57700000.0,0.616,1.0,884500000.0,0.483,0.0,0.0,928179000.0,780541000.0,175763000.0,47492000.0,47492000.0,0.0,415768000.0,411821000.0,3947000.0,3101212329.0,183600000.0,-47100000.0,52700000.0,199600000.0,0.0,252300000.0,-237200000.0,-76100000.0,170300000.0,-1800000.0,209900000.0,209900000.0,209900000.0,0.0,0.0,0.115,573400000.0,311100000.0,72527000.0,0.0,2.964,14.775,17.969,269238000.0,0.0,40.25,1.694,2.058,409718000.0,702212000.0,1830500000.0,1830500000.0,199800000.0,0.189,0.239,0.413,0.176,0.0,351900000.0,1.0,77048754.0,93602000.0,95716000.0,19.556,1462232000.0,0.0,112400000.0,33620000.0,15.622,587071000.0
49,ADCT1,MRT,1998-06-30,1998-07-31,1998-07-31,2020-05-18,0.0,1032274000.0,977274500.0,604924000.0,427350000.0,1.459,11.241,-109937000.0,87050000.0,87050000.0,740898000.0,161116000.0,3.66,0.195,3150000.0,256000.0,2894000.0,3150000.0,0.0,63224000.0,0.0,0.0,0.0,245339000.0,308563000.0,0.216,308563000.0,245339000.0,243855000.0,1.96,1.925,1.96,864116000.0,803222000.0,864116000.0,4404333313.0,18.0,14.274,-12230000.0,-0.159,1.0,684836000.0,0.48,0.0,1484000.0,783110000.0,710463500.0,178189000.0,0.0,0.0,0.0,168158000.0,165264000.0,2894000.0,4502723313.0,-14500000.0,-17414000.0,27819000.0,-902000.0,0.0,26917000.0,-141063000.0,-10189000.0,97707000.0,1939000.0,161116000.0,161116000.0,161116000.0,0.0,0.0,0.113,446197000.0,238639000.0,59283000.0,0.0,5.211,27.947,29.911,246443000.0,0.0,58.625,3.158,3.161,313354000.0,,1425734000.0,1425734000.0,148730000.0,0.165,0.201,0.345,0.172,0.0,286410000.0,1.0,76805515.0,76872966.0,,18.547,1032274000.0,26331000.0,82739000.0,0.0,13.428,439660000.0
50,ADCT1,MRT,1998-03-31,1998-04-30,1998-04-30,2020-05-18,0.0,991992000.0,,571366000.0,420626000.0,,10.692,-125228000.0,101771000.0,101771000.0,703523000.0,153266000.0,3.387,0.209,3381000.0,451000.0,2930000.0,3381000.0,0.0,54534000.0,0.0,0.0,0.0,233585000.0,288119000.0,0.212,288119000.0,233585000.0,232563000.0,1.872,1.82,1.872,820381000.0,,820381000.0,3925555145.0,17.0,13.625,-9557000.0,-0.125,1.0,653027000.0,0.481,0.0,1022000.0,724921000.0,,175903000.0,0.0,0.0,0.0,171611000.0,168681000.0,2930000.0,4019749145.0,-11213000.0,-16204000.0,25837000.0,-90000.0,0.0,25747000.0,-152354000.0,-7399000.0,115671000.0,-277000.0,153266000.0,153266000.0,153266000.0,0.0,0.0,0.113,425493000.0,227534000.0,51200000.0,0.0,4.9,26.227,27.986,240213000.0,0.0,52.391,2.963,2.963,266135000.0,,1356550000.0,1356550000.0,142294000.0,,,,0.172,0.0,272553000.0,1.0,76726490.0,76730106.0,,17.68,991992000.0,27557000.0,79297000.0,0.0,12.928,402685000.0
51,ADCT1,MRT,1997-12-31,1998-01-31,1998-01-31,2020-05-18,0.0,948529000.0,,539609000.0,408920000.0,,10.16,-129543000.0,97310000.0,97310000.0,675731000.0,147788000.0,3.205,0.22,3116000.0,564000.0,2552000.0,3116000.0,0.0,54823000.0,0.0,0.0,0.0,225173000.0,279996000.0,0.215,279996000.0,225173000.0,224831000.0,1.802,1.767,1.802,777596000.0,,777596000.0,2447021573.0,11.0,8.739,-19718000.0,-0.258,1.0,625383000.0,0.481,0.0,342000.0,685954000.0,,181367000.0,0.0,0.0,0.0,170933000.0,168381000.0,2552000.0,2553056573.0,-30693000.0,-19217000.0,21298000.0,-4850000.0,0.0,16448000.0,-155572000.0,-3289000.0,109825000.0,-1394000.0,147788000.0,147788000.0,147788000.0,0.0,0.0,0.114,406616000.0,218767000.0,56770000.0,0.0,3.283,17.275,18.512,225707000.0,0.0,33.359,1.962,1.962,231976000.0,,1301114000.0,1301114000.0,135603000.0,,,,0.173,0.0,260984000.0,1.0,76531895.0,76531895.0,,17.001,948529000.0,28956000.0,77043000.0,0.0,12.394,371228000.0
52,ADCT1,MRT,1997-09-30,1997-10-31,1997-10-31,2020-05-18,-4612000.0,936303000.0,851382500.0,549467000.0,386836000.0,1.493,9.072,-126431000.0,109794000.0,109794000.0,661993000.0,132774000.0,3.012,0.247,3759000.0,650000.0,3109000.0,3759000.0,0.0,51330000.0,0.0,0.0,0.0,201983000.0,253313000.0,0.199,253313000.0,201983000.0,201983000.0,1.61,1.575,1.61,750795000.0,684132500.0,750795000.0,,,,-15930000.0,-0.192,1.0,609502000.0,0.479,0.0,0.0,647869000.0,549095500.0,168379000.0,0.0,0.0,0.0,185508000.0,182399000.0,3109000.0,4436458299.0,-52037000.0,-33917000.0,19203000.0,-4852000.0,0.0,14351000.0,-175886000.0,-12015000.0,110501000.0,-1003000.0,132774000.0,132774000.0,132774000.0,0.0,0.0,0.104,413831000.0,195671000.0,62879000.0,0.0,5.909,33.414,36.005,215677000.0,0.0,57.969,3.489,3.773,246241000.0,485683000.0,1271495000.0,1271495000.0,132784000.0,0.156,0.194,0.368,0.159,0.0,248334000.0,1.0,76531895.0,82760512.0,84293686.0,15.364,936303000.0,25053000.0,69209000.0,0.0,11.313,367068000.0
53,ADCT1,MRT,1997-06-30,1997-07-31,1997-07-31,2020-05-18,,,,,,,,,,,,,,,,,,,,,,0.0,0.0,,,,,,,,,,,,,,,,,,1.0,,,,,,,,,,,,,,,,,,,,,,,,,,,,,,,,,,,,,,,,70.656,,,,,,,,,,,,,,1.0,,75327221.0,,,,,,,,
54,ADCT1,MRT,1997-03-31,1997-04-30,1997-04-30,2020-05-18,,,,,,,,,,,,,,,,,,,,,,0.0,0.0,,,,,,,,,,,,,,,,,,1.0,,,,,,,,,,,,,,,,,,,,,,,,,,,,,,,,,,,,,,,,45.719,,,,,,,,,,,,,,1.0,,74863783.0,,,,,,,,
55,ADCT1,MRT,1996-12-31,1997-01-31,1997-01-31,2020-05-18,,,,,,,,,,,,,,,,,,,,,,0.0,0.0,,,,,,,,,,,,,,,,,,1.0,,,,,,,,,,,,,,,,,,,,,,,,,,,,,,,,,,,,,,,,62.781,,,,,,,,,,,,,,1.0,,,,,,,,,,
56,ADCT1,MRT,1996-09-30,1996-10-31,1996-10-31,2020-05-18,232000.0,766462000.0,,499501000.0,266961000.0,,8.421,-69057000.0,183221000.0,183221000.0,438847000.0,87463000.0,3.516,0.241,9160000.0,2247000.0,6913000.0,9160000.0,0.0,33794000.0,0.0,0.0,0.0,136663000.0,170457000.0,0.206,170457000.0,136663000.0,136663000.0,1.19,1.172,1.19,617470000.0,,617470000.0,,,,-5600000.0,-0.076,1.0,389162000.0,0.47,0.0,0.0,450322000.0,,130582000.0,0.0,0.0,0.0,148992000.0,142079000.0,6913000.0,,-55270000.0,-49291000.0,11696000.0,-4897000.0,0.0,6799000.0,-125616000.0,-7268000.0,63457000.0,90000.0,87463000.0,87463000.0,87463000.0,0.0,0.0,0.106,255978000.0,133184000.0,49459000.0,0.0,,,50.276,131080000.0,0.0,59.828,,5.298,163219000.0,373540000.0,828009000.0,828009000.0,90038000.0,,,,0.165,0.0,160705000.0,1.0,,73323752.0,74803210.0,11.293,766462000.0,22479000.0,49200000.0,0.0,10.453,357422000.0
57,ADCT1,MRT,1995-09-30,1995-10-31,1995-10-31,2020-05-18,,,,,,,,-32456000.0,,,302094000.0,55186000.0,,,,,,,,26341000.0,,0.0,0.0,86229000.0,112570000.0,0.192,112570000.0,86229000.0,86229000.0,0.822,,0.822,,,,,,,11803000.0,0.176,1.0,284128000.0,0.485,,0.0,,,,,,,,,,,188979000.0,-4676000.0,190671000.0,-400000.0,0.0,190271000.0,-45271000.0,-8139000.0,44259000.0,-280000.0,55186000.0,55186000.0,55186000.0,0.0,0.0,0.094,203804000.0,80324000.0,,0.0,,,42.579,,0.0,35.0,,3.995,,,586222000.0,586222000.0,66460000.0,,,,0.147,0.0,130297000.0,1.0,,66912195.0,,8.761,,,31043000.0,,,
